4082 6168
334 355 458 426 885
1186 362 1581 428 DIALOGUS
1626 362 1942 427 CONTRA
1987 360 2508 425 PELAGIANOS.
2541 393 2619 411 --
2647 364 2795 426 LIB.
2842 361 2918 426 Πι
3632 361 3749 428 566

338 496 692 572 Evangelio:
746 520 774 549 «
800 496 1019 571 Jugum
1071 515 1266 553 meum
1325 514 1501 554 suave
1558 503 1664 566 est,
1727 502 1783 553 et
1839 514 1989 553 onus
2018 498 2074 563 Α
2104 496 2420 567 sapientiaa,
2456 497 2768 553 multitudo
2799 497 3051 554 scientiae
3085 515 3096 554 :
3128 502 3183 556 et
3212 500 3311 572 qui
3361 500 3526 557 addit
3552 501 3747 559 scien-

340 606 541 647 meum
570 587 696 644 leve
724 589 950 661 (Matth.
994 606 1072 653 x1,
1105 589 1233 659 30);
1270 610 1295 635 ››
1330 587 1605 643 facillime
1636 588 1985 643 revinceris:
2101 585 2266 653 tiam,
2302 588 2463 641 addit
2509 587 2767 642 dolorem
2818 589 3014 658 (Eccle.
3068 608 3107 656 1,
3164 590 3249 661 18)
3287 608 3299 657 ;
3338 614 3357 640 ι
3412 591 3747 665 intelligens

340 679 488 736 levia
518 678 677 734 enim
705 682 927 734 certum
963 683 1051 734 est
1098 679 1317 733 dixisse
1366 676 1655 749 Evangelii
1716 678 1991 732 mandata
2102 677 2256 748 quod
2298 676 2651 747 perfectione
2709 682 2922 742 careat,
2986 682 3042 734 et
3098 697 3165 733 ex
3228 696 3292 735 eo
3349 682 3504 752 quod
3565 682 3744 750 novit,

342 769 415 825 ad
447 768 945 839 comparationem
975 766 1408 839 superstitionis
1454 766 1730 831 Judaicaz,
1783 766 1841 821 in
1874 783 1990 836 qua
2102 770 2323 836 quanta
2354 783 2469 819 non
2503 767 2746 821 noverit.
2782 768 2850 821 Et
2879 769 3030 832 odio,
3068 768 3283 841 inquit,
3329 769 3509 825 hahui
3542 773 3743 839 vitam,

342 855 1992 927 variacaeremoniarumgeneraquaarebantur,quzejuxta
2101 854 2379 925 quoniam
2414 854 2636 910 malum
2670 861 2756 911 est
2786 874 2933 927 opus
2973 859 3123 929 quod
3175 875 3381 931 operor
3433 876 3609 931 super
3636 866 3751 916 ter-

348 946 625 1011 litteram,
656 950 711 1001 et
733 945 982 1017 apostoli
1007 945 1156 1001 Petri
1182 945 1552 1009 sententiam,
1583 944 1781 999 nullus
1804 946 1992 1016 potuit
2099 962 2223 998 ram
2248 946 2287 998 δ.
2323 944 2530 999 Omnia
2560 946 2717 1000 enim
2748 948 2995 1012 vanitas,
3039 952 3095 1001 et
3140 947 3518 1020 praesumptio
3574 949 3745 1022 spiri-

355 1036 592 1107 explere.
628 1034 787 1090 Unde
820 1040 875 1090 et
899 1035 955 1089 in
978 1036 1221 1089 Actibus
1239 1035 1643 1105 apostolorum
1674 1034 1985 1089 scribitur:
2100 1038 2215 1087 tus.
2251 1037 2429 1087 Nemo
2463 1033 2571 1087 scit
2601 1035 2739 1105 quid
2775 1036 3036 1090 futurum
3089 1037 3183 1103 sit,
3236 1038 3375 1109 quia
3429 1038 3604 1094 sicuti
3633 1044 3741 1106 est,

351 1150 379 1174 ‹‹
410 1126 573 1179 Nunc
605 1140 740 1196 ergo
774 1124 912 1195 quid
948 1124 1225 1179 tentatis‘
1257 1123 1790 1194 imponerejugum
1814 1140 1991 1193 super
2100 1123 2234 1193 quis
2268 1123 2643 1178 annuntiabit
2667 1124 2716 1178 ei
2742 1125 2768 1178 '?
2800 1125 2943 1179 Sunt
2973 1126 3120 1195 justi
3166 1128 3235 1181 ad
3289 1144 3436 1197 quos
3484 1128 3749 1199 pervenit

340 1214 627 1269 cervicem
658 1212 1104 1284 discipulorum,
1140 1212 1292 1283 quod
1327 1228 1515 1283 neque
1556 1216 1751 1283 patres
1784 1210 1989 1280 nostri,
2102 1212 2272 1282 quasi
2305 1228 2453 1282 opus
2484 1210 2816 1283 impiorum.
2855 1214 2923 1267 Et
2955 1218 3093 1268 sunt
3124 1214 3311 1286 impii,
3347 1217 3418 1271 ad
3451 1234 3598 1288 quos
3622 1235 3748 1290 per-

338 1319 532 1375 neque
564 1319 670 1358 nos
701 1307 933 1374 portare
964 1301 1301 1373 potuimus:
1337 1303 1433 1355 sed
1470 1318 1570 1372 per
1593 1301 1841 1373 gratiam
1874 1301 1988 1355 Do-
2101 1300 2259 1354 venit
2288 1300 2456 1371 quasi
2490 1317 2635 1372 opus
2659 1303 2955 1372 justorum
2990 1304 3180 1375 (Eccle.
3212 1321 3331 1372 VIII,
3382 1306 3436 1370 6,
3468 1308 3521 1373 7,
3572 1308 3684 1377 14).
3720 1328 3747 1355 ››

336 1393 484 1448 mini
514 1393 660 1447 Jesu
695 1391 906 1447 salvari
941 1391 1259 1456 credimus,
1307 1390 1804 1460 quemadmodum
1828 1395 1884 1444 et
1906 1389 1991 1443 illi
2103 1390 2219 1444 Hoc
2248 1389 2463 1444 idcirco
2494 1390 2727 1456 dicitur,
2781 1393 2916 1463 quia
2962 1397 3185 1448 certum
3227 1394 3517 1465 judicium
3565 1394 3749 1450 solius

336 1485 480 1550 (Act.
542 1499 637 1548 xv,
698 1482 807 1550 10).
846 1504 871 1528 ››
924 1480 1174 1535 Jacobus
1226 1479 1525 1551 apostolus
1586 1478 1824 1533 scribit:
1871 1502 1897 1527 ‹‹
1931 1478 1990 1532 Si
2104 1479 2203 1533 Dei
2235 1482 2343 1543 est,
2374 1483 2430 1533 et
2462 1496 2608 1550 quos
2652 1485 2929 1551 putamus
2972 1483 3165 1552 justos
3217 1500 3367 1554 saepe
3416 1488 3749 1555 peccatores

330 1571 567 1643 judicas
595 1569 809 1642 legem,
842 1586 955 1624 non
989 1586 1051 1624 es
1079 1569 1260 1623 factor
1289 1568 1451 1640 legis,
1500 1568 1599 1623 sed
1646 1569 1825 1639 judex
1858 1570 1989 1637 (Jac.
2105 1567 2505 1635 inveniuntur,
2585 1574 2641 1623 et
2708 1586 2855 1639 quos
2935 1588 2965 1625 e
3021 1572 3311 1627 contrario
3394 1578 3747 1644 peccatores.

339 1678 418 1727 ιν,
456 1662 569 1731 11).
610 1684 637 1709 η
694 1657 796 1713 Ille
849 1658 1075 1728 judicat
1130 1658 1339 1730 legem,
1401 1658 1501 1728 qui
1561 1657 1720 1721 dicit,
1772 1656 1993 1728 aliquid
2105 1657 2259 1728 apud
2289 1657 2387 1711 Dei
2423 1657 2730 1713 scientiam
2756 1661 2903 1730 justi
2950 1666 3104 1715 sunt.
3163 1684 3183 1710 α
3219 1664 3750 1733 Quantumcunque

337 1766 460 1805 non
514 1750 677 1819 juste
723 1751 1097 1819 praeceptum,
1130 1752 1185 1800 et
1212 1746 1603 1818 ignorantiam
1636 1762 1748 1800 non
1782 1745 1995 1801 habere
2105 1745 2452 1800 laboraverit
2482 1747 2677 1813 homo,
2710 1752 2772 1802 ut
2819 1750 3099 1820 inquirat,
3140 1767 3254 1805 non
3304 1752 3568 1822 reperiet.
3602 1755 3670 1805 Et
3700 1752 3751 1806 si

338 1839 447 1909 (Al.
481 1838 679 1905 habet)
724 1841 1061 1908 peccatum;
1114 1841 1170 1889 et
1219 1836 1435 1889 frustra
1487 1834 1678 1889 offerri
1727 1834 1994 1889 victimas
2024 1875 2071 1939 B
2105 1834 2313 1890 dixerit
2343 1836 2579 1907 sapiens
2611 1854 2782 1893 nosse
2813 1856 2894 1903 se,
2945 1838 3204 1894 invenire
3236 1856 3351 1895 non
3384 1840 3594 1911 poterit
3626 1843 3750 1911 (Ec-

338 1943 446 1999 pro
477 1942 693 1993 errore,
727 1925 881 1997 quod
914 1924 1133 1997 peccati
1167 1941 1281 1979 non
1351 1924 1525 1978 habet
1553 1923 1989 1978 conscientiam.
2026 1923 2071 1939 "
2100 1926 2200 1979 cle.
2231 1942 2356 1991 vui,
2410 1926 2518 1997 '17).
2579 1926 2855 1981 Omnium
2915 1928 3071 1982 enim
3118 1946 3274 1983 unus
3330 1946 3611 1985 occursus
3638 1934 3753 1997 est,

338 2016 545 2086 Neque
574 2014 732 2069 enim
762 2014 818 2067 in
851 2013 976 2085 lege
1010 2013 1156 2067 ratio
1189 2013 1491 2083 quaeritur,
1527 2014 1626 2066 sed
1652 2012 1988 2067 auctoritas.
2102 2012 2395 2084 cordaque
2429 2014 2683 2069 ﬁliorum
2716 2015 3024 2070 hominum
3053 2016 3273 2089 repleta
3319 2022 3461 2073 sunt
3505 2018 3747 2083 malitia,

348 2104 514 2158 Idem
543 2105 599 2157 in
628 2103 829 2158 eadem
862 2102 1006 2156 dicit
1040 2100 1333 2172 Epistola:
1370 2124 1396 2151 ‹‹
1442 2103 1530 2156 Ira
1564 2100 1669 2155 viri
1695 2101 1991 2171 justitiam
2103 2107 2159 2155 et
2190 2102 2408 2157 incerto
2442 2107 2593 2158 statu
2629 2106 2824 2173 (Eccle.
2860 2123 2935 2171 ιν,
2968 2108 3023 2171 2,
3066 2108 3142 2173 3),
3180 2130 3206 2155 ››
3262 2124 3388 2178 quae
3441 2107 3632 2163 Greece
3660 2127 3751 2160 πε-

352 2192 457 2247 Dei
490 2208 601 2247 non
630 2196 899 2264 Operatur
930 2192 1065 2262 (Jac.
1102 2209 1141 2255 ι,
1173 2192 1263 2260 20)
1308 2210 1321 2259 ς
1357 2213 1383 2239 ››
1433 2196 1488 2244 et
1536 2190 1671 2261 quis
1726 2194 1964 2245 nostrun

2135 2190 2359 2266 κφέρεια
2410 2193 2641 2247 dicitur.
2697 2217 2723 2241 ‹‹
2768 2194 2980 2248 Musca:
3032 2196 3349 2262 moriturae,
3400 2196 3538 2263 sive,
3597 2196 3747 2251 utin

349 2296 546 2337 carere
573 2285 761 2352 potest
789 2281 897 2346 ira,
930 2280 1001 2334 de
1031 2296 1147 2350 qua
1179 2279 1463 2350 scriptum
1496 2284 1621 2333 est:
1679 2302 1705 2327 ‹‹
1746 2281 1833 2332 Ira
1864 2294 1993 2350 per-
2104 2279 2382 2333 Hebraico
2416 2279 2683 2345 habetur,
2719 2285 2981 2347 mortuae,
3012 2281 3410 2336 demoliuntur
3431 2286 3603 2353 atque
3630 2298 3752 2337 cor-

340 2370 430 2426 dit
460 2370 635 2425 etiam
667 2369 960 2441 sapientes
992 2370 1011 2401 ‘-’
1044 2370 1224 2438 (Prov.
1280 2385 1370 2433 xv,
1420 2368 1474 2437 2)
1504 2368 1531 2421 ?
1566 2390 1590 2413 ››
1644 2367 1992 2437 Signiﬁcan-
2103 2372 2389 2439 rumpunt
2418 2368 2765 2423 suavitatem
2799 2368 2908 2423 olei
2942 2372 3134 2440 (Eccle.
3170 2387 3223 2436 x,
3250 2371 3323 2441 1).
3362 2392 3389 2419 »
3431 2370 3570 2433 Quis
3601 2387 3753 2426 mor-

337 2465 549 2531 terque
578 2476 693 2514 non
724 2459 872 2513 iram
904 2456 1022 2523 Dei,
1057 2458 1157 2512 sed
1189 2457 1336 2511 iram
1354 2456 1458 2511 viri
1487 2456 1701 2527 posuit.
1728 2456 1816 2510 Ira
1836 2456 1991 2510 enim
2102 2456 2309 2510 talium
2350 2456 2546 2526 aliquo
2578 2474 2770 2512 errore
2799 2474 2912 2512 non
2962 2458 3237 2529 capitur?
3284 2458 3465 2521 Quem
3517 2458 3753 2515 haereti-

338 2548 441 2604 Dei
468 2550 637 2618 justa
666 2550 787 2603 est:
823 2547 909 2601 ira
941 2550 1133 2601 autem
1170 2546 1272 2600 viri
1308 2546 1377 2601 de
1428 2546 1767 2616 perturbata
1802 2550 1994 2599 mente
2103 2561 2304 2599 eorum
2340 2550 2395 2599 et
2426 2545 2709 2600 falsorum
2742 2547 3088 2618 dogmatum
3138 2563 3363 2602 vanena
3410 2564 3525 2603 non
3559 2564 3753 2603 macu-

340 2637 627 2710 procedit.
664 2636 823 2691 Unde
852 2640 907 2690 et
938 2637 996 2690 in
1029 2635 1262 2690 Psalmo
1294 2635 1544 2689 dicitur:
1603 2657 1630 2684 «
1666 2634 1995 2689 lrascimini
2100 2634 2270 2688 lant?
2303 2656 2330 2683 «
2360 2635 2637 2706 Tempus,
2673 2636 2885 2705 inquit,
2921 2640 2979 2690 et
3010 2640 3073 2690 ut
3112 2635 3355 2708 incipiat
3396 2636 3688 2707 judicium
3721 2655 3753 2692 a

348 2731 404 2782 et
451 2724 635 2782 nolite
664 2742 904 2796 peccare
957 2726 1130 2796 (Psal.
1186 2743 1257 2793 1v,
1305 2726 1393 2795 5);
1442 2748 1467 2771 ››
1520 2724 1619 2795 qui
1668 2722 1993 2778 versiculus
2104 2724 2276 2778 domo
2308 2723 2428 2778 Dei.
2463 2723 2522 2778 Si
2555 2728 2750 2778 autem
2784 2726 3041 2796 primum
3074 2726 3319 2795 anobis,
3343 2726 3478 2797 quis
3500 2726 3634 2781 ﬁnis
3655 2742 3751 2781 eo-

345 2832 519 2887 quem
552 2830 796 2869 sensum
829 2814 1060 2878 habeat,
1094 2812 1408 2884 Apostolus
1448 2813 1651 2867 docet:
1689 2836 1713 2860 ‹‹
1749 2812 1842 2865 Sol
1878 2829 1991 2867 non
2103 2828 2235 2866 rum
2268 2812 2367 2883 qui
2401 2830 2516 2867 non
2550 2815 2800 2868 credunt
2828 2814 3138 2885 Evangelio
3160 2816 3187 2870 ?
3226 2816 3294 2869 Et
3342 2816 3389 2870 si
3429 2817 3631 2886 justus
3660 2815 3753 2871 vix

342 2904 573 2961 occidat
602 2903 1167 2975 superiracundiam
1188 2908 1443 2958 vestram
1468 2902 1679 2972 (Ephes.
1708 2919 1781 2968 iv,
1804 2902 1931 2971 26);
1968 2924 1992 2947 ››
2102 2900 2445 2967 salvabitur,
2480 2902 2699 2974 impius
2732 2907 2787 2957 et
2816 2908 3087 2975 peccator
3106 2904 3204 2959 ubi
3228 2906 3516 2976 parebunt
3536 2906 3583 2976 (Ι
3600 2906 3750 2960 Petr.

339 2999 406 3050 ut
436 2997 745 3066 peccatum
774 2992 1011 3046 omnino
1062 2991 1139 3046 sit
1194 2991 1280 3045 vel
1330 2990 1530 3045 leviter
1580 2990 1751 3045 irasci
1780 3008 1790 3044 ε
1817 2990 1991 3060 justi-
2103 3008 2178 3055 v1,
2219 2992 2306 3060 17,
2338 2990 2426 3059 48)
2462 2990 2488 3043 1’
2522 3013 2547 3039 »
2584 2993 2747 3046 Certo
2771 2993 2975 3061 justus
3004 2997 3112 3060 est,
3165 2992 3264 3064 qui
3314 2993 3374 3047 in
3426 2993 3748 3064 diejudicii

338 3083 423 3139 tia
450 3088 674 3150 autem,
708 3082 854 3136 iram
889 3081 1056 3137 celeri
1091 3080 1453 3151 pmnitudine
1505 3080 1793 3150 mitigare.
1831 3079 1991 3133 Unde
2101 3078 2192 3133 vix
2225 3079 2501 3134 salvatur.
2538 3080 2872 3135 Salvaretur
2921 3086 3115 3136 autem
3162 3081 3351 3148 facile,
3408 3082 3457 3136 si
3502 3081 3648 3136 nihil
3688 3082 3749 3137 in

338 3190 447 3246 pro
475 3172 663 3227 otioso
696 3172 871 3226 verbo
905 3170 1185 3226 reddituri
1234 3185 1442 3224 sumus
1493 3170 1778 3224 rationem
1811 3168 1868 3221 in
1902 3168 1993 3222 die
2040 3245 2044 3246 ί
2104 3184 2164 3222 se
2198 3168 2431 3223 haberet
2480 3169 2742 3224 maculae.
2796 3171 2940 3242 Ergo
2979 3172 3182 3240 justus
3219 3176 3308 3225 est
3354 3171 3413 3225 in
3461 3187 3550 3239 eo,
3591 3172 3748 3241 quod

326 3245 563 3333 jiidicii.
598 3261 669 3315 Et
689 3260 749 3314 in
771 3259 973 3314 eodem
997 3258 1307 3331 Evangelio
1330 3257 1581 3328 legimus
1612 3276 1623 3312 :
1656 3280 1681 3307 ‹‹
1720 3258 1827 3320 Qui
1883 3257 1991 3310 ira-
2021 3245 2062 3312 C
2104 3258 2269 3311 ﬂoret
2299 3256 2499 3312 multis
2530 3258 2864 3325 virtutibus,
2898 3262 2954 3313 et
2973 3259 3064 3313 vix
3088 3258 3347 3314 salvatur
3374 3259 3433 3313 in
3463 3275 3550 3325 eo,
3588 3259 3743 3330 quod

344 3351 527 3405 scitur
556 3349 721 3404 fratri
754 3365 860 3403 suo
893 3348 1019 3402 sine
1055 3364 1250 3413 causa,
1286 3363 1419 3402 reus
1448 3346 1557 3402 erit
1577 3347 1801 3417 judicio
1835 3347 1989 3417 (Mat-
2104 3346 2160 3400 in
2194 3346 2546 3417 quibusdam
2580 3347 2679 3401 Dei
2713 3347 2935 3420 indiget
2965 3348 3385 3404 misericordia.

343 3440 498 3509 ἰὼν,
529 3440 639 3507 22).
678 3460 704 3485 υ
740 3436 898 3491 Licet
928 3435 985 3491 in
1019 3435 1314 3508 plerisque
1365 3435 1662 3491 codicibus
1709 3434 1988 3504 antiquis,
2171 3438 2225 3488 6.
2274 3437 2731 3491 Perturbatz'ones
2789 3436 3022 3492 humani
3072 3439 3306 3505 generis.
3363 3468 3431 3477 —
3488 3439 3749 3501 Quatuor

344 3551 374 3577 ς(
407 3528 538 3583 sine
570 3543 745 3581 causa
771 3528 812 3593 ³,
852 3548 878 3573 ››
910 3526 1176 3579 additum
1236 3542 1348 3579 non
1408 3525 1505 3590 sit,
1540 3528 1602 3577 ut
1661 3524 1888 3579 scilicet
1922 3539 1991 3576 ne
2103 3528 2242 3579 sunt
2269 3524 2759 3595 perturbationes,
2796 3526 3012 3594 quibus
3052 3542 3238 3597 genus
3270 3531 3511 3580 vexatur
3539 3524 3747 3580 huma-

355 3631 494 3670 cum
525 3631 697 3669 causa
715 3615 947 3686 quidem
970 3614 1290 3669 debeamus
1310 3612 1502 3667 irasci.
1528 3612 1667 3676 Quis
1684 3612 1993 3666 hominum
2105 3629 2246 3666 num
2266 3613 2394 3666 dure
2418 3614 2743 3683 praesentis,
2765 3619 2823 3668 et
2843 3615 2970 3667 duae
2994 3614 3173 3667 futuri
3194 3632 3205 3679 ;
3226 3615 3352 3668 duae
3372 3615 3754 3681 bonorum,et

356 3702 573 3775 poterit
601 3702 797 3769 dicere,
829 3704 985 3775 quod
1020 3703 1147 3757 ira‘
1174 3720 1299 3773 quae
1350 3703 1573 3772 absque
1616 3700 1851 3770 justitia
1882 3706 1990 3769 est,
2106 3700 2232 3753 duae
2266 3699 2577 3754 malorum.
2613 3700 2919 3768 .IEgrz'tudo,
2950 3717 3076 3770 quae
3108 3700 3299 3754 Graace
3330 3700 3548 3755 dicitur
3579 3698 3750 3767 Ani-1:1,,

358 3792 418 3847 in
453 3791 870 3863 sempiternum
903 3792 1044 3847 vitio
1080 3792 1319 3846 careat?
1360 3792 1428 3845 Et
1458 3790 1707 3844 iterum:
1758 3788 1839 3844 Ne
1871 3789 1995 3861 glo-
2110 3792 2165 3842 et
2212 3788 2496 3857 gaudium,
2561 3788 2714 3859 quod
2746 3787 2828 3841 illi
2884 3788 3062 3861 Χαρὰν
3119 3789 3205 3843 vel
3261 3786 3455 3855 ἢόονῆν
3505 3793 3749 3845 vocant:

342 3882 517 3938 rieris
544 3881 600 3935 in
650 3883 994 3948 crastinum,
1046 3882 1235 3937 nescis
1278 3880 1433 3935 enim
1485 3878 1625 3951 quid
1682 3878 1995 3933 adveniens
2106 3893 2445 3948 quanquam
2513 3873 2685 3943 terra,
2749 3878 2990 3948 voluptas
3048 3895 3081 3931 a
3139 3877 3434 3949 plerisque
3486 3878 3751 3934 dicatur:

340 3971 533 4044 pariat
562 3970 686 4025 dies
718 3972 900 4042 (Prov.
932 3987 1106 4034 xxvu,
1154 3970 1224 4040 1).
1261 3992 1287 4017 »
1338 3968 1499 4023 Unde
1549 3966 1833 4037 scriptum
1867 3970 1990 4021 est:
2109 3965 2357 4020 alterum
2400 3965 2559 4035 mali,
2607 3966 2852 4020 alterum
2886 3966 3042 4021 boni.
3095 3967 3563 4040 Excedimusque
3595 3983 3757 4023 men-

343 4083 369 4107 «ι
399 4060 483 4113 Ne
501 4059 743 4115 beatum
766 4058 983 4114 dixeris
1006 4057 1342 4129 quempiam
1367 4060 1499 4111 ante
1525 4058 1770 4110 mortem
1796 4056 1991 4125 (Ecclz'.
2109 4071 2331 4121 suram,
2365 4056 2408 4109 si
2444 4056 2807 4126 gaudeamus
2838 4072 3014 4127 super
3035 4055 3284 4126 his,quae
3313 4074 3428 4112 non
3452 4057 3757 4126 debemus,

342 4166 425 4213 ιι,
456 4148 567 4219 30).
601 4170 629 4196 ››
665 4147 939 4214 Quandiu
972 4147 1131 4202 enim
1160 4146 1433 4207 vivimus,
1460 4146 1517 4199 in
1551 4143 1865 4199 certamine
1897 4160 1994 4198 su-
2107 4143 2344 4210 divitiis,
2381 4142 2658 4214 potentia,
2693 4142 3053 4210 honoribus;
3102 4144 3475 4200 inimicorum
3507 4144 3754 4200 infelici—

340 4252 499 4301 mus,
533 4240 590 4291 et
621 4236 882 4307 quandiu
914 4236 970 4288 in
1003 4234 1341 4299 certamine,
1374 4232 1537 4288 nulla
1576 4237 1666 4288 est
1712 4237 1866 4287 certa
1914 4232 1996 4285 vi-
2108 4236 2244 4299 tate,
2297 4231 2386 4286 vel
2432 4232 2760 4287 mortibus:
2815 4237 2917 4287 aut
2964 4249 2995 4287 e
3044 4233 3335 4288 contrario
3378 4232 3755 4304 praesentium

340 4326 548 4390 ctoria,
581 4341 711 4397 quae
742 4325 922 4379 etiam
956 4322 1221 4395 apostolo
1255 4321 1572 4377 fortissime
1620 4320 1905 4392 prmlianti
1938 4321 1997 4374 in
2116 4321 2406 4375 malorum
2484 4321 2682 4376 dolore
2756 4322 3107 4387 cruciemur,
3171 4323 3452 4389 adversis,
3516 4320 3757 4387 exsillis,
3810 4333 3813 4336 '

342 4415 543 4470 futuro
575 4413 787 4469 saeculo
819 4416 1166 4469 reservatur.
1204 4411 1487 4467 Dominus
1532 4415 1706 4480 atque
1736 4409 2001 4464 Salvator
2110 4415 2473 4481 paupertate,
2518 4412 2666 4465 749
2714 4410 3017 4480 languore,
3080 4418 3133 4465 et
3184 4409 3471 4465 mortibus
3522 4410 3760 4482 propin-

345 4503 457 4558 sub
514 4518 769 4574 persona
826 4500 1115 4571 assumpti
1163 4498 1421 4554 hominis
1480 4497 1742 4568 loquitur
1777 4514 1787 4551 :
1850 4498 1999 4552 748
2112 4516 2385 4570 quorum,
2418 4501 2570 4570 quod
2606 4498 2919 4570 Apostolus
2952 4499 3075 4555 ﬁeri
3108 4499 3413 4571 prohibet;
3449 4504 3503 4555 et
3524 4516 3760 4556 rursum

341 4616 370 4641 ‹‹
404 4591 937 4663 Insipientissimus
960 4590 1115 4645 enim
1143 4588 1407 4643 omnium
1430 4587 1736 4641 hominum
1758 4603 1911 4651 sum,
1948 4590 2004 4641 et
2036 4619 2082 4682 Β
2114 4587 2161 4643 si
2195 4587 2501 4658 cupiamus
2532 4605 2599 4644 ea
2629 4606 2755 4659 quae
2788 4588 3148 4644 arbitramur
3176 4590 3348 4656 bona,
3375 4588 3761 4655 haereditates,

344 4698 467 4737 non
492 4684 583 4737 est
613 4680 870 4738 hominis
901 4678 1211 4751 prudentia
1242 4678 1300 4732 in
1344 4692 1436 4731 me
1485 4676 1673 4747 (Ecclz'.
1709 4692 1787 4742 x1,
1827 4675 1941 4743 19.)
1978 4698 2002 4721 ››
2036 4675 2074 4682 ”
2116 4677 2386 4741 honores,
2424 4678 3128 4748 prosperitatesomnium
3152 4682 3765 4749 rerum,etcorporum

348 4770 511 4824 Etin
541 4769 899 4841 sexagesimo
931 4772 1131 4823 octavo
1166 4764 1429 4838 psalmo:
1486 4788 1511 4813 ‹‹
1569 4765 1743 4829 Deus,
1793 4768 1853 4817 tu
1888 4764 2002 4818 scis
2118 4765 2455 4830 sanitatem,
2506 4771 2562 4819 et
2613 4770 2821 4821 caetera
2880 4784 3129 4837 quorum
3193 4767 3502 4838 praesentia
3555 4765 3768 4837 gaudio

356 4857 754 4929 insipientiam
778 4874 967 4912 meam
996 4854 1172 4927 (Psal.
1200 4872 1394 4919 vauI,
1421 4853 1475 4925 6)
1504 4872 1516 4921 ;
1546 4876 1572 4902 ››
1597 4854 1697 4908 sed
1726 4875 1745 4901 α
1777 4852 2001 4907 fatuum
2117 4852 2405 4907 fruimur:
2441 4858 2497 4906 et
2530 4860 2864 4909 metuamus
2888 4854 3009 4920 illa,
3036 4872 3161 4925 quae
3184 4859 3463 4926 putamus
3484 4854 3766 4917 adversa;

352 4944 479 5011 Dei,
512 4945 835 5017 sapientius
861 4948 949 5000 est
996 4942 1338 4999 hominibus
1388 4944 1437 5010 (Ι
1468 4942 1586 4996 Cor.
1638 4958 1676 5007 1,
1728 4943 1841 5007 25).
1881 4962 1908 4990 »
1942 4942 2003 4995 In
2118 4942 2335 5014 quibus
2367 4942 2438 4996 ad
2469 4944 2787 5012 perfectum
2813 4943 3195 5012 carerejuxta
3214 4941 3458 5009 Stoicos,
3480 4943 3767 4997 Zenonem

346 5033 703 5091 Ecclesiaste
735 5050 969 5107 quoque
998 5033 1283 5102 scriptum
1315 5035 1438 5087 est:
1476 5053 1503 5081 «
1540 5030 1599 5084 In
1627 5028 2007 5085 multitudine
2116 5030 2385 5085 videlicet
2460 5035 2516 5084 et
2594 5030 3007 5101 Chrysippum,
3082 5028 3360 5107 possibile
3416 5034 3504 5085 est
3535 5047 3546 5085 :
3601 5031 3772 5102 juxta

432 5279 446 5311 ¹
492 5279 737 5334 Addunt
786 5296 931 5334 mss.
979 5283 1169 5345 Deum,
1223 5284 1323 5335 aut
1388 5279 1700 5334 Dominum.
1751 5277 2007 5339 Quorum
2120 5274 2289 5329 terim
2324 5289 2451 5343 quae
2494 5271 2552 5325 in
2605 5269 2777 5341 epist.
2839 5272 2920 5338 13,
2974 5271 3045 5325 ad
3092 5270 3480 5342 Castorinam,
3531 5274 3770 5330 adnota-

344 5350 608 5406 alterum
643 5366 856 5406 nomen
890 5355 945 5406 et
974 5353 1209 5409 Graecus
1253 5352 1449 5416 habet,
1505 5355 1561 5404 et
1606 5348 1892 5421 Vulgatus
1920 5349 2007 5402 in-
2118 5346 2375 5423 vimus.“
2489 5416 2497 5423 ,
2833 5417 2840 5423 λ

345 5428 604 5494 terpres.
679 5493 723 5494 η
797 5493 802 5494 γ
1259 5492 1268 5494 μ
1439 5412 1445 5416 ⁷
1722 5412 1754 5421 ν
2127 5492 2132 5494 _
2193 5418 2213 5448 ⁴
2244 5413 2439 5469 Malim
2478 5416 2594 5481 ine,
2628 5412 3042 5494 scilicethvitto,
3098 5430 3212 5494 quo
3264 5413 3396 5494 quis
3446 5413 3505 5468 in
3556 5416 3772 5494 sempi-

433 5484 469 5527 ²’
484 5494 646 5549 Unus
677 5493 885 5559 Vatic.,
919 5495 1099 5549 Etiam
1125 5492 1439 5564 prudentes.
1487 5562 1496 5564 μ
2125 5492 2353 5564 ternum
2388 5501 2590 5564 carere
2613 5502 2674 5539 se
2716 5484 3162 5564 possit_dicere._
3184 5487 3493 5564 Autjuxta
3523 5484 3771 5564 alterum

432 5566 452 5598 ³
483 5566 636 5620 Adeo
670 5564 729 5618 in
762 5555 1212 5620 Commentariis
1244 5565 1302 5618 in
1336 5562 1698 5625 Matthmum,
1742 5568 1797 5616 et
1824 5561 1922 5616 lib.
1950 5578 2008 5615 ιιι
2122 5558 2309 5611 Vatic.
2345 5558 2620 5629 ms.v2’ti0
2644 5555 3011 5629 excluserim.
3038 5557 3220 5629 Vatic.
3257 5556 3405 5611 liber
3423 5557 3563 5629 quod
3583 5572 3775 5629 operor

354 5639 423 5691 in
456 5637 635 5708 Epist.
685 5636 757 5690 ad
791 5637 1092 5708 AEphesios
1139 5652 1371 5692 comma
1420 5634 1565 5689 illud
1614 5623 1943 5708 siueAcausu

2158 5644 2421 5708 uper‘me.
2455 5628 2646 5683 Grece
2678 5632 2766 5683 est
2796 5627 2855 5680 τὸ
2896 5627 3112 5699 animi:
3162 5628 3221 5681 τὸ
3254 5623 3623 5699 πεποιήμὲνοῦ
3662 5623 3770 5678 imi:

354 5696 585 5767 Latinis
616 5696 921 5767 codicibus
972 5709 1331 5767 eradendum
1381 5706 1699 5763 contendit.
1750 5705 1895 5761 Vide
1925 5705 2013 5760 in-
2122 5696 2213 5755 τὸῖι
2249 5696 2437 5771 ἥλιον.
