4104 6162
404 351 532 419 587

1659 356 1725 422 S.
1768 353 2101 422 EUSEBH’
2123 348 2569 426 HIERONYMI

3684 346 3823 418 668

405 488 823 566 Peripateticos
848 492 1041 552 autem
1082 496 1139 551 et
1167 495 1404 554 difficile
1433 499 1491 553 et
1531 495 1893 569 impossibile
1924 497 2045 550 est:
2077 492 2133 559 Α
2162 497 2282 553 sint
2308 496 2368 566 3;
2403 497 2486 553 sic
2527 496 2800 570 perfectio
2849 491 3107 553 hominis
3156 509 3272 553 non
3321 504 3391 551 ex
3436 491 3674 557 natura,
3704 489 3804 546 sed

406 583 501 639 cui
547 585 852 640 sententiae
901 585 1094 641 omnis
1134 586 1453 659 Scripturae
1500 589 1713 643 sancta:
1765 584 2053 640 consentit

404 674 740 732 auctoritas.
773 674 933 729 Unde
965 680 1021 729 et
1056 676 1346 747 Josephus
1378 675 1843 731 Macbabmorum
1875 674 2053 746 scrip-

406 768 542 837 ptor
570 762 850 829 historize,
886 764 1073 836 frangi
1107 768 1163 819 et
1193 766 1313 837 regi
1356 781 1527 836 posse
1577 764 1720 819 dixit
1751 764 2053 835 perturba-

408 854 601 909 tiones
628 852 811 907 animi
841 854 881 917 ¹,
922 842 1047 908 non
1099 854 1401 921 eradicari,
1455 857 1510 909 et
1558 853 1820 925 quinque
1867 854 2057 907 Tuscu-

410 943 673 998 lanarum
717 945 1075 1013 quaestionum
1123 942 1415 998 Ciceronis
1463 941 1596 998 libri
1648 942 1742 997 his
1789 941 2054 1013 disputa-

408 1031 669 1088 tionibus
687 1031 876 1086 referti
892 1036 1047 1085 sunt.
1066 1031 1498 1103 Pugnantenim
1505 1033 1675 1103 juxta
1686 1030 2052 1104 Apostolum,

410 1123 718 1178 adversum
751 1137 854 1176 nos
883 1120 1170 1192 fragilitas
1194 1121 1475 1192 corporis,
1532 1126 1589 1178 et
1637 1120 1927 1193 spiritalia
1956 1136 2052 1177 ne-

410 1211 608 1283 quitiae
654 1210 713 1265 in
775 1209 1109 1265 coelestibus
1170 1211 1382 1282 (Ephes.
1442 1229 1521 1277 vx,
1585 1213 1693 1279 12).
1750 1211 2058 1267 Manifesta

410 1302 552 1354 sunt
582 1297 809 1353 dicente
838 1298 1064 1367 eodem,
1096 1314 1274 1370 opera
1300 1298 1493 1354 carnis
1515 1302 1572 1354 et
1592 1314 1768 1369 opera
1790 1296 2053 1368 spiritus,

408 1391 467 1443 et
496 1386 617 1441 haec
648 1385 761 1441 sibi
799 1372 1048 1442 invicem
1099 1388 1483 1442 adversantur
1536 1386 1731 1457 (Galat.
1767 1404 1820 1451 v,
1852 1384 1965 1455 49),
1993 1388 2059 1439 ut

408 1492 525 1533 non
552 1492 679 1547 quae
737 1475 1030 1542 volumus,
1091 1476 1192 1532 illa
1247 1476 1551 1532 faciamus.
1613 1476 1670 1529 Si
1733 1492 1849 1530 non
1900 1475 2055 1546 quod

407 1566 705 1631 volumus,
743 1565 1013 1633 facimus,
1047 1566 1148 1622 sed
1182 1567 1335 1637 quod
1368 1565 1665 1633 nolumus,
1693 1564 1837 1619 illud
1860 1579 2058 1635 opera-

409 1672 577 1710 mur:
639 1654 931 1725 quomodo
991 1654 1206 1721 dicitis,
1269 1678 1296 1704 ‹‹
1358 1655 1533 1710 Posse
1590 1653 1889 1709 hominem
1931 1652 2057 1708 sine

409 1747 646 1817 peccato
679 1759 828 1808 esse,
861 1743 911 1798 si
935 1742 1074 1797 velit
1102 1744 1123 1775 ²
1144 1743 1171 1797 ?
1205 1766 1233 1792 »
1264 1744 1404 1797 Ecce
1434 1741 1770 1814 Apostolus,
1823 1748 2055 1797 omnes;

411 1847 526 1904 que
555 1831 877 1895 credentes,
911 1832 1064 1903 quod
1096 1830 1320 1897 volunt,
1354 1830 1596 1903 implere
1637 1847 1752 1886 non
1785 1833 2053 1903 possunt.

411 1942 440 1971 ‹‹
472 1920 740 1975 Charitas
769 1919 956 1990 operit
985 1917 1428 1974 multitudinem
1460 1924 1837 1991 peccatorum
1868 1919 1917 1989 (Ι
1931 1921 2054 1974 Pet.

410 2025 488 2077 IV,
521 2010 598 2079 8),
635 2031 662 2057 »
696 2024 812 2063 non
841 2011 958 2063 tam
994 2008 1419 2079 praeteritorum
1452 2025 1625 2079 quam
1656 2008 2058 2080 prasentium,

411 2114 486 2154 ne
504 2096 679 2163 ultra,
702 2095 802 2151 Dei
825 2096 881 2151 in
906 2095 1075 2151 nobis
1104 2101 1375 2152 manente
1395 2097 1695 2165 cbaritate,
1728 2113 2057 2169 peccemus.

411 2186 801 2251 Quamobrem
844 2186 915 2240 de
961 2184 1209 2240 muliere
1259 2186 1579 2258 peccatrice
1618 2187 1865 2241 dicitur:
1904 2207 1931 2236 «
1963 2185 2060 2240 Di-

412 2275 729 2332 mittuntur
758 2276 807 2329 ei
840 2279 1077 2346 peccata
1106 2276 1314 2341 multa,
1347 2277 1625 2347 quoniam
1654 2275 1859 2331 dilexit
1886 2274 2062 2347 pluri-

413 2380 579 2422 mum
611 2365 761 2436 (Luc.
818 2382 918 2433 v11,
976 2366 1089 2435 47).
1123 2387 1149 2413 ››
1210 2366 1290 2419 Ex
1348 2382 1464 2437 quo
1522 2364 1914 2435 intelligimus
1945 2379 2059 2418 non

416 2458 628 2511 nostra:
661 2454 852 2509 solum
884 2471 1013 2509 esse
1042 2455 1347 2525 potestatis
1378 2456 1567 2510 facere
1599 2455 1755 2526 quod
1786 2452 2059 2524 velimus,

414 2545 519 2600 sed
535 2538 592 2599 et
604 2542 701 2597 Dei
719 2542 1058 2611 clementiae,
1076 2543 1125 2598 si
1145 2548 1405 2599 nostram
1421 2544 1656 2615 adjuvet
1679 2542 2060 2598 voluntatem.

487 2632 541 2684 7.
576 2632 717 2686 Deus
755 2633 901 2686 solus
947 2633 1303 2699 immortalis,
1349 2635 1587 2703 sapiens,
1635 2635 1931 2703 perfectus,
1966 2648 2065 2702 per

413 2726 698 2776 naturam.
732 2752 800 2760 ——
829 2721 983 2776 Deus
1017 2719 1114 2775 lux
1142 2720 1488 2793 appellatur,
1523 2725 1577 2776 et
1628 2720 1879 2776 tenebris
1910 2720 1966 2774 in
1997 2736 2063 2775 eo

415 2826 535 2866 non
580 2814 719 2865 sunt
766 2808 896 2864 ullae
923 2810 969 2880 (I
1015 2812 1170 2866 Joan.
1225 2828 1263 2876 ι,
1294 2812 1367 2880 5).
1402 2810 1643 2874 Quando
1691 2809 1835 2864 dicit
1868 2807 2065 2864 nullas

413 2898 689 2956 tenebras
736 2900 793 2953 in
844 2898 943 2953 Dei
991 2898 1213 2954 lumine
1253 2897 1514 2970 reperiri,
1566 2898 1823 2952 ostendit
1871 2897 2067 2952 omnia

2164 602 2232 643 ex
2262 587 2451 659 gratia
2501 586 2760 655 veniens,
2812 585 3185 658 imperfectos
3248 599 3347 639 eos
3404 581 3505 654 qui
3563 578 3805 652 perfecti

2162 676 2434 731 videntur
2457 691 2606 743 esse,
2639 676 3022 731 demonstrat.
3063 674 3226 739 Quod
3277 674 3472 728 autem
3522 669 3805 741 scriptum

2165 768 2288 820 est:
2324 787 2351 815 ‹‹
2383 765 2454 820 Et
2504 764 2745 836 sanguis
2793 765 2931 820 Jesu
2977 763 3082 818 ﬁlii
3126 762 3255 834 ejus
3304 759 3553 815 mundat
3600 774 3708 814 nos
3738 758 3808 814 ab

2164 853 2325 910 omni
2357 857 2593 926 peccato
2622 855 2673 922 (I
2696 856 2852 909 Joan.
2887 871 2926 918 ι,
2957 852 3036 925 7),
3071 873 3099 901 ››
3129 854 3249 906 tam
3280 851 3302 883 ‘
3330 849 3387 904 in
3443 847 3808 904 confessione

2164 943 2563 1016 baptismatis,
2596 959 2773 1015 quam
2803 942 2863 997 in
2899 940 3210 997 clementia
3239 936 3623 1011 paenitudinis
3662 935 3811 992 acci-

2166 1031 2445 1105 piendum
2479 1038 2583 1087 est.
2612 1031 2723 1086 Sed
2755 1030 2916 1087 aliud
2961 1033 3049 1086 est
3096 1026 3370 1084 mandari
3420 1044 3455 1081 a
3502 1026 3620 1082 Deo
3652 1026 3810 1081 aliud

2167 1137 2269 1193 per
2299 1137 2361 1177 se
2389 1136 2519 1175 esse
2550 1118 2676 1175 sine
2704 1118 2865 1174 vitio.
2899 1117 2958 1173 Si
2989 1117 3144 1173 enim
3185 1117 3354 1187 juxta
3402 1114 3547 1171 Job:
3590 1136 3621 1164 ‹‹
3648 1117 3811 1169 Luna

2166 1226 2281 1265 non
2313 1209 2599 1281 splendet,
2631 1211 2690 1264 et
2720 1206 2898 1263 stellae
2928 1223 3044 1262 non
3075 1209 3215 1262 sunt
3236 1203 3543 1260 mundaain
3566 1219 3806 1275 conspe-

2167 1303 2263 1354 ctu
2320 1300 2471 1369 ejus,
2504 1302 2723 1369 quanto
2757 1295 2947 1369 magis
2976 1296 3172 1361 homo,
3221 1294 3488 1367 putredo,
3539 1295 3599 1347 et
3643 1290 3800 1347 ﬁlius

2164 1386 2423 1443 hominis
2450 1386 2665 1441 vermis
2697 1386 2834 1457 (Job.
2865 1402 2995 1452 xxv,
3044 1386 3098 1452 5,
3139 1384 3193 1451 6)
3220 1383 3231 1437 l
3266 1403 3293 1431 »
3346 1382 3531 1437 Omne
3562 1380 3720 1436 enim
3743 1395 3815 1437 es

2167 1475 2508 1539 obstruitur,
2544 1478 2600 1529 et
2628 1472 2915 1529 obnoxius
2964 1475 3053 1527 est
3107 1470 3301 1527 omnis
3349 1470 3611 1525 mundus
3652 1469 3806 1525 Deo:

2168 1588 2196 1615 ‹‹
2237 1563 2383 1629 Quia
2411 1580 2480 1619 ex
2508 1562 2782 1635 operibus
2810 1560 2959 1634 legis
3008 1577 3126 1616 non
3164 1558 3592 1631 justificabitur
3621 1557 3809 1614 omnis

2166 1671 2298 1711 caro
2329 1669 2526 1709 coram
2556 1668 2623 1707 eo
2659 1650 2862 1723 (Galat.
2898 1667 2959 1717 Π,
2993 1650 3104 1717 16).
3140 1669 3168 1697 ››
3217 1646 3507 1719 Nullaque
3536 1645 3813 1703 distantia

2164 1746 2253 1798 est
2287 1756 2708 1814 personarum:
2764 1762 2792 1789 «
2845 1739 3060 1794 Omnes
3113 1737 3272 1792 enim
3324 1740 3726 1808 peccaverunt,
3756 1738 3813 1791 et

2165 1832 2431 1904 indigent
2459 1830 2646 1903 gloria
2677 1828 2814 1884 Dei:
2850 1826 3158 1898 justificati
3202 1824 3385 1897 gratis
3430 1840 3534 1896 per
3560 1824 3813 1897 gratiam

2168 1920 2358 1993 ipsius
2405 1920 2579 1993 (Rom.
2640 1935 2726 1983 III,
2783 1917 2872 1984 23,
2931 1915 3043 1988 24).
3108 1937 3136 1963 ››
3195 1914 3257 1970 Si
3315 1917 3504 1969 autem
3563 1913 3809 1969 scribit:

2171 2032 2199 2061 «
2229 2009 2647 2065 Existimamus
2678 2007 2792 2062 fide
2816 2002 3134 2076 justiﬁcari
3155 2003 3454 2059 hominem
3474 2002 3598 2058 sine
3619 2003 3825 2081 operi:

2168 2100 2281 2155 bus
2314 2098 2479 2168 legis,
2522 2096 2817 2168 siquidem
2852 2110 3004 2149 unus
3035 2096 3124 2148 est
3174 2097 3346 2159 Deus,
3392 2092 3494 2164 qui
3528 2091 3817 2163 justiﬁcat

2171 2187 2673 2243 circumcisionem
2747 2201 2815 2240 ex
2880 2182 3028 2255 lege,
3086 2185 3143 2237 et
3184 2180 3538 2254 praeputium
3589 2197 3659 2236 ex
3705 2179 3817 2235 ﬁde

2172 2277 2329 2348 (Ibid.
2361 2279 2452 2341 28,
2485 2275 2614 2347 30);
2650 2298 2672 2327 ι
2711 2272 3020 2328 manifeste
3048 2270 3322 2338 ostendit,
3370 2286 3487 2326 non
3534 2268 3594 2324 in
3623 2268 3816 2324 homi-

2173 2367 2265 2421 nis
2291 2366 2519 2433 merito,
2555 2365 2656 2419 sed
2704 2363 2765 2418 in
2815 2366 2930 2417 Deo
2979 2360 3169 2433 gratia
3216 2375 3345 2416 esse
3384 2358 3689 2431 justitiam
3718 2357 3817 2430 qui

2172 2457 2299 2511 sine
2354 2454 2499 2527 legis
2558 2452 2829 2526 operibus
2888 2448 3250 2506 credentium
3319 2447 3569 2520 suscipit
3617 2447 3814 2504 ﬁdem.

2173 2546 2336 2602 Unde
2366 2544 2666 2617 sequitur:
2703 2566 2730 2592 ‹‹
2763 2542 3073 2599 Peccatum
3099 2539 3274 2595 vestri
3324 2555 3439 2594 non
3482 2536 3813 2593 dominabi-

2174 2639 2270 2690 tur
2300 2636 2471 2706 (Rom.
2505 2651 2581 2701 vr,
2632 2632 2739 2698 tt).
2779 2652 2801 2683 ι
2851 2631 3013 2687 Cur?
3076 2652 3096 2679 ιι
3159 2629 3306 2694 Quia
3360 2644 3478 2683 non
3535 2626 3683 2683 estis
3712 2626 3817 2682 sub

2173 2723 2321 2795 lege,
2356 2723 2455 2779 sed
2489 2722 2598 2777 sub
2628 2720 2816 2794 gratia
2844 2717 3056 2792 (lbid.).
3094 2740 3122 2767 »
3146 2740 3172 2767 «
3203 2717 3331 2772 Non
3362 2715 3518 2771 enim
3549 2714 3816 2783 volentis,

2175 2828 2363 2883 neque
2393 2810 2703 2875 currentis,
2738 2808 2837 2864 sed
2869 2805 3201 2863 miserentis
3245 2809 3335 2861 est
3382 2804 3481 2860 Dei
3533 2804 3711 2875 (Rom.
3743 2820 3819 2869 Iv,

2183 2902 2288 2971 t6).
2326 2922 2353 2949 ››
2387 2922 2415 2949 ‹‹
2443 2899 2605 2954 Unde
2636 2903 2691 2953 ct
2719 2900 2921 2970 gentes
2953 2913 3077 2968 qua
3109 2912 3224 2950 non
3255 2894 3631 2950 sectabantur
3647 2892 3819 2964 justi-

417 2987 667 3045 aliorum
700 2987 926 3042 lumina
956 2988 1153 3059 aliqua
1183 2989 1352 3043 sorde
1385 2986 1684 3043 maculari.
1720 2986 1979 3057 Denique
2010 2990 2068 3041 et
2174 2989 2338 3055 tiam,
2372 2988 2941 3060 comprehenderunt
2964 2982 3593 3057 justitiam,justitiam
3622 2985 3822 3038 autem

422 3076 673 3147 apostoli
706 3076 1076 3148 appellantur
1107 3076 1204 3131 lux
1234 3077 1459 3155 mundi.
1493 3076 1600 3131 Sed
1648 3092 1763 3129 non
1803 3079 1896 3129 est
1923 3075 2066 3130 scri-
2175 3093 2243 3132 ex
2272 3078 2385 3133 fide
2413 3078 2452 3132 ⁵.
2488 3076 2661 3132 Israel
2693 3079 2889 3132 autem
2939 3090 3190 3145 sequens
3237 3073 3425 3145 legem
3456 3070 3731 3143 justiﬁes,
3762 3072 3823 3126 in

419 3168 612 3235 ptum,
647 3166 802 3235 quod
834 3164 893 3217 in
928 3164 1326 3235 apostolorum
1376 3164 1503 3219 luce
1549 3163 1719 3218 nullis
1765 3163 1884 3218 sint
1914 3168 2068 3218 tene-
2175 3165 2363 3238 legem
2396 3165 2641 3238 justitiae
2674 3182 2788 3219 non
2820 3163 3099 3236 pervenit,
3134 3161 3413 3234 quoniam
3446 3177 3563 3216 non
3595 3176 3664 3216 ex
3684 3159 3824 3227 ﬁde,

423 3252 559 3306 brae.
596 3253 664 3305 Et
692 3252 763 3307 de
791 3253 1013 3306 Joanne
1071 3252 1382 3306 scribitur:
1418 3274 1446 3300 ‹‹
1478 3251 1580 3306 Hic
1619 3252 1776 3307 venit
1815 3251 1873 3306 in
1904 3251 2068 3307 testi-
2097 3241 2139 3308 C
2179 3256 2281 3311 sed
2335 3271 2403 3310 ex
2477 3254 2769 3328 operibus.
2832 3252 3208 3308 Oﬂ'enderunt
3262 3250 3418 3306 enim
3473 3248 3534 3304 in
3566 3248 3827 3321 lapidem

423 3339 713 3404 monium,
746 3342 812 3392 ut
841 3339 1242 3393 testimonium
1271 3340 1600 3410 perhiberet
1628 3341 1699 3396 de
1730 3340 1970 3408 lumine,
2003 3345 2068 3395 ut
2175 3343 2515 3399 offensionis
2545 3341 2711 3415 (Ibid.
2743 3342 2813 3396 3O
2860 3339 3049 3412 seqq.)
3111 3361 3140 3389 ››
3195 3360 3224 3390 ι(
3263 3337 3422 3394 Finis
3469 3336 3628 3394 enim
3675 3336 3825 3410 legis

422 3443 627 3482 omnes
658 3428 957 3483 crederent
988 3444 1090 3499 per
1117 3427 1306 3483 illum.
1340 3429 1464 3484 Non
1498 3434 1622 3485 erat
1670 3429 1767 3485 ille
1810 3429 1929 3496 lux,
1962 3431 2063 3485 sed
2173 3432 2444 3490 Christus
2474 3431 2544 3487 ad
2570 3429 2861 3503 justitiam
2894 3429 3053 3485 omni
3086 3427 3344 3484 credenti
3378 3428 3555 3499 (Rom.
3587 3445 3642 3494 ι,
3677 3426 3757 3499 4).
3795 3450 3824 3476 ››

418 3519 487 3571 ut
523 3514 937 3596 testimonium
991 3516 1320 3588 perhiberet
1367 3518 1438 3573 de
1486 3517 1728 3574 lumine.
1790 3519 1927 3574 Erat
1965 3518 2064 3573 lux
2242 3525 2293 3576 8.
2382 3522 2464 3576 Ea:
2552 3520 2793 3592 Apostoli
2862 3518 3141 3595 Epistolis.
3220 3548 3288 3556 —-
3343 3517 3577 3573 Cunctae
3639 3532 3825 3589 prope

414 3621 572 3674 vera,
605 3622 733 3677 qum
764 3604 1061 3661 illuminat
1104 3621 1338 3661 omnem
1381 3606 1679 3662 hominem
1732 3608 2061 3663 venientem
2170 3610 2441 3683 Epistolis
2471 3608 2730 3682 Apostoli
2761 3608 2870 3663 hoc
2901 3607 3117 3663 habent
3139 3605 3494 3679 principium
3520 3623 3533 3661 :
3559 3628 3589 3656 ‹‹
3616 3605 3827 3663 Gratia

414 3693 475 3748 in
507 3694 665 3749 hunc
692 3695 981 3749 mundum
1012 3695 1190 3766 (Joan.
1226 3714 1264 3759 ι,
1296 3698 1351 3760 7,
1398 3696 1473 3767 8).
1508 3719 1535 3743 »
1582 3696 1745 3752 Unde
1790 3701 1847 3751 et
1893 3697 1963 3751 de
1994 3713 2060 3752 eo
2168 3700 2330 3756 vobis
2360 3704 2416 3755 et
2447 3716 2557 3771 pax
2587 3716 2619 3753 ει
2650 3699 2766 3754 Deo
2797 3697 2963 3752 Patre
2996 3700 3054 3751 et
3100 3694 3329 3751 Christo
3378 3696 3515 3751 Jesu
3568 3694 3826 3752 Domino

415 3784 700 3856 scriptum
733 3788 855 3839 est:
889 3807 914 3833 «
949 3784 1056 3848 Qui
1107 3784 1268 3840 solus
1312 3785 1489 3841 habet
1533 3786 2056 3852 immortalitatem,

418 3872 568 3928 750
601 3878 658 3928 et
698 3872 890 3928 lucem
929 3873 1155 3928 habitat
1205 3873 1668 3930 inaccessibilem
1720 3877 1768 3945 (I
1812 3876 1944 3929 Tim.
1977 3893 2055 3943 v1,

413 3961 525 4032 46).
573 3984 593 4011 ιι
629 3962 697 4015 Et
737 3967 890 4015 certe
921 3960 1173 4032 legimus
1206 3962 1588 4028 immortales,
1637 3963 1911 4035 Angelos,
1948 3964 2056 4018 im-

413 4049 690 4105 mortales
738 4050 1003 4106 Tbronos
1058 4056 1115 4106 et
1182 4053 1641 4118 nominationes,
1703 4057 2055 4125 cmterasque

408 4139 691 4195 Virtutes.
724 4139 835 4194 Sed
870 4139 1031 4195 solus
1062 4140 1214 4196 Deus
1245 4145 1335 4196 est
1366 4140 1738 4207 immortalis,
1772 4143 1910 4212 quia
1940 4159 2054 4197 non

411 4233 501 4285 est
529 4245 631 4301 per
659 4229 929 4302 gratiam,
965 4232 1029 4283 ut
1050 4233 1273 4297 caetera,
1294 4230 1393 4285 sed
1421 4247 1524 4301 per
1543 4235 1834 4285 naturam.
1869 4231 2053 4293 Quam

411 4318 485 4376 ob
542 4334 778 4374 causam
838 4318 992 4373 idem
1057 4319 1358 4391 apostolus
1421 4318 1626 4373 scribit
1682 4319 1852 4389 (Rom.
1913 4320 2049 4390 xw).

408 4407 595 4464 Deum
626 4406 815 4462 solum
858 4422 986 4462 esse
1018 4408 1365 4478 sapientem,
1397 4423 1529 4461 cum
1588 4410 1643 4460 et
1674 4405 1968 4475 Salomon,
1997 4412 2054 4464 et

408 4494 576 4550 multi
612 4495 709 4549 alii
769 4496 956 4550 sancti
1014 4495 1309 4567 sapientes
1359 4498 1655 4561 vocentur,
1715 4500 1772 4550 et
1823 4496 2053 4552 dicatur

2171 3790 2316 3847 751
2352 3793 2551 3844 nostro
2584 3790 2631 3858 (Ι
2660 3787 2781 3843 Cor.
2818 3803 2857 3853 ι,
2890 3786 2966 3855 3),
3002 3808 3030 3835 »
3062 3790 3120 3841 et
3158 3784 3339 3840 simili
3391 3785 3506 3840 fine
3537 3783 3827 3841 claudun-

2164 3883 2278 3934 tur.
2333 3878 2418 3933 Ad
2478 3875 2808 3933 Corinthios
2866 3890 3101 3946 quoque
3157 3873 3468 3929 scribitur:
3517 3896 3545 3921 α
3575 3872 3645 3927 Ut
3692 3861 3824 3931 non

2164 3967 2479 4040 indigestis
2510 3964 2630 4020 ulla
2681 3963 3012 4031 donatione,
3060 3966 3464 4034 exspectantes
3510 3956 3824 4015 revelatio-

2164 4073 2300 4112 nem
2326 4054 2557 4112 Domini
2589 4053 2771 4109 nostri
2804 4056 2943 4108 Jesu
2967 4051 3209 4119 Christi,
3234 4051 3335 4122 qui
3357 4055 3415 4106 et
3446 4047 3827 4105 conﬁrmabit

2165 4162 2265 4201 vos
2295 4161 2482 4216 usque
2530 4142 2589 4197 in
2643 4142 2819 4196 ﬁnem
2862 4140 2989 4196 sine
3036 4139 3282 4195 crimine
3331 4139 3387 4194 in
3439 4139 3532 4194 die
3578 4137 3825 4194 Domini

2162 4233 2347 4289 nostri
2377 4232 2518 4287 Jesu
2551 4230 2764 4285 Christi
2792 4229 2950 4301 (Ibid.
2978 4231 3033 4295 7,
3064 4231 3141 4300 8).
3176 4252 3204 4279 »
3229 4228 3388 4284 Licet
3408 4242 3546 4300 ergo
3567 4225 3732 4282 nulla
3756 4226 3824 4283 in

2163 4323 2467 4394 digeamus
2497 4319 2832 4387 donatione,
2864 4322 3062 4373 tamen
3092 4320 3466 4390 expectamus
3510 4315 3823 4373 revelatio-

2162 4428 2296 4468 nem
2331 4408 2563 4466 Domini
2595 4407 2779 4464 nostri
2808 4407 2947 4464 Jesu
2980 4407 3215 4475 Christi,
3267 4405 3367 4478 qui
3417 4411 3560 4460 tunc
3608 4421 3719 4461 nos
3757 4406 3821 4461 in

2161 4500 2434 4555 omnibus
2457 4496 2845 4567 confirmabit,
2870 4500 2927 4551 ct
2947 4496 3216 4552 ostendet
3236 4496 3362 4552 sine
3383 4493 3652 4561 crimine,
3670 4510 3818 4550 cum

398 4583 567 4681 juxta
593 4583 949 4681 ‘Hebraicum
982 4584 1060 4681 ad.
1086 4583 1409 4654 principem
1435 4583 1573 4681 ‘Tyri
1601 4600 1613 4637 :
1653 4604 1675 4633 α
1726 4584 2054 4656 Sapientior
2080 4615 2128 4681 D
2160 4590 2284 4645 dies
2315 4586 2547 4644 Domini
2573 4586 2756 4641 nostri
2781 4586 2920 4641 Jesu
2942 4584 3154 4641 Christi
3175 4589 3231 4640 et
3251 4583 3457 4639 mundi
3479 4583 3617 4638 finis
3642 4581 3822 4639 adve-
3902 4665 3906 4668 ξ

404 4670 646 4730 Daniele
674 4687 736 4726 es
790 4676 851 4725 tu
882 4672 1095 4743 (Exerit.
1146 4689 1343 4738 xxvm,
1394 4672 1469 4742 3).
1507 4695 1528 4723 υ
1583 4673 1881 4736 Quomodo
1912 4692 2048 4748 ergo
2080 4670 2122 4681 ”
2160 4677 2330 4743 nerit,
2370 4682 2435 4732 ut
2482 4692 2596 4732 non
2647 4674 2928 4748 glorietur
2964 4674 3158 4729 omnis
3197 4689 3331 4730 caro
3376 4673 3435 4727 in
3487 4675 3819 4745 conspectu

403 4761 566 4820 solus
596 4760 717 4828 lux,
752 4759 913 4816 solus
945 4760 1296 4815 immortalis
1325 4765 1381 4815 et
1410 4759 1572 4817 solus
1603 4762 1838 4834 sapiens
1858 4764 2050 4836 appel-

402 4851 582 4920 latur,
615 4867 749 4906 cum
781 4849 950 4905 multi
981 4849 1363 4916 immortales,
1388 4854 1444 4905 et
1491 4848 1651 4907 luces
1681 4857 1737 4907 et
1758 4853 2049 4926 sapientes

471 4996 488 5030 ¹
522 4994 650 5049 Haec
684 4998 911 5066 putoin
970 4997 1163 5048 mente
1215 4990 1421 5046 habuit
1479 5007 1545 5047 ex
1599 4992 1840 5103 Josephi
1896 4993 2046 5051 libro

552 5064 872 5103 Mnnhnhnm’c
971 5082 1077 5103 nnn
1154 5081 1189 5103 τι
1203 5081 1214 5103 ι
1296 5082 1307 5093 ο
1398 5061 1470 5103 nl.
1555 5063 1656 5103 «nim
1770 5069 2042 5103 antrum-1r..-

398 5063 463 5138 de
546 5061 894 5138 Maciiabaeis,
971 5082 1077 5138 cap
1154 5081 1215 5138 ni
1296 5061 1470 5138 :AO’J
1555 5063 1691 5138 γᾴρΔ
1743 5061 2042 5138 ἒ-κριζωττβ

396 5136 506 5209 τῶγ
590 5136 773 5186 παθὼν
861 5136 888 5187 ό
973 5132 1241 5208 Impune;
1340 5134 1505 5202 ἐστιν,
1569 5132 1694 5187 ἄλλ’
1752 5132 2045 5209 ἀύταγωννιο

399 5202 569 5278 Mc;
606 5209 713 5278 Nec
755 5207 903 5260 enim
951 5202 1387 5278 perturbationes
1436 5209 1578 5262 ratio
1628 5207 1812 5262 evellit
1838 5202 2042 5262 radici-

396 5276 506 5335 tus,
546 5274 665 5351 sed
730 5274 1454 5351 conuertenda,oppugnat.
1516 5280 1859 5349 Quanquam
1920 5283 2044 5334 tota

398 5344 558 5398 aurei
618 5344 744 5433 ej'qs
799 5345 932 5400 libri
980 5344 1245 5427 prastatio
1295 5344 1908 5433 adnquartum'usque
1940 5368 2042 5432 nu-

396 5414 1109 5540 merumtiliteronymiano
1141 5414 1446 5492 proposito
1488 5414 1889 5478 commentarii
1922 5421 2040 5477 vice

396 5502 521 5540 esse
551 5502 622 5540 no
652 5501 711 5540 es
747 5528 758 5539 .

394 5502 536 5566 BSSB-
551 5501 758 5566 potest.

462 5559 484 5592 ²
514 5556 669 5635 Licet
697 5574 763 5613 ex
792 5558 900 5612 hoc
934 5556 1058 5635 loco
1077 5557 1426 5635 intelligere,
1452 5562 1896 5635 Pelagianorum
1918 5564 2039 5617 ἀνα-

398 5629 694 5706 μαρτησὶαν
729 5646 794 5706 eo
836 5628 1227 5706 pertinuisse,
1263 5628 1325 5706 ut
1373 5631 1548 5687 homo
1573 5628 1827 5706 fcareret
1868 5637 2035 5706 omni

390 5698 649 5777 peccato,
715 5698 893 5760 etiam
943 5698 1231 5755 materiali
1294 5702 1658 5773 ignorantiae,
1706 5705 2033 5775 oblivionis,

2158 4768 2307 4838 ejus.
2360 4765 2574 4821 Paulus
2621 4763 2927 4835 plantavit,
2970 4762 3173 4835 Apollo
3226 4762 3435 4834 rigavit
3473 4762 3521 4834 (Ι
3545 4760 3669 4819 Cor.
3718 4778 3819 4831 ιη,

2156 4858 2232 4928 6),
2266 4856 2368 4912 sed
2399 4855 2684 4911 Dominus
2718 4853 3146 4908 incrementum
3175 4851 3373 4907 dedit:
3429 4866 3567 4924 ergo
3618 4865 3821 4923 neque

2156 5002 2306 5065 etc.;
2349 5013 2519 5053 secus
2574 4996 2729 5050 enim
2788 5010 2961 5065 omne
3017 4993 3196 5065 quod
3228 5008 3427 5065 cavere
3482 4992 3659 5049 homo
3688 5009 3820 5050 non

2156 5063 2369 5142 poteSt,
2393 5072 2703 5142 (peccatum
2733 5064 2895 5121 nullo
2926 5063 3103 5142 sensu
3141 5063 3374 5142 dicitur.

2229 5142 2249 5175 ³
2308 5132 2635 5195 Laborabat
2691 5152 2902 5193 sensus
2951 5133 3439 5207 interpunctionis
3483 5132 3660 5191 vitio:
3722 5134 3821 5192 sic

2153 5212 2344 5283 enim,
2398 5211 2882 5283 scriptumuerat.
2949 5206 3123 5283 [λίβα-ς
3181 5214 3239 5283 et
3320 5206 3822 5283 sapientes_sint?

2153 5284 2263 5337 sub
2333 5275 2727 5353 interrogandi
2798 5282 2959 5353 nota,
3027 5277 3233 5353 exinde
3287 5275 3437 5353 nova
3501 5275 3819 5353 periodus,

2267 5354 2533 5434 perfectio
2555 5347 2851 5421 "hominis,
2913 5355 3050 5419 etc.,
3088 5350 3147 5403 in
3208 5347 3459 5422 vulgatis
3502 5347 3819 5406 hactenus

2174 5443 2187 5479 ι
2238 5441 2336 5478 I‘lS.

2174 5441 2336 5479 lDI‘lS.

2219 5494 2511 5549 ‘Addunt
2566 5491 2827 5547 Vaticani
2884 5492 3000 5546 duo
3068 5506 3240 5561 mss.,
3295 5490 3532 5546 Mimdat
3579 5489 3817 5561 quidem

2148 5582 2243 5621 nos
2273 5565 2341 5620 ab
2371 5566 2527 5620 omni
2578 5568 2797 5635 peccato
2854 5566 2986 5631 tam,
3046 5567 3179 5629 etc.,
3248 5565 3423 5633 atque
3487 5562 3631 5619 adeo
3663 5577 3816 5618 mox

2147 5653 2335 5703 voces,
2377 5635 2753 5707 accipiendum
2782 5638 3029 5707 est,non
3056 5637 3400 5706 agnoscunt.

2217 5710 2239 5744 δ
2270 5702 2430 5766 Unus
2457 5702 2673 5776 Vatia,
2715 5706 2993 5763 Justitiam
3033 5702 3215 5765 auiam
3261 5718 3386 5778 quae
3430 5707 3507 5764 est
3551 5719 3625 5763 ea:
3662 5702 3811 5777 ﬁde.
