4082 6168
279 365 399 435 869

1115 365 1508 432 DIALOGUS
1555 364 1869 429 CONTRA-
1913 361 2706 429 PELAGIANOS.——LIB.
2752 365 2830 428 II.

3570 367 3696 437 570

281 505 379 578 qui
410 502 663 578 plantat,
699 516 886 576 neque
917 501 1016 574 qui
1049 502 1217 574 rigat,
1252 509 1339 559 est
1369 501 1593 574 aliquid
1622 522 1633 570 ;
1688 499 1789 557 sed
1832 496 1930 573 qui
1961 498 2015 567 Α
2046 499 2436 557 credentibus.
2499 499 2612 557 Lex
2643 517 2779 574 ergo
2838 500 3190 574 paedagogus
3221 504 3418 558 noster
3475 503 3584 560 fuit
3627 504 3687 562 in

277 596 718 652 incrementum
751 593 870 661 dat,
906 592 1081 649 Deus.
1119 593 1311 665 Ipsius
1344 593 1501 648 enim
1554 590 1932 665 agricultura,

280 685 467 759 ipsius
501 683 812 739 aedificatio
841 699 1068 738 sumus.
1100 681 1275 738 Juxta
1305 682 1551 754 gratiam
1604 681 1728 749 Dei,
1769 681 1937 752 quasi

281 775 527 848 sapiens
560 772 918 828 architectus
950 773 1115 844 ponit
1161 772 1634 827 fundamentum.
1671 793 1689 819 α
1724 770 1936 836 Nolite,

282 865 508 936 inquit,
538 863 918 934 vosmetipsos
959 863 1246 933 decipere.
1300 861 1357 916 Si
1408 861 1540 932 quis
1589 861 1822 932 sapiens
1852 864 1941 915 est

289 954 356 1009 in
387 952 572 1018 vobis,
603 952 657 1006 in
691 950 902 1006 saecqu
935 951 1068 1016 isto,
1094 949 1290 1005 fatuus
1322 951 1443 1016 fiat,
1478 954 1543 1004 ut
1573 949 1650 1004 sit
1681 950 1934 1021 sapiens.

289 1041 589 1114 Sapientia
643 1040 800 1094 enim
861 1040 1047 1104 mudi,
1101 1038 1352 1094 stultitia
1403 1043 1488 1094 est
1547 1040 1700 1110 apud
1751 1039 1936 1093 Deum

296 1132 345 1202 (Ι
372 1131 490 1184 Cor.
527 1147 610 1193 ιιι,
646 1128 732 1194 18,
769 1129 876 1198 19).
910 1150 938 1178 ››
973 1151 999 1177 (ι
1034 1128 1320 1182 Dominus
1378 1128 1677 1199 cognoscit
1721 1128 1936 1199 cogita-

289 1218 479 1274 tiones
506 1217 842 1284 hominum,
876 1216 1014 1288 quia
1040 1233 1200 1271 vanaz
1233 1223 1369 1272 sunt
1393 1218 1560 1288 (Psal.
1594 1235 1752 1285 xcm,
1780 1217 1934 1286 11).»

281 1312 350 1362 Et
369 1307 638 1362 iterum:
680 1330 700 1354 α
736 1306 798 1360 In
851 1305 1010 1360 nullo
1056 1306 1212 1361 enim
1266 1306 1410 1360 mihi
1465 1306 1735 1360 conscius
1783 1323 1936 1371 sum,

280 1397 384 1452 sed
417 1413 527 1451 nec
558 1395 621 1450 in
654 1395 764 1450 hoc
787 1394 1149 1466 justificatus
1180 1412 1338 1464 sum,
1368 1395 1505 1466 quia
1535 1395 1634 1466 qui
1669 1411 1761 1449 me
1785 1395 1941 1466 judi-

286 1491 398 1552 cat,
434 1485 727 1541 Dominus
758 1489 845 1539 est
875 1486 920 1551 (I
953 1484 1072 1538 Cor.
1112 1502 1184 1551 IV,
1212 1485 1284 1554 4).
1318 1507 1344 1534 ››
1398 1484 1623 1538 Dicitur
1670 1490 1725 1538 et
1752 1483 1937 1554 vobis,

282 1575 385 1647 qui
439 1574 569 1629 sine
620 1577 856 1645 peccato
903 1590 1005 1628 vos
1053 1590 1184 1628 esse
1232 1573 1442 1639 dicitis,
1512 1573 1651 1643 quid
1711 1571 1940 1627 habetis

282 1665 441 1737 quod
477 1680 598 1719 non
653 1662 1005 1734 accepistis?
1063 1663 1119 1716 Si
1171 1666 1363 1717 autem
1426 1661 1755 1733 accepistis,
1799 1661 1938 1732 quid

279 1752 649 1826 gloriamini,
679 1752 847 1823 quasi
881 1768 992 1806 non
1027 1751 1365 1822 acceperitis
1386 1751 1414 1804 ?
1446 1773 1472 1800 ‹‹
1526 1751 1557 1806 J
1567 1767 1659 1806 am
1692 1751 1938 1805 saturati

2047 590 2297 657 Christo,
2360 596 2422 645 ut
2463 608 2530 646 ex
2583 593 2694 645 fide
2741 591 3136 663 justiticemur
3191 591 3346 662 (Ibid.
3379 594 3594 664 21-24).
3661 617 3688 644 ››

2049 680 2210 735 Unde
2275 680 2457 746 addit,
2526 686 2584 735 et
2651 699 2767 735 uno
2833 679 3120 736 versiculo
3185 680 3380 735 omnia
3428 697 3692 755 compre-

2049 769 2270 834 hendit,
2340 771 2577 824 dicens:
2614 794 2640 819 «
2692 769 2964 824 Evacuati
3032 768 3174 824 estis
3221 786 3253 822 a
3308 769 3555 838 Christo,
3590 772 3691 844 qui

2048 859 2106 914 in
2177 859 2303 930 lege
2328 859 2762 928 justiﬁcamini,
2832 859 3081 930 agratia
3146 857 3442 913 excidistis
3492 859 3689 929 (Galat.

2046 965 2100 1012 ν,
2136 949 2208 1016 4).
2252 969 2270 996 υ

2120 1037 2206 1090 10.
2238 1038 2276 1091 Α
2310 1038 2464 1092 nullo
2506 1037 2675 1104 legem
2712 1052 2822 1091 esse
2851 1037 3194 1108 completam.
3226 1068 3296 1078 -~
3325 1041 3455 1091 Haec
3486 1041 3695 1094 cuncta

2050 1142 2346 1196 percurro,
2405 1131 2468 1180 ut
2523 1126 2828 1180 ostendam
2881 1144 2914 1180 a
2952 1124 3113 1180 nullo
3141 1125 3329 1198 legem
3377 1143 3506 1182 esse
3536 1143 3695 1184 com-

2049 1215 2288 1286 pletam,
2323 1220 2380 1270 et
2412 1231 2514 1286 per
2560 1215 2745 1287 legem
2779 1215 3056 1269 mandata
3106 1215 3303 1270 omnia
3335 1232 3462 1286 quae
3510 1217 3694 1272 conti-

2048 1308 2262 1359 nentur
2292 1304 2350 1360 in
2382 1304 2524 1374 lege.
2591 1305 2740 1358 Deus
2770 1308 2858 1358 est
2925 1303 3080 1358 enim
3151 1303 3249 1374 qui
3319 1307 3594 1375 operatur
3634 1304 3693 1359 in

2049 1393 2240 1459 nobis,
2274 1398 2329 1448 et
2363 1391 2504 1448 velle
2534 1397 2589 1447 et
2619 1392 2894 1463 perficere
2926 1392 3188 1463 (Philipp.
3244 1409 3303 1457 ιι,
3368 1392 3472 1465 43).
3509 1393 3694 1449 Labo-

2050 1487 2140 1537 rat
2169 1481 2502 1554 Apostolus,
2537 1485 2593 1536 et
2615 1482 2787 1552 juxta
2807 1480 3101 1550 justitiam
3144 1498 3270 1554 qua
3321 1481 3379 1535 in
3429 1482 3554 1553 lege
3583 1486 3692 1548 est,

2049 1572 2176 1626 sine
2223 1570 2590 1642 querimonia
2635 1573 3033 1633 conversatus,
3067 1569 3264 1624 omnia
3313 1587 3415 1642 pro
3462 1569 3693 1625 Christo

2049 1659 2210 1714 ducit
2271 1659 2638 1730 quisquilias,
2668 1662 2732 1713 ut
2787 1658 3116 1713 inveniatur
3173 1658 3232 1712 in
3283 1658 3530 1723 Christo,
3574 1675 3689 1714 non

2050 1749 2274 1804 habens
2307 1765 2475 1803 suam
2512 1747 2828 1819 justitiam,
2863 1763 2989 1818 qua:
3039 1763 3107 1801 ex
3137 1746 3282 1818 lege,
3335 1747 3436 1802 sed
3468 1763 3596 1817 quae
3627 1762 3696 1802 ex

286 1842 452 1909 estis,
517 1843 646 1912 jam
718 1839 926 1895 divites
995 1840 1130 1895 facti
1162 1841 1304 1895 estis
1371 1841 1526 1910 (Ibid.
1562 1841 1634 1910 8).
1675 1863 1700 1888 ››
1746 1841 1811 1894 Et
1875 1844 1941 1894 ut
1969 1876 2016 1940 B
2053 1839 2165 1893 fide
2194 1837 2408 1893 Christi
2442 1842 2588 1892 esta
2620 1837 2755 1892 Deo.
2810 1835 2971 1891 Unde
3019 1835 3225 1891 scribit
3268 1836 3340 1891 ad
3385 1835 3695 1891 Thessalo-

284 1931 551 1988 sciamus
584 1947 699 1984 non
733 1945 798 1984 ex
828 1929 1020 1994 nobis,
1055 1930 1155 1984 sed
1189 1945 1257 1983 ex
1287 1929 1385 1983 Dei
1437 1934 1646 1984 cuncta
1689 1929 1941 2000 pendere

276 2019 512 2091 judicio
542 2037 553 2072 :
593 2039 619 2068 ι(
650 2018 917 2086 Veniam,
944 2017 1348 2089 inquit,citius
1365 2019 1435 2073 ad
1455 2019 1636 2084 vos,si
1663 2017 1940 2072 Dominus

288 2108 549 2163 voluerit
575 2108 738 2176 (Ibid.
772 2107 884 2177 19).
923 2131 949 2156 n
982 2107 1088 2172 Qui
1137 2106 1291 2162 enim
1344 2108 1504 2175 dicit,
1536 2131 1560 2155 ‹‹
1610 2108 1839 2162 veniam
1870 2108 1940 2161 ad

299 2213 432 2262 vos,
469 2196 709 2250 ostendit
743 2212 803 2250 se
859 2195 1030 2262 velle,
1062 2200 1349 2251 monstrat
1407 2212 1636 2267 cupere,
1699 2195 1940 2268 promit-

293 2287 368 2341 tit
440 2286 772 2341 adventum.
843 2287 949 2341 Sed
1011 2289 1076 2340 ut
1143 2286 1374 2342 cautius
1460 2287 1580 2341 haec
1645 2286 1942 2358 loquatur,

287 2375 491 2439 infert,
538 2397 565 2423 «
599 2375 646 2430 si
675 2374 962 2430 Dominus
995 2373 1257 2430 voluerit.
1297 2397 1323 2424 »
1379 2376 1437 2430 Si
1471 2375 1606 2446 quis
1637 2375 1793 2428 enim
1836 2392 1941 2446 pu-

286 2470 372 2520 tat
394 2482 460 2521 se
481 2463 622 2535 quid
647 2481 840 2531 nosse,
871 2465 1117 2519 necdum
1141 2465 1317 2533 novit,
1343 2464 1680 2520 sicutnosse
1696 2467 1941 2535 oportet.

357 2555 414 2609 9.
448 2555 660 2608 Iterum
721 2569 789 2608 ex
818 2555 1086 2625 Apostolo.
1121 2586 1188 2592 ——
1246 2553 1362 2609 Vas
1417 2545 1717 2608 electionis
1749 2551 1942 2607 humi-

285 2643 452 2699 litate
511 2643 798 2713 dejectus,
857 2642 975 2697 imo
1025 2642 1379 2698 conscientia
1434 2642 1766 2714 fragilitatis
1825 2659 1942 2697 suae

289 2731 596 2805 loquitur:
634 2755 660 2780 ‹‹
699 2732 814 2803 Ego
869 2749 1002 2787 sum
1036 2732 1320 2788 minimus
1377 2731 1799 2804 apostolorum,
1844 2731 1943 2801 qui

290 2840 406 2878 non
441 2838 577 2878 sum
611 2821 828 2894 dignus
857 2822 1049 2876 vocari
1078 2821 1413 2893 Apostolus,
1446 2821 1723 2892 quoniam
1757 2836 1946 2892 perse-

291 2917 466 2967 cutus
498 2927 633 2965 sum
668 2905 983 2966 Ecciesiam
1029 2910 1131 2965 Dei
1180 2911 1367 2982 gratia
1419 2915 1615 2965 autem
1671 2909 1768 2964 Dei
1812 2925 1943 2964 sum

288 2999 347 3055 id
400 2999 561 3071 quod
597 3016 753 3060 sum,
811 3002 867 3053 et
896 2998 1082 3071 gratia
1136 2999 1321 3070 ipsius
1356 3001 1413 3053 in
1474 3016 1564 3053 me
1618 3015 1800 3053 vacua
1831 3015 1946 3053 non

293 3089 442 3157 fuit;
479 3088 581 3144 sed
615 3089 892 3143 omnibus
932 3087 1048 3142 illis
1081 3089 1334 3159 amplius
1382 3087 1657 3153 laboravi,
1691 3104 1804 3142 non
1842 3103 1946 3158 ego

296 3183 520 3242 autem,
555 3177 657 3232 sed
691 3177 878 3247 gratia
910 3176 1008 3231 Dei
1044 3193 1174 3248 quae
1206 3194 1437 3232 mecum
1471 3179 1585 3232 est‘
1619 3177 1667 3248 (ι
1696 3176 1815 3232 Cor.
1852 3193 1945 3241 xv,

2052 1929 2355 1982 nicenses:
2396 1946 2419 1974 ι
2451 1926 2663 1982 Fidelis
2694 1930 2888 1980 autem
2940 1929 3030 1980 est
3077 1925 3386 1995 Dominus,
3444 1925 3546 1996 qui
3573 1940 3699 1980 ser-

2050 2015 2206 2070 vabit
2238 2031 2357 2080 eos,
2417 2019 2474 2070 et
2522 2014 2812 2070 custodiet
2842 2031 2876 2068 a
2925 2013 3079 2069 malo
3111 2015 3180 2084 (II
3230 2014 3404 2069 Thess.
3439 2031 3524 2081 ιιι,
3557 2015 3632 2084 3).
3670 2036 3696 2063 ››

2052 2105 2200 2176 Ergo
2233 2121 2347 2158 non
2381 2103 2546 2159 liberi
2582 2102 2806 2158 arbitrii
2839 2107 3146 2174 potestate,
3181 2103 3281 2157 sed
3313 2102 3413 2158 Dei
3446 2101 3700 2159 clemen-

2051 2194 2132 2248 tia
2158 2210 2592 2249 conservamur.
2647 2195 2718 2247 Ac
2767 2209 2839 2247 ne
2889 2197 3058 2263 putes
3088 2191 3700 2264 argumentationibus

2053 2283 2237 2348 vanis,
2273 2299 2396 2354 qua:
2428 2286 2657 2337 movent
2707 2281 3083 2335 audientibus
3142 2279 3514 2351 quaestiones,
3548 2281 3701 2336 veri-

2052 2376 2231 2427 tatem
2257 2388 2430 2443 posse
2461 2371 2594 2426 ﬁdei
2626 2371 2906 2433 subverti,
2949 2369 3102 2425 idem
3151 2369 3464 2440 Apostolus
3495 2368 3701 2425 scribit

2054 2463 2125 2516 ad
2195 2461 2606 2516 Timotheum:
2681 2483 2708 2508 «
2776 2458 3171 2525 OTimothee,
3242 2458 3573 2530 depositum
3605 2474 3701 2513 cu-

2055 2550 2228 2614 stodi,
2307 2549 2573 2604 devitans
2650 2549 2922 2620 profanas
2995 2564 3204 2602 vocum
3281 2547 3565 2602 novitates
3639 2551 3699 2602 et

2053 2638 2542 2694 contradictiones
2584 2637 2715 2692 falsi
2749 2636 3003 2692 nominis
3045 2635 3320 2701 scientia,
3353 2652 3530 2706 quam
3564 2635 3700 2706 qui-

2056 2728 2191 2782 dam
2222 2727 2653 2799 promittentes,
2688 2727 2839 2781 circa
2889 2726 3064 2781 ﬁdem
3095 2729 3436 2780 erraverunt
3487 2723 3532 2795 (I
3563 2725 3697 2778 Tim.

2055 2833 2132 2883 νι,
2164 2818 2252 2885 20,
2289 2817 2398 2885 21).
2434 2840 2461 2865 ‹‹
2502 2840 2520 2864 σι
2559 2817 2792 2871 Bonitas
2825 2815 2980 2871 enim
3031 2818 3086 2870 et
3134 2813 3536 2870 misericordia
3575 2812 3699 2868 Sal-

2055 2905 2274 2960 vatoris
2307 2905 2514 2974 nostri,
2549 2921 2662 2960 non
2696 2922 2764 2961 ex
2809 2903 3084 2976 operibus
3108 2903 3354 2974 justitiaa
3405 2919 3532 2973 quae
3563 2901 3700 2957 feci-

2057 3012 2212 3063 mus,
2263 2997 2363 3050 sed
2415 2996 2738 3051 secundum
2794 3011 2961 3049 suam
3013 2991 3476 3048 misericordiam
3509 2989 3700 3046 salvos

2057 3102 2164 3140 nos
2194 3084 2347 3152 fecit,
2386 3089 2450 3139 ut
2475 3083 2780 3155 justificati
2804 3083 2963 3138 illius
2994 3081 3200 3154 gratia,
3233 3081 3490 3136 baeredes
3513 3080 3702 3135 simus

2058 3175 2382 3229 secundum
2417 3190 2579 3244 spem
2613 3172 2739 3227 vita:
2789 3176 3012 3227 aeternae
3043 3171 3180 3241 (Tit.
3206 3187 3290 3235 ιιι,
3320 3171 3376 3234 5,
3407 3169 3482 3239 6).
3511 3190 3538 3216 ››
3572 3170 3703 3222 Haec

291 3267 348 3334 9,
381 3268 494 3336 10).
533 3289 561 3313 »
596 3266 750 3320 Dicit
780 3282 841 3321 se
873 3265 1004 3336 plus
1023 3267 1298 3321 omnibus
1320 3265 1601 3338 apostolis
1626 3265 1946 3334 laborasse,
1976 3249 2020 3318 ε
2060 3263 2312 3319 breviter
2376 3263 2544 3334 quasi
2611 3279 2680 3316 ex
2745 3261 3033 3316 latissimo
3101 3264 3277 3330 atque
3306 3257 3701 3330 pulcherrimo

296 3355 616 3425 statimque
648 3353 909 3409 laborem
942 3371 1117 3409 suum
1149 3355 1220 3409 ad
1253 3354 1354 3409 Dei
1417 3356 1590 3410 refert
1618 3353 1904 3410 auxilium
1931 3369 1942 3406 :

299 3465 328 3494 «
360 3444 489 3499 Non
522 3459 649 3515 ego,
685 3442 980 3514 inquiens,
1014 3445 1115 3499 sed
1146 3443 1334 3516 gratia
1384 3444 1507 3511 Dei,
1561 3461 1684 3515 quae
1717 3457 1948 3498 mecum

299 3536 414 3599 est,
451 3557 478 3579 »
511 3533 665 3586 sicut
691 3537 747 3587 et
775 3531 834 3586 in
896 3533 1009 3588 alio
1067 3532 1191 3589 loco
1250 3533 1549 3604 loquitur:
1586 3557 1612 3582 «
1648 3531 1947 3588 Fiduciam

307 3624 513 3676 autem
567 3619 738 3674 talem
794 3622 1082 3678 habemus
1129 3639 1230 3694 per
1284 3623 1485 3678 Jesum
1546 3622 1844 3677 Christum
1877 3620 1946 3674 ad

306 3708 524 3774 Deum,
557 3723 669 3762 non
706 3709 836 3781 quia
863 3727 932 3764 ex
965 3711 1132 3765 nobis
1162 3710 1306 3783 ipsis
1356 3710 1714 3766 sufficientes
1760 3709 1946 3765 simus

297 3801 577 3869 reputare
608 3797 844 3869 aliquid,
879 3800 1050 3870 quasi
1078 3817 1145 3855 ex
1175 3805 1373 3855 nostro
1400 3819 1412 3855 :
1465 3801 1566 3855 sed
1597 3797 1949 3855 sufﬁcientia

292 3891 502 3943 nostra
556 3904 625 3942 ex
662 3888 780 3944 Deo
835 3893 944 3956 est,
977 3889 1077 3960 qui
1136 3894 1192 3944 et
1223 3907 1328 3945 nos
1387 3888 1596 3961 dignos
1633 3889 1781 3944 752
1814 3886 1949 3942 fecit

290 3977 602 4032 ministros
632 3977 763 4032 novi
796 3979 1156 4033 Testamenti
1190 3979 1260 4046 (II
1298 3978 1415 4032 Cor.
1447 3996 1528 4044 ιιι,
1580 3978 1722 4049 4-6).
1762 4000 1789 4026 ››
1822 3977 1947 4031 Non

290 4066 454 4121 enim
511 4066 872 4134 iustiﬁcatur
927 4068 1102 4122 homo
1161 4084 1229 4122 ex
1277 4067 1552 4139 operibus
1615 4066 1782 4137 legis,
1834 4065 1947 4122 nisi

290 4172 397 4227 per
427 4155 608 4211 fidem
637 4157 778 4212 Jesu
835 4157 1072 4212 Christi.
1109 4157 1271 4212 Unde
1329 4157 1537 4212 infert:
1574 4180 1599 4205 ‹‹
1635 4156 1704 4210 Et
1738 4155 1842 4211 hos
1887 4155 1944 4209 in

288 4244 496 4300 Jesum
560 4244 862 4300 Christum
925 4245 1308 4311 credidimus,
1340 4251 1405 4300 ut
1453 4245 1851 4316 justificemur
1880 4261 1947 4299 ex

289 4334 400 4390 fide
459 4334 708 4399 Christi,
766 4338 822 4391 et
883 4351 997 4391 non
1057 4351 1125 4390 ex
1171 4335 1446 4406 operibus
1505 4334 1650 4407 legis
1708 4334 1846 4406 quia
1879 4350 1947 4387 ex

290 4421 572 4494 operibus
602 4422 750 4496 legis
771 4441 888 4479 non
911 4424 1340 4495 justificabitur
1367 4423 1559 4479 omnis
1624 4439 1755 4477 caro
1804 4423 1943 4492 (Gal.

295 4527 355 4579 ιι,
391 4511 510 4580 l6).
546 4533 576 4561 ιδ
614 4534 643 4562 ‹‹
676 4512 735 4567 Si
765 4513 921 4568 enim
943 4529 1012 4568 ex
1040 4514 1166 4586 lege
1189 4513 1443 4585 justitia,
1503 4528 1638 4584 ergo
1679 4510 1945 4566 Christus

2057 3351 2385 3423 apostolicae
2452 3352 2725 3406 doctrinae
2786 3354 2950 3422 prato
3019 3350 3372 3420 carpsimus,
3441 3350 3504 3402 ut
3546 3347 3701 3402 dura:

2058 3441 2267 3496 frontis
2298 3440 2662 3512 impudentia
2691 3443 3040 3495 conteratur.

2131 3530 2213 3585 11.
2284 3534 2367 3587 Ea:
2396 3531 2679 3600 Evangelii
2733 3529 3045 3600 prwceptis.
3081 3557 3148 3565 ——
3199 3528 3595 3581 Transeamus
3626 3523 3696 3579 ad

2058 3619 2386 3691 Evangelia,
2465 3623 2521 3674 et
2585 3617 2935 3690 apostolicos
3019 3614 3307 3687 igniculos
3372 3611 3700 3669 clarissima

2056 3708 2269 3762 Christi
2318 3707 2589 3778 lampade
2645 3705 3066 3777 compleamus.
3107 3723 3132 3756 α
3184 3703 3410 3767 Omnis,
3464 3703 3564 3767 ait,
3598 3701 3698 3772 qui

2058 3797 2331 3852 irascitur
2362 3795 2523 3851 fratri
2573 3813 2678 3850 suo
2727 3795 2852 3850 sine
2904 3810 3101 3857 causa,
3149 3808 3282 3846 reus
3322 3791 3430 3846 erit
3458 3790 3697 3861 judicio.

2061 3886 2210 3942 753
2244 3887 2350 3951 Qui
2385 3889 2580 3941 autem
2613 3885 2842 3948 dixerit,
2893 3900 3034 3938 mea
3077 3881 3257 3954 (quod
3287 3881 3701 3952 interpretatur

2057 3976 2284 4030 vanus2
2332 3979 2389 4029 et
2434 3975 2654 4045 absque
2703 3973 2982 4041 cerebro),
3028 3987 3161 4026 reus
3213 3971 3324 4026 erit
3368 3969 3634 4038 concilio,
3669 3991 3698 4019 ››

2057 4064 2213 4119 haud
2246 4063 2492 4118 dubium
2525 4063 2667 4133 quin
2701 4065 3039 4116 sanctorum
3070 4065 3127 4115 et
3156 4059 3404 4132 angelici
3429 4064 3697 4115 senatus:

2058 4177 2084 4202 ‹‹
2121 4154 2227 4218 Qui
2295 4156 2490 4207 autem
2554 4151 2783 4215 dixerit,
2854 4151 3033 4214 fatue,
3085 4165 3219 4204 reus
3284 4148 3394 4204 erit
3423 4148 3699 4219 gehennae

2057 4241 2209 4314 ignis
2235 4242 2441 4313 (Mat-th.
2485 4258 2538 4308 v,
2600 4239 2710 4311 22).
2750 4262 2777 4288 ››
2808 4238 2949 4302 Quis
3006 4242 3272 4292 nostrum
3329 4239 3518 4308 potest
3565 4236 3703 4291 huic

2056 4331 2192 4386 vitio
2226 4348 2338 4385 non
2372 4330 2692 4400 subjacere,
2745 4343 2876 4382 cum
2921 4327 3096 4382 etiam
3147 4342 3250 4398 pro
3298 4325 3482 4381 otioso
3525 4325 3700 4380 verbo

2056 4421 2338 4476 reddituri
2372 4420 2562 4474 simus
2594 4417 2878 4473 rationem
2909 4415 2968 4470 in
3010 4415 3102 4471 die
3138 4413 3392 4486 judicii?
3441 4412 3500 4469 Si
3529 4411 3618 4468 ira
3646 4418 3703 4468 et

2057 4508 2343 4565 sermonis
2391 4508 2614 4578 injuria
2663 4511 2838 4579 atque
2897 4505 3197 4561 interdum
3252 4504 3424 4574 jocus
3474 4502 3700 4574 judicio

293 4600 419 4657 sine
479 4618 664 4658 causa
718 4608 990 4658 mortuus
1040 4607 1128 4659 est
1187 4603 1344 4673 (Ibid.
1395 4603 1507 4672 21).
1564 4623 1591 4651 ››
1629 4623 1656 4651 ‹‹
1702 4603 1763 4654 Ιιι
1818 4600 1943 4673 lege
1973 4620 2019 4685 D
2054 4597 2440 4669 concilioque,
2472 4602 2529 4652 et
2576 4596 2854 4670 gehennae
2904 4595 3160 4685 ignibus,
3187 4592 3524 4685 delegatur;
3559 4591 3698 4685 quid

297 4689 635 4746 maledictio
689 4696 813 4758 est;
877 4691 1163 4764 scriptum
1222 4695 1310 4748 est
1365 4691 1542 4758 enim,
1599 4680 2010 4746 Maledictus—
2049 4685 2648 4757 merebiturturpium
2708 4701 2904 4740 rerum
2970 4681 3272 4755 appetitio,
3320 4686 3378 4737 et
3424 4680 3690 4743 avaritia,

299 4778 515 4846 omnis,
548 4781 649 4852 qui
676 4798 793 4836 non
825 4787 1124 4853 permanet
1154 4782 1214 4835 in
1246 4781 1522 4836 omnibus
1553 4797 1680 4852 quae
1725 4779 1946 4850 scripta

302 4870 446 4920 sunt
507 4867 562 4922 in
618 4868 769 4924 libro
838 4869 1029 4942 Legis,
1062 4875 1126 4924 ut
1182 4870 1355 4924 faciat
1384 4886 1469 4924 ea.
1539 4868 1805 4924 Christus
1838 4884 1944 4922 nos

296 4954 544 5010 redemit
569 4957 641 5012 de
709 4957 1116 5014 maledictione
1142 4957 1307 5029 legis,
1379 4957 1565 5012 factus
1606 4973 1708 5028 pro
1776 4955 1944 5009 nobis

295 5042 632 5102 maledictio
699 5047 898 5115 (Galat.
935 5064 1019 5114 ιιι,
1094 5049 1179 5115 10,
1215 5047 1324 5116 13).
1365 5067 1392 5099 α
1423 5069 1450 5094 ‹‹
1485 5045 1542 5100 Si
1612 5044 1767 5100 enim
1811 5045 1947 5098 data

293 5138 447 5188 esset
478 5135 596 5203 lex,
629 5151 757 5206 quae
789 5140 989 5208 posset
1016 5135 1328 5200 vivificare,
1358 5151 1489 5190 vere
1520 5151 1586 5189 ex
1619 5133 1744 5206 lege
1792 5137 1950 5188 esset

288 5219 542 5290 justitia.
576 5224 686 5278 Sed
756 5224 1046 5280 conclusit
1077 5224 1376 5296 Scriptura
1440 5224 1638 5278 omnia
1670 5222 1780 5276 sub
1813 5238 1947 5294 pec-

297 5314 442 5380 cato,
477 5317 542 5367 ut
576 5313 958 5385 repromissio
991 5329 1093 5385 per
1110 5313 1284 5368 ﬁdem
1305 5313 1335 5368 J
1343 5328 1446 5368 esu
1469 5310 1683 5368 Christi
1709 5311 1948 5366 daretur

364 5562 380 5594 ¹
438 5561 536 5618 Sic
561 5563 731 5634 juxta
785 5564 1071 5618 Graecum.
1133 5517 1466 5632 Vide-quae
1496 5561 1568 5616 de
1623 5561 1802 5634 hujus
1833 5559 1942 5634 loci

293 5631 540 5706 lectione
559 5631 744 5706 supra
770 5635 1143 5706 adnotamus,
1209 5637 1266 5688 et
1299 5631 1373 5688 S.’
1409 5631 1809 5704 Augustinum
1840 5631 1942 5688 lib.

297 5703 366 5763 ἀι
393 5704 584 5763 Gratia
609 5703 662 5764 ei
691 5706 860 5766 libero
889 5705 1151 5765 Arbitrio.

2053 4792 2179 4846 quae
2211 4775 2377 4829 radix
2408 4779 2497 4828 est
2526 4773 2794 4828 omnium
2826 4771 3162 4828 malorum?
3192 4793 3218 4820 ‹‹
3246 4770 3325 4835 Si,
3359 4768 3572 4838 inquit,
3615 4768 3698 4821 of-

2056 4864 2169 4919 fers
2200 4863 2423 4917 donum
2457 4866 2623 4916 tuum
2659 4862 2728 4916 ad
2763 4860 2962 4925 altare,
2996 4864 3052 4914 et
3080 4859 3159 4913 ibi
3213 4857 3392 4912 fueris
3434 4855 3703 4910 recorda-

2053 4957 2170 5018 tus,
2218 4950 2355 5022 quia
2405 4950 2584 5004 frater
2632 4954 2769 5004 tuus
2820 4949 2995 5004 habet
3038 4946 3259 5017 aliquid
3313 4944 3590 4999 adversus
3620 4949 3698 5012 te,

2055 5041 2285 5096 dimitte
2349 5038 2428 5092 ibi
2499 5038 2720 5092 donum
2788 5041 2954 5090 tuum
3026 5037 3158 5088 ante
3198 5032 3398 5097 altare,
3469 5035 3527 5087 et
3553 5032 3698 5086 vade

2056 5131 2313 5202 primum
2380 5125 2756 5183 reconciliare
2789 5124 2950 5179 fratri
3018 5126 3138 5184 tuo,
3173 5125 3230 5176 et
3292 5125 3432 5176 tunc
3463 5120 3702 5177 veniens

2056 5220 2260 5275 offeres
2291 5233 2510 5272 munus
2540 5219 2706 5269 tuum
2759 5212 2916 5284 (Ibid.
2949 5213 3042 5277 23,
3092 5210 3205 5281 24).
3242 5233 3268 5260 ››
3302 5210 3439 5266 Meae
3484 5213 3573 5265 est
3603 5227 3699 5280 po-

2054 5307 2308 5373 testatis,
2375 5309 2440 5360 ut
2477 5321 2592 5359 non
2648 5303 2896 5357 habeam
2964 5300 3182 5372 aliquid
3215 5303 3417 5355 contra
3463 5299 3700 5355 fratrem

2125 5557 2146 5588 ³
2202 5555 2415 5611 Notum
2464 5553 2671 5610 deduci
2723 5552 3071 5610 vocabulum
3131 5569 3164 5608 a
3212 5561 3330 5639 ΡΠ,
3398 5549 3554 5623 quod
3610 5552 3700 5604 est

2055 5643 2255 5683 vanum
2264 5669 2275 5680 .
