4082 6168
221 315 367 399 ω
1057 319 1449 389 DIALOGUS
1494 320 1810 387 CONTRA
1854 318 2376 386 PELAGIANOS.
2402 320 2649 386 -—LIB.
2694 320 2776 385 II.
3517 325 3658 392 3743

235 457 440 533 simias
468 460 530 514 et
571 472 779 531 pavos,
828 471 998 514 nova-
1036 457 1106 514 de
1158 458 1337 530 Ophir
1382 457 1681 515 Salomoni
1730 458 1885 515 dona
1912 457 1968 525 Α
1995 478 2023 507 ‹‹
2052 458 2178 512 Non
2207 458 2359 524 veni,
2406 458 2618 530 inquit,
2654 474 2854 530 pacem
2898 457 3128 516 mittere
3170 477 3346 534 super
3392 465 3656 535 terram,.

227 548 562 606 mittantur.
627 547 730 603 Vis
788 546 992 602 audire
1052 546 1389 604 facilitatem
1457 550 1877 620 praceptorum
1986 548 2088 603 sed
2128 546 2409 619 gladium.
2443 548 2587 603 Veni
2625 547 2882 603 dividere
2938 547 3237 605 hominem
3292 556 3494 609 contra
3534 570 3636 626 pa-

225 638 373 695 Dei?
405 636 679 695 ausculta
709 636 865 708 quod
899 636 1115 691 dicitur
1148 655 1160 692 :
1199 658 1226 686 ‹‹
1259 639 1443 703 Quam
1476 642 1637 693 arcta
1682 638 1777 693 via
1823 641 1881 693 et
1985 641 2134 693 trem
2165 653 2363 704 suum,
2396 641 2454 692 et
2497 636 2680 693 filiam
2735 646 2938 693 contra
2983 643 3253 705 matrem,
3300 645 3359 695 et
3418 659 3635 698 nurum

226 730 487 800 angusta
514 729 773 797 est,qua
803 724 966 780 ducit
995 726 1065 780 ad
1098 725 1299 792 vitam,
1332 730 1387 780 et
1417 726 1587 797 pauci
1618 731 1758 782 sunt
1780 726 1879 799 qui

225 816 548 872 inveniunt
574 831 696 870 eam
728 813 935 884 (Matth.
968 832 1072 881 v11,
1126 814 1245 885 lli)!
1309 838 1334 863 ››
1388 816 1512 870 Non
1564 815 1729 880 dixit,
1779 815 1881 887 qui

228 904 595 978 gradiuntur
620 919 719 974 per
755 919 884 958 eam
921 919 933 956 :
970 902 1079 957 hoc
1119 903 1274 958 enim
1306 903 1723 960 difﬁcillimum
1770 910 1879 971 est,

228 995 346 1050 sed
377 992 480 1065 qui
507 992 798 1047 inveniunt
829 1008 980 1047 eam.
1018 992 1189 1047 Pauci
1244 993 1402 1047 enim
1446 994 1771 1062 inveniunt,
1827 999 1885 1049 et

232 1082 430 1140 multo
457 1082 762 1153 pauciores
792 1081 1207 1152 ingrediuntur
1255 1099 1357 1154 per
1399 1099 1549 1138 eam.
1604 1107 1630 1133 ‹‹
1682 1084 1881 1151 Filius,

232 1170 447 1241 inquit,
480 1168 741 1225 hominis
764 1186 879 1225 non
911 1170 1089 1226 habet
1120 1170 1220 1226 ubi
1243 1177 1421 1243 caput
1442 1189 1619 1228 suum
1645 1173 1888 1229 reclinet

226 1260 383 1329 (Luc.
422 1276 500 1326 ix,
530 1258 644 1328 58),
680 1280 708 1307 ››
743 1258 843 1330 qui
875 1258 1017 1314 dicit
1047 1260 1106 1314 in
1136 1260 1306 1331 Isaia,
1363 1282 1390 1311 ‹‹
1438 1262 1730 1334 Suscipite
1770 1263 1882 1320 las-

224 1365 384 1416 sum,
418 1352 477 1403 et
507 1347 631 1402 hac
660 1351 752 1403 est
790 1347 1022 1420 requies
1081 1366 1205 1404 mea
1266 1350 1392 1419 (Isa.
1455 1369 1650 1417 nvm,
1715 1353 1819 1424 I2).
1857 1377 1884 1403 ››

222 1438 284 1495 Si
312 1454 434 1493 non
466 1436 650 1493 habet
680 1436 781 1491 ubi
815 1442 994 1510 caput
1024 1455 1200 1494 suum
1223 1439 1482 1509 reclinet,
1533 1445 1590 1496 et
1636 1458 1752 1513 quo
1799 1459 1885 1497 re-

224 1527 518 1598 quiescat,
552 1524 756 1581 dicens
784 1527 845 1581 in
877 1526 990 1582 alio
1032 1526 1157 1583 loco
1193 1546 1206 1583 :
1260 1552 1286 1578 «
1341 1530 1529 1601 Super
1575 1547 1747 1603 quem
1799 1548 1886 1587 re-

227 1614 535 1688 quiescam
568 1613 683 1669 nisi
706 1631 887 1686 super
914 1615 1223 1685 humilem,
1257 1621 1314 1673 et
1343 1617 1633 1690 quietum,
1666 1625 1722 1675 et
1768 1624 1888 1676 tre-

1628 1710 1727 1764 ubi
1803 1714 1895 1766 est

229 1707 491 1760 mentem
550 1703 728 1759 verba
784 1719 916 1759 mea
971 1705 1103 1776 (Isa.
1167 1724 1312 1778 um,
1374 1709 1471 1778 2);
1537 1731 1558 1757 ιι

1989 730 2190 782 contra
2221 742 2453 781 socrum
2487 726 2649 797 (Ibid.
2685 727 2774 793 34,
2807 727 2918 799 35).
2945 749 2971 777 ››
3023 728 3093 783 Et
3148 745 3219 783 ne
3268 730 3465 784 omnia
3507 748 3657 803 ρει-ε

1989 816 2296 882 currendo,
2330 814 2652 888 longiorem
2681 816 3028 872 sententiam
3061 817 3292 885 faceret,
3326 835 3442 874 uno
3491 836 3638 875 cun-

1990 911 2083 961 cta
2108 921 2375 961 sermone
2397 905 2861 977 comprehendit,
2894 907 3095 962 dicens
3129 923 3141 961 ε
3178 930 3205 956 ‹‹
3260 908 3486 963 Inimici
3534 909 3639 964 ho—

1994 995 2191 1061 minis,
2224 994 2531 1050 domestici
2580 996 2708 1065 ejus
2763 996 2922 1066 (Ibid.
2977 978 3088 1066 36).
3144 1019 3172 1045 »
3230 998 3494 1069 Cumque
3539 1015 3641 1071 po-

1994 1086 2256 1141 suisset:
2294 1106 2321 1133 «
2354 1083 2461 1150 Qui
2513 1088 2672 1139 amat
2719 1089 2948 1156 patrem
2998 1090 3100 1140 aut
3155 1090 3405 1141 matrem
3457 1104 3638 1160 supra

1994 1190 2107 1240 me,
2142 1190 2257 1229 non
2290 1177 2378 1228 est
2408 1189 2500 1227 me
2531 1173 2747 1245 dignus
2782 1191 2795 1240 ;
2838 1177 2895 1228 et
2939 1173 3042 1245 qui
3091 1178 3251 1229 amat
3300 1174 3488 1231 ﬁlium
3539 1181 3644 1233 aut

1995 1263 2176 1318 ﬁliam
2198 1279 2380 1333 supra
2421 1278 2533 1328 me,
2584 1278 2699 1317 non
2749 1267 2838 1317 est
2882 1279 2973 1317 me
3022 1261 3237 1335 dignus
3260 1263 3417 1334 (Ibid.
3461 1265 3578 1336 37),
3615 1288 3642 1314 ››

1994 1353 2067 1409 ob
2108 1351 2441 1407 facilitatem
2496 1353 2918 1423 praceptorum
2964 1350 3205 1407 intulit:
3246 1354 3315 1407 Et
3371 1353 3473 1425 qui
3523 1370 3641 1409 non

1994 1440 2149 1496 tollit
2178 1456 2411 1495 crucem
2443 1456 2638 1510 suam,
2670 1443 2727 1495 et
2770 1439 3041 1512 sequitur
3089 1457 3201 1508 me,
3252 1458 3367 1496 non
3416 1446 3507 1497 est
3553 1459 3647 1498 me

1998 1530 2211 1601 dignus
2241 1529 2399 1599 (Ibid.
2454 1528 2570 1583 38:
2621 1531 2749 1584 Luc.
2800 1546 2915 1597 xw,
2970 1529 3082 1600 27).
3143 1552 3163 1579 ι
3225 1531 3377 1585 Crux
3432 1529 3646 1586 Christi

1998 1618 2188 1674 facilis
2216 1623 2307 1673 est
2340 1637 2352 1685 ;
2387 1618 2611 1673 nudum
2645 1622 2779 1689 post
2808 1617 3107 1673 Christum
3164 1618 3268 1683 ire,
3318 1616 3495 1674 ludus
3534 1621 3667 1687 est,

1993 1710 2167 1781 jocus
2192 1713 2301 1764 est.
2333 1708 2399 1762 Et
2430 1707 2530 1762 ubi
2551 1707 2791 1779 pramia
2812 1724 2960 1778 qua,
2981 1706 3327 1762 difﬁcultate
3349 1711 3643 1778 superata,
3668 1754 3671 1759 .

228 1793 650 1849 mandatorum
682 1790 930 1847 facilitas
956 1793 973 1827 ί
1004 1793 1032 1847 ?
1061 1794 1228 1849 Multi
1254 1795 1368 1851 hoc
1400 1798 1556 1867 quod
1604 1798 1890 1871 scriptum
1923 1831 1972 1896 B
2003 1796 2392 1870 quaruntur?
2418 1796 2543 1852 Non
2577 1794 2935 1868 colliguntur
2983 1795 3207 1850 zizania
3264 1795 3322 1850 in
3372 1795 3644 1866 prasenti

226 1886 319 1937 est
351 1898 366 1935 :
400 1904 427 1931 «
464 1881 594 1936 Non
620 1881 753 1936 veni
780 1896 984 1937 vocare
1017 1882 1234 1952 justos,
1288 1886 1389 1939 sed
1441 1891 1770 1957 peccatores
1815 1889 1887 1943 ad

1333 1973 1683 2046 simpliciter
1739 1978 1887 2033 acci-

1194 2084 1221 2109 ‹‹
1271 2061 1396 2117 Non
1446 2063 1715 2138 indigent
1761 2068 1889 2121 sani

231 2148 500 2213 medico,
533 2148 628 2202 sed
653 2148 709 2201 bi
751 2146 852 2219 qui
899 2147 1051 2204 male
1099 2148 1317 2206 habent
1364 2152 1546 2221 (Marc.
1600 2172 1660 2222 II,
1714 2155 1822 2227 l7).
1861 2179 1888 2205 ››

225 2236 354 2292 Alii
376 2252 511 2291 vero
533 2235 986 2309 interpretantur
1006 2239 1267 2295 coactius
1292 2256 1305 2295 :
1333 2266 1359 2289 ‹‹
1384 2242 1510 2297 Νοη
1531 2244 1661 2299 veni
1687 2261 1890 2301 vocare

222 2328 451 2398 justos,
478 2348 508 2374 »
540 2324 737 2381 nullus
767 2325 924 2381 enim
958 2329 1028 2382 ad
1060 2329 1385 2400 perfectum
1412 2332 1613 2402 justus
1645 2339 1750 2401 est,
1787 2336 1887 2391 sed

228 2432 301 2471 ex
332 2413 537 2486 aliqua
568 2419 732 2486 parte
761 2421 1032 2487 peccator
1066 2435 1078 2485 ;
1114 2441 1141 2467 α
1176 2420 1276 2474 sed
1307 2426 1665 2491 peccatores,
1699 2445 1725 2473 »
1761 2424 1887 2495 qui-

230 2505 349 2560 bus
377 2503 643 2559 mundus
674 2504 919 2560 refertus
950 2508 1059 2571 est,
1094 2505 1321 2563 dicente
1344 2509 1524 2565 David
1559 2529 1571 2565 z
1600 2535 1625 2561 ‹‹
1653 2513 1889 2569 Salvum

228 1969 643 2041 paenitentiam
711 1968 920 2039 (Matth.
970 1987 1049 2036 1x,
1098 1972 1205 2040 13),
1256 1996 1285 2021 ››

228 2060 436 2131 piunt,
465 2058 628 2128 juxta
656 2057 825 2113 illum
857 2074 1099 2114 sensum
1141 2077 1153 2114 :

236 2609 333 2649 me
362 2593 477 2664 fac,
510 2592 779 2659 Domine,
824 2595 1104 2666 quoniam
1156 2597 1366 2652 defecit
1414 2604 1654 2655 sanctus
1710 2602 1889 2673 (Psal.

231 2699 315 2748 γι,
344 2682 422 2753 2).
460 2704 489 2729 ››
522 2686 600 2749 et,
637 2703 665 2731 ‹‹
688 2681 960 2755 Corrupti
990 2689 1152 2753 sunt,
1178 2689 1241 2741 et
1284 2688 1708 2746 abominabiles
1756 2692 1890 2747 facti

237 2775 385 2827 sunt
403 2771 462 2842 in
486 2771 1005 2829 adinventionibus
1026 2773 1174 2830 suis.
1194 2775 1413 2832 Omnes
1432 2778 1888 2849 declinaverunt,

238 2860 420 2916 simul
452 2859 695 2915 inutiles
726 2860 859 2917 facti
893 2868 1050 2930 sunt,
1074 2881 1191 2919 non
1221 2869 1309 2921 est
1331 2866 1429 2939 qui
1454 2867 1627 2924 faciat
1650 2870 1889 2940 bonum,

1604 2980 1623 3007 α
1681 2958 1890 3026 Nolite,

236 3038 451 3110 inquit,
484 3037 789 3110 possidere
818 3056 1052 3110 aurum,
1089 3057 1277 3113 neque
1326 3049 1658 3117 argentum,
1704 3064 1893 3120 neque

237 3128 553 3199 pecuniam
584 3128 645 3181 in
676 3129 842 3184 zonis
868 3130 1095 3197 vestris,
1132 3148 1245 3186 non
1279 3149 1479 3204 peram
1512 3134 1569 3189 in
1608 3135 1723 3203 via,
1776 3153 1890 3192 non

236 3233 472 3290 panem,
507 3233 696 3289 neque
728 3217 875 3273 duas
924 3219 1175 3285 tunicas,
1227 3203 1416 3293 neque
1475 3223 1888 3295 calceamenta,
1922 3203 1964 3271 C

237 3320 433 3377 neque
453 3306 679 3378 virgam
711 3305 924 3377 (Matth.
956 3325 1013 3376 x,
1045 3309 1125 3380 9).
1183 3331 1209 3359 ››
1259 3309 1408 3378 Hac,
1457 3311 1713 3384 inquies,
1756 3332 1896 3387 pra-

239 3398 413 3468 cepta
440 3395 759 3467 apostolica
790 3401 948 3452 sunt.
1005 3398 1073 3452 Et
1126 3403 1279 3455 certe
1336 3400 1545 3457 Petrus
1595 3403 1894 3474 apostolus

240 3482 463 3555 caligas
492 3483 770 3540 habuisse
796 3488 1087 3555 narratur,
1122 3487 1349 3550 dicente
1378 3489 1451 3543 ad
1483 3506 1617 3545 eum
1651 3492 1888 3565 angelo:

247 3594 271 3620 ι
316 3569 675 3642 Pracingere
730 3577 785 3627 et
855 3572 1114 3629 calceare
1174 3576 1280 3646 [Αι.
1333 3576 1527 3633 calcea
1562 3584 1636 3646 te]
1690 3580 1894 3653 caligis

247 3657 376 3714 tuis
410 3658 548 3727 (Act.
582 3675 682 3724 xu,
711 3660 783 3731 8).
813 3683 834 3711 ι
876 3663 1027 3717 Duas
1058 3666 1253 3719 autem
1289 3666 1539 3735 tunicas,
1578 3672 1642 3723 ut
1690 3669 1759 3724 de
1790 3687 1896 3725 ca-

246 3745 397 3804 teris
428 3749 670 3812 taceam,
701 3754 837 3820 puto
865 3751 1020 3822 quod
1053 3756 1110 3806 et
1141 3768 1247 3824 ego
1271 3757 1329 3809 et
1361 3762 1422 3809 tu
1458 3757 1891 3829 possideamus,

241 3836 292 3893 si
323 3839 527 3893 tamen
552 3835 802 3909 amplius
834 3856 949 3895 non
998 3839 1305 3897 habemus.
1358 3843 1487 3900 Hac
1529 3845 1682 3913 dico,
1743 3832 1893 3904 750

240 3924 533 3981 etiterum
569 3924 901 3999 iterumque
930 3945 996 3983 ac
1048 3946 1151 4000 per
1200 3930 1434 4004 singula
1482 3933 1766 4006 ingeram,
1826 3941 1894 3992 ut

208 4013 555 4070 -erubescas
586 4015 658 4071 ad
691 4016 1045 4073 sententiam
1068 4022 1254 4087 tuam,
1279 4043 1307 4071 ‹‹
1351 4021 1567 4077 Facilia
1614 4039 1742 4081 esse
1790 4026 1893 4083 Dei

236 2940 354 3005 non
384 2954 477 3005 est
507 2966 696 3021 usque
728 2951 800 3005 ad
825 2964 1007 3007 unum
1040 2954 1207 3025 (Psal.
1242 2972 1365 3019 xm,
1398 2956 1473 3027 4).
1512 2979 1539 3005 ››

226 4104 539 4159 mandata.
576 4127 604 4153 ››

287 4194 375 4250 13.
437 4195 644 4249 Iterum
724 4211 797 4250 ea:
884 4196 1211 4269 Evangelia.
1261 4228 1322 4239 ——
1386 4200 1643 4257 Fratrem
1703 4204 1893 4259 tradet

220 4282 394 4338 frater
422 4282 481 4338 in
515 4287 795 4353 mortem,
829 4290 884 4341 et
933 4292 1096 4358 pater
1146 4288 1359 4357 ﬁlium,
1411 4296 1883 4365 consurgentque

218 4370 320 4426 ﬁlii
353 4378 563 4428 contra
592 4378 889 4445 parentes,
921 4379 978 4431 et
1006 4375 1360 4433 interficiant
1402 4396 1520 4435 eos.
1573 4381 1641 4435 Et
1692 4382 1876 4451 eritis,

220 4458 435 4532 inquit,
496 4461 633 4516 odio
682 4464 913 4519 cunctis
959 4464 1302 4521 hominibus
1359 4473 1597 4540 propter
1663 4486 1877 4526 nomen

2002 1886 2231 1953 saculo,
2265 1903 2337 1941 ne
2369 1889 2427 1941 ct
2456 1886 2817 1941 frumentum
2848 1883 3065 1956 pariter
3111 1884 3459 1940 eradicetur.
3509 1883 3649 1940 Pala

1999 1975 2305 2032 Dominica
2324 1976 2345 2009 ³
2374 1975 2570 2030 futuro
2594 1974 2819 2046 judicio
2850 1976 3203 2043 reservatur,
3237 1974 3473 2045 quando
3495 1973 3647 2045 justi

2002 2066 2313 2137 fulgebunt
2369 2063 2537 2137 quasi
2588 2062 2694 2131 sol,
2741 2068 2798 2119 et
2854 2062 3227 2136 egredientur
3306 2062 3518 2136 angeli,
3591 2067 3649 2119 et

2000 2154 2357 2226 separabunt
2414 2152 2601 2208 malos
2650 2153 2720 2207 de
2775 2151 2967 2225 medio
3038 2152 3355 2221 justorum.
3440 2152 3647 2209 Petrus

2001 2242 2308 2314 mergitur,
2371 2245 2428 2297 et
2482 2244 2740 2296 meretur
2794 2239 3040 2295 audire:
3076 2263 3103 2288 «
3180 2238 3414 2294 Modica
3485 2238 3643 2308 ﬁdei,

2001 2348 2182 2403 quare
2214 2330 2498 2385 dubitasti
2531 2327 2739 2399 (Matth.
2786 2344 2898 2393 xxv,
2966 2329 3057 2395 31)
3087 2328 3114 2381 ?
3144 2350 3172 2376 »
3202 2326 3290 2397 ,Si
3323 2328 3380 2381 in
3402 2326 3503 2383 illo
3526 2345 3649 2384 mo-

2001 2420 2131 2475 dica
2156 2420 2322 2487 fides,
2356 2420 2415 2474 in
2448 2435 2563 2489 quo
2590 2434 2804 2490 magna
2836 2417 2932 2482 sit,
2982 2416 3197 2472 nescio.
3234 2438 3260 2466 «ι
3326 2418 3400 2472 De
3448 2417 3668 2486 corde”

1999 2509 2193 2581 inquit
2221 2508 2633 2581 ingrediuntur
2662 2504 3046 2579 cogitationes
3077 2505 3365 2577 pessima,
3400 2505 3643 2562 homici-

2001 2599 2118 2664 dia,
2143 2597 2448 2665 adulteria,
2481 2595 2919 2663 fornicationes,
2952 2595 3130 2661 furta,
3181 2593 3328 2650 falsa
3378 2594 3644 2652 testimo-

2000 2689 2119 2757 nia,
2151 2686 2549 2759 blasphemia.
2580 2690 2711 2740 Hac
2751 2688 2892 2739 sunt
2933 2688 3060 2755 qlia
3109 2683 3487 2755 coinquinant
3536 2684 3645 2741 ho-

2000 2777 2192 2833 mines
2218 2777 2422 2846 (Matth.
2454 2793 2545 2843 xv,
2579 2773 2671 2842 19,
2700 2773 2813 2845 20).
2835 2796 2863 2823 ››
2898 2772 3179 2829 Procedat
3207 2774 3309 2845 qui
3359 2772 3418 2828 in
3473 2774 3645 2829 corde

2001 2883 2108 2923 suo
2139 2866 2260 2921 hac
2289 2882 2406 2920 non
2436 2881 2564 2921 esse
2593 2866 2861 2929 testetur,
2909 2867 2963 2917 et
3011 2860 3243 2934 plenam
3289 2862 3348 2917 in
3407 2877 3647 2934 corpore

2000 2956 2114 3011 isto
2145 2954 2377 3010 mortali
2401 2953 2695 3025 justitiam
2729 2952 3048 3007 conﬁtebor
3079 2969 3091 3005 :
3134 2974 3154 2999 α
3186 2949 3293 3016 Qui
3313 2949 3457 3013 vult,
3485 2951 3629 3007 157

2000 3043 2211 3116 inquit.
2246 3042 2468 3099 salvare
2498 3042 2753 3097 animum
2786 3057 2976 3106 suam,
3009 3040 3213 3112 perdet
3240 3055 3369 3094 eam
3406 3057 3419 3107 ;
3447 3044 3506 3095 et
3545 3039 3647 3110 qui

2001 3132 2318 3205 perdiderit
2348 3132 2605 3187 animam
2638 3146 2805 3185 suam
2832 3133 3067 3201 propter
3088 3127 3437 3195 me,salvam
3466 3128 3639 3184 faciet
3666 3156 3675 3191 ;

2003 3237 2132 3276 eam
2164 3220 2371 3291 (Matth.
2424 3237 2479 3288 χ,
2528 3220 2639 3289 29).
2703 3242 2729 3267 ››
2790 3218 3005 3272 Iterum
3056 3216 3187 3271 dico
3250 3233 3263 3270 :
3324 3215 3456 3270 Hac
3509 3219 3649 3272 sunt

2002 3308 2197 3365 facilia
2229 3309 2584 3365 mandata”?
2629 3332 2655 3358 ‹‹
2700 3311 2796 3361 Va
2844 3306 3065 3361 mundo
3114 3322 3150 3361 a
3188 3303 3503 3373 scandalis,
3547 3321 3648 3362 ne-

2003 3415 2163 3455 cesse
2194 3404 2284 3454 est
2312 3398 2468 3454 enim
2502 3402 2567 3452 ut
2596 3396 2830 3452 veniant
2878 3392 3157 3452 scandala
3201 3393 3422 3474 (Matth.
3480 3411 3644 3462 xvm,

2004 3492 2077 3558 '7).
2114 3512 2140 3536 »
2171 3489 2241 3543 Et
2270 3492 2575 3560 propterea
2605 3486 2659 3540 in
2696 3483 2807 3541 alio
2846 3483 2972 3540 loco
2994 3484 3279 3555 scriptum
3309 3488 3399 3539 est
3431 3501 3443 3537 :
3505 3505 3532 3533 ‹‹
3582 3483 3645 3539 In

2003 3576 2209 3632 multis
2239 3576 2610 3641 offendimus,
2642 3576 2757 3630 sive
2804 3589 3091 3638 erramus,
3142 3587 3348 3627 omnes
3393 3571 3526 3643 (Jac.
3560 3589 3646 3626 ιιι.

1999 3666 2077 3735 2).
2106 3688 2133 3713 ››
2164 3667 2290 3721 Non
2323 3682 2508 3737 pauca
2538 3668 2793 3736 peccata,
2827 3661 2929 3717 sed
2973 3660 3180 3725 multa,
3215 3675 3320 3715 nec
3368 3676 3647 3731 quorum-

2003 3755 2163 3822 dam,
2219 3755 2319 3809 sed
2365 3753 2631 3810 omnium
2680 3750 2879 3823 posuit
2925 3768 2944 3804 :
2979 3770 3008 3798 «
3056 3752 3271 3805 Omnes
3311 3748 3467 3803 enim
3520 3764 3647 3819 qua

2002 3862 2111 3902 sua
2142 3847 2281 3900 sunt
2309 3846 2599 3914 quarunt,
2623 3844 2679 3895 et
2707 3855 2824 3894 non
2843 3854 2911 3893 ea
2930 3854 3057 3909 qua
3081 3836 3181 3892 Dei
3204 3840 3342 3892 sunt
3381 3836 3643 3909 (Philipp.

2002 3933 2205 4005 11,21).
2256 3954 2284 3981 n
2340 3933 2495 3987 Unus
2541 3930 2735 3986 bonus
2787 3928 2942 3982 Deus
2994 3925 3227 3992 dicitur,
3275 3930 3333 3981 et
3378 3925 3647 3999 magistri

2001 4022 2173 4096 quasi
2204 4019 2462 4076 hominis
2491 4017 2723 4073 bonitas
2753 4015 3057 4072 refutatur.
3092 4015 3155 4069 In
3204 4014 3331 4086 lege
3379 4013 3646 4071 doctissi-

2001 4129 2136 4169 mus
2158 4109 2357 4167 omnia
2387 4108 2592 4164 fecisse
2626 4123 2687 4163 se
2718 4106 2879 4173 dicit,
2911 4105 3294 4176 quamobrem
3317 4107 3374 4159 et
3416 4106 3649 4159 amatur

1999 4220 2033 4257 a
2064 4199 2339 4267 Domino;
2373 4201 2429 4253 et
2456 4200 2651 4252 tamen
2678 4193 2908 4268 plenam
2932 4191 3226 4264 justitiam
3267 4208 3379 4246 non
3448 4191 3644 4259 habet,

2000 4291 2138 4363 quia
2167 4288 2357 4344 noluit
2386 4285 2779 4342 substantiam
2813 4299 2981 4338 suam
3006 4280 3364 4354 pauperibus
3385 4295 3642 4351 erogare.

1999 4379 2162 4435 Unde
2194 4376 2514 4433 difﬁcultas
2563 4372 2917 4437 difficultati,
2971 4372 3088 4427 imo
3131 4366 3495 4443 impossibile
3534 4367 3646 4422 im-

1998 4468 2423 4543 possibilitunc
2436 4468 2829 4537 comparatur,
2854 4461 2993 4535 quia
3014 4475 3118 4516 nec
3140 4456 3399 4515 camelus
3420 4455 3649 4530 ingredi

220 4563 415 4641 meum
448 4548 663 4641 (Matth.
697 4553 896 4641 x,l2'2).
930 4575 958 4604 »
982 4554 1053 4608 Et
1083 4554 1221 4626 quia
1247 4555 1442 4611 facilia
1485 4558 1768 4628 jusserat.
1816 4565 1874 4615 et
1904 4577 1948 4641 Ι)
1992 4563 2186 4632 potest
2215 4573 2319 4629 per
2349 4556 2633 4611 foramem
2666 4568 2825 4618 acus,
2854 4566 2961 4619 n_ec
2993 4549 3200 4641 divites
3237 4546 3538 4641 pervenire
3586 4546 3646 4601 in

212 4636 438 4705 sciebat
466 4638 639 4695 facile
674 4656 742 4695 ea
764 4636 936 4713 posse
966 4642 1269 4715 compleri:
1305 4650 1636 4717 propterea,
1689 4652 1751 4702 ut
1790 4648 1871 4703 rei
1904 4635 1939 4641 ⁷
1986 4664 2167 4719 regna
2195 4644 2500 4701 caelorum.
2535 4642 2675 4706 Quis
2700 4644 2968 4697 nostrum
3002 4655 3115 4694 non
3147 4637 3301 4693 lavat
3355 4635 3646 4692 exteriora

206 4726 556 4807 facilitatem
595 4729 948 4799 ostenderet,
1003 4733 1297 4805 copulavit
1353 4734 1601 4791 dicens:
1665 4758 1693 4786 «
1765 4737 1870 4800 Qui
1989 4734 2187 4791 calicis
2218 4738 2275 4789 et
2306 4730 2661 4805 paropsidis,
2694 4735 2750 4784 et
2770 4727 3046 4784 interiora
3066 4726 3242 4782 habet
3264 4739 3635 4796 nequaquam

205 4816 604 4885 perseveravit
632 4836 821 4891 usque
852 4820 910 4877 in
942 4821 1254 4891 finem,hic
1282 4822 1479 4880 salvus
1499 4825 1611 4880 erit
1646 4826 1808 4897 (Ibid)
1846 4849 1873 4875 ››
1986 4823 2262 4881 sordibus
2292 4822 2602 4893 inquinata
2622 4820 2650 4874 ‘I
2681 4820 2821 4884 Quis
2852 4816 3251 4889 sepulcrorum
3275 4813 3635 4870 extrinsecus

1984 5020 2103 5075 rice
2131 5018 2299 5082 solet,
2332 5014 2560 5071 Domini
2595 5013 2907 5088 diceretur.
2944 5009 3081 5088 Pala
3110 5012 3306 5088 autem
3344 5003 3633 5088 rusticum

1983 5078 2442 5147 instrumentum
2476 5090 2584 5153 est,
2614 5099 2731 5155 quo
2764 5083 3127 5155 frumentum
3158 5078 3217 5155 in
3269 5094 3403 5133 area
3451 5078 3634 5155 venti-

1982 5162 2158 5227 latur,
2218 5160 2525 5216 Matthaus
2585 5152 2650 5211 et
2680 5161 2883 5230 (Lucas
2940 5152 3350 5230 ventilabrum.
3394 5153 3603 5204 vocant

1982 5221 2325 5290 Tertullian.
2360 5232 2427 5287 de
2450 5228 2707 5285 Prascrit
2742 5242 2791 5279 c.
2852 5225 2885 5277 3
2919 5240 2931 5278 :
3002 5242 3022 5269 «
3077 5221 3277 5278 Palam
3306 5260 3307 5263 η
3338 5221 3399 5275 in
3454 5236 3635 5275 manu

1983 5309 2177 5378 portat
2202 5306 2272 5378 ad
2306 5301 2669 5378 purgandam
2707 5310 3126 5378 aream‘suam.
3160 5292 3405 5376 Avolent
3453 5308 3641 5367 quan-

1980 5366 2109 5432 ium
2161 5366 2356 5431 volent
2406 5366 2585 5445 palea
2613 5369 2790 5445 _levis
2832 5366 3004 5445 fidei,
3063 5381 3129 5445 eo
3179 5366 3381 5445 purior
3438 5380 3635 5445 massa

1981 5448 2263 5503 frumenti
2293 5447 2352 5501 in
2386 5436 2593 5499 liorrea
2613 5437 2844 5496 Domini
2892 5436 3225 5510 reponetur.
3262 5460 3290 5487 ››
3341 5436 3635 5491 Emenda-

1978 5521 2172 5575 vimus
2193 5534 2299 5590 0pc
2327 5512 3055 5590 codicumf’aticanorum.

2051 5583 2319 5666 3liae-in
2348 5586 2545 5666 veteri
2558 5583 3249 5666 edit.ita_postponuntur
3281 5599 3295 5636 :
3326 5583 3466 5666 Ilaec
3494 5584 3629 5633 sunt

1978 5662 2174 5735 facilia
2196 5661 2484 5719 mandata.
2517 5661 2725 5719 Iterum
2767 5654 2889 5713 dico
2918 5654 3005 5713 va
3032 5654 3256 5721 mundo,
3287 5656 3399 5709 etc.

202 5008 417 5097 ditque
461 5008 877 5099 interpretans,
933 5019 1020 5099 Va:
1078 5018 1368 5099 ἱΙΙὶίςιτοῦτ
1419 5016 1550 5088 ἔστι,
1604 5021 1873 5099 τῇς-ἐμοι

202 5086 492 5187 φξοςνξνης
528 5086 759 5187 ἐνὲξέελα
788 5092 907 5187 Eoi:
936 5088 1037 5156 τὴν
1094 5087 1270 5187 arcti-in:3
1318 5086 1563 5144 νοσοῦσιῆ
1626 5086 1872 5145 aetatm

202 5169 263 5187 η.
321 5171 363 5185 σ-
407 5158 584 5187 Αἷι-ηρ-
745 5162 758 5183 ν
816 5158 874 5187 -ὶ
934 5160 1120 5187 ...'._....
1181 5161 1245 5187 Ω..
1291 5161 1455 5187 Δ---,,
1536 5162 1728 5187 ὶ⁹.....”ξ·.Δ
1782 5163 1849 5187 -ὶν

196 5148 263 5239 of}
321 5148 586 5240 tloiozs;
618 5148 899 5240 'dxrtai
933 5148 1121 5240 γῶτων
1181 5148 1455 5230 Θᾶλάττης
1532 5162 1731 5240 ἀφιεῖσι
1779 5163 1871 5217 τὸν

194 5223 534 5301 κέρᾳμονοίιι
564 5237 662 5295 est,
695 5232 794 5301 qui
822 5232 1042 5287 traditis
1102 5235 1246 5288 inter
1299 5250 1356 5288 se
1408 5223 1634 5292 sceleris
1702 5240 1873 5292 socie-

194 5298 443 5375 tatisqae
484 5298 833 5371 pignoribus,
892 5303 1077 5359 eodem
1124 5305 1429 5375 impietatis
1479 5308 1664 5363 morbo
1714 5308 1870 5363 labo-

190 5373 416 5450 rarunt,
478 5388 659 5450 aeque
710 5389 877 5429 naves
931 5376 1027 5430 sed
1103 5373 1451 5431 coramissam
1506 5381 1679 5434 "varis
1726 5383 1872 5450 tergo

187 5441 392 5495 testam
424 5441 674 5499 mittant.

266 5512 285 5589 ξ
314 5510 557 5589 Yictor.,
591 5514 981 5589 mandatorum
1010 5517 1107 5573 Dei
1131 5518 1399 5589 facilitas.

258 5582 287 5614 ²
318 5580 493 5665 Falsa
539 5583 828 5665 hactenus
886 5580 1256 5665 lectum'est
1326 5591 1500 5648 Palea
1553 5594 1866 5665 Dominica,

176 5656 373 5725 quasi
397 5656 571 5731 palea
593 5674 722 5733 quae
753 5659 813 5718 in
836 5659 1056 5720 malam
1105 5664 1330 5734 partem
1381 5664 1591 5737 exponi
1645 5656 1866 5739 allego;
