4082 6168
439 317 560 400 Ε’ΐῦ

1677 341 1741 403 s.
1790 320 2610 406 ansaeII‘mnsoNvMI.

3717 310 3850 404 the

435 462 842 523 dealbatorum
869 469 1062 546 potest
1081 450 1531 529 similitudinem
1564 454 1858 530 declinare
1886 491 1899 542 ;
1933 489 2006 530 ne
2026 477 2084 530 et
2113 474 2166 542 Α
2198 456 2471 530 territus:
2523 476 2580 531 et
2639 489 2743 531 nos
2802 468 3191 548 Pythagoricae
3222 467 3245 509 ‘
3291 466 3676 549 philosophia
3745 488 3848 551 ru-

436 555 606 645 nobis
636 555 792 611 dicat
820 555 992 614 Jesus
1025 574 1037 614 :
1097 579 1126 609 «
1185 560 1264 616 De
1321 561 1461 618 foris
1514 562 1751 634 quidem
1799 563 2079 620 videmini
2193 568 2424 621 ctamus
2454 564 2791 637 superbiam
2811 564 2840 619 ?
2869 564 2950 620 De
2970 564 3064 621 die
3081 568 3139 620 et
3158 562 3304 621 hora
3332 560 3845 645 consumnationis

431 643 777 702 hominibus
807 647 978 718 justi,
1022 648 1184 705 intus
1245 654 1442 706 autem
1502 651 1657 723 pleni
1715 653 1857 707 estis
1905 652 2081 725 hypo-

433 734 569 790 crisi
601 739 659 790 et
689 735 996 807 iniquitate
1028 736 1237 807 (Matth.
1295 757 1454 806 χχιιι,
1507 740 1597 811 28)
1643 740 1671 794 ‘2
1730 763 1758 790 »
1803 741 2079 806 Quamvis

429 826 486 879 et
517 822 648 879 aliis
690 823 846 880 vitiis
902 841 1096 881 carere
1152 827 1471 899 possimus,
1532 828 1904 902 hypocriseos
1953 847 2076 886 ma-

430 911 623 968 culam
658 929 772 969 non
804 912 1049 970 habere‘
1082 919 1185 971 aut
1213 932 1534 988 paucorum
1583 923 1690 986 est,
1740 924 1840 975 aut
1881 920 2076 976 nullo-

431 1018 587 1056 rum.

468 1092 583 1146 ’14.
617 1092 679 1146 Α.
714 1090 917 1147 Christi
952 1093 1169 1147 Domini
1186 1097 1238 1149 et
1281 1094 1659 1165 apostolorum
1707 1099 1971 1169 exempto.
2006 1129 2074 1138 —-

429 1199 457 1227 «
487 1182 675 1245 Pater,
706 1178 919 1251 inquit,
952 1179 1002 1235 si
1035 1181 1312 1251 possibile
1334 1186 1441 1250 est,
1473 1188 1732 1240 transeat
1761 1186 1909 1241 calix
1963 1187 2074 1243 iste

423 1286 458 1323 a
489 1285 600 1323 me.
635 1267 1078 1324 Vertumtamen
1111 1287 1226 1326 non
1245 1271 1399 1326 sicut
1426 1287 1532 1343 ego
1572 1273 1721 1343 volo,
1771 1275 1873 1330 sed
1920 1276 2072 1332 sicut

421 1361 484 1410 tu
516 1356 726 1426 (Matth.
760 1374 914 1423 xxw,
944 1357 1058 1428 39).
1094 1380 1120 1407 ››
1175 1359 1356 1416 Filius
1416 1361 1511 1417 Dei
1574 1385 1600 1412 ‹‹
1656 1362 1763 1427 Qui
1817 1363 1982 1432 dixit,
2016 1370 2073 1420 et

420 1444 574 1500 facta
603 1449 759 1513 sunt,
794 1446 1095 1501 mandavit
1116 1451 1172 1502 et
1203 1452 1398 1503 creata
1428 1453 1569 1504 sunt
1603 1473 1629 1499 ››
1665 1452 1864 1507 omnia
1895 1453 2065 1523 (Psal.

420 1523 650 1600 CXLVIII,
682 1535 1091 1605 5),secundum
1126 1535 1235 1591 hoc
1256 1538 1411 1608 quod
1445 1538 1626 1595 Filius
1664 1540 1922 1596 hominis
1980 1542 2067 1596 di-

419 1616 590 1690 citur,
624 1622 977 1678 sententiam
1010 1627 1298 1696 temperat
1330 1644 1342 1681 :
1376 1648 1404 1675 ‹‹
1450 1627 1633 1693 Pater,
1690 1628 1740 1684 si
1791 1630 2068 1701 possibile

418 1714 541 1791 est;
575 1715 977 1767 verumtamen
1027 1728 1141 1767 non
1202 1714 1355 1770 sicut
1392 1732 1497 1788 ego
1554 1717 1703 1786 volo,
1756 1719 1855 1774 sed
1915 1719 2068 1775 sicut

417 1801 480 1854 tu
505 1798 715 1869 (Matth.
773 1816 926 1865 xxvr,
986 1800 1189 1872 39);»
1247 1807 1304 1857 et
1358 1803 1690 1863 Critobulus
1736 1824 1904 1864 meus
1961 1810 2064 1864 ad-

416 1887 593 1943 ducto
624 1886 938 1960 supercilio
969 1888 1250 1961 loquitur,
1285 1914 1312 1941 «
1341 1891 1533 1949 Potest
1564 1893 1738 1951 homo
1771 1896 1897 1952 sine
1931 1914 2064 1969 pec-

418 1980 547 2031 cato
577 1992 706 2032 esse
737 1977 787 2032 si
803 1976 962 2033 velit.
995 2000 1024 2029 ››
1057 1979 1321 2051 Apostoli
1379 1982 1630 2039 audiunt
1662 2002 1675 2040 :
1710 2008 1739 2035 ‹‹
1798 1985 1892 2041 Sic
1948 2004 2063 2042 non

417 2062 694 2137 potuistis
753 2083 871 2121 una
918 2065 1064 2123 hora
1106 2067 1346 2141 vigilare
1396 2087 1626 2127 mecum
1703 2075 1887 2145 (Marc.
1948 2094 2060 2145 XIV,

414 2154 507 2222 37)
537 2154 566 2208 ‘I
588 2176 616 2203 »
637 2153 764 2210 Non
788 2154 936 2210 dixit
964 2155 1261 2229 noluistis,
1288 2160 1413 2231 sed,
1446 2177 1559 2216 non
1595 2163 1887 2235 potuistis.
1918 2167 2064 2239 Apo-

416 2241 551 2299 stoli
578 2260 697 2299 una
724 2243 868 2300 hora
887 2244 1129 2317 vigilare
1169 2264 1284 2304 non
1326 2255 1593 2321 possunt,
1649 2269 1875 2321 somno,
1926 2273 2063 2311 mm-

414 2347 542 2387 rore
563 2336 619 2387 et
653 2331 847 2388 carnis
878 2333 1191 2407 fragilitate
1213 2338 1493 2409 superati,
1526 2344 1583 2395 et
1612 2344 1671 2396 tu
1693 2346 1856 2413 potes
1889 2342 2058 2416 longo

413 2423 677 2493 tempore
698 2421 897 2478 omnia
924 2423 1101 2479 simul
1162 2430 1398 2496 peccata
1448 2444 1724 2501 superare
1754 2432 1781 2487 ‘2
1829 2434 2059 2488 Marcus

418 2502 776 2583 evangelista
800 2511 1004 2568 scribit
1032 2513 1103 2568 de
1142 2512 1390 2571 Domino
1425 2534 1437 2571 :
1475 2538 1503 2567 «
1557 2519 1626 2573 Et
1670 2536 1786 2575 non
1835 2526 2061 2592 poterat

415 2596 494 2652 ibi
529 2615 600 2654 ne
622 2615 803 2654 unam
834 2598 1070 2670 quidem
1121 2601 1308 2658 facere
1356 2603 1652 2673 virtutem,
1694 2607 1807 2663 nisi
1856 2610 2060 2681 paucis

416 2688 836 2758 aegrotantibus
861 2704 1074 2745 manus
1103 2689 1432 2763 imponens,
1468 2695 1694 2750 sanavit
1745 2697 1896 2753 758
1936 2715 2055 2767 eos,

411 2779 470 2831 et
529 2775 933 2833 admirabatur
989 2782 1226 2851 propter
1277 2780 1798 2839 incredulitatem’l
1855 2803 2057 2843 eorum

412 2863 611 2937 (Marc.
645 2884 723 2934 γι,
755 2867 833 2937 5).
868 2890 896 2917 ››
927 2867 1213 2925 Dominus
1263 2870 1479 2926 dicitur
1524 2890 1639 2928 non
1676 2875 1939 2945 potuisse
1997 2877 2056 2932 in

417 2954 700 3011 Nazareth
728 2972 798 3012 ne
822 2973 1000 3013 unam
1036 2957 1274 3029 quidem
1310 2960 1495 3017 facere
1522 2961 1820 3033 virtutem,
1871 2968 1927 3020 et
1961 2964 2056 3020 in-

415 3044 714 3100 ﬁdelitatis
763 3044 965 3101 alienas
1017 3051 1256 3119 stupore
1311 3049 1722 3107 retineturzet
1770 3070 1872 3109 vos
1955 3071 2055 3126 po-

407 3132 578 3187 testis
610 3134 950 3205 omnequod
966 3134 1162 3190 vultis.
1185 3136 1447 3209 Denique
1469 3138 1529 3193 in
1563 3143 2056 3213 consequentibus

2193 653 2410 709 ultimae
2441 657 2498 709 et
2536 651 2775 726 angelos
2846 652 3142 719 caelorum,
3183 657 3240 708 et
3296 651 3509 708 Filium
3559 652 3835 725 ignorare

2190 742 2511 814 respondit,
2545 747 2601 799 et
2634 759 2736 798 nos
2765 742 2998 814 plenam
3029 741 3338 801 scientiam
3389 741 3736 814 pollicemur
3763 743 3785 777 ⁸
3814 744 3843 800 τ

2186 831 2392 887 Carnis
2438 831 2752 887 infirmitas
2780 830 2899 887 Deo
2930 830 3260 887 habitatore
3299 830 3594 903 gaudebat
3642 838 3709 903 et
3747 836 3841 887 ta-

2187 936 2321 976 men
2349 936 2687 976 mensuram
2719 918 3052 992 fragilitatis
3084 936 3204 975 suae
3236 918 3511 975 excedere
3562 936 3685 982 non
3736 937 3839 992 po-

2183 1010 2318 1076 tuit,
2352 1014 2418 1064 ut
2462 1026 2577 1065 non
2624 1005 2703 1062 τῶ
2763 1005 2937 1061 δοκεῖν
3006 1008 3327 1079 (secundum
3375 1009 3787 1080 apparentiam)
3821 1050 3834 1063 .

2176 1100 2347 1170 juxta
2368 1102 2590 1154 veteres
2620 1097 2945 1168 haereticos,
2996 1097 3097 1152 sed
3146 1113 3279 1152 vere
3327 1095 3426 1152 Dei
3478 1094 3678 1165 Filius,
3726 1096 3842 1153 ho-

2184 1187 2363 1243 minis
2394 1186 2575 1243 Filius
2600 1186 2951 1242 crederetur.
2984 1184 3296 1257 Apostolos
3317 1200 3629 1258 parumper
3649 1184 3842 1242 relin-

2184 1292 2391 1347 quens,
2427 1275 2637 1332 cecidit
2665 1276 2725 1330 in
2755 1279 2971 1331 terram
3002 1289 3247 1345 pronus,
3281 1277 3339 1329 et
3368 1273 3572 1329 orabat
3593 1273 3836 1330 dicens:
3927 1287 3934 1292 '

2183 1388 2209 1415 ‹‹
2242 1366 2411 1421 Pater
2441 1366 2490 1421 si
2514 1363 2793 1437 possibile
2815 1366 2904 1419 est
2934 1362 3144 1435 (Matth.
3166 1361 3449 1435 xxvx,39).
3479 1384 3509 1411 ››
3530 1362 3834 1437 Cumque;-

2181 1470 2265 1510 so:
2295 1453 2644 1510 sententiam
2677 1452 3043 1525 ambigenter
3061 1450 3470 1523 exprimebat“,
3495 1450 3597 1523 qui
3628 1451 3689 1506 in
3721 1451 3835 1507 alio

2179 1541 2306 1597 loco
2336 1542 2560 1598 dixerat
2593 1560 2606 1597 :
2641 1566 2669 1591 ‹‹
2698 1542 2834 1606 Quae
2877 1540 3031 1615 apud
3089 1539 3358 1597 homines
3416 1538 3831 1612 impossibilia,

2179 1632 2335 1704 apud
2367 1631 2552 1688 Deum
2585 1630 2889 1704 possibilia
2917 1633 3056 1685 sunt
3085 1629 3295 1700 (Matth.
3328 1645 3444 1695 nx,
3475 1629 3548 1684 26
3574 1647 3587 1698 ;
3656 1628 3830 1686 Nare.

2176 1738 2232 1789 x,
2265 1723 2372 1790 27;
2406 1724 2534 1777 Luc.
2568 1738 2730 1787 xvm,
2761 1720 2853 1791 27)
2882 1718 2911 1773 ‘?
2946 1740 2972 1768 »
3005 1718 3116 1774 Sed
3147 1718 3323 1774 homo
3356 1734 3661 1790 passurus,
3724 1718 3835 1774 ho-

2178 1810 2357 1866 minis
2387 1810 2652 1882 loquitur
2679 1809 2892 1865 verbis.
2927 1807 3028 1863 Ille
3058 1807 3202 1863 dicit
3234 1823 3247 1862 :
3282 1806 3342 1863 Si
3396 1806 3677 1880 possibile
3715 1811 3848 1881 est,

2174 1917 2293 1955 una
2314 1899 2458 1955 hora
2486 1902 2807 1972 praetereat.
2842 1899 2929 1953 Tu
2972 1896 3142 1964 dicis,
3190 1895 3470 1969 possibile
3514 1901 3601 1953 est
3658 1897 3831 1952 omni

2173 1993 2434 2061 tempore
2471 1991 2710 2060 peccata
2735 1986 2939 2043 vitare.
3766 1984 3775 1989 ’ί
3802 2054 3809 2059 ,

2246 2078 2331 2131 16.
2358 2080 2453 2132 Ea:
2481 2077 2610 2133 aliis
2638 2079 2699 2132 in
2731 2076 3028 2147 Evangelia
3058 2075 3325 2131 historiis.
3360 2105 3428 2113 ---
3458 2073 3517 2128 In
3576 2072 3828 2145 quibus-

2172 2168 2304 2222 dam
2327 2164 2757 2238 exemplaribus
2785 2169 2842 2220 et
2863 2163 3114 2220 maxime
3145 2163 3204 2218 in
3228 2161 3445 2219 Graecis
3501 2161 3827 2229 codicibus,

2164 2256 2337 2327 juxta
2378 2258 2637 2311 Marcum
2696 2255 2754 2309 in
2804 2254 2920 2309 fine
2967 2255 3095 2324 ejus
3142 2250 3437 2325 Evangelii
3495 2250 3823 2309 scribitur:

2176 2369 2197 2394 ι
2233 2348 2441 2401 Postea
2470 2360 2604 2400 cum
2637 2343 3054 2400 accubuissent
3084 2341 3374 2411 undecim,
3410 2341 3702 2414 apparuit,
3735 2341 3825 2397 eis

2168 2435 2362 2501 Jesus,
2396 2438 2454 2491 et
2498 2433 2866 2507 exprobravit
2912 2430 3382 2487 incredulitatem
3434 2434 3491 2485 et
3533 2429 3821 2486 duritiam

2169 2524 2362 2580 cordis
2383 2525 2402 2559 ⁷
2433 2540 2657 2594 eorum,
2690 2521 2831 2595 quia
2849 2521 2941 2577 his
2972 2519 3075 2593 qui
3126 2519 3393 2576 viderant
3439 2535 3576 2576 eum
3628 2535 3822 2576 resur-

2168 2616 2401 2685 gentem
2431 2629 2545 2668 non
2578 2610 2952 2666 crediderunt
2993 2609 3161 2681 (Maro
3214 2625 3329 2676 XVI,
3394 2607 3502 2679 14).
3565 2629 3594 2657 ››
3656 2631 3686 2656 ‹‹
3746 2608 3816 2664 Et

2168 2701 2253 2756 illi
2284 2701 2725 2758 satisfaciebant
2751 2698 3009 2755 dicentes
3042 2715 3055 2753 :
3133 2696 3285 2754 159
3330 2696 3617 2754 Smculum
3658 2696 3819 2753 istud

2167 2789 2496 2863 iniquitatis
2537 2794 2594 2845 et
2645 2787 3073 2845 incredulitatis
3121 2785 3451 2843 substantia
3487 2787 3635 2857 est“,
3688 2803 3819 2858 qua

2164 2896 2283 2935 non
2307 2878 2446 2935 sinit
2470 2895 2571 2951 per
2599 2877 2939 2933 immundos
2970 2875 3212 2950 spiritus
3240 2890 3435 2931 veram
3466 2870 3569 2931 Dei
3607 2891 3818 2947 appre-

2166 2968 2649 3042 hendiﬂvirtutcm
2675 2986 2688 3024 :
2723 2966 2937 3023 idcirco
2961 2967 3087 3038 jam
3120 2980 3280 3021 nunc
3307 2962 3496 3020 revela
3516 2963 3815 3036 justitiam

2163 3062 2409 3112 tuam.»
2442 3056 2545 3112 Cui
2567 3057 2615 3113 si
2660 3055 3082 3122 contradicitis,
3146 3053 3290 3109 illud
3357 3058 3511 3125 certe
3567 3067 3818 3109 renuere

2165 3163 2281 3201 non
2322 3146 2612 3201 audebitis
2645 3164 2658 3201 :
2698 3168 2719 3194 ι
2755 3145 3007 3200 Mundus
3051 3143 3111 3199 in
3157 3141 3416 3216 maligno
3450 3141 3678 3215 positus
3725 3146 3820 3198 est

407 3218 684 3274 scribitur
715 3236 727 3273 :
763 3242 791 3270 «
858 3221 1012 3277 Abiit
1042 3221 1102 3277 in
1135 3223 1282 3279 ﬁnes
1315 3226 1449 3297 Tyri
1480 3231 1539 3281 et
1568 3228 1822 3298 Sidonis,
1871 3238 1927 3286 et
1964 3232 2053 3287 in-
2085 3219 2128 3289 C
2168 3238 2214 3305 (Ι
2240 3238 2397 3293 Ιοαη.
2431 3253 2484 3299 v,
2511 3236 2597 3307 19)
2632 3257 2681 3303 ς»
2717 3237 2774 3290 et
2803 3234 2960 3306 quod
2981 3232 3299 3289 Dominum
3330 3248 3506 3287 suum
3540 3230 3813 3299 Satanas,

409 3322 649 3379 gressus
678 3308 942 3376 domum,
977 3310 1273 3367 neminem
1305 3314 1535 3370 volebat
1566 3316 1734 3385 scire,
1777 3323 1833 3374 et
1877 3318 2057 3376 latere

411 3411 526 3451 non
556 3395 745 3466 potuit
770 3396 954 3465 (Marc.
989 3415 1090 3469 v11,
1122 3399 1232 3468 24).
1270 3423 1297 3450 ››
1332 3405 1475 3460 Vers
1534 3406 1735 3477 utique
1786 3407 2058 3480 cupiebat

410 3484 608 3554 latere,
641 3489 700 3541 et
728 3487 883 3559 quod
917 3488 1205 3561 cupiebat,
1234 3508 1414 3563 quare
1443 3494 1630 3551 facere
1661 3512 1774 3553 non
1810 3502 2056 3570 poterat,

410 3574 549 3630 utin
573 3575 821 3632 adventu
840 3594 949 3633 suo
968 3578 1233 3634 omnium
1253 3582 1671 3641 conscientiam
1688 3586 2058 3644 declinaret?

408 3663 629 3728 Quaeris
659 3680 889 3733 causas,
926 3682 1032 3723 cur
1060 3667 1240 3725 latere
1271 3687 1388 3727 non
1421 3674 1721 3744 potuerit?
1742 3677 1939 3749 Cogita
1964 3693 2055 3734 as-

405 3753 631 3825 sumpti
655 3752 915 3811 hominis
942 3757 1271 3826 veritatem,
1302 3764 1360 3816 et
1399 3762 1557 3817 omni
1606 3765 1834 3822 carebis
1887 3784 2054 3823 scan-

410 3841 541 3897 dalo
633 3842 693 3897 Si
749 3843 908 3900 filius
965 3845 1065 3901 Dei
1114 3847 1338 3920 aliquid
1378 3850 1437 3905 in
1493 3868 1669 3909 carne
1717 3858 1774 3909 et
1821 3864 2058 3929 propter

409 3946 644 3986 carnem
676 3949 792 3987 non
819 3934 1081 4005 potuisse
1113 3942 1404 4002 narratur,
1438 3957 1544 3997 nos
1577 3942 1677 4013 qui
1706 3943 1811 3999 toti
1860 3945 2053 4002 carnei

410 4034 641 4087 sumus,
677 4024 733 4075 et
760 4023 1019 4093 quotidie
1038 4024 1283 4096 spiritus
1313 4028 1586 4100 operibus
1634 4048 2054 4105 repugnamus,

412 4112 615 4164 contra
641 4110 901 4182 Apostoli
949 4115 1300 4172 sententiam
1350 4133 1477 4190 quae
1525 4119 1799 4177 volumus
1847 4127 2057 4179 cuncta

407 4196 692 4255 faciemus
735 4199 763 4254 ?
820 4201 1022 4257 Petrus
1051 4204 1350 4275 apostolus
1409 4207 1519 4262 tria
1573 4208 1697 4264 vult
1753 4211 1940 4266 facere
1995 4211 2055 4268 in

408 4292 609 4344 monte
639 4288 1036 4359 tabernacula,
1071 4309 1256 4349 unum
1288 4295 1557 4362 Domino,
1580 4296 1827 4353 alterum
1853 4300 2054 4372 Moysi,

405 4376 647 4432 tertium
680 4377 837 4446 Elian,
872 4380 1138 4437 nesciens
1178 4381 1319 4454 quid
1365 4383 1631 4455 loquitur
1665 4384 1877 4443 timore
1925 4405 2058 4461 per-

483 4535 897 4622 t'Martiam’eu‘s
926 4543 1062 4622 post
1088 4545 1312 4622 Erasm.
1340 4547 1463 4599 Mm
1492 4544 1691 4622 habere
1702 4563 1878 4619 posse,
1901 4553 2057 4606 tam-

409 4608 520 4659 etsi
565 4621 736 4692 posse.
754 4608 1045 4668 Victorius
1088 4618 1261 4692 antea
1302 4608 1828 4692 expunxisset'ope
1865 4608 2051 4678 'codi-

410 4692 545 4761 cum
586 4678 1012 4761 Brixianorum,
1045 4684 1261 4755 quibus
1292 4689 1350 4742 et
1375 4678 1564 4745 nostri
1604 4691 1728 4761 pari
1757 4678 2054 4751 consensu

411 4747 833 4822 suffragantur.

479 4823 501 4902 ξ
536 4824 656 4902 ρυο
688 4822 952 4902 Vaticani
987 4840 1155 4902 mss_.,
1184 4828 1419 4902 Propter
1448 4830 1825 4902 inﬁdelitatem

479 4893 502 4928 ³
531 4895 902 4978 Quantopere
920 4893 1074 4951 hunc
1100 4893 1305 4978 iocum
1332 4893 1624 4978 Pelagiani
1675 4904 2056 4978 criminaren-

410 4966 523 5049 tur,
560 4965 770 5049 disc‘as
795 4965 969 5023 velim
1002 4982 1081 5049 ex
1121 4971 1438 5049 Augustini
1468 4965 1656 5046 “Opere
1711 4976 2053 5049 imperfecto,

410 5040 586 5107 atQUe
608 5038 761 5093 infra
792 5055 957 5094 num.
992 5040 1058 5093 47
1090 5038 1244 5098 not:
1528 5038 1541 5046 '
1787 5038 1800 5049 ‘
1890 5038 1901 5047 '
2041 5038 2051 5046 '

410 5108 875 5201 LLSQP‘irbiam
902 5110 1293 5201 Pythagoricae
1326 5115 1709 5201 philosophi-az.
1726 5122 1905 5201 ovoqat
1925 5117 2057 5173 ἀπά-

408 5177 562 5263 θείανὶ
585 5177 645 5263 et
666 5177 1231 5263 div1(aaptn'c_tatv:seu
1255 5177 1519 5263 perfectae
1542 5177 1789 5263 justitize
1820 5190 2056 5263 dogma,

408 5250 581 5375 (ἐξιέῗὲ
606 5250 945 5325 Pythagoras
982 5255 1041 5310 in
1078 5250 1303 5328 'primis
1351 5250 1609 5317 tribuere
1666 5250 2055 5334 Hieronfmus

481 5391 502 5424 ⁵
531 5390 738 5474 Verius
771 5393 1018 5474 fortasse
1050 5396 1281 5474 Reginae
1309 5397 1457 5474 liber
1485 5419 1621 5459 cum
1660 5403 1839 5460 veteri
1890 5404 2054 5474 edit.,

407 5461 473 5516 Et
514 5478 622 5544 ros.
653 5465 880 5544 plenam
920 5461 1616 5544 scientiimpotticemini.
1677 5476 1808 5532 Mox
1862 5461 2059 5533 Graece

404 5533 584 5663 ἷξεςῗὲ
606 5533 1147 5608 interpretationem
1178 5533 1405 5600 addunt
1433 5545 1695 5605 Vaticani
1728 5550 1788 5607 id
1818 5556 1919 5618 est,
1948 5566 2058 5621 pu-

478 5677 501 5714 ⁶
523 5677 704 5736 Iidem
760 5677 875 5736 duo
922 5679 1194 5740 Vaticani
1233 5682 1572 5749 Sententiam
1598 5691 1932 5762 ambigentis
1960 5705 2058 5750 ea;-

2086 4591 2134 4656 D
2164 4555 2384 4656 "imit-

2165 3329 2390 3381 tentare
2410 3341 2592 3380 ausus
2606 3324 2701 3391 sit,
2721 3329 2778 3379 et
2797 3323 2987 3380 victus
3008 3326 3184 3394 atque
3204 3319 3485 3378 confusus
3506 3320 3820 3376 recesserit

2166 3430 2354 3487 usque
2385 3414 2457 3469 ad
2478 3416 2733 3487 tempus,
2767 3412 2970 3484 utique
2988 3409 3299 3485 passionis.
3336 3408 3437 3466 Ille
3465 3411 3815 3477 tentatur,et

2168 3520 2475 3560 successor
2502 3502 2789 3560 Joviniani
2840 3501 3017 3557 audet
3070 3499 3271 3574 loqui:
3330 3498 3444 3556 Eos
3503 3498 3604 3571 qui
3635 3497 3813 3571 plena

2166 3593 2281 3650 ﬁde
2309 3593 2606 3666 baptisma
2634 3590 2931 3649 consecuti
2963 3593 3121 3656 sunt,
3154 3605 3271 3645 non
3304 3604 3478 3662 posse
3507 3588 3723 3644 tentari
3746 3589 3770 3624 ³
3796 3606 3809 3644 :

2166 3683 2283 3739 imo
2314 3682 2444 3739 aliis
2472 3682 2665 3738 verbis
2699 3699 2712 3738 :
2758 3681 2935 3738 Posse
2979 3678 3277 3735 hominem
3316 3676 3700 3750 baptizatum,
3761 3677 3812 3734 si

2167 3771 2436 3841 noluerit,
2471 3787 2841 3844 nequaquam
2873 3769 3028 3826 ultra
3067 3783 3323 3842 peccare.
3367 3765 3676 3823 Zacharias
3711 3767 3814 3839 ju-

2166 3865 2293 3917 stus
2326 3861 2571 3917 auditab
2600 3859 2804 3933 angelo
2837 3875 2850 3914 :
2877 3881 2906 3909 «
2938 3857 3086 3922 Quia
3114 3873 3231 3913 non
3262 3856 3560 3913 credidisti
3612 3854 3813 3911 verbis

2166 3949 2335 4019 meis,
2365 3949 2481 4005 eris
2511 3954 2734 4016 tacens,
2766 3952 2824 4004 et
2850 3966 2965 4004 non
2997 3947 3217 4020 poteris
3258 3945 3438 4019 loqui,
3496 3959 3681 4016 usque
3743 3944 3811 4001 in

2164 4039 2317 4096 diem
2352 4039 2670 4095 nativitatis
2702 4038 2831 4109 ejus
2861 4038 3014 4109 (Luc.
3049 4054 3090 4105 ι,
3119 4037 3234 4107 20).
3271 4058 3294 4089 ι
3344 4037 3511 4092 Pater
3558 4033 3807 4090 lunatici

2165 4129 2236 4184 de
2268 4126 2547 4199 apostolis
2578 4126 2840 4199 loquitur
2870 4142 2883 4180 :
2918 4148 2947 4176 «
2978 4125 3196 4199 Rogavi
3227 4124 3552 4198 discipulos
3569 4126 3727 4193 tuos,
3751 4128 3815 4179 ut

2164 4215 2439 4288 ejicerent
2468 4232 2624 4283 cum,
2658 4215 2716 4270 id
2735 4218 2823 4270 est
2842 4215 3189 4282 daemonem,
3221 4217 3279 4269 et
3321 4230 3435 4270 non
3496 4215 3819 4286 potuerunt

2166 4304 2389 4376 (Matth.
2423 4320 2557 4371 XVII,
2593 4304 2700 4376 15).
2740 4327 2766 4353 ››
2789 4307 2857 4358 Et
2875 4303 2987 4376 ipsi
3010 4301 3282 4376 discipuli
3303 4302 3665 4374 interrogant
3684 4297 3815 4357 Sal-

2164 4396 2427 4450 vatorem
2461 4410 2474 4448 :
2514 4414 2543 4444 «
2598 4392 2787 4457 Quare
2844 4409 2959 4449 non
3018 4391 3323 4465 potuimus
3371 4390 3582 4463 ejicere
3640 4384 3815 4446 illum

2235 4627 2256 4660 ⁷
2314 4625 2584 4697 Plerique
2633 4641 2777 4681 mss.
2839 4623 3249 4697 Incredulitati__
3274 4627 3329 4681 et
3393 4622 3617 4697 duritia!

2164 4697 2267 4754 dis.
2301 4701 2410 4754 etc.
2444 4694 2619 4754 Porro
2651 4704 2959 4769 sequentes
2980 4694 3255 4769 versiculi
3286 4712 3320 4769 a
3346 4694 3541 4751 verbis
3573 4711 3587 4751 :
3620 4696 3675 4749 ct
3720 4694 3821 4749 ius

2162 4769 2593 4839 satisfaciebant,
2625 4769 2699 4824 ad
2734 4765 2916 4824 tinem
2936 4783 3146 4840 usque,
3177 4765 3422 4823 minime
3436 4781 3554 4892 [pro
3584 4779 3822 4893 garga-

2166 4841 2259 4893 nis
2289 4840 2361 4893 ab
2391 4839 2650 4893 Ecclesia
2676 4840 2987 4893 habentur.
3021 4854 3210 4893 neaue
3274 4839 3335 4893 in
3394 4855 3432 4893 ιι
3485 4837 3534 4893 is
3733 4851 3822 4892 018

2166 4840 2371 4923 nisﬂab
2391 4839 2650 4923 Ecclesia
2676 4840 2987 4923 habentur,
3021 4839 3210 4923 neque
3274 4839 3352 4923 in.
3394 4839 3534 4921 ullis
3600 4839 3823 4921 Graecis

2167 4910 2492 4979 codicibus,
2514 4912 2613 4983 qui
2645 4911 2717 4966 ad
2740 4928 2847 4967 nos
2878 4907 3233 4976 devenerint,
3259 4912 3361 4983 aut
3417 4908 3478 4965 in
3531 4907 3817 4964 versioni-

2167 4984 2279 5039 bus
2300 4981 2657 5055 authenticis
2685 4983 3075 5055 reperiuntur.
3101 4981 3438 5055 superiores
3493 4994 3630 5037 vero
3684 4994 3824 5036 con-

2168 5072 2347 5128 sensu
2385 5053 2670 5128 librorum
2701 5052 2967 5128 omnium
2992 5052 3234 5128 genuini
3264 5055 3425 5110 sunt.

2238 5128 2259 5160 ⁸
2285 5126 2447 5183 Unus
2502 5126 2791 5195 Vatican.,
2848 5126 2961 5183 Sub
2994 5122 3227 5183 'Satana
3279 5131 3379 5195 est,
3411 5137 3603 5195 quam
3638 5122 3825 5195 certe

2170 5198 2505 5271 prafe‘rrem
2546 5193 2876 5271 lectionem,
2910 5196 2961 5254 si
2985 5198 3082 5271 qui
3135 5193 3372 5271 deinde
3408 5193 3654 5271 haberet
3707 5208 3821 5271 pro

2165 5262 2306 5342 quae.
2331 5269 2613 5327 Caeterum
2645 5262 2917 5342 superius
2935 5262 3179 5326 verbum
3212 5266 3655 5342 satisfaciebant,
3684 5262 3823 5342 es.

2166 5336 2463 5469 gerqatum
2493 5359 2535 5407 a
2556 5336 2746 5398 doctis
2774 5340 2934 5408 viris,
2964 5342 3121 5399 idem
3150 5356 3281 5399 esse
3310 5336 3378 5398 ac
3421 5336 3641 5410 culpam
3668 5336 3821 5407 lata-

2203 5429 2280 5469 an
2306 5430 2377 5468 ur

2203 5429 2377 5470 amur

2238 5485 2259 5519 ο
2287 5484 2434 5541 Vide
2465 5488 2667 5541 contra
2690 5482 3065 5541 Jovinianum
3092 5483 3194 5541 lib.
3217 5498 3450 5540 unum.
3479 5480 3518 5552 2
3545 5481 3604 5536 et
3646 5492 3822 5552 seqq.

2169 5555 2517 5679 quusmodi
2546 5560 2671 5613 erat
2708 5554 3157 5663 Pelagianorum
3205 5570 3438 5629 quoque
3496 5551 3827 5624 ἀναμαρτη-

2171 5645 2276 5682 σια.
3142 5658 3147 5663 -
3241 5674 3244 5678 .
