4082 6168
253 311 370 376 317

1085 307 1474 370 DlALOGUS
1517 307 1834 372 CONTRA
1873 305 2392 370 PELAGIANOS.
2419 337 2499 352 ——
2527 304 2675 367 LIB.
2721 303 2796 368 Il.

3542 312 3662 375 5518

252 444 462 518 (Matth.
489 441 774 512 xanS)?
803 463 830 491 ››
854 443 908 496 et
933 440 1200 505 audiunt,
1226 463 1252 494 »
1277 441 1904 512 Proptcrincredulita-
1933 443 1986 508 Α
2018 441 2112 496 Sic
2142 456 2276 512 ergo
2305 443 2362 495 et
2393 441 2546 511 apud
2566 439 2749 495 Deum
2783 438 3077 510 possibile,
3110 441 3353 509 homini,
3395 443 3444 498 si
3505 445 3658 516 velit,

247 540 366 592 tem
398 531 834 603 vestram(lbid.
868 529 979 600 49).
1014 552 1042 579 ››
1074 534 1206 598 Cur,
1240 547 1438 601 quaeso
1468 529 1496 583 ?
1523 531 1661 601 quia
1706 531 1905 586 omnia

249 639 444 698 posse,
489 621 741 677 Domino
803 619 1162 674 servabatur.
1215 620 1452 675 Intravit
1507 619 1778 693 cogitatio
1844 619 1902 673 in

246 711 570 786 apostolos,
602 708 736 782 quis
765 724 967 764 eorum
1003 709 1192 778 major
1215 713 1392 772 esset,
1417 713 1473 764 et
1519 709 1906 764 emendantur

249 803 362 875 [Αἱ.
394 799 756 865 emendatur]
793 797 1060 852 doctrina
1089 796 1427 865 Salvatoris,
1449 797 1590 852 dum
1621 796 1906 854 minimus

253 892 458 962 major
514 886 858 960 agnoscitur,
892 891 949 941 et
997 885 1302 942 humilitas
1359 885 1722 942 sublimitate
1777 903 1903 941 mu-

258 978 577 1036 tatur.Non
607 976 882 1048 recipitur
913 975 986 1031 ab
1008 975 1152 1030 urbe
1211 975 1738 1043 Samaritanorum,
1769 975 1908 1047 quia

263 1067 448 1124 facies
477 1066 602 1135 ejus
630 1069 753 1119 erat
781 1063 975 1118 euntis
1003 1062 1352 1118 Jerusalem.
1375 1063 1626 1118 Jacobus
1649 1067 1706 1118 et
1731 1063 1907 1119 Joan-

265 1175 367 1214 nes
394 1169 525 1211 vere
553 1153 658 1208 ﬁlii
687 1152 1014 1218 tonitrui,et
1047 1152 1151 1207 zeli
1182 1153 1387 1208 ardore
1429 1152 1716 1208 ferventes
1772 1151 1911 1207 Phi-

255 1261 395 1302 neas
427 1248 486 1299 et
513 1242 645 1298 Elia;
677 1242 872 1315 ignem
905 1242 977 1296 de
1007 1240 1150 1297 coelo
1187 1241 1470 1296 deducere
1531 1241 1794 1313 cupiunt,
1855 1244 1911 1295 et

250 1333 662 1404 corripiuntur
690 1348 724 1384 a
756 1331 1038 1386 Domino:
1087 1330 1187 1401 qui
1227 1329 1428 1400 utique
1478 1347 1591 1384 non
1653 1329 1909 1400 corripe-

250 1425 481 1490 rentur,
515 1420 567 1474 si
616 1420 841 1491 absque
897 1435 1093 1475 errore
1147 1416 1288 1473 talia
1341 1418 1681 1474 voluissent.
1745 1417 1912 1472 Ibant

250 1527 390 1568 cum
419 1509 521 1565 illo
556 1508 777 1581 populi,
810 1508 918 1564 hoc
949 1512 1056 1574 est,
1108 1523 1242 1562 cum
1301 1506 1567 1572 Domino,
1626 1507 1727 1579 qui
1777 1523 1911 1562 con-

251 1615 465 1656 versus
497 1597 679 1653 dixit:
715 1621 742 1646 ‹‹
779 1597 837 1652 Si
870 1597 1002 1668 quis
1031 1596 1188 1651 venit
1227 1596 1301 1651 ad
1358 1612 1470 1663 me,
1505 1602 1561 1650 et
1619 1613 1734 1651 non
1793 1595 1913 1651 odit

253 1693 486 1762 patrem
531 1702 731 1752 suum,
787 1691 844 1740 et
902 1690 1146 1740 matrem
1207 1701 1396 1751 suam,
1456 1690 1512 1739 et
1551 1701 1809 1750 uxorem,
1858 1689 1915 1738 et

257 1777 438 1847 ﬁlios,
470 1781 529 1832 et
587 1775 793 1830 fratres
841 1777 898 1830 et
954 1790 1202 1837 sorores,
1253 1772 1496 1844 insuper
1551 1777 1608 1828 et
1654 1774 1910 1829 animam

257 1882 456 1932 suam,
490 1883 608 1922 non
639 1868 830 1937 potest
863 1880 1029 1918 meus
1061 1879 1189 1920 esse
1237 1863 1565 1934 discipulus
1609 1865 1761 1932 (Luc.
1797 1880 1911 1927 xw,

257 1959 375 2026 26).
411 1979 439 2007 ιι
476 1956 564 2021 Et,
601 1978 629 2006 ‹‹
661 1953 765 2017 Qui
799 1969 916 2008 non
936 1957 1126 2024 portat
1155 1968 1386 2008 crucem
1418 1968 1611 2017 suam,
1636 1956 1692 2006 et
1716 1951 1912 2022 sequi-

259 2050 500 2109 tur-me,
531 2060 644 2099 non
705 2046 896 2113 potest
954 2057 1121 2097 meus
1179 2057 1306 2096 esse
1361 2040 1687 2111 discipulus
1741 2040 1910 2111 (Ibid.

261 2135 387 2200 27).
424 2153 453 2180 ››
483 2132 553 2187 Et
595 2132 649 2184 in
707 2131 818 2186 hoc
876 2129 1002 2185 loco
1043 2128 1390 2184 temerarius
1447 2129 1820 2200 proclamabo
1856 2131 1910 2184 ιε

264 2246 298 2271 ‹‹
327 2221 525 2277 Potest
557 2219 743 2284 homo,
779 2219 830 2274 si
862 2218 1015 2286 velit,
1041 2219 1240 2274 omnia
1269 2223 1506 2290 peccata
1562 2219 1743 2274 vitare
1778 2236 1791 2285 ;
1830 2219 1944 2274 fa-—

258 2310 402 2366 cilia
431 2310 587 2366 enim
609 2314 747 2364 sunt
777 2309 1056 2364 mandata
1085 2309 1260 2379 ejus?
1292 2331 1320 2357 ››
1352 2308 1460 2373 Qui
1486 2312 1780 2363 merentur
1811 2325 1912 2363 au-

261 2401 392 2456 dire
425 2416 458 2454 a
499 2397 746 2453 Domino
776 2396 1070 2452 Salvatore
1105 2415 1116 2451 :
1153 2420 1181 2446 «
1215 2397 1333 2452 Vos
1379 2397 1522 2452 estis
1569 2397 1670 2468 qui
1719 2397 1917 2466 justos

261 2505 367 2544 vos
391 2504 526 2543 esse
551 2487 746 2542 dicitis
767 2502 960 2542 coram
989 2485 1350 2552 hominibus,
1383 2486 1537 2541 Deus
1568 2490 1760 2541 autem
1813 2503 1916 2541 no-

260 2578 344 2634 vit
374 2576 554 2631 corda
578 2579 792 2640 vestra,
837 2575 988 2630 760
1035 2574 1175 2644 quia
1232 2575 1386 2646 quod
1437 2576 1589 2647 apud
1646 2575 1917 2630 homines

262 2665 562 2722 excelsum
609 2668 718 2729 est,
769 2662 1159 2719 abominabile
1210 2668 1297 2719 est
1346 2680 1540 2718 coram
1592 2664 1706 2719 Deo
1768 2665 1914 2735 (Luc.

264 2755 519 2824 xv1,l5).
551 2776 580 2802 ›)
619 2774 647 2803 ‹‹
681 2751 1045 2824 lmpossibile
1077 2751 1476 2823 est,inquit,ut
1507 2752 1781 2808 scandala
1802 2769 1917 2808 non

266 2843 504 2899 veniant
533 2843 685 2913 (Luc.
712 2859 850 2905 xvu,
886 2843 958 2912 1).
998 2864 1024 2889 ››
1053 2841 1196 2896 Puto
1230 2842 1383 2913 quod
1416 2847 1718 2912 peccatum
1751 2859 1917 2897 scan-

268 2932 469 2991 dalum
502 2931 603 2997 sit,
628 2931 783 3001 quod
816 2947 916 3002 per
946 2929 1291 2986 scandalum
1342 2930 1517 2984 venit.
1581 2930 1704 2986 Nisi
1755 2931 1922 2986 fallor

267 3022 450 3089 enim,
479 3016 694 3072 σκῶλον
729 3024 784 3074 et
815 3014 1109 3070 σκάνδαλον
1144 3019 1296 3090 apud
1348 3018 1576 3075 Graecos
1630 3037 1697 3074 ex
1749 3022 1918 3092 offen-

269 3114 423 3167 sione
451 3114 508 3165 et
537 3111 708 3164 ruina
739 3123 949 3164 nomen
973 3108 1212 3179 accepit.
1240 3108 1549 3180 Propterea
1579 3133 1606 3159 «
1633 3110 1695 3164 In
1719 3109 1923 3164 multis

2013 531 2228 584 donare
2261 529 2727 600 impeceantiam,
2762 543 2875 583 non
2908 528 3093 600 ipsius
3143 533 3369 598 merito,
3395 535 3497 589 sed
3554 552 3661 590 sua

2013 616 2405 677 clementia,et
2436 617 2588 688 apud
2636 617 2902 672 homines
2953 634 3322 690 nequaquam
3381 623 3660 692 possibile

2012 705 2181 762 liberi
2214 705 2434 760 arbitrii
2473 711 2776 774 potestate,
2811 706 2961 777 quod
2996 712 3140 761 nutu
3182 708 3455 764 donantis
3510 712 3660 767 acci-

2017 795 2188 867 pitur.
2226 795 2350 849 Non
2383 795 2689 850 suffecerat
2718 794 2998 865 apostolis
3018 796 3244 852 dudum
3270 815 3444 869 super
3472 801 3661 871 digni-

2016 889 2133 940 tate
2164 883 2466 955 quaesisse,
2501 882 2633 954 quis
2664 900 2862 938 eorum
2898 885 3085 954 major
3112 892 3288 952 esset,
3323 888 3421 942 sed
3448 888 3504 942 iu
3536 888 3663 960 ipso

2017 972 2383 1028 necessitatis
2414 976 2469 1027 et
2500 971 2788 1043 passionis
2820 973 3064 1029 articulo
3091 976 3370 1030 scribitur
3401 978 3470 1032 de
3529 977 3616 1034 eis
3650 996 3662 1032 :

2020 1085 2046 1113 ‹‹
2080 1063 2253 1118 Facta
2282 1065 2372 1117 est
2427 1061 2718 1116 contentio
2750 1061 2901 1117 inter
2928 1062 3082 1128 illos,
3107 1064 3240 1134 quis
3277 1064 3512 1121 illorum
3545 1084 3666 1123 ma-

2012 1151 2106 1222 jor
2134 1152 2462 1220 esset(Luc.
2499 1167 2636 1215 xxu,
2669 1151 2780 1220 24).
2827 1173 2846 1199 υ
2901 1151 3201 1223 Optimum
3257 1170 3455 1210 revera
3516 1159 3667 1212 tem-

2020 1257 2130 1312 pus
2160 1239 2416 1294 instante
2447 1255 2617 1294 cruce
2639 1239 3002 1310 dedignitate
3053 1243 3439 1299 contendere:
3489 1267 3514 1293 «
3577 1246 3666 1300 Si-

2021 1345 2179 1398 mon,
2207 1328 2421 1400 inquit,
2455 1328 2679 1396 Simon,
2712 1344 2842 1383 ecce
2864 1333 3102 1384 satanas
3159 1332 3433 1402 expetivit
3461 1335 3481 1366 ³
3541 1352 3666 1402 vos,

2025 1421 2087 1472 ut
2116 1417 2395 1473 cribraret
2426 1417 2579 1471 sicut
2609 1416 2890 1472 triticum.
2916 1418 3030 1489 Ego
3053 1422 3248 1474 autem
3309 1423 3503 1492 rogavi
3562 1439 3666 1494 pro

2023 1510 2099 1571 te,
2125 1510 2186 1560 ut
2221 1523 2334 1560 non
2366 1505 2597 1560 deﬁciat
2627 1506 2770 1560 ﬁdes
2816 1511 2918 1561 tua
2975 1507 3133 1577 (Ibid.
3189 1508 3280 1576 3t,
3340 1511 3450 1578 32).
3514 1535 3542 1559 ››
3600 1513 3669 1567 Et

2023 1599 2177 1650 certe
2199 1595 2372 1665 juxta
2393 1610 2492 1649 vos
2523 1595 2580 1648 in
2615 1594 2861 1665 apostoli
2888 1600 3009 1650 erat
3071 1597 3325 1667 positum
3381 1605 3669 1670 potestate

2025 1683 2071 1738 si
2104 1682 2400 1749 voluisset,
2436 1688 2642 1738 utnon
2675 1685 2945 1738 deﬁceret
2978 1685 3122 1740 ﬁdes
3152 1687 3300 1756 ejus,
3334 1704 3449 1758 qua
3470 1689 3671 1759 utique

2024 1772 2347 1837 deﬁciente,
2385 1777 2683 1844 peccatum
2718 1774 3180 1845 sutningreditur.
3205 1775 3267 1829 In
3316 1776 3672 1847 quibusdam

2025 1860 2456 1932 exemplaribus
2485 1865 2605 1915 tam
2638 1861 2848 1916 Graecis
2879 1878 3058 1933 quam
3094 1864 3311 1919 Latinis
3358 1866 3674 1923 invenitur3

2025 1951 2312 2006 scribente
2342 1950 2530 2005 Luca:
2568 1973 2594 1999 ‹‹
2629 1951 2916 2021 Apparuit
2967 1952 3048 2006 illi
3099 1954 3342 2024 angelus
3403 1956 3474 2011 de
3533 1957 3674 2014 caelo

2027 2039 2361 2093 confortans
2392 2041 2701 2111 oum(Lue.
2752 2058 2888 2105 xxn,
2951 2043 3061 2111 43),
3111 2062 3136 2092 »ι
3205 2042 3358 2099 haud
3421 2046 3671 2104 dubium

2025 2128 2169 2198 quin
2201 2128 2516 2182 Dominum
2549 2127 2929 2184 Salvatorem.
2963 2154 2987 2178 ‹‹
3015 2132 3082 2185 Et
3112 2133 3301 2187 factus
3348 2134 3403 2188 in
3466 2137 3676 2207 agonia

2031 2217 2172 2272 761
2211 2217 2493 2287 prolixius
2531 2218 2757 2284 orabat,
2803 2217 3104 2290 factusque
3162 2227 3250 2275 est
3309 2223 3490 2278 sudor
3547 2227 3676 2294 ejus

2026 2307 2180 2362 sicut
2211 2313 2386 2378 guttae
2419 2307 2724 2378 sanguinis
2765 2307 3125 2363 decurrentis
3157 2309 3214 2363 in
3260 2315 3475 2366 terram
3516 2312 3673 2380 (Ibid.

2026 2396 2136 2466 44).
2174 2418 2199 2442 ››
2232 2394 2492 2450 Salvator
2524 2395 2581 2448 in
2609 2395 2880 2466 passione
2913 2397 2983 2450 ab
3015 2396 3222 2467 angelo
3268 2399 3630 2454 cont‘ortatur
3661 2418 3673 2455 :

2027 2489 2082 2540 et
2111 2484 2442 2540 Critobulus
2475 2501 2640 2540 meus
2672 2501 2783 2539 non
2821 2485 3041 2557 indiget
3072 2486 3284 2541 auxilio
3321 2488 3680 2555 l)ei,habens

2027 2574 2192 2629 liberi
2226 2573 2449 2628 arbitrii
2483 2577 2824 2645 potestatem
2861 2591 2872 2629 :
2907 2579 2964 2629 ct
2992 2579 3109 2629 tam
3141 2576 3514 2632 vehementer
3547 2594 3680 2633 ora-

2029 2663 2146 2727 bat,
2182 2666 2244 2716 ut
2292 2667 2470 2733 gutta:
2519 2662 2823 2734 sanguinis
2871 2671 3320 2736 prorumperent
3371 2681 3438 2720 ex
3492 2671 3678 2738 parte,

2030 2768 2203 2822 quem
2237 2755 2422 2806 totum
2457 2756 2582 2806 erat
2612 2751 2671 2805 in
2703 2751 2896 2822 passio
2929 2769 2999 2807 ne
3033 2754 3304 2809 fusurus:
3346 2779 3364 2802 ιι
3401 2755 3670 2821 Quid,in-

2031 2839 2176 2911 quit,
2211 2838 2526 2894 dormitis?
2549 2839 2770 2910 surgite
2799 2845 2855 2893 et
2884 2845 3060 2904 orate,
3090 2859 3160 2896 ne
3191 2843 3422 2898 intretis
3454 2845 3509 2898 in
3547 2852 3670 2900 ten-

2031 2917 2312 2984 tationem
2347 2928 2556 2997 (Matth.
2585 2945 2732 2995 xxvr,
2765 2930 2876 3000 45).
2914 2952 2940 2978 ››
2972 2930 3182 2985 Debuit
3209 2933 3372 2998 juxta
3429 2950 3529 2988 vos
3583 2935 3674 2989 di-

2033 3035 2196 3073 cere:
2231 3017 2377 3082 Quid
2414 3017 2727 3072 dormitis‘?
2760 3018 2988 3091 surgite‘
3009 3024 3066 3074 et
3098 3021 3371 3091 resistite,
3429 3023 3679 3078 liberum

2035 3109 2189 3164 enim
2225 3107 2451 3163 habetis
2483 3107 2812 3176 arbitrium,
2847 3113 2903 3162 et
2932 3108 3110 3164 semel
3142 3111 3306 3166 vobis
3335 3129 3609 3168 concessa
3652 3130 3686 3168 a

271 3199 625 3257 offendimus
647 3214 853 3254 omnes
882 3198 1021 3266 (Jac.
1047 3214 1130 3266 Ill,
1161 3197 1238 3268 2).
1276 3220 1302 3246 ››
1349 3198 1457 3254 Fac
1514 3203 1576 3253 ut
1635 3215 1748 3253 non
1796 3215 1918 3254 cor-
1952 3187 1994 3253 C
2034 3197 2278 3253 Domino
2302 3201 2606 3268 potestate,
2633 3196 2854 3252 nullius
2877 3197 3113 3253 alterius
3142 3200 3417 3271 indigetis
3447 3201 3684 3258 auxillio

274 3289 517 3351 ruerim,
551 3292 707 3344 certe
739 3285 974 3351 offendi,
1007 3293 1060 3341 et
1087 3302 1202 3341 non
1234 3286 1291 3341 in
1330 3304 1462 3354 uno,
1515 3288 1616 3342 sed
1674 3288 1734 3342 in
1791 3286 1922 3360 plu-

277 3378 464 3433 ribus.
503 3378 768 3432 Arbitror
797 3376 951 3446 quod
982 3375 1041 3430 in
1072 3374 1269 3446 aliquo
1291 3375 1601 3432 offendisse
1623 3382 1924 3449 peceatum

274 3465 378 3523 sit.
416 3488 442 3516 ‹‹
475 3465 752 3521 Dixerunt
779 3464 1025 3520 Domino
1049 3463 1322 3536 apostoli:
1355 3467 1516 3536 Auge
1538 3465 1705 3520 nobis
1729 3466 1924 3521 ﬁdem.

280 3553 398 3617 Qui
426 3554 722 3624 respondit
749 3553 834 3608 eis
864 3571 876 3608 :
907 3553 966 3608 Si
997 3552 1320 3609 habueritis
1375 3554 1548 3608 ﬁdem
1588 3553 1752 3624 quasi
1795 3571 1924 3626 gra-

289 3658 438 3695 num
473 3640 691 3711 sinapis
719 3642 926 3710 (Matth.
961 3659 1098 3706 xvu,
1134 3642 1243 3711 l9),
1282 3664 1308 3689 ››
1351 3643 1506 3713 quod
1567 3643 1767 3714 utique
1824 3643 1927 3696 mi-

285 3729 527 3784 nimum
557 3735 641 3784 est
670 3731 924 3785 omnium
952 3731 1282 3798 seminum;
1308 3735 1364 3785 et
1393 3731 1727 3786 Critobulus
1761 3748 1927 3786 meus

271 3817 414 3874 ﬁdei
446 3818 618 3874 nobis
649 3821 947 3876 montibus
979 3821 1342 3875 intumescit.

336 3907 430 3963 46.
455 3911 876 3979 lmpeccantiam
907 3926 944 3964 a
971 3911 1077 3965 Deo
1105 3910 1282 3964 trib-ui
1334 3926 1579 3981 posse.——
1612 3934 1638 3958 «
1691 3909 1928 3965 Dicebat

271 4002 493 4070 autem,
539 3997 754 4070 inquit,
803 4001 862 4053 et
912 3998 1247 4070 parabolam
1288 3997 1430 4065 illis,
1481 3999 1635 4070 quod
1697 4014 1929 4071 semper

267 4090 499 4157 oportet
529 4103 695 4142 orare
726 4091 783 4142 et
814 4104 1116 4158 nunquam
1150 4089 1393 4144 deﬁcere
1434 4090 1753 4158 (Luc.xvm,
1791 4089 1862 4158 1).
1898 4109 1925 4136 ››

266 4175 511 4230 Frustra
541 4193 777 4248 semper
807 4193 1068 4244 oramus,
1095 4177 1144 4232 si
1177 4177 1236 4231 in
1283 4182 1482 4233 nostro
1543 4177 1782 4233 arbitrio
1841 4181 1929 4231 est

269 4265 459 4320 facere
490 4265 646 4336 quod
677 4263 968 4321 volumus.
1005 4266 1587 4338 Dixeruntapostoli:
1624 4289 1652 4317 «
1686 4271 1753 4321 Et
1793 4266 1926 4337 quis

267 4356 461 4423 potest
491 4352 696 4408 salvus
722 4369 850 4409 esse
869 4355 896 4409 ‘2
929 4377 956 4404 ››
980 4355 1240 4410 Audiunt
1261 4373 1292 4409 a
1318 4356 1564 4411 Domino
1590 4359 1788 4422 :«Quaa
1822 4357 1928 4409 im-

267 4440 581 4512 possibilia
598 4445 738 4496 sunt
760 4443 913 4514 apud
933 4443 1536 4515 homines,possibilia
1567 4444 1720 4515 apud
1745 4445 1923 4500 Deum

267 4531 624 4622 sunt-(Mare.
661 4549 712 4594 L,
744 4532 836 4622 26,
873 4532 1006 4622 J27).
1080 4555 1106 4581 »
1148 4532 1296 4605 Ergo
1339 4531 1554 4604 aliqua,
1584 4549 1710 4603 qua:
1769 4534 1921 4622 apud
1954 4558 2002 4622 D

267 4616 544 4675 homines
574 4619 967 4692 impossibilia
1006 4625 1164 4688 sunt,
1197 4625 1350 4676 certe
1373 4637 1440 4675 ea
1469 4637 1596 4676 esse
1620 4621 1926 4690 possibilia

263 4723 335 4762 ex
355 4724 426 4762 eo
455 4709 811 4778 ostenditur,
845 4711 1000 4782 quod
1033 4710 1188 4781 apud
1222 4710 1406 4764 Deum
1427 4709 1732 4780 possibilia
1763 4715 1922 4764 sunt.

305 4920 332 4974 ι
355 4849 370 4880 ί
404 4848 543 4974 Gabi:
569 4854 752 4909 veteri
783 4853 922 4909 edit.
960 4853 1191 4926 Reginze
1224 4870 1390 4920 mss.,
1438 4855 1763 4909 Temerariis
1795 4871 1925 4925 pro-

321 4936 462 4974 .ama
536 4964 548 4974 .

270 4922 641 5068 ειῗηίέιὲέηζ,
671 4995 936 5068 Gravius,
966 4997 1269 5068 postulavit
1299 5012 1402 5068 pro
1434 4997 1694 5067 expeti-vit
1724 4996 1923 5068 ;priori

262 5069 473 5139 autem
507 5066 680 5121 modo
712 5066 851 5139 legit
881 5066 1368 5132 Tertullianusﬂie
1399 5066 1548 5135 Fuga
1587 5069 1648 5122 in
1675 5066 1928 5139 perseeu-

259 5138 460 5221 tione:
491 5138 836 5221 Cyprianus,
881 5140 951 5221 de
1005 5139 1260 5194 Oratione
1311 5141 1642 5200 Dominim;
1677 5138 1756 5193 ’S.
1815 5141 1927 5193 Au-

261 5212 452 5280 gust,
477 5209 539 5262 in
577 5210 728 5264 Psal.
762 5227 813 5274 c,
849 5209 1085 5282 aliique.

269 5280 356 5362 “3
387 5279 448 5334 S.
476 5279 1029 5362 QuoqueHilarius,
1070 5280 1175 5362 lib.
1239 5299 1275 5336 x
1443 5282 1746 5362 Τνὶηίιαιειξὀ
1783 5297 1927 5362 num

253 5350 324 5430 fit
351 5369 438 5434 λεί
467 5366 575 5434 nec
608 5350 1470 5434 sane,_in.quit,__ignorandum
1522 5370 1561 5434 a
1614 5350 1796 5434 nobis.
1839 5356 1930 5434 est

251 5421 324 5495 in
351 5421 576 5495 Graecis
607 5429 662 5480 et
687 5421 910 5480 Latinis
941 5421 1246 5480 cOdicibus
1278 5423 1683 5495 complurimis
1712 5422 1800 5478 vel
1858 5424 1927 5495 de

253 5493 611 5576 adveniente
641 5496 869 5576 angelo,
919 5496 1003 5576 vel
1069 5497 1141 5576 de
1190 5493 1431 5576 sudore
1479 5494 1928 5576 sanguinisunil

254 5565 561 5647 scriptum
589 5565 858 5647 reperiri,
890 5589 920 5616 »
951 5571 1061 5623 etc.
1085 5566 1265 5647 H_odie
1305 5565 1663 5647 exemplaria
1699 5566 1927 5647 quibus

255 5635 465 5696 desint
501 5637 565 5696 hi
586 5635 798 5701 versus
824 5637 997 5715 longe
1024 5637 1249 5699 rariora
1279 5641 1440 5708 sunt,
1474 5635 1540 5698 et
1552 5637 1667 5698 tria
1692 5635 1926 5698 tantum

2034 3287 2089 3341 Si
2149 3286 2304 3342 enim
2347 3286 2454 3341 hoc
2513 3286 2783 3354 feceritis,
2847 3304 2960 3342 non
3015 3287 3309 3344 intrabitis
3384 3289 3442 3343 in
3499 3295 3684 3347 tenta-

2037 3377 2273 3432 tionem.

2110 3465 2195 3520 l7.
2230 3467 2365 3520 Item
2426 3481 2494 3519 er
2549 3466 2863 3534 evangelica
2918 3467 3165 3522 historia.
3227 3498 3293 3506 ——-
3352 3469 3477 3522 Non
3548 3485 3681 3540 pos-

2038 3571 2193 3620 sum,
2217 3554 2318 3620 ait,
2352 3569 2456 3625 ego
2491 3553 2676 3609 facere
2707 3570 2741 3608 a
2771 3554 3114 3626 memetipso
3147 3554 3393 3626 aliquid,
3423 3558 3521 3612 sed
3572 3559 3677 3624 [Αἱ.

2037 3643 2111 3712 et]
2147 3642 2298 3696 sicut
2327 3642 2520 3706 audio,
2559 3642 2637 3695 ita
2659 3642 2862 3712 judico
2900 3644 3081 3709 (Joan.
3132 3660 3185 3697 v.
3246 3645 3355 3712 30).
3411 3667 3436 3690 η
3483 3645 3679 3700 Ariani

2037 3729 2324 3801 objiciunt
2353 3729 2732 3795 calumniam,
2777 3731 2875 3784 sed
2927 3730 3237 3800 respondet
3285 3731 3561 3798 Ecclesia,
3617 3750 3686 3789 ex

2038 3835 2286 3891 persona
2305 3818 2563 3873 hominis
2596 3818 2714 3872 ῂωο
2746 3818 2856 3872 dici
2891 3819 2988 3889 qui
3021 3824 3365 3891 assumptus
3397 3827 3500 3876 est.
3539 3823 3626 3877 Tu
3658 3839 3689 3878 e

2037 3907 2323 3962 contrario
2355 3905 2649 3976 loqueris:
2683 3927 2707 3958 α
2742 3907 2985 3962 Possum
3015 3907 3140 3962 sine
3172 3913 3406 3980 peccato
3437 3927 3586 3978 esse,
3636 3911 3686 3966 si

2037 3995 2324 4051 voluero.»
2363 3994 2463 4050 lllc
2510 3995 2656 4050 nihil
2701 4000 2889 4068 potest
2907 4015 2974 4052 ex
3008 4015 3069 4052 se
3109 3998 3294 4053 facere
3327 4004 3389 4054 ut
3427 4000 3686 4067 hominis

2039 4085 2254 4140 indicet
2282 4084 2601 4140 veritatem.
2637 4087 2718 4140 Tu
2748 4090 2909 4156 potes
2936 4087 3133 4142 omnia
3183 4094 3420 4159 peccata
3478 4089 3684 4156 vitare,

2037 4178 2101 4230 ut
2131 4174 2392 4230 adhucin
2407 4190 2644 4246 corpore
2659 4174 3009 4229 constitutus
3046 4174 3281 4228 ἀντίθεον
3317 4179 3482 4232 ‘esse
3509 4178 3679 4232 tedo-

2037 4264 2380 4335 ceas.Negat
2408 4263 2688 4318 fratribus
2719 4268 2776 4318 et
2807 4263 3152 4334 propinquis
3175 4264 3257 4318 ire
3280 4281 3342 4320 se
3372 4266 3440 4319 ad
3473 4269 3682 4320 Sceno-

2038 4353 2267 4425 pegiam
2295 4372 2307 4420 ;
2343 4358 2398 4407 et
2429 4357 2628 4423 postea
2650 4353 2935 4422 scriptum
2965 4357 3052 4407 est
3077 4371 3088 4407 :
3120 4353 3229 4408 «Ut
3259 4358 3452 4409 autem
3478 4369 3682 4408 ascen-

2036 4443 2250 4497 derunt
2280 4443 2487 4497 fratres
2520 4443 2815 4512 ejus,tunc
2846 4447 2902 4496 et
2925 4442 3045 4512 ipse
3077 4442 3341 4497 ascendit
3365 4444 3435 4497 ad
3470 4441 3684 4498 solem-

2037 4532 2301 4599 nitatem,
2330 4547 2443 4585 non
2470 4531 2797 4597 manifeste,
2831 4531 2930 4586 sed
2995 4531 3163 4602 quasi
3222 4532 3280 4586 in
3339 4531 3681 4587 abscondito

2037 4621 2212 4690 (Joan.
2246 4637 2342 4684 vn,
2379 4621 2485 4688 10).
2525 4642 2551 4667 ››
2585 4619 2808 4674 lturum
2841 4635 2902 4674 se
2950 4620 3204 4691 negavit,
3233 4624 3289 4675 et
3341 4620 3476 4676 fecit
3532 4621 3686 4692 quod

2037 4708 2198 4779 prius
2231 4711 2559 4779 negaverat.
2609 4709 2805 4763 Latrat
2845 4708 3222 4780 Porphyrius,
3279 4709 3688 4765 inconstantia:

2037 4867 2070 4904 a
2110 4848 2292 4903 Millio
2325 4850 2718 4920 proferuntur.

2106 4923 2126 4953 ‘
2159 4919 2492 4975 Constitutus
2524 4919 2783 4974 ἀντίθεον.
2837 4923 2984 4976 Cave
3042 4921 3247 4976 falsam
3304 4923 3546 4977 Mariani
3578 4922 3683 4976 Vi-

2033 4992 2198 5047 ctorii
2232 4993 2796 5062 interpretationem,
2828 4992 2928 5062 qui
2962 4993 3183 5063 putavit
3216 4993 3306 5048 hic
3325 4993 3561 5046 ἀντίοεον
3597 4994 3680 5049 si-

2035 5064 2312 5136 gniﬁcare
2345 5065 2491 5136 Deo,
2525 5065 2865 5118 contrarium
2921 5070 2978 5136 et
3035 5063 3409 5136 (utversarium
3446 5082 3458 5120 :
3545 5080 3680 5120 cum

2036 5133 2259 5190 certum
2309 5134 2385 5190 sit
2429 5135 2845 5206 Hieronymum
2920 5133 3277 5206 intellexisse
3359 5136 3684 5194 semideum.

2034 5209 2325 5278 eximium,
2356 5205 2761 5278 aequiperatum
2791 5206 2912 5270 Deo,
2947 5205 3067 5260 sive
3087 5206 3338 5261 divinum
3371 5225 3389 5269 ;
3409 5206 3520 5263 hoc
3573 5212 3682 5277 est,

2039 5277 2641 5352 iaotlsovuxat’atpétﬁv,
2673 5278 2797 5352 ρῳ.
2873 5278 3140 5352 aequalem
3196 5280 3497 5334 secundum
3570 5282 3684 5336 vir-

2036 5359 2221 5405 tutem.
2255 5347 2645 5424 MARTIAN.‘-—__
2665 5347 2896 5403 Scilicet
2927 5349 3035 5424 Deo
3060 5352 3516 5424 aequiparamlum
3571 5368 3686 5424 quo

2037 5439 2213 5496 sensu
2249 5421 2470 5491 passim
2504 5421 2848 5496 ab_Homero
2878 5420 3227 5476 vocabulum
3264 5420 3606 5496 usurpatur,
3623 5427 3691 5487 ut

2036 5493 2201 5548 Hiad.
2237 5496 2290 5544 Ψ
2320 5510 2470 5548 vers.
2505 5492 2611 5546 360
2646 5509 2657 5546 :

2277 5606 2541 5668 ’Av-ctOsov
2578 5604 2808 5663 Φοίνικα
2827 5603 3033 5666 δπάονα
3060 5609 3266 5692 πατρὸς
3300 5607 3429 5673 ἑοῖο.
