4082 6168
404 336 410 341 .
430 288 569 351 f579

1704 282 1768 344 S.
1814 281 2123 347 EUSEBII
2165 281 2608 345 HIERONYMI

3730 258 3866 342 5‘80

445 433 511 473 ac
543 414 888 472 mutationis
920 414 1072 471 762
1101 419 1360 483 accusat,
1392 416 1661 472 nesciens
1692 416 1891 471 omnia
1934 432 2097 470 scan-
2127 416 2180 481 Α
2210 415 2629 471 condemnabo.
2657 415 2827 482 Vade,
2874 418 2933 471 et
2987 413 3195 471 amodo
3251 411 3371 468 noli
3423 426 3662 484 peccare
3692 411 3861 481 (Ibid.

451 505 588 562 dala
618 506 688 561 ad
722 520 957 561 carnem
987 521 1115 561 esse
1137 505 1440 562 referenda
1466 507 1504 560 ¹.
1539 528 1567 556 ‹‹
1602 505 1850 577 Moyses,
1913 504 2099 576 inquit

445 595 605 652 dedit
642 595 807 651 vobis
837 593 1045 667 legem,
1080 599 1137 650 et
1161 612 1332 650 nemo
1364 613 1431 650 ex
1476 594 1642 650 vobis
1692 595 1829 650 facit
1886 593 2097 666 legem,

445 683 623 755 (Joan.
647 701 750 755 xu,
784 683 870 754 19)
906 706 933 732 »
969 684 1171 755 utique
1202 682 1565 755 possibilem,
1600 687 1656 739 et
1684 687 1881 738 tamen
1941 683 2095 753 quod

445 778 570 829 erat
596 772 896 846 possibile,
930 786 1100 829 nemo
1132 772 1699 845 impleverat,neque
1738 771 1895 827 enim
1925 771 2097 842 culpa

442 860 790 934 imperantis
820 865 929 930 est,
963 861 1063 915 sed
1099 860 1384 933 fragilitas
1418 860 1731 926 audientis,
1780 865 1843 915 ut
1900 859 2095 916 omnis

445 952 705 1007 mundus
734 952 755 985 ²
775 949 1049 1007 subditus
1071 950 1172 1004 fiat
1193 950 1400 1005 Deo.In
1434 950 1744 1022 Evangelio
1768 950 2094 1005 secundum

440 1039 725 1096 Joannem
758 1040 818 1095 in
850 1038 1054 1095 multis
1085 1042 1142 1094 et
1173 1039 1386 1095 Graecis
1416 1043 1473 1095 et
1516 1039 1738 1094 Latinis
1794 1038 2093 1094 codicibus

444 1129 740 1185 invenitur
758 1129 830 1184 de
860 1127 1129 1184 adultera
1158 1128 1404 1184 muliere
1425 1130 1465 1196 ³,
1501 1145 1628 1200 quae
1675 1132 1947 1184 accusata
2006 1132 2094 1184 est

443 1219 597 1289 apud
630 1217 967 1273 Dominum.
991 1217 1364 1272 Accusabant
1393 1220 1587 1272 autem
1619 1221 1676 1272 et
1722 1217 2093 1272 vehementer

441 1307 732 1379 urgebant
760 1306 975 1362 Scribis
997 1310 1055 1362 et
1088 1306 1381 1373 Pharismi,
1407 1307 1576 1377 juxta
1603 1305 1788 1379 legem
1821 1323 1947 1361 eam
2005 1306 2092 1360 la-

440 1395 642 1467 pidare
667 1395 992 1467 cupientes.
1030 1418 1056 1446 ει
1079 1396 1151 1449 At
1179 1395 1353 1450 Jesus
1409 1394 1725 1462 inclinans,
1758 1393 1938 1466 digito
1954 1394 2093 1449 scri-

441 1484 615 1540 bebat
645 1484 703 1540 in
725 1488 881 1540 terra
911 1484 1097 1554 (Joan.
1129 1501 1253 1549 VIII,
1286 1484 1339 1553 6)
1367 1501 1380 1551 ;
1410 1506 1437 1533 »
1469 1499 1669 1539 eorum
1692 1482 1961 1538 videlicet
1990 1483 2089 1553 qui

440 1573 795 1628 accusabant
825 1574 866 1637 ‘,
899 1576 955 1626 et
983 1572 1248 1627 omnium
1264 1576 1500 1643 peccata
1522 1571 2091 1639 mortalium,sccun-

439 1661 581 1717 dum
615 1662 770 1731 quod
802 1659 1086 1732 scriptum
1119 1664 1207 1715 est
1238 1660 1295 1713 in
1332 1660 1616 1731 propheta
1644 1678 1655 1714 :
1681 1683 1707 1709 ‹‹
1735 1659 2088 1731 Relinquen-

440 1752 529 1803 tes
561 1752 757 1804 autem
798 1752 873 1815 te,
932 1747 991 1802 in
1052 1753 1206 1803 terra
1245 1749 1615 1803 scribentur5
1674 1750 1889 1820 (Jerem.
1947 1766 2086 1816 xvu,
2119 1787 2167 1852 Β

440 1837 551 1908 l3).
580 1859 607 1886 »
644 1837 903 1892 Tandem
934 1841 1109 1909 caput
1139 1837 1371 1893 elevans
1403 1837 1545 1892 dixit
1579 1838 1661 1893 eis
1689 1856 1698 1892 :
1737 1862 1761 1888 ‹‹
1797 1839 1901 1903 Qui
1963 1839 2088 1894 sine

440 1930 676 1997 peccato
707 1930 797 1981 est
824 1930 1108 1991 vestrum,
1141 1925 1370 1997 primus
1398 1927 1593 1981 mittat
1623 1944 1799 1999 super
1829 1943 1956 1983 eam
2003 1927 2087 1983 la-

438 2013 633 2086 pidem
666 2015 989 2085 (Joan.‘vm,
1012 2015 1091 2086 7).
1127 2038 1152 2065 »
1186 2014 1304 2069 Hoc
1328 2016 1482 2087 quod
1518 2015 1732 2071 dicitur
1784 2019 1902 2073 sine
1955 2033 2086 2087 pec-

435 2109 578 2168 cato,
610 2104 804 2160 Graece
853 2103 1138 2175 scripturn
1194 2109 1284 2158 est
1314 2103 1730 2179 ἀναμὰρτητος.
1784 2106 1891 2169 Qui
1950 2122 2086 2178 ergo

439 2190 599 2259 dicit,
634 2191 791 2248 aliud
824 2207 954 2248 esse
983 2191 1109 2249 sine
1140 2197 1394 2265 peccato,
1424 2198 1482 2248 et
1538 2194 1697 2249 aliud
1757 2193 2083 2267 ἁνχμάρτη-

435 2299 552 2349 τον,
601 2285 702 2336 aut
730 2280 993 2337 Graecum
1026 2298 1358 2337 sermonem
1392 2298 1536 2338 novo
1558 2284 1730 2338 verbo
1777 2284 2087 2356 exprimat,

436 2374 540 2426 aut
566 2370 615 2426 si
642 2387 982 2444 expressum
1015 2374 1103 2426 est
1133 2388 1166 2425 a
1192 2371 1434 2438 Latinis,
1470 2376 1537 2428 ut
1590 2372 2086 2445 interpretationis

435 2459 651 2515 veritas
703 2458 900 2527 habet,
984 2458 1317 2532 perspicum
1378 2465 1469 2516 est
1526 2460 1908 2537 ἀναμάρτητον
1944 2461 2086 2517 nihil

435 2546 593 2603 aliud
627 2564 774 2616 esse,
801 2548 914 2603 nisi
944 2551 1062 2604 sine
1089 2553 1328 2619 peccato.
1386 2551 1454 2606 Et
1521 2550 1661 2621 quia
1718 2555 2085 2607 accusatores

437 2651 640 2691 omnes
671 2636 1066 2709 fugeruntlAl.
1096 2637 1350 2708 fugiunt]
1400 2638 1663 2708 (dederat
1717 2640 1874 2694 enim
1931 2656 2086 2696 vere-

435 2724 660 2779 cundiae
682 2722 894 2779 ’eorum
929 2724 1619 2796 clementissimusjudex
1649 2726 1909 2799 spatium
1939 2744 2088 2785 rece-

439 2813 658 2883 dendi),
691 2830 1044 2886 rursumque
1082 2813 1141 2868 in
1201 2818 1357 2869 terra
1409 2814 1693 2883 scribens,
1752 2819 2086 2889 terramque

432 2900 758 2974 despiciens
790 2919 802 2957 :
837 2902 1117 2975 paulatim
1151 2902 1470 2969 discedere,
1504 2907 1561 2959 et
1589 2903 1790 2960 oculos
1821 2907 1975 2961 163
2013 2906 2083 2960 il-

431 2989 546 3047 lius
576 2990 870 3047 declinare
895 2996 1234 3064 cmperunt:
1280 2991 1558 3064 solusque
1618 2994 1901 3050 remansit
1946 3011 2082 3050 cum

432 3080 698 3145 muliere,
732 3080 825 3135 cui
856 3079 1089 3136 locutus
1121 3085 1210 3136 est
1238 3081 1445 3137 Jesus:
1483 3104 1511 3130 ‹‹
1541 3081 1647 3137 Ubi
1676 3086 1815 3138 sunt
1872 3084 1969 3155 qui
2024 3087 2081 3140 te

2209 505 2297 570 10,
2332 504 2437 573 11).
2476 526 2502 553 ››
2535 503 2811 575 Praecepit
2844 502 3145 572 Dominus,
3179 518 3252 558 ne
3282 500 3530 558 ulterius
3592 505 3866 573 peccaret

2208 592 2377 647 sicuti
2400 595 2457 647 et
2481 592 2596 648 alia
2626 591 2973 647 similiterin
3000 594 3126 660 lege
3156 590 3475 647 mandavit.
3507 589 3618 644 Sed
3657 593 3863 645 utrum

2206 698 2274 736 ea
2305 681 2523 746 fecerit,
2547 697 2749 749 necne,
2782 681 3087 753 Scriptura
3145 698 3262 737 non
3318 679 3479 735 dicit.
3536 700 3565 729 «
3612 678 3857 748 Omnes,

2204 770 2418 842 inquit,
2452 770 2551 841 qui
2582 775 2865 825 venerunt
2895 774 3029 825 ante
3059 787 3173 838 me,
3210 771 3366 826 fures
3393 768 3632 824 fuerunt
3656 771 3714 824 et
3770 767 3861 823 la-

2203 863 2401 914 trones
2433 861 2611 931 (Joan.
2640 876 2695 926 x,
2728 860 2802 929 8).
2841 881 2866 907 »
2899 859 2957 914 Si
3017 876 3241 927 omnes,
3301 856 3503 912 nullus
3543 855 3857 928 excipitur.

2210 970 2229 995 α
2268 948 2375 1013 Qui
2406 955 2712 1016 venerunt,
2746 971 2774 997 »
2806 947 3018 1020 inquit,
3053 965 3191 1015 non,
3218 948 3318 1019 qui
3338 946 3506 1003 missi
3566 943 3739 1013 sunt,
3787 946 3860 1002 de

2204 1036 2420 1108 quibus
2452 1037 2736 1109 propheta
2762 1037 2843 1092 ait
2872 1041 2883 1091 ε
2922 1061 2949 1087 ‹‹
2979 1037 3096 1109 Ipsi
3127 1037 3440 1094 veniebant
3467 1053 3501 1091 a
3524 1050 3605 1104 se,
3642 1032 3710 1090 et
3749 1032 3858 1107 ego

2204 1142 2322 1181 non
2359 1126 2667 1182 mittebam
2699 1142 2799 1181 eos
2830 1128 3050 1197 (Jerem.
3097 1142 3213 1195 x1v,
3270 1125 3382 1196 45).
3437 1143 3462 1175 n
3522 1124 3642 1188 Quo
3672 1122 3860 1179 verbo

2201 1214 2390 1270 solius
2422 1215 2634 1271 Christi
2675 1215 2933 1287 potentia
2962 1213 3420 1285 reservatur,qui
3452 1212 3524 1268 ad
3545 1229 3654 1268 sua
3676 1227 3862 1267 vene-

2201 1308 2309 1368 rat,
2341 1308 2399 1363 et
2430 1305 2523 1360 sui
2553 1321 2691 1360 eum
2724 1321 2838 1359 non
2871 1310 3236 1377 receperunt.
3263 1326 3291 1353 «
3325 1303 3476 1358 Dum
3522 1299 3735 1369 essem,
3765 1300 3859 1356 in-

2206 1392 2353 1463 quit,
2387 1392 2445 1446 in
2477 1392 2697 1448 mundo
2723 1409 2857 1448 cum
2879 1393 2986 1458 eis,
3018 1409 3123 1466 ego
3155 1392 3458 1448 servabam
3508 1407 3607 1446 eos
3655 1390 3715 1445 in
3750 1406 3857 1446 no-

2202 1480 2358 1536 mine
2387 1484 2510 1550 tuo,
2543 1498 2691 1553 quos
2720 1482 2933 1537 dedisti
2960 1482 3125 1547 mihi,
3154 1480 3442 1537 custodivi
3463 1482 3505 1545 ⁸,
3557 1482 3614 1534 et
3644 1478 3848 1535 nullus

2199 1584 2264 1622 ex
2288 1568 2371 1623 eis
2429 1569 2619 1641 periit,
2682 1570 2793 1625 nisi
2867 1587 3021 1625 unus
3079 1569 3235 1625 filius
3294 1568 3643 1640 perditionis
3674 1569 3854 1639 (Jaan.

2200 1674 2331 1722 xvu,
2368 1657 2479 1724 l2).
2518 1680 2544 1706 »
2577 1658 2703 1715 Non
2737 1657 2899 1726 dixit,
2935 1658 3067 1714 dedi
3097 1658 3183 1714 eis
3212 1656 3378 1713 liberi
3418 1656 3647 1713 arbitrii
3685 1659 3851 1727 pote-

2198 1748 2430 1813 statem,
2466 1750 2532 1801 ut
2560 1746 2668 1819 ipsi
2698 1764 2761 1803 se
2790 1764 2897 1803 suo
2928 1747 3125 1803 labore
3158 1746 3469 1812 salvarent,
3492 1744 3733 1817 sed,ego
3757 1760 3859 1800 cu-

2198 1834 2406 1890 stodivi
2437 1852 2556 1904 eos,
2590 1852 2694 1908 ego
2722 1837 3237 1908 servavi.Denique
3268 1836 3499 1903 infert,«
3532 1836 3656 1890 Non
3692 1837 3857 1906 peto,

2196 1929 2262 1980 ut
2296 1942 2396 1982 eos
2427 1926 2656 1982 auferas
2686 1927 2757 1981 de
2788 1928 3030 1993 mundo,
3053 1927 3154 1982 sed
3184 1931 3251 1982 ut
3280 1924 3573 1981 custodias
3629 1922 3767 1978 illos
3821 1938 3859 1977 a

2196 2014 2350 2069 malo
2382 2014 2543 2086 (Ibid.
2574 2015 2701 2087 {45).
2755 2038 2782 2065 ››
2847 2017 2908 2070 In
2955 2015 3198 2071 Actibus
3256 2013 3651 2087 apostolorum
3708 2011 3860 2066 scri-

2198 2106 2361 2174 ptum
2391 2107 2477 2159 est
2509 2104 2648 2173 (Act.
2682 2122 2775 2171 xv,
2806 2105 2917 2176 39),
2940 2104 3097 2159 inter
3129 2103 3377 2159 Paulum
3409 2107 3470 2158 et
3517 2099 3855 2157 Barnabam

2196 2196 2433 2263 propter
2455 2193 2762 2261 Joannem,
2795 2194 2895 2265 qui
2945 2193 3393 2266 cognominatus
3443 2197 3534 2247 est
3591 2191 3849 2257 Marcus,

2172 2285 2384 2336 ‘ortam
2419 2280 2870 2351 dissensionem,
2897 2282 2978 2338 ita
3006 2287 3073 2337 ut
3092 2286 3537 2354 separarentur;
3597 2285 3653 2336 et
3711 2280 3852 2335 Bar-

2196 2371 2378 2425 nabas
2430 2370 2712 2438 Marcum,
2773 2379 2826 2427 et
2894 2371 3108 2427 Paulus
3160 2371 3355 2445 Sylam
3415 2372 3742 2426 assumeret
3789 2368 3853 2424 in

2194 2458 2489 2532 Evangelii
2523 2459 2940 2517 ministerium.
2989 2460 3208 2516 Paulus
3257 2459 3530 2525 severior,
3589 2456 3687 2512 ille
3736 2455 3852 2513 cle-

2194 2548 2465 2610 mentior.
2498 2557 2746 2620 uterque
2779 2550 2837 2604 in
2872 2566 2977 2605 suo
3011 2566 3187 2605 sensu
3221 2549 3484 2604 abundat
3510 2547 3619 2619 [Αἰ.
3648 2546 3843 2601 abun-

2193 2636 2412 2707 dabat].
2446 2638 2515 2692 Et
2538 2642 2733 2693 tamen
2766 2638 3058 2694 dissensio
3089 2638 3265 2694 habet
3294 2636 3518 2708 aliquid
3567 2635 3840 2691 humanae

2197 2723 2551 2796 fragilitatis.
2589 2726 2647 2780 In
2683 2727 2885 2782 eodem
2915 2726 3208 2782 volumine
3230 2726 3484 2799 legitur:
3520 2748 3549 2775 ‹‹
3573 2724 3846 2781 Transie-

2195 2816 2332 2867 runt
2362 2813 2682 2887 Phrygiam
2722 2820 2779 2870 et
2799 2815 3117 2871 Galaticam
3144 2816 3249 2887 (Al.
3300 2813 3609 2883 Galatiam]
3659 2810 3850 2885 regio-

2194 2918 2351 2971 nem,
2379 2903 2659 2974 prohibiti
2691 2921 2724 2959 a
2754 2905 2974 2976 Spiritu
3018 2910 3220 2960 sancto
3278 2903 3439 2976 loqui
3487 2898 3732 2958 verbum
3780 2900 3848 2957 in

2192 2991 2330 3046 Asia
2359 2992 2493 3063 (Act.
2526 3010 2642 3060 va,
2675 2994 2728 3065 6)
2763 3013 2775 3061 ;
2815 3015 2842 3042 »
2876 3010 2990 3065 quo
3022 2993 3335 3049 maledicto
3366 2991 3425 3047 in
3459 2992 3588 3064 ipsa
3616 2990 3849 3064 provin-

2192 3080 2280 3135 cia
2306 3084 2444 3150 puto
2477 3098 2660 3152 usque
2690 3081 2864 3137 hodie
2894 3082 3218 3149 haereticos,
3272 3081 3373 3153 qui
3424 3084 3626 3136 contra
3715 3077 3850 3151 Spi-

430 3167 832 3223 aceusabant?
881 3168 1062 3223 Nemo
1113 3171 1168 3222 te
1234 3170 1696 3225 condemnavit?
1753 3173 1887 3237 Qua:
1945 3171 2073 3245 aitgz
2109 3160 2151 3225 C
2190 3169 2368 3224 ritum
2401 3175 2666 3227 sanctum
2707 3171 2951 3239 faciunt,
2983 3170 3269 3244 plurimos
3302 3168 3564 3242 reperiri.
3613 3191 3641 3219 ι(
3671 3170 3855 3225 Cum-

430 3254 660 3323 Nullus,
694 3255 958 3311 Domine.
994 3257 1315 3328 Respondit
1336 3257 1387 3311 ei
1439 3257 1633 3326 Jesus,
1689 3276 1793 3315 nec
1860 3277 1965 3333 ego
2026 3266 2078 3317 te

504 3373 949 3455 ‘Qalumniatur
977 3375 1135 3455 hunc
1166 3375 1360 3455 locum
1408 3377 1686 3455 Julianus
1732 3382 2079 3455 Pelagianus

431 3446 586 3517 apud
617 3446 1015 3523 Augustinum
1049 3448 1596 3523 Operisimperlccti
1630 3452 1731 3508 lib.
1768 3472 1840 3508 ιν.
1868 3446 1926 3509 Ε.
1986 3459 2075 3523 88,

432 3523 496 3598 ut
534 3532 663 3598 eam
708 3517 1054 3598 Hieronymo
1101 3517 1542 3598 blasphemiam
1598 3524 1890 3598 importct,
1962 3517 2079 3598 qua

432 3589 739 3663 di_xerit:_«
774 3588 1067 3663 Christum
1110 3588 1262 3646 non_
1292 3592 1482 3648 solum
1537 3588 1821 3663 naturale,
1875 3588 2077 3654 verum

427 3660 601 3734 etiam
622 3659 1016 3734 voluntarium
1045 3662 1323 3734 habuisse
1345 3671 1671 3734 peccatum.
1695 3688 1722 3717 ››
1744 3659 1887 3723 Cum
1919 3670 2075 3724 enim

429 3731 610 3809 alium
643 3732 836 3788 locum
868 3733 1203 3809 equialogo
1233 3731 1473 3809 anquem
1500 3743 1641 3792 tunc
1697 3740 2075 3809 adducemus,

427 3804 761 3874 objecisset,
781 3805 1018 3874 subdit,
1054 3828 1083 3855 ‹‹
1117 3804 1193 3861 De
1221 3804 1336 3861 alio
1355 3808 1529 3863 etiam
1546 3809 1880 3866 testimonio
1901 3804 2077 3866 Joanl

429 3873 522 3952 nis
552 3873 921 3952 evangelista:
952 3876 1239 3952 ﬂagitium
1271 3877 1323 3932 ei
1344 3878 1826 3952 (Christo)assuit
1858 3883 2079 3937 falsita-

428 3944 526 3999 tis.
559 3945 638 4000 De
656 3944 783 4025 quo
814 3962 985 4025 opere
1007 3944 1069 4002 tu
1098 3944 1477 4025 (Augustine)
1536 3944 1611 4025 in:
1655 3952 1755 4025 illa
1780 4024 1783 4025 ν
1810 3955 2073 4025 epistola,

430 4032 609 4095 quam
638 4017 1048 4095 {Alexandriam
1081 4017 1523 4095 destinasti,_ita
1552 4017 1859 4095 gloriaris;
1880 4030 1942 4079 ut
1990 4017 2076 4079 di;

429 4085 548 4165 eas,
573 4085 871 4165 Pelagium
904 4089 1339 4165 Scripturarum
1375 4085 1446 4165 ab
1477 4085 1919 4165 eovoppressum
1954 4113 2075 4151 mo-

425 4158 948 4238 libusharbitrium
980 4158 1228 4238 liberum
1260 4163 1555 4238 vindicare
1602 4158 1714 4238 non
1749 4184 1942 4238 posse.
1976 4166 2080 4222 Ve-

426 4245 557 4307 rum
590 4229 676 4284 illi
708 4231 867 4303 operi
897 4249 931 4287 a
961 4232 1245 4291 catholico
1260 4235 1420 4307 viro,
1445 4236 1543 4306 qui
1565 4229 1834 4307 pulsatus
1868 4239 2075 4304 fuerat,

428 4300 723 4378 obviatum
749 4300 858 4369 est,
909 4308 1080 4378 etc.»
1131 4308 1202 4360 At
1258 4300 1666 4378 Hieronymus,
1726 4313 1955 4364 tantum
2016 4300 2080 4364 ut

428 4371 747 4456 Porp‘hyrio
779 4371 1576 4456 respondeat,evangelic'am
1608 4379 1907 4456 historiam
1942 4379 2079 4437 sim-

427 4443 658 4566 p/liciter
685 4443 942 4515 exponit,
976 4463 1109 4517 qam
1144 4446 1242 4502 ille
1264 4443 1521 4519 maligne
1552 4450 2074 4566 interpretabatur.

478 4515 571 4566 Ide
594 4516 904 4566 Augustin.
943 4517 978 4566 Ι.
1014 4534 1079 4566 III
1107 4523 1309 4566 contra
1340 4519 1487 4566 duas
1523 4520 1708 4566 eniam
1737 4539 1800 4566 ne
1863 4522 2074 4566 Dnlnoii

478 4514 571 4606 ide
594 4514 904 4606 Angust‘in.
942 4514 1800 4606 1.;111.c‘qn‘trauduas'epistolas
1861 4522 2077 4606 Pelagii
2109 4524 2154 4588 D
2186 4514 2563 4606 gloss'ematils:
2579 4522 2890 4606 vestigium
2910 4522 3003 4578 hic
3025 4524 3205 4606 habes
3221 4514 3375 4606 apud

429 4585 564 4666 e._6.
601 4589 657 4640 et
684 4584 946 4666 libellum
982 4588 1109 4666 fidei
1135 4587 1346 4660 Pelagii
1379 4591 1447 4644 ad
1480 4584 1916 4666 innocentium,
1978 4584 2078 4666 quui

427 4655 584 4737 inter
612 4657 985 4727 supposititia
1037 4658 1189 4737 Hier.
1250 4655 1437 4737 o'pera
1469 4660 1718 4732 Symboli
1763 4655 2080 4737 explana-tio

427 4727 499 4784 ad
529 4727 822 4800 Damasum
852 4733 1229 4800 praenotatur,
1263 4727 1373 4787 sub
1408 4727 1582 4787 finem
1608 4752 1621 4788 :
1647 4758 1675 4785 ‹‹
1725 4727 2081 4793 Anathema-

427 4799 681 4856 tizamus
712 4798 888 4854 etiam
938 4798 1089 4867 illos,
1152 4802 1250 4867 qui
1311 4802 1410 4858 Dei
1473 4803 1683 4860 Filium
1736 4810 2080 4865 necessitate

427 4819 681 4856 tizamus
712 4819 888 4854 etiam
938 4819 1089 4867 mos,
1194 4819 1250 4856 ω
1311 4819 1410 4858 uel
1473 4819 1683 4860 riuum
1736 4819 2078 4865 necessitate

426 4871 625 4962 carnis
644 4872 956 4962 mentitum
990 4888 1118 4929 esse
1150 4819 1624 4962 dicuntnetneum
1688 4885 1928 4962 propter
1986 4898 2078 4936 as-

429 4947 733 5069 sulmpttum
760 4943 1059 5000 hominem
1090 4962 1204 5001 non
1235 4946 1433 5002 omnia
1452 4947 1636 5004 facere
1658 4943 1916 5021 potuisse
1953 4967 2081 5024 quas

429 5029 495 5069 νο
525 5031 581 5069 ιιι
620 5057 632 5069 .
667 5036 694 5065 η

426 5029 632 5070 νοιιιιῐ.
667 5036 694 5065 ›)

483 5085 711 5175 :uUnus
740 5085 1035 5175 Xati‘can,
1065 5088 1248 5175 Neque
1284 5090 1441 5175 enini
1473 5092 1748 5175 culpanda
1788 5097 1911 5147 erat
1959 5095 2076 5163 fra-

432 5156 628 5225 gilitas
652 5157 953 5227 audientis,
976 5167 1037 5215 ut
1062 5156 1241 5215 omnis
1268 5161 1528 5229 mundus,
1563 5156 1670 5217 etc.
1959 5156 1968 5163 ’

448 5296 464 5307 _
502 5225 886 5307 3.1nGraaci3,
933 5231 1031 5301 qui
1069 5238 1442 5307 __supersunt,
1501 5234 1802 5307 codicibus
1856 5236 2079 5307 passim

432 5296 896 5379 desiderari,_aut
930 5296 1045 5379 non
1068 5296 1276 5379 iisdem
1310 5296 1511 5379 referri
1542 5305 1731 5361 verbis
1762 5306 1819 5360 in
1854 5296 2075 5379 Graeco,

432 5368 651 5424 Latinis
681 5374 902 5435 nutem,
938 5376 994 5426 et
1026 5374 1244 5430 Latinis
1276 5376 1551 5432 omnibus
1581 5393 1883 5433 occurrere
1930 5368 2079 5434 hanc

435 5440 509 5522 de
536 5439 800 5522 adultera
830 5440 1133 5522 historiam
1165 5450 1457 5522 testantur
1487 5447 1804 5522 viri‘docti,
1838 5450 1937 5522 qui
1990 5450 2078 5522 bi-

433 5509 752 5583 bliothecas
783 5512 1230 5583 perlustrarunt.
1264 5517 1513 5581 Quidam
1545 5519 1723 5575 etiam
1777 5509 1806 5576 ὁ
1855 5509 2078 5578 ’ϐνωθὶε

434 5581 708 5665 Ραῐνὶὺέιλε
756 5581 885 5665 eam
941 5583 1203 5665 laudant,
1256 5602 1287 5665 β
1345 5591 1560 5665 quibus
1606 5591 2077 5665 Chyrsostomus,

434 5655 593 5740 hom.
622 5652 715 5727 60,
746 5657 807 5721 et
833 5652 1007 5730 longe
1044 5652 1405 5733 antiquiores
1462 5652 1815 5723 Ammonius
1865 5669 1923 5724 et
1972 5652 2085 5749 Tal:

2187 3273 2301 3331 que
2331 3258 2646 3325 venissent,
2696 3260 2797 3326 ait,
2858 3260 2917 3314 in
2977 3260 3243 3332 Mysiam,
3294 3258 3597 3315 tentabant
3638 3259 3724 3315 ire
3784 3262 3847 3319 in

2188 3382 2402 3436 tianus.
2436 3382 2671 3456 Latinos
2702 3388 2996 3456 praetereo,
3030 3401 3281 3456 quorum
3328 3382 3535 3456 ingens
3576 3387 3705 3456 est
3735 3402 3845 3442 nu-

2189 3455 2555 3529 merus.__Cur
2582 3453 2719 3529 vero
2748 3453 3064 3529 contigerit
3087 3456 3153 3529 in,
3183 3453 3543 3529 quibusdam
3575 3453 3744 3529 libris
3787 3462 3845 3513 et

2187 3525 2552 3598 versionibus
2574 3525 2833 3597 antiquis
2864 3525 3180 3598 amputari,
3202 3525 3215 3527 “
3238 3526 3523 3582 rationem
3556 3527 3728 3584 addit
3781 3529 3844 3586 S.

2188 3599 2435 3671 August.
2462 3596 2570 3671 lib.
2607 3615 2666 3671 tr,
2716 3596 2781 3671 de
2839 3596 3120 3667 Coniugiis
3172 3598 3520 3671 adulterinis,
3582 3614 3710 3671 cap.
3759 3602 3845 3657 7:

2189 3691 2215 3715 ‹‹
2251 3666 2546 3737 Nonnulli,
2606 3669 2818 3739 inquit,
2875 3666 3113 3724 medice
3171 3670 3258 3724 vel
3331 3669 3525 3741 potius
3620 3666 3847 3729 inimici

2187 3756 2332 3811 verse
2365 3740 2519 3811 fidei,
2553 3740 2742 3800 credo.
2778 3745 3107 3811 metuentes
3131 3740 3841 3811 peccandiimpunitatem

2189 3810 2312 3884 dari
2341 3810 2685 3884 mulieribus
2716 3810 2860 3877 suis,
2892 3812 3036 3884 illud
3071 3810 3224 3884 quod
3277 3812 3347 3867 de
3394 3810 3667 3884 adultera;
3708 3883 3711 3884 ν
3757 3815 3846 3870 in-

2188 3881 2488 3953 dulgentia
2518 3882 2800 3937 Dominus
2836 3883 2986 3948 fecit,
3020 3881 3393 3938 abstulerunt
3417 3885 3486 3939 de
3531 3883 3843 3953 codicibus

2188 3952 2334 4027 suis,
2370 3953 2538 4027 quasi
2572 3953 3016 4027 permissionem
3051 3955 3330 4026 peccandi
3375 3952 3665 4027 tribuerit,
3709 3958 3837 4027 qui

2189 4025 2354 4088 dixit,
2385 4024 2506 4096 noli
2534 4024 2788 4096 amplius
2822 4024 3077 4096 peccare.
3114 4050 3140 4074 ››
3161 4027 3370 4081 Euseb.
3424 4028 3547 4082 Hist
3594 4024 3765 4081 Ecclf
3796 4027 3839 4083 l.

2188 4112 2272 4164 IlI,
2306 4094 2610 4170 historiam
2635 4094 2850 4151 ‘Joann‘i
2876 4097 3133 4170 additam
3163 4097 3318 4170 dicit
3374 4114 3469 4170 ex
3495 4097 3840 4170 Evangelia,

2188 4166 2343 4236 quod
2373 4166 2714 4221 inscribitur
2743 4168 3042 4223 secundum
3084 4168 3344 4226 hcbrazos.
3403 4167 3535 4223 Vid.
3596 4166 3840 4225 ϐοῇωνὲ

2186 4237 2337 4292 diem
2356 4237 2635 4292 Jansenii.

2258 4309 2277 4341 ‘
2309 4309 2369 4382 in
2405 4325 2516 4364 ms.
2551 4309 2996 4382 Evangeliorum
3020 4309 3234 4382 Graeco,
3269 4326 3382 4382 quo
3414 4310 3474 4382 in
3505 4310 3841 4382 Comment.

2187 4379 2489 4454 ad-Sotam
2513 4397 2657 4435 usus
2679 4378 2772 4454 est
2823 4378 3317 4454 Wagenseillius,
3353 4381 3567 4454 legitur
3616 4386 3697 4454 τῷ
3754 4378 3846 4435 δα-

2186 4446 2372 4521 κτύλῳ
2406 4446 2630 4527 ἔγραφεν
2678 4450 2902 4504 ἑκάστου
2939 4446 3235 4513 ᾌῦτῶντὰς
3286 4446 3585 4525 ’ἁμαντίαᾳ
3646 4446 3843 4526 Hujus

2186 4520 2558 4580 Blossematis
2579 4522 2890 4580 vestigium
2910 4522 3003 4578 hic
3025 4524 3205 4580 habes
3221 4526 3375 4580 apud
3399 4472 3843 4580 ﬁieronvmum.

3450 4523 3847 4607 ieronymum,

2190 4609 2361 4664 quem
2390 4594 2565 4649 veluti
2594 4594 3048 4667 ejus‘au‘ctorem
3103 4594 3344 4667 quidam
3404 4594 3698 4652 immerito
3757 4612 3853 4653 ac-

2191 4669 2417 4739 cusant,
2432 4682 2511 4739 ex
2539 4682 2725 4739 eoque
2755 4665 2957 4721 volunt
2986 4665 3208 4739 Graecos
3231 4668 3583 4739 sumpsisse.
3606 4669 3679 4721 At
3698 4668 3849 4723 sim-

2191 4735 2397 4809 plicior
2428 4738 2485 4791 in
2517 4735 3034 4809 msfglossematis
3093 4739 3280 4793 forma
3335 4735 3734 4809 antiquiorem
3781 4754 3846 4795 se

2191 4754 2397 4808 pllClOI‘
2428 4754 2485 4791 in
2517 4754 2630 4793 ms.
2662 4754 3034 4861 glossemaus
3093 4754 3280 4793 iorma
3335 4754 3734 4809 antiquiorem
3781 4754 3842 4795 se

2190 4808 2402 4881 prodit.
2434 4809 2559 4864 Non
2598 4809 2673 4881 ab
2704 4809 2829 4863 udit
2859 4810 3127 4881 Ambros.
3156 4809 3325 4881 epist.
3357 4810 3527 4881 58nd
3553 4809 3842 4866 Studium:

2190 4908 2217 4929 ις
2253 4880 2368 4953 Ηοο
2400 4880 2721 4953 prcevidens
2749 4880 3034 4953 Dominus
3086 4880 3264 4953 (Jes’us
3314 4880 3594 4953 inclinato
3654 4881 3846 4953 capite

2189 4950 2482 5025 scribebat
2503 4951 2562 5006 in
2595 4956 2768 5007 terra.
2802 4952 2949 5017 Quid
2983 4952 3277 5025 scribebat
3304 4952 3332 5006 ?
3363 4953 3476 5008 nisi
3506 4950 3653 5025 illud
3702 4950 3845 5025 pro-

2189 5022 2487 5094 pheticum
2509 5025 2725 5092 (larem.
2758 5039 2898 5094 xxxi,
2931 5025 2987 5091 9)
3019 5040 3031 5077 :
3060 5024 3244 5088 Terra,
3281 5031 3455 5092 terra,
3505 5022 3721 5079 scribe'
3746 5023 3847 5080 hos

2188 5093 2657 5167 igirospabdz'catos.
2694 5119 2715 5145 ι
2741 5093 3047 5167 _Victorius
3074 5110 3132 5151 se
3163 5112 3297 5151 cum
3355 5094 3608 5167 Vulgata
3630 5122 3641 5151 ο.
3662 5095 3840 5151 addi-

2189 5165 2296 5231 dit,
2328 5165 2606 5221 inclinans
2626 5182 2683 5220 se
2714 5165 2912 5236 digito,
2945 5169 3053 5222 etc.

2260 5236 2435 5310 “(Duo
2466 5236 2729 5293 Vaticani
2773 5253 2906 5292 cum
2965 5238 3141 5293 veteri
3199 5238 3360 5307 edit.,
3415 5238 3595 5310 Super
3635 5241 3850 5294 terram

2186 5308 2521 5363 scribantur.

2259 5380 2280 5413 ⁸
2312 5378 2541 5450 Reginae
2572 5395 2683 5433 ms.
2717 5382 2892 5449 atque
2931 5378 3097 5450 alter
3157 5379 3447 5447 Vatican.,
3499 5381 3563 5434 In
3615 5381 3849 5436 nomine

2186 5448 2447 5523 tuoque}!
2476 5450 2602 5523 dedi
2622 5452 2722 5519 eis,
2754 5448 3044 5523 custodivi,
3078 5453 3213 5519 etc.,
3246 5468 3372 5523 qua:
3397 5450 3636 5523 quidem
3666 5450 3852 5510 multi

2189 5519 2453 5576 facienda
2483 5520 2653 5578 lectio
2683 5521 3047 5595 cst,tame_tsi
3096 5519 3286 5595 neque
3339 5519 3574 5579 Graecus
3626 5526 3850 5595 textus,

2187 5607 2376 5668 neque
2394 5598 2677 5663 veterum,
2710 5593 2865 5668 quod
2898 5592 3103 5662 sciam,
3138 5592 3442 5657 auctorum
3502 5594 3853 5660 testimonia

2188 5608 2376 5723 ῐιθὲυθ
2394 5608 2611 5651 veterni

2188 5679 2260 5724 su
2311 5668 2611 5740 regentur.
