4082 6168
235 291 354 358 581

1085 287 1471 355 DIALOGUS
1515 289 1831 354 CONTRA
1871 288 2393 354 PELAGIANOS.
2430 320 2507 336 —-
2538 288 2687 353 LIB.
2733 288 2809 362 ΙΙ,

3540 297 3657 362 582

236 424 575 498 Bithyniam
614 466 629 491 ,
698 427 800 481 sed
841 442 956 481 non
1016 425 1240 481 dimisit
1296 442 1394 482 eos
1453 427 1705 498 Spiritus
1761 426 1898 481 Jesu
1929 427 1981 492 Α
2013 425 2265 480 salvatus
2298 427 2374 481 sit
2431 425 2832 480 misericordia
2863 425 2984 493 Dei,
3029 429 3198 498 cujus
3236 430 3529 499 judicium
3569 438 3659 489 est

237 518 375 583 (Act.
405 533 522 582 XVI,
553 516 632 586 7).
672 538 698 564 ››
735 515 881 570 Nota
928 517 1080 585 quod
1139 515 1390 586 Spiritus
1445 517 1604 578 Jesu,
1643 515 1895 586 Spiritus

236 611 483 661 sanctus
515 605 612 675 sit,
647 606 750 676 qui
783 605 842 658 in
871 605 984 660 alio
1015 605 1140 660 loco
1172 611 1406 676 propter
1435 606 1724 660 unitatem
1757 605 1894 660 sub-

236 694 495 764 stantia},
526 695 716 750 Patris
747 693 1001 764 Spiritus
1035 692 1382 765 appellatur.
1415 693 1631 748 Volunt
1662 694 1764 764 [Αἰ.
1800 711 1894 748 vo-

235 783 508 853 luerunt]
538 781 696 854 loqui
752 783 811 836 in
868 782 1026 848 Asia,
1086 788 1143 837 et
1173 782 1557 853 prohibentur
1604 800 1638 836 a
1676 781 1896 854 Spiritu

240 877 483 928 sancto.
516 873 760 926 Tentant
787 871 870 925 ire
903 871 963 925 in
999 871 1355 942 Bithyniam,
1386 876 1444 926 et
1475 887 1591 925 non
1642 888 1739 926 eos
1768 888 1895 942 per-

246 961 444 1016 mittit
483 959 723 1032 Spiritus
768 959 931 1016 Jesu.
994 959 1150 1014 Satis
1207 960 1559 1031 importune,
1621 960 1669 1014 si
1701 959 1784 1014 eis
1817 962 1898 1014 I'a-

254 1049 473 1115 ciendi,
500 1048 582 1103 vel
611 1064 726 1103 non
753 1047 1001 1104 faciendi
1026 1047 1203 1103 semel
1236 1049 1470 1104 dederat
1487 1048 1650 1103 liberi
1675 1048 1899 1103 arbitrii

252 1142 593 1211 potestatem
604 1179 616 1190 .

321 1228 406 1281 48.
440 1226 717 1297 Sequitur
752 1243 762 1281 :
804 1249 823 1276 α
887 1227 1194 1298 Tempora,
1254 1225 1487 1298 inquit,
1559 1227 1899 1298 ignorantiae

237 1315 564 1388 respiciens
595 1315 775 1381 Deus,
807 1332 964 1370 nunc
1021 1316 1294 1386 pracepit
1350 1314 1687 1370 hominibus
1751 1317 1900 1371 164

237 1405 459 1476 ubique
486 1404 892 1476 paenitentiam
952 1419 1121 1475 agere
1181 1405 1362 1471 ‘(Act
1424 1421 1558 1472 xvn,
1611 1403 1724 1474 30),
1759 1426 1787 1452 »
1819 1404 1900 1458 Si-

235 1494 595 1567 gnificanter
651 1492 941 1564 praeterita
995 1492 1053 1546 in
1110 1491 1235 1564 lege
1293 1496 1578 1563 tempora,
1637 1497 1901 1565 tempora

238 1583 587 1656 ignorantia:
619 1582 1060 1637 demonstravit.
1122 1581 1374 1636 Rursum
1435 1581 1516 1636 ait
1552 1599 1563 1635 :
1602 1605 1620 1629 ι
1657 1581 1899 1637 Veniam

242 1674 318 1728 ad
349 1689 474 1738 vos,
509 1671 628 1726 Deo
654 1668 902 1726 volente.
936 1692 964 1722 ››
999 1670 1114 1725 Cur
1165 1670 1514 1741 interposuit
1542 1670 1899 1725 voluntatem

241 1763 370 1829 Dei,
406 1762 455 1819 si
489 1761 744 1816 habebat
775 1761 864 1815 sui
926 1760 1152 1815 arbitrii
1203 1763 1548 1832 potestatem
1581 1760 1608 1813 ?
1648 1760 1902 1815 Jacobus

238 1851 543 1924 apostolus
576 1868 588 1904 :
631 1871 657 1899 «
688 1850 742 1904 Si
776 1850 928 1921 quis,
967 1850 1067 1914 ait,
1123 1849 1438 1904 servaverit
1471 1853 1651 1903 totam
1685 1843 1898 1922 legem,

238 1940 550 1995 olfenderit
581 1944 778 1994 autem
809 1939 866 1992 in
898 1955 1040 2007 uno,
1073 1955 1207 1992 reus
1259 1943 1348 1993 est
1399 1939 1664 1993 omnium
1710 1939 1898 1994 factus

241 2031 384 2094 (Jac.
421 2046 481 2095 11,
514 2029 622 2098 tO).
658 2050 684 2075 ››
717 2026 856 2090 Quis
918 2033 1184 2081 nostrum
1246 2027 1304 2080 in
1365 2025 1524 2081 nullo
1584 2025 1899 2098 aliquando

242 2116 562 2191 peccavit?
615 2117 668 2170 Si
728 2120 923 2171 autem
983 2117 1239 2188 peccavit
1295 2116 1471 2186 (quod
1527 2116 1723 2187 negari
1783 2133 1899 2171 non

245 2208 474 2280 potest)
503 2211 556 2260 ct
579 2222 674 2277 per
720 2223 907 2260 unum
946 2210 1271 2276 peccatum,
1306 2205 1570 2260 omnium
1622 2210 1709 2260 est
1767 2221 1899 2260 reus

238 2298 642 2368 peccatorum,
669 2311 786 2349 non
819 2294 942 2349 suis
973 2294 1216 2361 viribus,
1276 2294 1376 2348 sed
1436 2294 1537 2348 Dei
1569 2294 1897 2350 misericor-

241 2385 341 2440 dia
389 2384 666 2440 salvatur.
704 2407 731 2431 ‹‹
765 2383 824 2438 Si
856 2383 991 2455 quis
1022 2385 1080 2438 in
1112 2383 1285 2438 verbo
1346 2400 1461 2438 non
1502 2384 1779 2455 peccavit,
1804 2384 1898 2439 hic

242 2474 538 2547 perfectus
568 2477 657 2529 est
683 2473 772 2528 vir
801 2473 933 2543 (Jac.
970 2475 1137 2543 111,2).
1173 2498 1194 2525 η
1233 2472 1292 2528 Si
1331 2471 1649 2543 aliquando
1681 2473 1735 2527 in
1777 2491 1896 2528 scr-

245 2579 420 2618 mone
448 2562 728 2635 peccasti,
761 2561 862 2616 ubi
911 2566 1001 2616 est
1031 2563 1186 2632 apud
1242 2566 1298 2617 te
1330 2566 1687 2633 praesumpta
1718 2564 1898 2633 perfe-

245 2652 383 2717 ctio,
415 2651 672 2706 maxime
704 2667 838 2706 cum
870 2655 1189 2722 sequatur:
1218 2673 1244 2700 ‹‹
1277 2650 1559 2723 Linguam
1583 2654 1776 2706 autem
1802 2651 1899 2706 ho-

245 2742 472 2796 minum
504 2740 708 2795 nullus
739 2743 929 2812 potest
958 2740 1220 2810 domare,
1254 2739 1620 2795 incontinens
1652 2739 1894 2808 malum,

251 2830 427 2902 plena
454 2828 672 2885 veneni
705 2828 990 2884 mortiferi
1022 2829 1178 2899 (Ibid.
1212 2831 1289 2899 8).
1318 2851 1344 2877 ››
1379 2830 1536 2900 Rogo
1566 2835 1622 2884 te
1654 2835 1718 2883 ut
1754 2829 1895 2884 mihi

249 2919 626 2992 respondeas,
659 2919 709 2973 si
768 2917 972 2990 lingua
1019 2918 1390 2973 incontinens
1448 2924 1536 2973 est
1566 2918 1810 2984 malum,
1843 2923 1898 2974 et

248 3010 417 3081 plena
445 3007 653 3063 veneni
696 3006 1001 3070 mortiferi,
1064 3011 1121 3062 et
1180 3006 1378 3062 nullus
1411 3011 1602 3077 potest
1655 3008 1894 3062 domare

247 3098 510 3171 linguam
542 3095 906 3161 mortalium,
939 3100 996 3150 et
1025 3096 1172 3151 tanti
1205 3096 1470 3151 criminis
1502 3113 1636 3151 reus
1667 3113 1750 3163 es,
1796 3097 1892 3151 ubi

246 3187 302 3242 in
335 3191 688 3260 perpetuum
722 3190 1093 3256 peccatorum
1127 3186 1264 3257 fuga
1293 3185 1320 3238 ‘I

244 3367 402 3420 inter
430 3382 528 3420 vos
553 3366 580 3419 ?
607 3364 811 3419 Nonne
841 3381 911 3418 ex
938 3363 1360 3434 voluptatibus,
1396 3381 1522 3436 quae
1554 3365 1812 3420 militant
1841 3365 1898 3420 in

245 3454 530 3510 membris
544 3452 750 3509 vestris
768 3454 900 3522 (Jac.
921 3452 1021 3519 1v,-I
1038 3454 1052 3522 )
1072 3455 1093 3507 ἓ
1115 3455 1228 3506 Aut
1250 3453 1513 3506 membra
1535 3470 1651 3508 non
1673 3453 1901 3509 habetis

244 3544 534 3607 humana,
556 3547 655 3617 aut
675 3543 722 3596 si
743 3541 920 3597 homo
952 3559 1073 3596 non
1095 3546 1287 3613 potest
1309 3558 1436 3597 esse
1460 3543 1585 3598 sine
1619 3544 1901 3599 membris

252 3629 619 3685 conﬁtemini
635 3631 988 3702 voluptatem
1006 3634 1180 3701 atque
1202 3631 1494 3685 luxuriam
1515 3632 1570 3685 in
1595 3633 1802 3686 vestris
1817 3649 1903 3687 ar-

256 3714 448 3774 tubus
481 3717 740 3773 militare.
796 3719 977 3775 David
1037 3720 1133 3790 qui
1195 3720 1418 3775 dixerat
1476 3720 1834 3776 confidenter
1885 3741 1896 3777 :

251 3833 280 3858 ‹‹
315 3808 508 3864 Proba
541 3823 650 3872 me,
680 3808 941 3876 Domine,
969 3815 1025 3864 et
1059 3813 1218 3864 tanta
1241 3826 1351 3874 me,
1387 3826 1490 3865 ure
1520 3826 1687 3865 renes
1719 3828 1900 3878 meos,

248 3904 305 3955 et
337 3915 443 3954 cor
472 3912 691 3963 meum,
724 3899 863 3970 quia
892 3902 1026 3954 ante
1047 3899 1279 3954 occulos
1311 3916 1470 3954 meos
1501 3900 1903 3956 misericordia

248 3995 347 4044 tua
377 3993 488 4053 est,
523 3992 580 4042 et
613 3986 937 4058 complacui
970 3987 1028 4041 in
1071 3987 1312 4043 veritate
1344 3992 1443 4043 tua
1472 3987 1646 4059 (Psal.
1682 4007 1811 4058 xxx,
1845 3995 1899 4057 2,

243 4076 321 4142 3).
358 4096 384 4122 α
419 4075 488 4128 Et
517 4075 731 4129 iterum
767 4091 778 4127 :
815 4097 841 4122 ‹‹
879 4075 993 4145 Ego
1026 4079 1221 4129 autem
1278 4075 1341 4130 in
1381 4076 1714 4131 innocentia
1773 4094 1902 4132 mea

247 4165 548 4235 ingressus
563 4180 722 4228 sum;
740 4184 764 4211 ››
790 4167 902 4228 et,«
929 4163 1033 4218 Pes
1057 4180 1223 4218 meus
1239 4164 1398 4219 stetit
1423 4165 1479 4218 in
1505 4165 1723 4220 directo
1739 4166 1896 4236 (Ibid.

249 4253 354 4319 tt),
393 4275 420 4299 ››
454 4268 800 4323 quanquam
827 4251 1038 4320 judicii
1084 4252 1384 4307 veritatem
1417 4252 1517 4308 Dei
1568 4253 1900 4310 misericor-

245 4342 337 4396 dia
395 4341 722 4413 mitigaret,
757 4345 948 4394 tamen
1002 4341 1140 4412 quia
1191 4340 1301 4396 hoc
1358 4358 1539 4397 ausus
1571 4343 1898 4414 estdicere,

245 4427 600 4500 relinquitur
630 4444 945 4499 parumper
974 4427 1272 4500 fragilita'ti
1314 4446 1453 4494 sua},
1501 4434 1556 4484 et
1586 4436 1651 4485 ut
1680 4447 1778 4486 vos
1811 4431 1898 4485 di~

245 4515 391 4607 citis,
424 4516 656 4607 arbitrii
687 4516 1057 4607 libertati,_et
1088 4534 1190 4607 per
1219 4516 1570 4572 adulterium
1606 4517 1808 4590 lapsus
1840 4520 1896 4573 in
1931 4543 1975 4607 D

245 4604 656 4672 homicidium,
713 4610 918 4676 postea
973 4605 1234 4677 loquitur
1295 4623 1369 4660 ;‹‹
1427 4607 1702 4662 Miserere
1762 4609 1897 4673 mei,

245 4693 419 4759 Deus,
455 4695 782 4750 secundum
811 4711 1087 4767 magnam
1119 4695 1583 4751 misericordiam
1614 4703 1798 4752 tuam.
1830 4699 1900 4753 Et

249 4783 570 4838 secundum
632 4783 1075 4838 multitudinem
1135 4784 1581 4840 miserationum
1640 4791 1895 4853 tuarum,

251 4869 383 4926 dele
405 4870 772 4944 iniquitatem
805 4889 994 4928 meam
1029 4875 1202 4944 (Psal.
1264 4892 1313 4941 L,
1352 4875 1401 4942 1,
1433 4875 1509 4945 2).
1570 4898 1596 4923 »
1647 4875 1760 4929 Nec
1792 4875 1899 4931 hoc

248 4960 398 5028 dico,
434 4963 587 5033 quod
618 4962 813 5016 virum
847 4966 1115 5018 sanctum
1166 4979 1457 5032 accusem,
1514 4965 1585 5018 de
1615 4981 1728 5035 quo
1757 4964 1896 5019 scri-

247 5053 415 5121 ptum
447 5055 555 5117 est,
592 5052 747 5123 quod
782 5051 981 5107 fecerit
1010 5069 1213 5108 omnes
1241 5052 1572 5108 voluntates
1608 5053 1737 5121 Dei;
1798 5053 1898 5108 sed

248 5140 399 5210 quod
429 5139 637 5195 multis
686 5139 818 5197 aliis
846 5141 1018 5196 bonis
1067 5141 1184 5197 haec
1215 5142 1357 5198 vitia
1388 5142 1801 5213 compensarit,
1845 5147 1900 5196 et

317 5336 332 5370 ¹
363 5338 713 5404 Vaticanus,
747 5355 934 5411 omnes
973 5339 1192 5410 ubique,
1225 5341 1356 5404 etc.,
1377 5341 1530 5411 quod
1564 5339 1800 5410 quidem
1827 5341 1896 5396 ad

251 5407 510 5483 Graecum
542 5409 845 5483 exemplar
874 5415 983 5477 est,
1016 5407 1145 5462 πᾶσι
1175 5407 1456 5483 anniculo")
1491 5407 1788 5483 μετ-ανοεῖν.

318 5481 543 5536 Ἀἀὰἰι
574 5481 842 5536 Vatican.
887 5483 1025 5537 bona
1072 5499 1206 5538 cum
1258 5481 1518 5538 Romano
1568 5483 1896 5539 Psalterio:

255 5567 384 5627 mox
407 5553 786 5627 Reginaafms.
818 5570 952 5609 cum
984 5554 1162 5610 veteri
1223 5553 1746 5627 edit._iniquitatem
1768 5626 1772 5627 ί
1798 5573 1899 5627 pro

249 5624 601 5702 injustitiam,
635 5626 889 5703 denique
919 5643 1034 5684 una
1064 5641 1267 5684 omnes
1284 5624 1502 5699 quibus
1521 5624 1899 5690 utimurli'bri

2004 515 2062 568 in
2094 514 2466 586 ponderibus,
2496 521 2554 571 et
2584 518 2656 570 ab
2678 531 2849 586 quem
2876 516 3069 588 Asaph
3101 517 3359 589 loquitur
3385 540 3396 576 :
3438 544 3464 571 ‹‹
3487 523 3655 579 Ciba-

2008 604 2094 658 bis
2130 621 2233 658 nos
2268 622 2414 675 pane
2446 605 2859 675 lacrymarum,
2911 610 2967 659 et
3027 611 3225 676 potum
3286 610 3451 665 dabis
3482 614 3655 669 nobis

2007 695 2067 747 in
2103 693 2376 764 lacrymis
2428 693 2576 748 765
2624 695 2680 747 in
2736 711 3012 750 mensura
3060 697 3234 764 (Psal.
3284 715 3468 764 LxxIx,
3512 703 3652 768 6).»

2007 782 2204 853 Neque
2235 781 2388 836 enim
2427 783 2682 851 injustus
2713 788 2801 838 est
2833 784 3133 851 Dominus,
3164 790 3228 839 ut
3255 791 3478 843 tantum
3528 808 3656 862 pec-

2008 875 2137 924 cata
2157 871 2895 937 condcmuct,ctbonorum
2945 889 3186 944 operum
3228 892 3344 930 non
3377 879 3659 935 memine-

2009 959 2101 1014 rit.
2137 959 2299 1014 Unde
2329 965 2385 1013 et
2420 960 2475 1012 in
2509 958 2622 1014 alio
2654 959 2778 1014 loco
2811 960 2961 1015 idem
3000 962 3175 1016 David
3238 965 3396 1019 canit
3431 982 3442 1020 :
3477 989 3504 1015 «
3542 968 3659 1039 Ego

2009 1048 2126 1102 dixi
2159 1048 2214 1101 in
2247 1048 2607 1102 abundantia
2630 1066 2781 1116 mea,
2808 1067 2920 1104 non
2954 1052 3227 1106 movebor
3256 1053 3315 1108 in
3347 1060 3659 1125 aeternum,

2011 1136 2291 1204 Domine;
2327 1137 2383 1191 in
2417 1137 2714 1191 voluntate
2745 1139 2764 1171 ²
2825 1143 2923 1192 tua
2954 1141 3271 1210 praestitisti
3304 1144 3496 1199 decori
3531 1163 3660 1201 meo

2011 1226 2304 1281 virtutem.
2363 1227 2632 1281 Avertisti
2670 1227 2871 1282 faciem
2931 1233 3093 1284 tua'n
3127 1247 3160 1284 a
3219 1248 3329 1286 me.
3368 1237 3422 1286 et
3473 1235 3662 1292 factus

2013 1332 2146 1369 sum
2171 1315 2554 1370 conturbatus
2577 1317 2744 1386 (I’sal.
2774 1334 2927 1384 xxix,
2951 1321 3006 1384 7,
3029 1318 3107 1387 8).
3136 1343 3156 1369 »
3187 1352 3252 1358 ——
3278 1343 3304 1369 ‹‹
3334 1321 3452 1375 Dixi
3479 1323 3658 1391 enim,

2011 1403 2400 1474 pronuntiabo
2433 1408 2636 1459 contra
2666 1421 2757 1458 me
2787 1405 3091 1476 injustiam
3142 1424 3331 1463 meam
3391 1409 3658 1480 Domino,

2011 1498 2066 1547 et
2091 1498 2152 1546 tu
2187 1493 2465 1547 remisisti
2501 1493 2858 1563 impietatem
2890 1495 3109 1565 peccati
3143 1497 3254 1551 mei
3299 1499 3469 1566 (Psal.
3504 1518 3659 1568 xxx1,

2010 1583 2085 1651 5).
2126 1607 2150 1629 ››
2190 1582 2476 1652 Justoque
2506 1582 2840 1652 praecipitur
2870 1600 2881 1636 :
2919 1607 2945 1630 ‹‹
2979 1585 3184 1640 Revela
3216 1588 3284 1640 ad
3345 1587 3660 1646 Dominum

2009 1671 2163 1725 viam
2197 1676 2378 1736 tuam,
2413 1675 2468 1725 et
2498 1687 2668 1742 spera
2700 1671 2757 1724 in
2786 1688 2942 1737 eum,
2977 1679 3034 1728 et
3065 1673 3190 1744 ipse
3223 1676 3410 1731 faciet.
3440 1679 3502 1731 Et
3524 1680 3662 1733 edu-

2011 1764 2100 1814 cet
2131 1760 2298 1830 quasi
2330 1759 2529 1814 lumen
2554 1760 2847 1828 justitiam
2876 1767 3062 1828 tuam,
3088 1767 3145 1817 et
3170 1764 3458 1832 judicium
3492 1771 3660 1822 tuum

2011 1854 2291 1919 tanquam
2327 1849 2626 1903 meridiem
2664 1850 2831 1919 (Psal.
2867 1868 3056 1905 xxxv1.
3080 1852 3135 1915 5,
3163 1854 3238 1922 6).
3276 1878 3301 1902 ››
3341 1887 3403 1893 —
3429 1879 3454 1903 ‹‹
3491 1856 3662 1912 Salus

2010 1938 2166 1992 enim
2193 1939 2492 2007 justorum
2525 1956 2558 1992 a
2591 1939 2832 1993 Domino
2865 1940 3022 2009 (Ibid.
3057 1942 3169 2010 30),
3207 1965 3231 1990 ››
3267 1943 3403 2013 quia
3430 1962 3544 2000 non
3576 1950 3664 2002 est

2011 2027 2236 2082 sanatio
2271 2027 2327 2080 in
2360 2043 2534 2082 carne
2561 2044 2762 2082 eorum
2797 2029 2992 2083 afacie
3015 2029 3112 2083 iraa
3134 2032 3286 2100 ejus.
3312 2034 3378 2086 Et
3403 2035 3662 2104 quotidie

2003 2117 2171 2185 juxta
2201 2116 2538 2188 Apostolum
2573 2117 2671 2187 qui
2705 2117 2929 2172 dixerat
2962 2135 2974 2172 :
3011 2141 3038 2167 ‹‹
3073 2119 3195 2174 Non
3250 2121 3404 2176 enim
3439 2123 3664 2180 habitat

2013 2205 2068 2259 in
2101 2222 2273 2260 carne
2306 2222 2435 2260 mea
2466 2206 2683 2260 bonum
2719 2206 2889 2275 (Rom.
2925 2224 3022 2272 v11,
3060 2209 3170 2278 18),
3208 2232 3234 2256 ››
3269 2210 3664 2282 ingemiscunt

2009 2295 2291 2362 dicentes,
2322 2318 2348 2342 ‹‹
2384 2295 2570 2350 Renes
2603 2295 2713 2348 mei
2746 2294 2974 2366 impleti
3000 2301 3139 2351 sunt
3174 2297 3572 2366 illusionibus,
3605 2307 3662 2356 et

2011 2399 2122 2437 non
2157 2387 2244 2437 est
2274 2382 2494 2437 sanitas
2525 2382 2582 2436 in
2642 2400 2814 2437 carne
2875 2400 3003 2438 mea
3034 2385 3208 2454 (Psal.
3243 2404 3458 2453 XXXVII,
3492 2389 3567 2455 8).
3630 2412 3659 2438 ››

2010 2471 2216 2526 Breves
2241 2471 2397 2526 enim
2430 2473 2626 2542 posuit
2655 2472 2777 2526 dies
2809 2478 3059 2538 nostros,
3103 2479 3159 2529 et
3191 2475 3524 2531 substantia
3558 2495 3659 2533 no—

2009 2564 2133 2614 stra
2163 2559 2330 2630 quasi
2363 2558 2614 2614 nihilum
2647 2560 2706 2614 in
2739 2567 3055 2632 conspectu
3109 2564 3256 2632 ejus.
3322 2589 3348 2612 «
3383 2565 3662 2622 Universa

2006 2649 2234 2704 vanitas
2290 2649 2482 2702 omnis
2532 2649 2706 2703 homo
2738 2650 2936 2705 vivens
2983 2652 3150 2722 (I’sal.
3206 2671 3439 2721 xxxviu,
3491 2657 3566 2725 6),
3632 2679 3659 2704 ››

2007 2737 2093 2792 vel
2119 2738 2314 2792 vivens
2348 2738 2402 2791 in
2438 2755 2695 2809 corpore,
2729 2738 2816 2793 vel
2873 2740 3070 2794 vivens
3100 2741 3157 2794 in
3217 2741 3552 2809 virtutibus,
3604 2747 3660 2798 et

2009 2832 2201 2882 tamen
2235 2827 2433 2882 omnia
2461 2828 2704 2883 vanitas.
2742 2828 2964 2884 Incerto
2991 2830 3144 2884 enim
3178 2836 3332 2885 statu
3391 2832 3658 2888 ﬂuctuat.

2007 2921 2063 2970 et
2097 2917 2237 2970 dum
2272 2934 2386 2971 non
2438 2916 2626 2981 timet,
2655 2919 2712 2970 in
2747 2934 2951 2973 sereno
3011 2920 3231 2990 patitur
3261 2925 3658 2992 tempestates.

2008 3004 2149 3058 Cum
2183 3005 2338 3059 enim
2360 3009 2512 3059 esset
2535 3004 2592 3058 in
2626 3004 2865 3071 honore,
2889 3022 3005 3060 non
3037 3006 3654 3079 intellexit,compara-

2007 3098 2102 3147 tus
2134 3097 2220 3148 est
2241 3093 2532 3163 jumentis
2567 3093 2999 3164 insipientibus,
3025 3101 3081 3149 et
3111 3095 3322 3151 similis
3355 3096 3544 3151 factus
3571 3101 3662 3151 est

1933 3172 1974 3237 C
2015 3181 2150 3236 illis.
2186 3206 2212 3230 ‹‹
2248 3183 2355 3237 Pro
2390 3181 2590 3249 nihilo,
2624 3182 2836 3254 inquit,
2869 3183 3060 3240 salvos
3117 3185 3287 3240 faciet
3342 3201 3441 3240 eos
3479 3186 3652 3254 (Psal.

313 3279 404 3332 49.
429 3276 575 3331 Idem
595 3277 960 3346 persequitur.
988 3306 1052 3315 -—
1078 3297 1105 3323 ‹‹
1132 3274 1294 3329 Unde
1317 3274 1488 3340 bella,
1514 3279 1570 3330 et
1593 3277 1744 3330 unde
1766 3275 1900 3330 rixae
1949 3342 1954 3347 τ

2015 3289 2099 3342 Lv,
2134 3272 2209 3341 8),
2240 3295 2265 3321 »
2296 3271 2453 3326 haud
2487 3271 2731 3327 dubium
2765 3273 2864 3343 qui
2891 3274 3107 3341 justos,
3143 3274 3241 3344 qui
3279 3292 3394 3328 non
3426 3275 3660 3346 proprio

2014 3360 2239 3430 merito,
2268 3361 2367 3416 sed
2400 3361 2500 3416 Dci
2534 3361 2833 3416 salvantur
2863 3361 3196 3424 clementia,
3258 3384 3284 3411 ››
3346 3363 3412 3416 Et
3449 3363 3677 3418 delicta.

2012 3467 2160 3517 mea,
2195 3468 2227 3506 a
2258 3455 2312 3504 te
2344 3467 2458 3504 non
2491 3454 2629 3505 sunt
2658 3451 3000 3505 abscondita
3031 3452 3046 3522 (
3077 3453 3228 3505 Psal.
3266 3469 3455 3515 vam,
3490 3454 3566 3523 6).
3632 3475 3659 3501 ››

2012 3543 2128 3594 lloc
2163 3556 2230 3595 ex
2259 3555 2509 3610 persona
2533 3539 2746 3593 Christi
2779 3539 3012 3593 dicitur.
3048 3539 3106 3594 Si
3151 3538 3246 3593 ille
3307 3539 3404 3610 qui
3463 3557 3664 3612 pecca-

2012 3633 2138 3682 tum
2172 3645 2284 3682 non
2318 3628 2473 3695 fecit,
2519 3645 2620 3682 nec
2653 3627 2822 3682 dolus
2849 3627 3120 3682 inventus
3151 3632 3241 3682 cst
3273 3629 3326 3680 in
3383 3645 3480 3682 ore
3511 3629 3660 3697 ejus,

2013 3733 2114 3787 pro
2147 3716 2315 3771 nobis
2347 3716 2553 3779 doluit,
2584 3719 2640 3770 et
2672 3721 2908 3787 peccata
2940 3721 3140 3769 nostra
3165 3717 3660 3785 portavit,quanto

2014 3805 2200 3877 magis
2226 3823 2328 3860 nos
2352 3807 2632 3860 debemus
2658 3810 2853 3860 nostra
2878 3805 3017 3858 vitia
3039 3804 3298 3858 confiteri
3321 3806 3346 3856 2’
3376 3828 3400 3852 ‹‹
3427 3803 3655 3871 ltenuit,

2013 3895 2219 3963 inquit,
2279 3893 2565 3950 consolari
2627 3894 2825 3948 anima
2883 3909 3012 3948 mea
3059 3894 3229 3959 (Psal.
3289 3911 3473 3947 Lxxvi.
3519 3894 3655 3964 3),»

2012 3983 2388 4038 considerans
2447 3982 2654 4036 delicta
2709 4000 2833 4052 qua:
2893 3983 3159 4037 feceram.
3222 4006 3239 4030 α
3302 3983 3660 4038 ltecordatus

2011 4089 2142 4127 sum
2174 4072 2296 4137 Dei,
2326 4077 2382 4125 et
2413 4070 2641 4125 laetatus
2672 4088 2804 4125 sum
2837 4070 2991 4141 (Ibid.
3057 4073 3131 4138 4),
3198 4096 3221 4118 ››
3271 4072 3536 4143 cogitans
3564 4089 3660 4127 me

2010 4160 2171 4216 illius
2201 4160 2512 4215 clementia
2539 4161 3001 4215 conservandum
3038 4179 3049 4214 :
3082 4183 3108 4210 ‹‹
3132 4165 3306 4216 Nocte
3331 4178 3466 4214 cum
3487 4161 3661 4215 corde

2013 4267 2140 4305 meo
2173 4250 2519 4317 meditabar,
2551 4254 2607 4304 et
2640 4250 2950 4321 scopebam
3012 4249 3284 4320 spiritum
3317 4266 3535 4303 meum.
3595 4249 3662 4303 Et

2011 4339 2127 4394 dixi
2159 4356 2313 4394 nunc
2345 4339 2511 4410 coepi,
2558 4339 2676 4393 haec
2733 4344 2823 4394 est
2873 4339 3118 4393 mutatio
3149 4339 3394 4393 dextera:
3452 4336 3662 4392 excelsi

2011 4428 2167 4497 (Ibid.
2201 4429 2273 4500 7).
2311 4452 2336 4477 ››
2368 4429 2523 4484 Justi
2554 4445 2662 4483 vox
2708 4433 2814 4496 est,
2875 4427 2974 4499 qui
3034 4433 3164 4500 post
3219 4426 3657 4482 meditationem

2009 4518 2243 4584 somnii,
2279 4517 2723 4573 etconscientia:
2757 4534 2981 4588 cruces,
3017 4518 3088 4571 ad
3139 4522 3465 4571 extremum
3526 4515 3606 4571 ait
3638 4531 3651 4572 :

2009 4607 2163 4660 Nunc
2190 4609 2345 4678 cwpi,
2374 4607 2458 4661 vel
2497 4606 2897 4678 pmnitentiam
2954 4623 3143 4677 agere,
3177 4605 3262 4662 vel
3314 4605 3566 4660 scientia:
3597 4605 3668 4659 li-

2011 4711 2144 4748 men
2176 4695 2392 4750 in‘trare
2422 4695 2463 4761 ³,
2502 4697 2649 4750 766
2689 4701 2745 4750 et
2777 4696 2895 4749 haec
2954 4695 3083 4766 ipsa
3114 4695 3184 4750 de
3213 4694 3384 4749 bonis
3434 4694 3505 4748 ad
3539 4710 3661 4747 me-

2009 4783 2153 4838 liora
2184 4784 2449 4848 mutatio,
2485 4800 2599 4838 non
2633 4801 2896 4839 mearum
2924 4785 3158 4850 virium,
3195 4784 3294 4838 scd
3327 4783 3572 4837 dexterae
3605 4784 3662 4835 et

2011 4872 2283 4944 potentiae
2315 4872 2416 4926 Dei
2447 4877 2554 4927 est.

2079 4964 2164 5018 20.
2203 4963 2455 5017 Potentia
2487 4963 2582 5015 Dei
2608 4960 2958 5032 pmdicatur.
2982 4993 3050 5001 —-
3082 4961 3142 5015 In
3176 4963 3458 5015 aeternum
3491 4957 3661 5014 mise-

2009 5050 2255 5106 ricordia
2285 5049 2665 5105 aedificabitur
2694 5050 2867 5117 (Psal.
2929 5065 3197 5114 Lxxxvm,
3232 5047 3305 5116 3).
3361 5069 3380 5095 ι»
3418 5045 3658 5101 Nullum

2009 5141 2169 5196 enim
2203 5144 2437 5212 tempus
2467 5145 2579 5208 est,
2608 5154 2723 5210 quo
2758 5154 2872 5192 non
2911 5137 3230 5192 aedificetur
3258 5125 3661 5193 misericordia

2008 5339 2186 5394 cordis
2210 5339 2320 5392 mei
2348 5337 2563 5392 habent
2594 5353 2694 5408 pro
2723 5338 2930 5407 peccati
2954 5338 3080 5408 mei.

2079 5413 2100 5444 ³
2132 5410 2396 5465 Martian.
2433 5414 2562 5480 post
2591 5407 2815 5462 Erasm.
2869 5407 3010 5462 satis
3069 5407 3386 5478 incongrue
3415 5407 3658 5480 scient-iw

2009 5484 2193 5536 lumen
2223 5479 2460 5546 intrare,
2493 5497 2629 5535 cum
2678 5485 2734 5534 et
2794 5496 2940 5535 mss.
2997 5485 3178 5534 nostri
3215 5495 3430 5533 omnes
3460 5479 3656 5534 timens

2009 5555 2334 5626 praferant,
2369 5556 2426 5607 et
2453 5550 2741 5626 Victorius
2773 5557 2943 5608 antea
2997 5568 3064 5607 ex
3123 5550 3406 5607 Brixianis
3436 5549 3656 5606 codici~

2009 5623 2121 5684 bus
2151 5625 2232 5683 ita
2259 5623 2639 5698 reposuisset.
