4082 6168
421 303 538 372 88⁸1

1658 303 1724 368 S.
1770 297 2084 369 EUSEBII
2128 301 2591 372 HIERONYMI.

3697 303 3824 372 508

421 441 524 497 Cui
554 438 830 506 diximus,
861 436 978 493 Sub
1009 437 1220 493 umbra
1246 439 1350 494 tua
1377 437 1642 495 vivemus
1684 438 1742 493 in
1790 439 2064 511 gentibus
2093 441 2149 508 Α
2181 439 2280 511 qui
2314 447 2525 510 rectus,
2557 442 2726 514 quasi
2758 441 2930 514 spina
2968 441 3040 497 de
3083 455 3218 514 sepe
3267 439 3427 513 (Ibid.
3478 439 3554 512 4).
3612 462 3642 491 »
3692 440 3824 497 Hac

423 531 658 605 (Thren.
691 546 767 594 1v,
799 527 971 598 20).»
1003 527 1232 597 Moyses
1258 527 1351 583 cui
1382 527 1616 583 locutus
1647 532 1736 583 est
1784 527 2070 583 Dominus

423 619 569 676 facie
592 618 665 674 ad
698 617 904 672 faciem
937 616 1126 686 (Exod.
1160 633 1354 679 xxxm,
1389 616 1498 687 ll),
1524 621 1582 672 et
1611 615 1770 671 salva
1801 617 1953 671 facta
1982 619 2072 671 est

424 707 625 766 anima
652 707 802 776 ejus,
835 705 906 760 ad
938 721 1122 776 aquas
1147 705 1630 760 contradictionis
1671 704 1932 770 offendit,
1965 721 2070 759 nec

426 796 641 854 meruit
689 812 822 851 cum
873 795 1050 849 lratre
1084 795 1274 849 Aaron
1327 798 1544 850 terram
1594 793 2071 866 repromissionis

425 887 666 943 intrare.
701 889 780 939 De
807 883 1023 955 quibus
1053 886 1110 938 et
1139 881 1455 938 Psalmista
1485 882 1643 938 canit
1677 900 1688 936 :
1730 903 1755 934 α
1800 882 2073 953 Absorpti

429 979 570 1033 sunt
615 972 810 1046 juncti
859 975 1033 1044 petra
1074 971 1305 1042 judices
1341 987 1580 1027 eorum:
1615 970 1855 1026 audient
1899 972 2075 1026 verba

430 1081 581 1133 mea,
612 1065 650 1119 ’1
665 1065 755 1118 71
794 1060 1072 1133 quoniam
1105 1059 1491 1131 placuerunt‘
1525 1060 1828 1131 (Psal,cx1.,
1860 1061 1972 1131 6).»
2007 1061 2077 1115 Et

430 1158 520 1211 est
547 1168 758 1209 sensus
793 1168 805 1206 ε
839 1149 1082 1206 Judices
1112 1149 1315 1221 populi
1354 1149 1713 1218 Judaorum,
1749 1148 1976 1221 Moyses
2020 1153 2077 1203 et

429 1239 913 1310 Aaron,devorati
947 1243 1086 1294 sunt
1116 1255 1149 1292 a
1180 1242 1414 1310 peccato
1437 1237 1636 1310 populi
1651 1239 1822 1308 juxta
1850 1243 2073 1309 petram

429 1335 504 1388 de
524 1348 642 1404 qua
658 1329 946 1402 aquarum
970 1329 1190 1383 ﬂuenta
1205 1332 1604 1396 manarunt,et
1624 1331 1778 1383 certe
1801 1327 1910 1399 ipsi
1929 1326 2078 1398 justi

428 1423 688 1486 fuerunt,
715 1423 773 1475 et
800 1417 1147 1474 obedierunt
1177 1416 1550 1472 sermonibus
1580 1416 1702 1484 Dei,
1737 1417 1836 1488 qui
1868 1432 1970 1487 per
2016 1430 2078 1470 se

431 1507 768 1567 suavissimi
801 1509 960 1562 sunt.
994 1505 1254 1576 Denique
1288 1504 1556 1576 sequitur
1585 1506 1656 1560 de
1698 1504 2078 1560 cadaveribus

430 1600 489 1655 in
525 1596 840 1655 solitudine
871 1599 1237 1650 mortuorum
1264 1610 1277 1650 :
1312 1617 1339 1642 «
1363 1594 1538 1657 Quasi
1556 1592 1887 1648 crassitudo
1912 1597 2077 1648 terra

433 1686 650 1758 dirupti
673 1688 814 1740 sunt
833 1699 1009 1755 super
1030 1682 1550 1753 terram.Dispersa
1576 1686 1715 1738 sunt
1735 1686 2080 1738 ossanostra

432 1789 605 1831 secus
637 1773 932 1829 infernum
968 1771 1138 1842 (Psal.
1167 1787 1289 1840 ch,
1321 1774 1376 1840 7,
1409 1772 1516 1839 8).»
1556 1773 1619 1826 In
1647 1772 1790 1827 Osee
1820 1771 2081 1842 loquitur

433 1863 590 1922 Deus
633 1879 647 1919 :
681 1885 708 1911 ‹‹
746 1861 1125 1933 Desponsabo
1158 1865 1214 1915 te
1246 1860 1392 1914 mihi
1423 1860 1482 1914 in
1510 1860 1745 1931 justitia
1768 1865 1824 1915 et
1856 1860 2081 1931 judicio

437 1953 592 2025 (Osee
621 1969 684 2017 11,
722 1950 860 2022 l9).-
897 1949 1227 2020 Statimque
1257 1948 1564 2020 subjungit
1597 1966 1608 2004 :
1645 1972 1672 1998 «
1705 1949 1775 2004 Et
1794 1949 2087 2005 miserico-

436 2041 534 2098 dia
563 2045 620 2097 et
650 2038 1128 2095 miserationibus
1159 2039 1265 2106 ’,εἰ
1295 2038 1353 2092 in
1379 2037 1491 2093 ﬁde
1522 2038 1702 2109 (Ibid.)
1736 2055 1750 2105 ;
1775 2061 1800 2087 »
1823 2043 1882 2093 ut
1903 2038 2083 2110 largi-

434 2131 581 2187 toris
609 2127 850 2200 pramio
882 2127 1440 2200 recognoscahquod
1464 2127 1587 2198 ipse
1601 2128 1676 2182 sit
1707 2127 2084 2182 Dominus.ln

437 2220 642 2276 eodem
673 2217 960 2288 scriptum
992 2219 1080 2270 est
1108 2214 1256 2270 libro
1290 2232 1302 2270 :
1343 2236 1369 2265 ‹‹
1401 2215 1554 2270 Deus
1584 2232 1688 2288 ego
1720 2233 1851 2271 sum
1883 2221 1939 2270 et
1969 2232 2084 2271 non

435 2308 634 2372 homo,
672 2305 730 2360 in
763 2303 955 2360 medio
987 2304 1074 2359 tui
1106 2307 1372 2373 sanctus,
1401 2309 1458 2359 et
1488 2321 1603 2360 non
1633 2305 1932 2376 ingrediar
1955 2304 2087 2360 civi-

436 2399 617 2453 tatem
647 2394 798 2466 (Osee
824 2393 1023 2464 x1,9),»
1055 2392 1323 2448 vitirrum
1357 2392 1581 2449 scilicet
1609 2393 2086 2450 conciliabulum.

438 2485 570 2558 Ipse
598 2482 760 2539 solus
791 2482 942 2538 hanc
1003 2498 1120 2536 non
1167 2480 1497 2554 ingreditur
1543 2482 1857 2549 civitatem,
1909 2499 2088 2554 qnam

437 2572 747 2629 adiﬁcavit
775 2570 915 2626 Cain
946 2570 1006 2625 in
1030 2570 1266 2626 nomine
1287 2570 1392 2625 ﬁlii
1415 2571 1507 2626 sui
1530 2571 1879 2643 Enoch,qua
1892 2572 2091 2627 omnia

438 2661 810 2718 sacerdotum
841 2658 1101 2730 quotidie
1133 2675 1235 2713 ora
1262 2659 1691 2726 concelebrant,
1720 2659 1747 2712 ὁ
1781 2657 1944 2731 μόνος
1970 2660 2090 2713 ἀνα-

445 2748 721 2826 μάρτητος
753 2750 795 2820 ⁸,
828 2749 982 2820 quod
1014 2747 1074 2802 in
1105 2746 1308 2820 lingua
1338 2753 1540 2804 nostra
1569 2749 1802 2814 dicitur,
1836 2753 1933 2820 qui
1944 2751 2092 2806 solus

438 2841 664 2897 estsine
690 2845 924 2912 peccato.
960 2838 1095 2902 Qua
1141 2835 1272 2893 laus
1306 2838 1478 2907 juxta
1533 2837 1885 2894 sententiam
1927 2843 2090 2895 tuam

424 2931 664 2986 frustra
694 2929 812 2984 Deo
843 2930 1148 2999 reputatur
1173 2927 1272 2996 (al.
1306 2927 1664 2998 deputatur),
1716 2927 1764 2982 si
1813 2932 1902 2983 est
1929 2945 2092 2984 com-

445 3019 645 3076 munis
693 3035 828 3073 cum
878 3015 1121 3072 caeteris.
1158 3015 1276 3072 Nos
1323 3016 1480 3071 enim
1515 3016 1686 3086 juxta
1734 3023 1912 3072 Amos
1957 3035 2092 3072 con-

425 3108 730 3165 .vertimus
754 3105 1050 3178 justitiam
1071 3105 1132 3159 in
1162 3104 1618 3172 absinthium,ec
1641 3105 1865 3161 fructus
1884 3106 2093 3177 judicii

2179 528 2484 585 hominum
2500 531 2736 601 justitia
2765 535 2872 600 est,
2896 536 2962 587 ut
2981 533 3153 604 juxta
3181 532 3357 587 verba
3383 529 3649 602 ejusdem
3671 532 3710 585 7
3726 531 3824 586 72

2179 619 2496 690 propheta,
2532 637 2638 676 nec
2687 621 2896 686 amico,
2947 637 3051 676 nec
3081 620 3342 693 conjugi,
3399 635 3507 675 nec
3556 618 3696 675 filiis
3749 619 3829 676 sit

2179 707 2555 776 credendum,
2591 709 2728 780 quia
2749 733 2774 759 ‹‹
2808 709 3029 764 inimici
3062 709 3317 764 hominis
3349 707 3656 764 domestici
3696 708 3827 779 ejus

2180 796 2456 867 (Ibid.6).»
2488 797 2672 860 Quam
2697 798 3044 854 sententiam
3066 797 3240 853 etiam
3265 814 3455 854 sermo
3485 796 3828 853 Dominicus

2182 885 2581 956 comprobavit
2610 886 2822 957 (Matth.
2854 905 2911 952 x,
2940 887 3052 958 36).
3091 887 3254 942 Unde
3297 886 3471 941 datur
3508 885 3826 942 consilium
3871 907 3878 910 ·

2183 990 2285 1045 per
2315 975 2587 1030 eumdem
2622 975 2962 1048 prophetam
2991 993 3002 1030 :
3039 999 3068 1026 τι
3098 976 3372 1031 Indicabo
3403 975 3532 1042 tibi,
3564 992 3597 1031 ο
3627 975 3825 1044 homo,

2184 1062 2325 1134 quid
2357 1063 2433 1118 sit
2464 1064 2710 1135 bonum,
2742 1069 2800 1120 et
2831 1065 2971 1136 quid
2994 1065 3278 1121 Dominus
3310 1068 3532 1136 quarat
3561 1083 3595 1120 a
3625 1064 3827 1134 te,uti-

2184 1169 2297 1222 que
2327 1152 2514 1208 facere
2537 1153 2855 1224 judicium,
2886 1158 2941 1209 et
2969 1154 3211 1226 diligere
3256 1153 3738 1222 misericordiam,
3774 1158 3836 1211 et

2186 1241 2503 1296 sollicitum
2535 1242 2836 1298 ambulare
2868 1259 3001 1298 cum
3028 1243 3143 1298 Deo
3173 1248 3273 1298 tuo
3305 1243 3484 1315 (Mieh.
3535 1261 3610 1312 v1,
3667 1244 3746 1316 8).
3801 1267 3832 1292 ›ο

2187 1328 2462 1400 Nunquid
2495 1330 2656 1399 dixit,
2692 1331 2902 1387 habeto
2933 1332 3327 1404 aequalitatem
3359 1331 3460 1388 Dei
3493 1337 3692 1388 etnon
3721 1331 3834 1388 hoc

2188 1418 2342 1488 quod
2374 1419 2696 1474 maximum
2729 1425 2842 1488 est,
2869 1445 2894 1470 ‹‹
2931 1420 3250 1476 sollicitum
3282 1420 3586 1478 ambulare
3608 1421 3833 1492 (aLam-

2190 1506 2348 1578 bula)
2380 1524 2514 1562 cum
2551 1509 2662 1564 Deo
2693 1513 2813 1564 tuo.
2849 1532 2876 1560 »
2914 1510 2986 1566 Ut
3017 1527 3321 1583 nunquam
3353 1527 3600 1566 securus
3628 1510 3733 1582 sis,
3770 1513 3836 1565 ut

2189 1595 2348 1650 omni
2381 1598 2750 1653 observantia
2781 1599 3079 1654 custodias
3110 1616 3210 1655 cor
3236 1605 3427 1665 tuum,
3471 1604 3536 1654 ut
3566 1600 3834 1656 conside-

2190 1698 2304 1747 res,
2339 1683 2618 1755 quoniam
2651 1687 2707 1740 in
2742 1686 2935 1742 medio
2958 1686 3305 1758 laqueorum
3332 1688 3692 1756 ambules,et
3719 1688 3834 1744 sub

2113 1817 2160 1881 B
2191 1788 2495 1828 murorum
2525 1775 2723 1847 pinnis
2754 1775 3127 1849 ingrediaris,
3157 1780 3222 1830 ut
3251 1775 3396 1831 illud
3429 1776 3688 1848 quotidie
3718 1792 3840 1832 me-

2194 1861 2454 1918 diteris:«
2476 1864 2653 1919 Juxta
2674 1866 2944 1920 semitam
2968 1864 3312 1921 scandalum
3337 1871 3661 1938 posuerunt
3689 1865 3839 1920 mihi

2194 1951 2363 2018 (Psal.
2398 1969 2626 2021 cxxxrx,
2660 1954 2772 2026 6).»
2810 1976 2837 2004 «
2869 1955 3144 2025 Superhis
3176 1955 3333 2010 enim
3385 1954 3600 2011 resistit
3651 1954 3842 2026 Deus,

2194 2039 2519 2096 humilibus
2554 2046 2750 2097 autem
2781 2043 2882 2098 dat
2909 2044 3156 2115 gratiam
3189 2044 3321 2114 (Jac.
3356 2061 3433 2110 ιν,
3462 2044 3536 2114 6).
3568 2064 3596 2092 ››

2265 2129 2352 2182 24.
2411 2129 2651 2185 Timidus
2698 2133 2872 2186 vitare
2914 2136 3088 2202 potest
3126 2131 3195 2186 ad
3248 2141 3455 2204 tempus
3493 2135 3737 2202 peccata.
3770 2159 3845 2171 —-

2196 2217 2303 2282 Qui
2336 2221 2544 2274 cautus
2575 2223 2632 2274 et
2657 2219 2896 2274 timidus
2929 2225 3019 2275 est
3049 2223 3242 2291 potest
3273 2220 3342 2274 ad
3377 2222 3611 2292 tempus
3657 2218 3842 2274 vitare

2196 2310 2434 2377 peccata
2466 2325 2478 2376 ;
2513 2308 2610 2379 qui
2645 2325 2887 2364 securus
2917 2313 3006 2365 est
3029 2309 3100 2364 de
3123 2309 3361 2380 justitia
3392 2327 3521 2376 sua,
3553 2311 3845 2381 repugnat

2197 2394 2335 2463 Deo,
2368 2395 2642 2469 illiusque
2674 2396 2887 2453 auxilio
2919 2399 3255 2465 destitutus,
3295 2397 3528 2454 insidiis
3578 2397 3842 2453 hostium

2199 2488 2375 2555 patet.
2411 2508 2438 2535 α(
2471 2489 2976 2558 Computrescant,
3006 2487 3150 2543 dicit
3181 2487 3468 2556 Habacuc,
3503 2504 3639 2543 ossa
3686 2502 3842 2553 mea,

2199 2577 2255 2629 et
2285 2574 2486 2629 subter
2518 2592 2611 2632 me
2639 2592 2863 2632 vermes
2895 2580 3178 2644 scateant,
3221 2581 3452 2632 tantum
3501 2581 3568 2632 ut
3614 2577 3848 2648 requie-

2200 2679 2358 2718 scam
2392 2663 2450 2717 in
2485 2664 2579 2720 die
2609 2665 2987 2737 angustia,ut
3010 2666 3323 2721 ascendam
3345 2666 3415 2721 ad
3436 2664 3721 2738 populum
3738 2664 3849 2720 for-

2199 2757 2317 2807 tem
2350 2768 2544 2808 meum
2579 2755 2803 2824 (Haba-c.
2837 2754 3056 2826 111,16).
3112 2777 3140 2803 »
3190 2754 3293 2809 Hic
3339 2753 3752 2810 tribulationes
3793 2758 3854 2808 et

2202 2841 2503 2912 angustias
2533 2842 3028 2915 atﬂictionemque
3059 2842 3240 2898 animi
3271 2843 3634 2916 deprecatur.
3680 2845 3748 2898 ut
3776 2842 3852 2914 {in

2205 2929 2401 2984 futuro
2431 2929 2690 2985 virorum
2717 2932 2844 3002 jam
2894 2948 3026 2986 cum
3059 2930 3287 2987 Christo
3310 2932 3691 3004 regnantium
3733 2947 3852 2985 nu-

2205 3034 2363 3072 mero
2395 3019 2669 3075 societur.
2729 3021 2811 3074 Ex
2867 3037 2982 3091 quo
3031 3021 3408 3093 perspicuum
3454 3024 3562 3090 est,
3623 3021 3716 3077 bic
3739 3037 3852 3093 pu-

2206 3122 2384 3178 gnam
2417 3111 2591 3180 atque
2619 3112 3000 3175 certamen,et
3029 3109 3087 3164 in
3121 3109 3317 3165 futuro
3350 3125 3478 3166 esse
3516 3108 3850 3166 victoriam.

445 3197 508 3251 in
541 3182 996 3252 amaritudinem
1027 3195 1232 3264 (Amos,
1258 3211 1340 3262 v1,
1363 3195 1473 3265 l3).
1509 3195 1857 3266 Loquuntur
1904 3204 2091 3252 nauta
2123 3183 2165 3250 C
2203 3195 2376 3251 Jesus
2413 3196 2572 3252 filius
2600 3198 2836 3265 Josedec,
2880 3199 3037 3270 quod
3086 3198 3502 3271 interpretatur
3560 3222 3587 3250 «
3641 3199 3851 3270 justus

451 3288 628 3356 atque
659 3287 915 3339 vectores
944 3282 1004 3337 in
1034 3281 1183 3337 libro
1214 3283 1373 3338 Jona
1399 3299 1411 3336 :
1436 3304 1462 3332 ‹‹
1489 3283 2089 3356 Rogamus,Domine,

446 3390 521 3431 ne
550 3373 762 3446 perdas
795 3387 901 3428 nos
931 3375 1167 3443 propter
1195 3371 1495 3426 hominem
1527 3372 1705 3427 istum
1737 3361 1971 3444 ﬁneque
2003 3373 2090 3428 in-

425 3463 629 3518 ducas
646 3477 824 3534 super
843 3477 949 3517 nos
972 3459 1320 3532 sanguinem
1345 3460 1736 3516 innocentem.
1753 3463 1910 3517 Sicut
1931 3462 2088 3517 enim

425 3550 665 3624 'placuit
695 3549 826 3618 tibi,
861 3548 944 3604 sic
974 3549 1190 3604 tactum
1222 3553 1330 3616 est,
1355 3548 1600 3604 Domine
1632 3551 1778 3620 (Jan.
1825 3567 1861 3617 1,
1912 3550 2020 3620 Μ).
2058 3573 2080 3602 ι

425 3639 719 3698 .Nesciunt
749 3654 980 3707 causas,
1013 3637 1155 3708 quid
1187 3641 1479 3692 mereatur
1507 3637 1811 3710 propheta,
1845 3655 2047 3694 servus
2069 3638 2088 3671 ⁵

438 3729 741 3804 fugitivus,
773 3731 830 3784 et
857 3731 1054 3784 tamen
1077 3726 1412 3798 justiﬁcant
1439 3726 1707 3794 Deum,et
1738 3727 2083 3800 sanguinem

436 3820 811 3876 innocentem
844 3816 1122 3881 fatentur,
1155 3815 1325 3883 cuius
1356 3831 1532 3885 opera
1580 3832 1694 3871 non
1747 3819 1980 3871 norunt.
2015 3817 2086 3871 Et

436 3910 510 3964 ad
540 3912 869 3964 extremum
905 3922 918 3961 :
957 3927 986 3956 «
1019 3905 1184 3961 Sicut
1211 3903 1434 3977 placuit
1487 3903 1618 3976 tibi,
1668 3904 1937 3971 Domine,
1998 3905 2083 3960 sic

437 3998 655 4053 factum
687 3999 835 4052 est.»
861 3995 984 4051 Non
1013 3998 1282 4066 quarunt
1302 3993 1598 4065 justitiam
1621 3995 1922 4049 sententia
1940 3993 2040 4049 Dei
2063 4010 2076 4048 :

432 4087 537 4145 sed
567 4087 870 4142 veritatem
893 4083 1043 4156 justi
1063 4083 1283 4154 judicis
1313 4083 1684 4139 conﬁtentur.
1710 4082 1978 4138 Micbaas
2001 4082 2078 4138 la-

415 4173 740 4247 -crymabili
768 4190 908 4230 voce
961 4177 1212 4230 testatur
1243 4189 1256 4228 :
1291 4195 1319 4222 «
1352 4172 1530 4228 Periit
1576 4175 1814 4228 sanctus
1845 4173 1942 4244 (al,
1993 4189 2077 4228 se-

431 4266 590 4338 men)
620 4264 692 4320 de
738 4267 916 4329 terra,
967 4266 1025 4318 et
1065 4265 1259 4318 rectus
1305 4262 1363 4316 in
1412 4261 1750 4317 hominibus
1799 4277 1915 4316 non
1963 4265 2072 4329 est,

420 4370 635 4412 omnes
664 4352 725 4408 in
755 4351 1043 4424 sanguine
1091 4350 1465 4416 insidiantur,
1519 4349 1929 4422 unusquisque
1959 4350 2070 4405 fra-

425 4451 580 4502 trem
603 4459 780 4500 suum
803 4445 1051 4497 venatur
1074 4440 1145 4496 ad
1178 4437 1667 4495 mortem.Malum
1699 4455 1939 4493 manum
1964 4456 2071 4495 sua

427 4549 564 4589 rum
597 4531 803 4586 dicunt
829 4530 1049 4584 bonum
1082 4528 1264 4599 (Mich.
1305 4545 1407 4595 v11,
1441 4533 1492 4594 ‘2,
1528 4527 1604 4599 3).
1636 4545 1662 4578 ι)
1717 4528 1785 4581 Et
1814 4528 2066 4596 iterum;

419 4643 456 4696 ρ(
486 4621 595 4686 Qui
627 4618 884 4690 optimus
907 4618 1059 4674 inter
1087 4633 1186 4673 eos
1217 4620 1325 4684 est,
1359 4615 1529 4688 quasi
1562 4615 1824 4688 paliurus
1871 4621 1979 4685 est,
2013 4623 2070 4672 et

494 4777 911 4837 1Martianaus
954 4793 1179 4842 omnes,
1231 4776 1448 4847 quibus
1493 4793 1637 4832 usus
1681 4783 1788 4844 est,
1838 4777 2066 4834 codices

420 4871 567 4912 mss.
603 4850 872 4926 praferre
897 4849 1037 4904 dicit
1061 4851 1378 4926 potuerunt.
1412 4848 1623 4904 Contra
1651 4849 1834 4926 nostri
1853 4865 2064 4926 omnes

413 4920 624 5001 legunt
649 4925 978 5001 placuerunt
1010 4927 1066 4976 et
1106 4920 1398 5001 Victorius
1447 4937 1678 5001 quoque
1721 4922 1801 4975 ita
1850 4921 1908 5001 in
1940 4921 2063 5001 suis

415 4988 1056 5070 reperitLSuﬂ‘ragatur
1092 4992 1410 5070 etfﬁracus
1459 4988 1763 5070 3,869me
1813 4996 1869 5070 et
1912 4992 2060 5070 subg

419 5065 570 5127 nexa
599 5065 926 5124 S.Doctoris
954 5065 1239 5138 expositio
1269 5066 1366 5138 qui
1390 5079 1492 5134 per
1510 5079 1568 5118 se
1595 5065 1921 5119 suavissimi
1939 5069 2065 5138 sunt

418 5172 488 5184 -—
522 5142 806 5213 Quoniam
822 5135 1140 5213 potuerant.
1165 5136 1186 5190 Ι
1196 5142 1249 5213 ta
1271 5135 1699 5213 leguntomnes
1721 5150 1874 5213 .niss,
1893 5135 2062 5213 _codi-

415 5230 515 5271 ces
538 5206 752 5267 nostri.
785 5206 1081 5264 Marianus
1113 5207 1254 5280 legit
1282 5206 1351 5263 ex
1380 5206 1536 5274 LXX,
1562 5207 1820 5278 quoniam
1843 5206 2063 5277 placue-

411 5288 570 5350 runt,
606 5283 891 5338 MARTIAN.

483 5358 506 5392 ²
532 5354 716 5409 Vatic.
748 5360 798 5408 et
827 5352 886 5406 In
904 5351 1299 5415 misericordia,
1318 5354 1370 5405 et
1398 5352 1459 5405 in
1478 5349 2056 5415 miserationibus,etc.

478 5430 506 5465 ³
533 5431 587 5478 '0
621 5422 786 5500 μόνος
820 5421 1688 5500 ᾇνᾳμάρτηῖοςζΝρῐᾶ·91101.ἱάίο
1717 5437 1824 5500 ora
1847 5438 2056 5500 sacer-

409 5492 1088 5558 dotum'concelebrasse
1118 5493 1176 5547 in
1206 5492 1477 5548 Ecclesiis
1511 5493 1729 5548 summi
1763 5492 1860 5549 Dei
1893 5493 2054 5549 attri-

407 5573 620 5630 butum
650 5572 706 5625 et
762 5566 1199 5638 perfectionem,
1259 5565 1502 5621 dicendo
1539 5565 1616 5621 :0
1671 5581 1856 5622 monos
1918 5583 2054 5621 ana-

403 5647 666 5706 martetos
696 5637 875 5697 id’est
903 5639 998 5713 qui
1026 5637 1172 5694 solus
1221 5638 1297 5694 est
1325 5638 1447 5696 sine
1487 5639 1726 5709 peccato.
1777 5639 2052 5696 MARTIAN.

2203 3284 2434 3339 Domini
2465 3287 2507 3352 θ,
2542 3308 2570 3335 ››
2601 3287 2875 3342 sacerdos
2906 3303 3180 3358 magnus,
3215 3288 3458 3342 indutus
3489 3287 3850 3343 describitur

2198 3373 2460 3429 vestibus
2489 3375 2764 3443 sordidis,
2799 3376 2897 3447 qui
2916 3379 3220 3448 peccatum
3253 3393 3368 3432 non
3399 3377 3618 3445 fecit,et
3645 3381 3845 3432 tamen

2201 3465 2401 3518 nostra
2430 3467 2664 3534 peccata
2695 3462 2964 3535 portavit,
2997 3465 3069 3519 ad
3119 3465 3290 3534 cujus
3338 3465 3605 3521 dextram
3649 3465 3848 3521 stabat

2199 3550 2466 3619 Satanas,
2498 3556 2565 3607 ut
2595 3553 3000 3609 adversaretur
3028 3553 3079 3608 ei
3109 3555 3357 3620 [Zachar.
3392 3555 3576 3627 111,1).
3600 3554 3846 3610 Dicitur-

2197 3656 2309 3711 que
2339 3641 2410 3696 ad
2442 3657 2574 3697 eum
2609 3647 2742 3714 post
2768 3659 3026 3715 pugnam
3060 3648 3233 3714 atque
3261 3642 3565 3698 victoriam
3602 3661 3616 3698 :
3657 3666 3678 3693 ε
3725 3646 3845 3699 Au-

2195 3729 2340 3784 ferte
2379 3735 2600 3786 vestem
2654 3732 2956 3787 sordidam
3015 3732 3087 3787 ab
3145 3749 3211 3788 eo
3271 3733 3430 3804 (Ibid.
3491 3734 3548 3802 Α)
3607 3751 3680 3801 ;ι
3730 3737 3833 3788 et:

2194 3840 2220 3867 «
2260 3818 2399 3874 Ecce
2428 3819 2644 3874 abstuli
2678 3824 2796 3875 ate
2837 3820 3206 3892 iniquitatem
3261 3825 3447 3886 tuam,
3493 3844 3514 3871 ι
3548 3825 3605 3876 et
3653 3821 3846 3876 hares

2191 3907 2483 3964 Joviniani
2513 3908 2816 3979 loquitur:
2855 3909 3049 3965 «Sine
3097 3909 3258 3965 omni
3307 3911 3545 3966 omnino
3591 3913 3844 3980 peccato

2191 4013 2348 4066 sum,
2385 3997 2621 4053 sordida
2642 3998 2989 4054 vestimenta
3017 4015 3133 4053 non
3164 3999 3372 4068 habeo,
3398 3997 3628 4072 proprio
3661 4014 3845 4072 regor

2188 4082 2448 4152 arbitrio,
2483 4085 2669 4154 major
2695 4083 2969 4155 Apostolo
3000 4101 3155 4140 sum.
3185 4085 3286 4142 Ille
3334 4087 3474 4142 facit
3510 4085 3666 4158 quod
3716 4103 3836 4142 non

2186 4171 2327 4237 vult,
2359 4176 2414 4226 et
2445 4173 2598 4244 quod
2632 4171 2755 4226 vult
2788 4190 2900 4228 non
2930 4173 3086 4241 facit,
3119 4190 3225 4248 ego
3275 4175 3422 4231 facio
3471 4175 3627 4247 quod
3675 4174 3835 4245 volo,

2185 4265 2240 4315 et
2291 4261 2444 4332 quod
2505 4259 2637 4316 nolo
2695 4277 2809 4317 non
2875 4261 3042 4330 facio,
3105 4269 3431 4336 praeparata
3485 4269 3626 4320 sunt
3680 4263 3832 4320 mihi

2183 4367 2362 4422 regna
2385 4349 2688 4418 calorum,
2718 4350 2836 4406 imo
2864 4350 2988 4423 ipse
3019 4368 3086 4407 ea
3115 4352 3260 4408 mihi
3314 4354 3460 4409 meis
3509 4354 3657 4410 778
3708 4353 3831 4409 vir-

2180 4439 2410 4494 tutibus
2441 4437 2808 4511 praparavi.»
2835 4441 2898 4494 In
2924 4457 3039 4512 quo
3059 4443 3244 4497 Adam
3274 4445 3505 4498 tenetur
3519 4443 3828 4510 obnoxius,

2100 4556 2147 4620 D
2179 4534 2237 4620 et
2262 4527 2358 4620 alii
2391 4528 2493 4599 qui
2525 4545 2652 4584 reos
2686 4545 2746 4584 se
2776 4534 2987 4620 putant
3018 4529 3078 4585 in
3124 4530 3574 4588 similitudinem
3607 4549 3831 4605 prava-

2179 4616 2481 4673 ricationis
2510 4618 2663 4684 Ada,
2707 4633 2812 4690 ego
2862 4617 3024 4673 solus
3071 4636 3208 4674 cum
3260 4636 3390 4676 mea
3437 4626 3666 4679 caterva
3709 4638 3829 4677 non

2177 4809 2242 4855 Τ
2273 4778 2457 4834 Vatic.
2481 4794 2642 4855 quem
2670 4780 2858 4855 omnia
2884 4779 3338 4855 etcullymnum
3381 4782 3676 4855 designari
3727 4799 3830 4839 ar-

2173 4850 2379 4922 bitror,
2413 4849 2703 4922 quinunc
2732 4849 2948 4922 dicitur
2997 4849 3182 4906 Gloria
3235 4855 3297 4908 in
3352 4849 3587 4910 excelsis
3641 4855 3753 4911 Deo
3808 4873 3827 4909 :

2173 4919 2485 4997 verbisque
2515 4921 2542 4974 ὁ
2584 4919 2746 4997 μόνᾳς
2773 4920 3177 4997 ἀν-αμάρζτητος,
3211 4927 3562 4997 respondere
3605 4926 3666 4981 in
3715 4927 3822 4982 La-

2173 4993 2781 5064 tinorumdoxologia,
2815 4993 3090 5057 Quoniam
3121 4998 3180 5048 tu
3208 4993 3354 5051 soliis
3383 5005 3621 5053 sanctus.
3673 4997 3824 5052 Hinc

2171 5071 2226 5120 et
2247 5082 2398 5140 _m_ss.
2436 5065 2641 5140 nostri,
2677 5066 2782 5140 Qui
2809 5065 2957 5119 solus
2986 5081 3039 5119 es
3068 5068 3185 5140 sine
3210 5076 3444 5140 peccato,
3478 5067 3700 5140 legunt.

2240 5138 2261 5171 ⁴
2290 5138 2469 5208 Turpi
2503 5152 2695 5192 errore
2726 5136 3011 5192 hactenus
3055 5136 3311 5194 obtiu'uit
3339 5139 3398 5194 in
3433 5136 3631 5196 edi—tis
3687 5157 3821 5208 pro-

2164 5211 2285 5279 pter
2331 5209 2605 5281 hominem
2642 5209 2875 5281 justum,
2920 5224 3036 5281 pro;
3072 5210 3258 5277 istum,
3313 5209 3821 5281 quemadmodum

2168 5277 2484 5354 emendant
2514 5277 2656 5354 mss.
2691 5277 2898 5354 nostri,
2924 5277 2987 5335 ct
3018 5277 3346 5354 Scriptura
3365 5287 3558 5338 textus
3593 5283 3652 5338 in
3685 5299 3822 5339 om-

2168 5351 2344 5423 nibus
2375 5351 2592 5423 linguis
2620 5351 2868 5423 prafert.

2237 5423 2257 5454 ⁶
2289 5422 2509 5478 Nomen
2541 5438 2729 5477 servus
2759 5422 2818 5476 in
2854 5439 2998 5478 mss.
3033 5424 3251 5479 nostris
3284 5425 3498 5482 rectius
3519 5425 3824 5484 desidera-

2167 5499 2281 5549 tur.

2235 5566 2255 5599 θ
2286 5564 2348 5644 In
2382 5563 2530 5644 libro
2561 5565 2882 5623 Nominum
2917 5565 2987 5622 de
3046 5568 3270 5642 Aggao,
3335 5571 3554 5628 Domini
3605 5571 3823 5644 justus,

2163 5639 2277 5696 sive
2296 5637 2656 5713 justiﬁcatus.
