4104 6162
220 220 325 289 889

1087 214 1475 281 DIALOGUS
1506 215 1836 277 CONTRA
1878 213 2409 279 PELAGIANOS.
2432 249 2512 263 ——
2539 218 2692 280 LIB.
2725 219 2804 282 II.

3497 222 3617 287 590

213 367 393 408 eaeor.
423 348 544 405 Alii
576 346 761 404 clausi
794 348 1054 416 cellulis,
1102 353 1157 404 et
1195 350 1445 405 feminas
1494 366 1609 405 non
1652 350 1857 404 viden-
1888 352 1942 415 Α
2040 350 2127 403 25.
2164 351 2259 404 Dei
2292 352 2535 421 justitia.
2584 383 2653 392 ——
2707 374 2734 401 ‹‹
2795 352 3095 416 Quomodo
3147 353 3246 424 [αἱ.
3305 355 3618 427 Quoniam]

208 458 281 510 es,
311 439 457 513 quia
488 438 693 495 miseri
723 443 883 510 sunt,
915 444 973 494 et
1004 440 1178 494 verba
1218 456 1350 495 mea
1398 457 1514 494 non
1569 440 1845 503 audiunt,

203 532 551 601 torquentur
610 528 919 583 desideriis
964 545 975 580 :
1040 544 1144 599 ego
1204 529 1379 583 etiam
1433 528 1479 583 si
1535 528 1851 583 mulierum

200 618 381 676 vallor
411 616 772 690 agminibus,
809 616 1034 672 nullam
1065 616 1251 673 habeo
1295 618 1848 688 concupiscentiam.

201 707 278 764 De
302 725 404 763 me
435 706 592 762 enim
629 705 855 761 dictum
888 710 1014 762 est:
1053 728 1081 755 «
1114 706 1363 777 Lapides
1395 706 1582 762 sancti
1612 706 1850 762 volvun—

206 802 300 853 tur
329 812 517 869 super
535 800 741 850 terram
774 796 967 864 (Zac/z.
1000 813 1072 863 1x,
1113 796 1197 861 16,
1232 811 1333 850 sec.
1370 797 1551 865 LXX);
1590 819 1610 843 ιι
1648 796 1851 850 etideo

213 902 331 940 non
374 884 576 950 sentio,
628 884 764 955 quia
811 883 981 939 liberi
1030 883 1254 939 arbitrii
1306 888 1591 955 potestate
1640 883 1851 938 Christi

214 979 491 1046 tropaeum
524 973 893 1028 circumfero.
940 973 1269 1027 Audiamus
1321 990 1422 1044 per
1473 973 1683 1029 Isaiam
1735 972 1851 1027 cla-

215 1068 463 1118 mantem
501 1063 720 1117 Deum:
756 1084 783 1111 ‹‹
816 1061 1076 1133 Populus
1125 1078 1313 1126 meus,
1365 1062 1464 1133 qui
1523 1062 1721 1117 beatos
1752 1079 1854 1115 vos

210 1152 423 1216 dicunt,
457 1151 751 1206 seducunt
782 1167 903 1217 vos,
946 1155 1002 1206 et
1050 1151 1320 1206 semitam
1370 1151 1585 1221 pedum
1635 1155 1850 1206 vestro-

200 1258 319 1297 rum
365 1239 761 1312 supplantant
792 1240 917 1310 (Isa.
964 1257 1040 1305 1x,
1073 1239 1186 1306 l6).
1224 1261 1250 1287 »
1302 1239 1442 1304 Quis
1493 1240 1681 1311 magis
1712 1257 1850 1311 sup-

196 1330 423 1401 plantat
454 1328 746 1400 populum
778 1328 878 1383 Dei
907 1346 919 1383 :
956 1328 1055 1399 qui
1096 1327 1261 1383 liberi
1313 1328 1535 1383 arbitrii
1570 1332 1854 1399 potestate

197 1419 486 1475 subnixus
522 1417 777 1489 despicit
828 1416 1113 1472 auxilium
1156 1417 1506 1483 Conditoris,
1557 1422 1611 1472 et
1657 1418 1713 1472 in
1747 1435 1855 1472 sua

198 1508 497 1563 voluntate
530 1523 778 1562 securus
810 1511 919 1571 est,
954 1524 1027 1561 an
1060 1507 1162 1578 qui
1201 1507 1272 1562 ad
1328 1506 1588 1578 singulas
1621 1512 1851 1561 sentcn-

196 1598 300 1653 tias
341 1600 784 1669 praceptorum
834 1596 1061 1649 Domini
1105 1595 1399 1666 judicium
1448 1596 1856 1668 pertimescit?

1963 438 2287 493 inebriatus
2318 445 2428 510 est,
2484 441 2696 512 inquit,
2760 441 2820 496 in
2867 440 3009 496 omlo
3063 440 3294 515 gladius
3342 460 3529 512 meus,
3562 447 3622 499 et

1964 543 2117 580 nunc
2150 546 2322 599 super
2355 531 2671 586 Idumazam
2703 531 3019 587 descendet
3071 532 3201 599 (Isa.
3252 550 3443 600 xxxrv,
3475 532 3552 604 5).
3588 555 3617 583 »

1962 615 2203 671 Gladius
2237 617 2337 671 Dei
2376 619 2702 675 inebriatur
2758 620 2818 674 in
2878 619 3061 686 caelis,
3122 623 3179 675 et
3240 624 3363 675 tum
3398 621 3615 678 solium

1959 704 2069 758 erit
2097 705 2155 759 in
2187 707 2496 762 sanctitate
2527 725 2801 763 securum
2824 708 2851 763 ‘I
2892 710 2954 764 In
3006 710 3322 764 Idumaaam
3370 711 3609 766 descen-

1958 793 2055 847 det
2085 795 2124 860 ²,
2159 812 2285 866 quae
2314 795 2749 868 interpretatur,
2784 798 2870 852 vel
2902 800 3271 867 sanguinaria
3322 797 3409 853 vel
3442 802 3612 855 terre-

1960 899 2071 936 na:
2105 888 2167 937 ut
2216 885 2555 955 prophetica
2607 886 2957 942 auctoritate
3010 887 3326 956 discamus,
3382 903 3619 943 omnem

1958 975 2173 1027 terram
2205 972 2463 1045 indigere
2487 975 2736 1043 judicio.
2778 976 2940 1030 Unde
2972 976 3276 1047 sequitur:
3315 998 3343 1027 «
3364 976 3621 1033 Victima

1960 1060 2192 1115 Domini
2217 1062 2274 1116 in
2300 1063 2498 1133 Bosra,
2520 1085 2545 1112 »
2576 1081 2701 1135 quae
2726 1064 3167 1135 interpretatur,
3188 1082 3314 1121 caro
3344 1083 3356 1120 :
3387 1088 3414 1117 «
3445 1070 3502 1121 et
3531 1066 3619 1120 in-

1965 1150 2224 1224 terfectig
2256 1151 2385 1221 ejus
2414 1152 2600 1207 multa
2632 1153 2689 1207 in
2722 1157 2877 1207 terra
2904 1154 3110 1224 Edom,
3143 1176 3172 1202 ››
3195 1154 3251 1208 id
3276 1158 3385 1222 est,
3409 1157 3469 1209 in
3488 1172 3619 1211 san-

1961 1240 2129 1307 guine
2190 1215 2361 1311 (Ibid.
2444 1244 2521 1309 6),
2596 1243 2764 1312 juxta
2826 1242 2980 1314 quod
3041 1215 3205 1314 ponit
3261 1215 3617 1314 Apostolus:

1965 1328 2169 1383 «Caro
2215 1334 2269 1384 et
2321 1330 2565 1403 sanguis
2618 1348 2866 1403 regnum
2918 1332 3016 1387 Dei
3070 1350 3184 1387 non
3236 1333 3622 1405 possidebunt

1970 1417 2019 1487 (I
2047 1420 2171 1473 Cor.
2207 1436 2297 1484 xv,
2330 1420 2445 1489 50.)
2482 1444 2506 1468 ››
2546 1444 2565 1468 α
2604 1421 2699 1475 Vae
2732 1422 2831 1492 qui
2877 1422 3223 1477 contradicit
3271 1423 3457 1477 lictori
3491 1439 3621 1489 suo,
3695 1425 3718 1433 ’

1966 1523 2047 1559 vae
2087 1508 2184 1577 qui
2221 1508 2362 1562 dicit
2393 1509 2563 1579 patri,
2602 1510 2816 1581 thuid
2850 1526 2941 1565 me
2972 1510 3312 1583 generasti?
3338 1514 3396 1565 et
3427 1510 3625 1579 matri,

1971 1595 2156 1657 Quare
2190 1613 2281 1651 mc
2335 1598 2613 1669 peperisti
2670 1600 2801 1667 (lsa.
2854 1617 2981 1667 xnv,
3034 1599 3164 1669 40)?
3200 1621 3226 1648 »
3276 1599 3391 1655 Hoc
3423 1600 3495 1653 ad
3524 1615 3624 1655 eos
3672 1652 3673 1655 η

199 1687 273 1741 Ad
288 1684 1276 1757 hujuscemodihominesloquitur
1292 1686 1441 1739 Deus
1466 1701 1478 1738 :
1504 1709 1530 1733 ‹‹
1546 1684 1642 1739 Vae
1665 1685 1851 1754 vobis,
1894 1722 1940 1785 Β
1974 1684 2252 1755 pertinet,
2284 1687 2383 1756 qui
2416 1687 2640 1742 dicunt.
2676 1689 2862 1752 Quare
2891 1688 3027 1744 talis
3045 1687 3319 1744 conditus
3345 1704 3498 1756 sum,
3524 1689 3625 1759 qui
3662 1742 3663 1745 η

206 1778 297 1847 qui
331 1775 648 1847 sapientes
673 1773 817 1829 estis
847 1773 1000 1845 apud
1024 1790 1148 1840 vos,
1176 1777 1230 1828 et
1259 1773 1653 1846 intelligentes
1674 1778 1863 1829 vestro

197 1864 428 1934 judicio
459 1865 589 1933 (Isa.
625 1880 679 1929 v,
707 1862 823 1933 2-1).
858 1885 885 1912 ››
921 1862 1102 1918 Isaias
1137 1864 1308 1933 juxta
1357 1863 1703 1918 Hebraicum
1740 1862 1862 1935 plo-

203 1959 311 2019 rat,
344 1958 414 2008 et
443 1952 620 2007 dicit:
658 1974 684 2001 «
714 1951 814 2007 Vze
836 1951 1002 2017 mihi,
1027 1952 1167 2023 quia
1189 1952 1361 2016 tacui,
1393 1953 1532 2023 quia
1556 1950 1866 2007 immunda

200 2042 448 2099 habens
474 2041 645 2108 labia,
674 2049 727 2096 et
761 2042 820 2095 in
851 2041 1044 2096 medio
1077 2040 1278 2113 populi
1302 2041 1613 2096 immunda
1642 2041 1865 2096 haben-

205 2130 283 2185 tis
311 2130 482 2186 labia
512 2129 797 2196 habitans,
849 2130 964 2184 vidi
1021 2130 1334 2186 Dominum
1385 2131 1630 2185 sabaoth
1680 2129 1864 2186 oculis

195 2218 344 2274 meis
380 2221 516 2289 (lsa.
559 2235 635 2285 vi,
667 2221 743 2290 5).
782 2243 803 2267 ιι
843 2218 941 2274 Ille
986 2219 1268 2273 virtutum
1321 2220 1551 2284 merito,
1575 2220 1675 2274 Dei
1706 2221 1865 2274 frue—

198 2310 376 2379 batur
430 2313 704 2381 aspectu,
756 2312 811 2363 et
860 2308 1219 2363 conscientia
1268 2312 1662 2381 peccatorum,
1712 2309 1867 2363 labia

196 2416 297 2454 sua
322 2398 643 2453 fatebatur
680 2398 1009 2453 immunda.
1068 2399 1191 2453 Non
1244 2399 1398 2470 quod
1452 2398 1683 2453 locutus
1711 2403 1867 2453 esset

199 2488 451 2560 aliquid,
509 2488 669 2559 quod
722 2485 1005 2542 voluntati
1060 2487 1286 2543 Domini
1344 2492 1716 2559 repugnaret,
1764 2488 1863 2543 sed

199 2578 349 2649 quod
380 2576 683 2642 siluisset,
715 2575 804 2631 vel
834 2576 1064 2643 timore,
1098 2576 1184 2631 vel
1228 2578 1450 2647 pudore
1498 2576 1862 2648 perterritus,

203 2682 306 2722 nec
333 2666 648 2739 arguisset
678 2664 916 2721 lihrtate
956 2666 1298 2738 prophetica
1346 2665 1630 2738 populum
1679 2665 1865 2723 delin-

202 2761 509 2827 quentem.
545 2754 665 2810 Nos
696 2759 1004 2826 peccantes
1037 2756 1275 2827 quando
1314 2755 1665 2827 corripimus
1698 2757 1735 2825 ¹,
1766 2755 1865 2828 qui

206 2846 535 2901 adulamur
564 2843 863 2910 divitibus,
892 2848 948 2899 et
968 2861 1289 2916 personnas
1312 2845 1633 2917 accipimus
1666 2863 1866 2918 pecca-

206 2937 419 3001 torum,
468 2932 666 3004 turpis
712 2932 859 2987 lucri
908 2933 1143 3005 gratia?
1183 2934 1294 2989 nisi
1346 2934 1490 2989 forte
1521 2938 1641 2989 tota
1670 2934 1754 2991 eis
1782 2935 1864 2990 lo-

206 3023 447 3094 quimur
480 3023 581 3093 [aL
619 3022 951 3093 loquamur]
984 3022 1338 3078 confidentia
1375 3040 1625 3094 Quorum
1659 3024 1867 3095 opibus

1976 1790 2089 1828 non
2124 1791 2367 1844 possum
2402 1776 2460 1830 in
2493 1782 2843 1848 perpetuum
2890 1794 3084 1833 carere
3133 1776 3412 1849 peccato?
3438 1777 3625 1840 Quare

1973 1860 2087 1917 tale
2118 1880 2218 1918 vas
2246 1864 2468 1930 fictum,
2496 1869 2562 1919 ut
2582 1882 2696 1921 non
2722 1866 3172 1922 adamantinum
3194 1883 3626 1938 permanerem,

1975 1952 2073 2006 sed
2108 1953 2176 2006 ad
2207 1969 2441 2007 omnem
2473 1958 2692 2009 tactum
2718 1955 2894 2009 ﬁctile
2917 1959 3096 2027 atque
3118 1954 3356 2027 fragile3
3378 1956 3404 2010 ‘l
3436 1978 3463 2004 «
3492 1955 3624 2011 Om-

1975 2056 2078 2095 nes
2110 2040 2261 2095 sicut
2290 2058 2423 2096 oves
2455 2042 2780 2098 erravimus
2806 2061 2818 2109 ;
2853 2048 2908 2097 et
2930 2044 3194 2098 omnium
3222 2048 3489 2100 nostrum
3510 2044 3623 2101 Do-

1975 2129 2173 2184 minus
2205 2136 2442 2201 peccata
2472 2131 2723 2202 portavit
2773 2133 2898 2202 (Isa.
2950 2149 3070 2199 LIII,
3118 2134 3194 2202 6).
3249 2133 3503 2188 Intuitus
3534 2138 3623 2188 est

1974 2218 2153 2284 enim,
2194 2224 2250 2273 et
2300 2218 2608 2291 diligenter
2654 2220 2926 2291 inspexit,
2984 2219 3335 2291 nullumque
3385 2221 3620 2292 reperit,

1977 2306 2075 2377 qui
2113 2307 2403 2375 judicaret
2433 2309 2615 2378 juste,
2650 2309 2750 2380 qui
2795 2325 2964 2363 suam
2996 2309 3054 2362 in
3104 2308 3380 2363 omnibus
3412 2309 3624 2365 faceret

1974 2395 2358 2450 voluntatem.
2390 2397 2459 2451 Et
2488 2396 2704 2452 idcirco
2736 2396 3041 2452 brachium
3065 2398 3192 2467 ejus
3212 2396 3462 2453 salutem
3484 2415 3625 2470 prae-

1976 2484 2125 2552 buit,
2159 2489 2214 2539 et
2236 2485 2472 2555 justitia
2502 2503 2609 2541 sua
2639 2485 2881 2542 salvavit
2912 2486 3130 2556 omnia,
3160 2491 3222 2541 ut
3243 2487 3437 2543 omnis
3458 2504 3627 2543 mun-

1975 2574 2085 2628 dus
2100 2574 2449 2644 subjiciatur
2466 2574 2602 2641 Deo,
2623 2580 2680 2630 et
2712 2574 2875 2630 illius
2897 2574 3206 2631 clementia
3227 2581 3621 2633 conservetur.

1977 2662 2221 2717 Fuimus
2271 2662 2428 2717 enim
2478 2663 2792 2729 immundi,
2843 2682 2958 2719 non
3008 2664 3197 2735 pauci,
3246 2665 3347 2720 sed
3396 2681 3621 2723 omnes.

1977 2774 2004 2801 ‹‹
2040 2752 2213 2816 Quasi
2249 2768 2480 2824 pannus
2512 2758 2909 2821 menstruatae,
2943 2757 3213 2824 reputate.
3260 2758 3399 2809 sunt
3426 2756 3624 2811 omnia

1978 2840 2036 2895 in
2069 2839 2194 2912 lege
2226 2858 2399 2913 opera
2432 2845 2632 2897 nostra
2662 2844 2787 2912 (15a.
2824 2860 2971 2910 inv,
3003 2843 3078 2912 6).
3114 2865 3141 2892 »
3171 2843 3254 2897 Ad
3295 2842 3622 2899 Jerusalem

1976 2930 2034 2983 in
2092 2929 2350 2985 Ezechiel
2405 2928 2664 3001 loquitur
2722 2931 2924 2987 Deus:
2978 2955 3005 2980 ‹‹
3068 2931 3326 2987 Perfecta
3371 2946 3501 2988 eras
3558 2933 3619 2988 in

1976 3019 2181 3073 decore
2222 3036 2350 3074 meo
2381 3020 2591 3087 (Ezech.
2624 3037 2739 3085 xv1,
2776 3021 2900 3090 lli);
2940 3043 2959 3067 η
3005 3023 3062 3075 et
3108 3025 3197 3075 est
3239 3036 3468 3091 sensus,
3503 3037 3621 3076 non

208 3110 598 3184 indigemus?
629 3110 701 3165 Ut
730 3109 873 3165 talia
903 3127 1016 3165 non
1049 3127 1315 3183 agamus,
1351 3093 1415 3166 ut
1461 3093 1864 3167 abstineamus
1897 3093 1938 3159 C
1979 3108 2037 3162 in
2094 3107 2212 3163 tuis
2270 3108 2565 3177 operibus,
2627 3125 2742 3163 non
2800 3109 2858 3162 in
2916 3113 3017 3164 tua
3072 3109 3448 3179 conscientia,
3491 3126 3624 3166 cor-

205 3216 312 3256 nos
390 3202 468 3255 ab
541 3199 702 3254 omni
762 3199 955 3270 specie
1020 3205 1409 3271 peccatorum,
1472 3205 1623 3256 certe
1668 3218 1868 3257 verum

205 3290 497 3351 tacuisse,
533 3292 833 3359 peccatum
884 3291 991 3343 est.
1038 3290 1386 3359 Quanquam
1439 3290 1591 3361 apud
1626 3290 1869 3361 Septua-

205 3378 381 3449 ginta
412 3394 532 3432 non
564 3377 641 3431 sit
668 3377 977 3447 scriptum,
1012 3401 1038 3427 «
1074 3377 1221 3441 Quia
1245 3378 1417 3447 tacui,
1456 3400 1482 3427 ››
1516 3379 1637 3443 sed,
1675 3401 1700 3427 ‹‹
1734 3379 1873 3449 quia

207 3470 615 3536 compunctus
628 3483 776 3533 sum,
806 3490 832 3513 ››
857 3466 1214 3522 conscientia
1237 3467 1459 3523 scilicet
1475 3472 1869 3538 peccatorum,

213 3557 291 3607 ut
320 3552 477 3607 illud
510 3552 856 3623 compleatur
886 3552 1295 3625 propheticum
1322 3570 1333 3607 :
1376 3576 1402 3603 «
1433 3553 1716 3609 Versatus
1741 3571 1873 3609 sum

220 3641 286 3695 in
378 3641 639 3706 miseria,
707 3643 840 3697 dum
922 3642 1187 3713 inﬁgitur
1262 3642 1405 3696 mihi
1470 3643 1641 3714 spina
1700 3644 1871 3714 (Psal.

208 3746 380 3799 xxxx,
417 3730 500 3801 4).
542 3751 569 3779 ν
604 3728 697 3786 Ille
726 3731 945 3803 peccati
979 3730 1149 3803 spina
1180 3732 1634 3804 compungitur:
1668 3737 1729 3786 tu
1763 3732 1876 3786 vir-

207 3824 418 3876 tutum
453 3819 697 3874 ﬂoribus
724 3837 972 3875 vernas:
1026 3842 1053 3869 ‹‹
1087 3821 1421 3887 Erubescet,
1478 3821 1686 3892 inquit,
1739 3821 1881 3876 luna

206 3914 270 3965 et
329 3908 736 3965 confundetur
783 3907 891 3976 sol,
951 3910 1185 3981 quando
1228 3910 1548 3966 visitaverit
1600 3909 1880 3965 Dominus

207 4014 402 4070 super
431 3997 712 4053 militiam
754 3997 880 4053 coeli
931 3999 989 4052 in
1039 3998 1282 4053 excelsis
1335 4000 1475 4067 (Isa.
1518 4016 1671 4064 xxxv,
1703 3999 1816 4069 23),
1849 4018 1876 4051 π

209 4088 327 4144 hoc
390 4092 481 4143 est
542 4088 702 4159 quod
764 4090 917 4143 774
974 4088 1030 4143 in
1091 4088 1204 4143 alio
1261 4090 1384 4144 loco
1437 4088 1723 4160 scriptum
1755 4094 1883 4145 est:

200 4202 233 4227 α
269 4182 457 4233 Astra
490 4194 733 4248 quoque
766 4194 879 4233 non
911 4182 1050 4233 sunt
1079 4178 1301 4232 munda
1330 4177 1389 4231 in
1414 4183 1728 4249 conspectu
1756 4180 1883 4249 ejus

204 4267 358 4335 (Job,
390 4284 533 4334 xxv,
558 4267 640 4335 5),
674 4289 700 4314 ››
737 4272 811 4334 et,
848 4289 875 4315 ‹‹
908 4267 1229 4322 Adversum
1262 4265 1510 4338 angelos
1562 4284 1721 4333 suos,
1757 4284 1883 4339 per-

198 4369 456 4409 versum
516 4352 661 4424 quid
709 4352 921 4425 reperit
973 4353 1117 4424 (Job,
1166 4370 1242 4418 1v,
1297 4354 1404 4422 18).
1458 4376 1483 4401 ››
1538 4354 1701 4409 Luna
1749 4372 1882 4410 eru-

1980 3196 2187 3267 disque
2260 3198 2566 3267 jactantia,
2650 3198 2749 3253 sed
2844 3197 2902 3251 in
2986 3215 3113 3253 meo
3199 3198 3426 3267 decore,
3511 3216 3629 3270 qua

1980 3291 2036 3342 te
2101 3285 2411 3341 clementia
2479 3304 2609 3342 mea
2676 3286 2943 3343 libertate
2986 3289 3007 3322 ‘
3072 3288 3442 3344 donaveram.
3514 3289 3628 3345 De-

1982 3374 2157 3446 nique
2190 3375 2246 3428 in
2281 3376 2777 3447 consequentibus
2826 3376 3089 3449 loquitur
3137 3377 3207 3431 ad
3239 3394 3391 3443 eam,
3423 3394 3632 3449 quam-

1984 3465 2055 3518 do
2096 3464 2353 3519 salvatur
2383 3482 2497 3519 non
2529 3482 2635 3520 suo
2667 3465 2893 3533 merito,
2942 3466 3090 3521 775
3142 3466 3243 3520 sed
3290 3468 3417 3537 ejus
3449 3467 3627 3521 mise-

1986 3552 2253 3607 ricordia.
2310 3553 2677 3609 Recordabar
2720 3554 2873 3625 pacti
2921 3554 3033 3608 mei
3081 3558 3274 3608 tecum
3325 3555 3383 3608 in
3425 3554 3632 3611 diebus

1987 3642 2388 3697 adolescentia}
2418 3647 2550 3706 tum,
2599 3647 2656 3695 et
2705 3641 2999 3696 suscitabo
3048 3639 3153 3696 tibi
3214 3645 3451 3712 pactum
3484 3658 3639 3697 sem-

1989 3729 2305 3802 piternum,
2348 3734 2405 3784 et
2437 3729 2832 3785 recordaberis
2866 3730 3094 3784 viarum
3124 3734 3388 3797 tuarum,
3423 3734 3479 3785 et
3504 3746 3641 3786 con-

1991 3819 2253 3874 funderis
2284 3818 2449 3889 (Ibid.
2483 3820 2572 3885 60,
2605 3819 2718 3889 61).
2755 3843 2776 3870 ι
2832 3819 2901 3873 Et
2944 3818 3194 3875 iterum:
3253 3843 3272 3869 α
3328 3819 3639 3877 Suscitabo

1991 3913 2228 3979 pactum
2277 3924 2473 3961 meum
2505 3912 2697 3962 tecum
2731 3912 2786 3963 et
2826 3908 2974 3963 scies
3017 3909 3156 3980 quia
3193 3925 3298 3981 ego
3328 3909 3637 3979 Dominus,

1993 4000 2057 4052 ut
2086 3997 2408 4053 recorderis
2440 4001 2496 4051 et
2527 3996 2928 4064 confundaris,
2969 4002 3027 4052 et
3078 4014 3193 4053 non
3238 3998 3316 4052 sit
3342 3997 3449 4053 tibi
3481 3998 3637 4054 ultra

1993 4086 2218 4159 aperire
2250 4102 2335 4151 os,
2372 4103 2484 4157 prae
2518 4086 2859 4141 confusione
2889 4090 3012 4153 tua,
3035 4102 3168 4141 cum
3187 4086 3349 4142 fuero
3371 4087 3636 4157 placatus

1994 4176 2098 4231 tibi
2132 4175 2190 4229 in
2250 4175 2525 4230 omnibus
2583 4192 2710 4245 quae
2771 4174 2978 4242 fecisti,
3036 4176 3117 4230 ait
3173 4175 3460 4230 Dominus
3489 4179 3643 4232 Deus

1996 4264 2151 4336 (Ibid.
2221 4266 2310 4331 62,
2369 4266 2480 4333 63).
2562 4286 2586 4311 ››
2650 4264 2791 4318 Ecce
2861 4268 3055 4335 aperte
3115 4264 3307 4319 divino
3375 4280 3645 4320 sermone

1996 4357 2380 4422 monstratur,
2414 4352 2555 4424 quid
2586 4352 2644 4407 in
2688 4352 2800 4408 alio
2850 4351 2972 4407 loco
3018 4352 3260 4408 dixerit:
3314 4375 3341 4403 «
3374 4353 3440 4408 Et
3470 4368 3643 4409 mun-

200 4442 433 4510 bescit,
468 4440 562 4497 sol
596 4441 997 4510 confunditur,
1028 4446 1084 4497 et
1128 4442 1336 4497 coelum
1369 4442 1629 4513 operitur
1676 4442 1882 4511 cilicio,
1918 4465 1962 4529 D
1997 4443 2143 4498 dans
2175 4448 2229 4496 te
2298 4458 2413 4496 non
2476 4440 2647 4496 faciet
2705 4441 3071 4497 innocentem
3133 4441 3387 4513 (Nahum.
3424 4460 3461 4511 1,
3494 4443 3578 4513 3);
3614 4464 3643 4492 ››

201 4538 263 4587 et
294 4548 414 4587 nos
439 4531 727 4602 intrepidi
761 4537 936 4603 atque
969 4530 1251 4599 laetantes,
1286 4531 1455 4603 quasi
1504 4534 1663 4587 omni
1695 4549 1886 4589 carea-

204 4636 353 4675 mus
387 4619 560 4687 vitio,
598 4636 978 4676 occurremus
1020 4620 1238 4691 judicis
1288 4621 1606 4691 majestati,
1653 4623 1885 4693 quando

203 4708 541 4763 tabescent
569 4714 823 4780 montes,
877 4709 1051 4766 erecti
1096 4708 1363 4765 videlicet
1416 4709 1472 4764 in
1524 4712 1883 4782 superbiam,

205 4802 277 4851 et
308 4796 519 4851 omnis
552 4798 759 4854 militia
789 4798 1093 4867 ccnlorum,
1123 4798 1211 4854 vel
1247 4803 1426 4869 astra,
1475 4799 1564 4854 vel
1615 4799 1886 4873 angelica

201 4886 588 4959 dignitates:
626 4893 683 4943 et
730 4887 1240 4961 complicabuntur
1286 4888 1439 4943 sicut
1482 4887 1613 4942 libri
1655 4888 1802 4958 coeli,
1833 4894 1890 4945 et

200 4976 425 5031 omnis
479 4977 772 5033 exercitus
821 4994 1024 5033 eorum
1073 4977 1258 5032 instar
1327 4976 1599 5032 foliorum
1652 4979 1884 5034 deﬂuet.

281 5196 298 5229 ³
339 5196 495 5248 Mss.
529 5192 1135 5275 peccantesAali'quando
1152 5194 1505 5275 corripimus,
1534 5207 1698 5275 aque
1719 5193 1886 5275 bene.

197 5262 453 5321 Verum
510 5262 686 5336 paulo
745 5262 987 5320 inferius
1034 5282 1102 5320 ex
1151 5264 1360 5319 iisdem
1412 5262 1795 5335 prsetulimus,
1831 5266 1893 5321 Ut

200 5340 363 5394 talia
394 5353 515 5392 non
568 5353 821 5405 agamus,
870 5354 1003 5392 cum
1056 5340 1227 5391 antea
1273 5341 1446 5403 esset,
1503 5337 1569 5392 Ut
1610 5338 1742 5402 alia,
1777 5341 1887 5391 etc.

277 5410 302 5442 ²
373 5408 641 5463 Multum
700 5408 945 5463 diversis
998 5408 1212 5475 verbis,
1291 5406 1659 5463 concinniore
1716 5408 1891 5464 etiam

201 5498 413 5537 sensu
450 5480 678 5535 habent
707 5496 851 5535 mss.
888 5480 1069 5535 nostri
1101 5484 1147 5535 el
1178 5482 1241 5536 z'n
1279 5483 1373 5534 tua
1420 5479 1597 5537 solum
1627 5481 1734 5539 erit
1761 5498 1893 5538 san-

197 5556 428 5615 ctitate
443 5551 725 5628 jejunus?
754 5554 816 5610 In
844 5552 1166 5625 Idumaeam,
1201 5554 1311 5610 etc.

1996 4531 2149 4603 quod
2174 4531 2323 4601 justi
2356 4547 2587 4601 quoque
2619 4534 2674 4585 ct
2704 4535 2837 4602 post
2866 4535 3169 4603 peccatum
3197 4531 3256 4586 in
3290 4536 3509 4588 statum
3534 4532 3646 4605 pri-

1997 4621 2218 4675 stinum
2250 4620 2529 4685 restituti,
2562 4636 2626 4674 os
2660 4619 2884 4691 operire
2918 4637 3033 4675 non
3068 4622 3341 4688 audeant,
3376 4622 3477 4676 sed
3509 4638 3645 4677 cum

1994 4708 2267 4781 Apostolo
2300 4709 2497 4762 dicant
2527 4725 2538 4762 :
2577 4730 2603 4757 «
2629 4709 2737 4772 Qui
2770 4726 2883 4765 non
2910 4727 3041 4764 sum
3065 4711 3278 4781 dignus
3298 4710 3487 4765 vocari
3511 4726 3647 4781 apo-

1998 4798 2183 4855 stolus
2239 4798 2375 4868 quia
2408 4802 2751 4868 persecutus
2782 4816 2915 4853 sum
2947 4798 3265 4854 Ecclesiam
3316 4797 3415 4853 Dei
3448 4800 3494 4870 (I
3522 4798 3643 4854 Cor.

1997 4907 2090 4955 xv,
2122 4888 2198 4959 9).
2238 4912 2265 4936 ››
2310 4886 2574 4957 Denique
2631 4891 2687 4940 et
2744 4888 2800 4941 in
2861 4888 2974 4942 alio
3034 4887 3158 4943 loco
3216 4903 3319 4958 per
3374 4890 3647 4946 eumdem

1998 4977 2344 5051 prophetam
2362 4976 2431 5030 ad
2448 4992 2565 5042 eos,
2588 4974 2687 5046 qui
2702 4975 2861 5031 illius
2876 4976 3335 5032 misericordiam
3351 4977 3650 5035 consecuti

2073 5194 2094 5229 ³
2121 5198 2257 5250 Mss.
2292 5194 2369 5249 Ad
2395 5208 2609 5247 omnem
2634 5196 2839 5247 tactum
2869 5192 3072 5250 inutile
3100 5202 3260 5264 atque
3287 5194 3607 5263 frangibile
3632 5214 3647 5253 :

2002 5266 2162 5349 aliine
2203 5266 2419 5337 quibus
2474 5281 2628 5319 unus
2684 5264 3025 5334 Vaticanus,
3081 5267 3243 5337 futile
3298 5270 3460 5337 atque
3482 5266 3655 5337 fran-

2001 5338 2288 5464 glelllgnus
2322 5407 2527 5474 Vatic.,
2561 5424 2664 5479 quo
2721 5416 2769 5462 te
2826 5407 3138 5467 clementiae
3181 5425 3320 5466 mea:
3378 5408 3674 5476 libertate,

2003 5485 2112 5538 etc.
2144 5479 2314 5539 Alius
2348 5480 2649 5538 clementia:
2670 5496 2803 5539 mea:
2823 5482 3179 5553 liberalitate,
3195 5487 3303 5537 etc.
