4082 6168
373 314 496 398 soi

1629 335 1698 395 s.
1741 310 2074 396 ausaau-
2100 312 2570 395 maaoavm.

3655 307 3776 386 501‘

375 465 517 521 sunt
546 463 586 534 ¹,
620 462 882 536 loquitur
909 454 1062 520 Deus
1093 482 1105 521 :
1140 486 1167 514 ‹‹
1203 456 1272 523 Et
1317 464 1767 521 reCOrdabimini
1789 463 2016 519 viarum
2045 462 2101 528 Α
2131 462 2233 518 sed
2281 464 2517 536 propria
2562 463 2857 520 voluntate
2887 481 2899 530 ;
2951 460 3089 534 quia
3138 457 3462 517 docuerunt
3506 447 3774 529 unguem

372 553 700 610 vestrarum
731 555 788 608 et
817 553 1085 609 omnium
1115 551 1402 610 scelerum
1430 558 1776 622 vestrorum,
1807 552 2020 624 quibus

373 641 586 716 pullati
615 643 815 710 eratis,
847 645 904 697 et
932 641 1266 714 displicebit
1295 643 1459 698 vobis
1491 642 1588 716 [αι.
1613 640 2020 714 displicebitis]

372 733 442 789 in‘
463 735 780 804 conspectu
821 737 1031 800 vestro,
1082 731 1142 785 in
1195 731 1419 786 cunctis
1467 731 1711 787 malitiis
1759 747 1907 803 quas
1939 729 2022 784 fe-

375 821 560 887 cistis,
594 825 652 876 et
682 819 878 876 soietis
909 820 1049 892 quia
1069 835 1172 893 ego
1195 819 1500 887 Dominus,
1524 836 1658 875 cum
1684 819 2020 875 benefecero

375 907 539 965 vobis
562 912 798 981 prepter
813 924 1026 964 nomen
1050 923 1269 978 meum,
1296 922 1411 964 non
1438 909 1762 965 secundum
1789 907 1912 962 vias
1927 923 2020 962 ve-

379 1004 532 1056 stras
545 993 756 1067 malas,
771 1011 960 1070 neque
977 999 1304 1055 secundum
1325 997 1744 1054 sceleravestra
1766 996 2022 1070 pessima

381 1089 618 1164 (Euam,
641 1091 734 1154 Xx,
762 1081 852 1156 43,
883 1087 993 1158 44).
1021 1110 1042 1139 υ
1076 1087 1507 1143 Erubescamus
1533 1091 1708 1159 atque
1729 1087 2019 1151 dicamus,

377 1177 536 1250 quod
567 1177 891 1249 loquuntur
919 1175 983 1231 hi
1006 1175 1242 1247 quijam
1266 1178 1504 1248 praemia
1526 1176 1822 1231 consecuti
1846 1177 2016 1230 sunt:

380 1266 695 1339 loquamur
724 1267 1056 1337 peccatores
1099 1279 1276 1336 super
1323 1269 1561 1334 terram,
1613 1269 1670 1320 et
1717 1264 1776 1318 in
1828 1261 2020 1334 fragili

378 1354 729 1426 mortalique
758 1367 1001 1426 corpore
1029 1353 1351 1422 constituti,
1401 1355 1555 1426 quod
1602 1355 1835 1410 sanctos
1863 1352 2021 1406 vide-

378 1457 516 1500 mus
542 1444 600 1499 in
647 1441 808 1499 omlis
859 1443 1067 1510 dicere,
1120 1442 1295 1499 etiam
1345 1443 1778 1515 incorruptione
1827 1445 1884 1496 et
1911 1440 2020 1494 im-

378 1523 733 1590 mortalitate
763 1532 1048 1588 donatos:
1083 1555 1112 1583 «
1142 1529 1212 1587 Et
1251 1531 1464 1596 dicitis,
1513 1531 1727 1603 inquit,
1778 1531 1902 1585 Non
1935 1534 2023 1584 est

377 1623 535 1680 recta
562 1621 655 1678 via
684 1617 937 1688 Domini,
961 1635 1094 1675 cum
1115 1625 1317 1676 vestrae
1337 1620 1440 1675 vise
1459 1637 1644 1693 pravae
1663 1620 1782 1675 sint
1804 1620 2018 1690 (Ezech.

375 1725 578 1779 χχχιιι,
609 1703 720 1781 20).
755 1713 789 1766 a
819 1707 1239 1765 Pharisaeorum
1274 1713 1364 1765 est
1392 1710 1501 1764 hoc
1571 1708 1947 1781 supercilium
1977 1709 2018 1776 ³,

379 1805 447 1857 ut
471 1801 707 1872 peccata
744 1797 992 1870 propria
1034 1797 1352 1853 voluntatis
1399 1798 1651 1853 referant
1697 1799 1766 1852 ad
1813 1796 2021 1852 Condi-
2054 1823 2100 1900 Β

377 1889 523 1946 toris
580 1887 881 1959 injuriam,
936 1891 992 1942 et
1019 1886 1178 1943 illius
1217 1886 1514 1958 justitiam
1564 1886 2017 1942 calumnientur.

379 1976 725 2036 Sacerdotes
795 1973 1001 2048 templi
1075 1975 1327 2048 mystici,
1402 1977 1555 2048 quod
1606 1976 2024 2047 interpretatur

380 2067 658 2135 Ecclesia,
691 2065 795 2121 filii
824 2065 1072 2134 Sadoch,
1115 2080 1245 2121 cum
1295 2065 1662 2122 vestimentis
1712 2065 2024 2122 ministerii

382 2160 498 2214 nun
529 2155 911 2229 egrediuntur
940 2156 1012 2210 ad
1043 2155 1330 2229 p0pulum
1360 2155 1572 2227 (Ezech.
1604 2174 1754 2223 κων,
1797 2157 1877 2222 15,
1914 2156 2022 2225 16),

380 2253 457 2306 ne
485 2246 746 2302 humana
776 2244 1212 2301 Conservatione
1242 2245 1589 2301 sanctiﬁcati
1633 2245 2023 2300 maculentur.

381 2336 449 2393 Et
475 2337 538 2393 tu
560 2335 621 2391 in
650 2333 844 2389 medio
874 2332 1054 2406 vulgi,
1087 2349 1362 2405 unusque
1393 2335 1463 2390 de
1493 2333 1708 2407 populo
1739 2335 2027 2390 mundum

382 2436 508 2483 esse
538 2429 597 2482 te'
625 2421 855 2480 credis?

450 2579 543 2632 26.
578 2577 660 2630 Ea:
699 2575 955 2631 Ieremia.
987 2604 1055 2615 —-
1083 2574 1399 2630 Jeremiam
1449 2575 1791 2648 prophetam
1844 2576 2032 2632 brevi-

383 2671 475 2722 ter
529 2668 958 2737 percurrentes,
1017 2679 1194 2720 sensu
1267 2664 1456 2736 magis
1523 2681 1700 2735 quam
1762 2681 2031 2721 sermone

386 2768 719 2826 carpamus.
753 2775 782 2803 «
815 2751 1087 2819 Circuite,
1120 2752 1330 2824 inquit,
1356 2754 1416 2807 in
1439 2753 1688 2808 exitibus
1707 2753 2030 2809 Jerusalem

391 2849 450 2902 et
477 2843 717 2916 quarite
755 2842 814 2897 in
865 2841 1074 2914 plateis
1129 2842 1258 2912 ejus
1331 2841 1482 2897 776
1540 2842 1725 2896 sicubi
1785 2843 2036 2914 reperire

392 2933 661 3008 poteritis
682 2931 895 3000 virum,
929 2930 1028 3004 qui
1052 2931 1223 3002 juxta
1245 2931 1540 3002 justitiam
1567 2930 1719 2986 vivat
1747 2935 1805 2986 et
1836 2932 2032 2999 fidem,

396 3027 454 3080 et
482 3038 580 3079 ero
611 3021 902 3095 propitius
946 3024 1185 3091 propter
1231 3033 1386 3075 eum.
1437 3018 1712 3085 Quamvis
1761 3021 1916 3075 enim
1949 3020 2036 3074 di-

397 3117 568 3168 cant:
604 3111 757 3166 Vivit
784 3109 1089 3173 Dominus,
1136 3109 1535 3164 fraudulenter
1567 3109 1794 3179 jurant,
1844 3113 1900 3164 et
1929 3109 2037 3165 hoc

2131 562 2297 607 suam
2331 552 2724 619 mendacium,
2749 555 2806 608 et
2828 551 2996 623 proni
3015 549 3284 606 feruntur
3300 547 3372 605 ad
3393 545 3774 618 injustit‘iam'.

2132 663 2159 690 ‹‹
2191 640 2250 695 Si
2282 641 2563 714 rEthiops,
2596 641 2699 709 ait,
2726 639 3039 696 mutaverit
3070 637 3281 711 pellem
3329 651 3521 701 suam,
3555 637 3612 690 et
3641 645 3776 706 par-

2132 730 2244 784 dus
2261 731 2599 786 varietatem
2621 745 2810 797 suam,
2828 732 2884 784 et
2902 744 3002 786 vos
3026 726 3293 800 poteritis
3321 725 3507 781 facere
3528 724 3783 791 bonum,

2131 834 2262 873 cum
2297 819 2618 874 didiceritis
2651 818 2805 873 mala
2830 817 3047 887 (Ierem.
3091 833 3214 884 xm,
3265 815 3377 886 23).
3414 837 3442 863 ››
3475 812 3624 885 Ergo
3654 811 3778 885 pel:

2128 906 2203 961 lis
2232 907 2557 979 .Ethiopica
2585 911 2640 961 et
2674 907 2989 978 pardorum
3020 904 3267 960 varietas
3311 900 3638 974 disciplinas
3665 905 3779 970 est,

2131 1011 2245 1049 non
2279 999 2522 1062 natura,
2557 1012 2682 1066 quin
2714 994 2955 1048 docetur
3000 995 3055 1047 et
3105 991 3393 1058 discitur;
3444 994 3644 1045 tamen
3677 991 3782 1045 au-

2132 1083 2265 1138 ferri
2300 1101 2416 1138 non
2447 1087 2638 1155 potest
2666 1082 2871 1137 vitium
2904 1080 3089 1136 incliti
3130 1079 3290 1147 mali,
3341 1079 3460 1135 nisi
3488 1083 3590 1151 per
3617 1091 3780 1148 eum,

2131 1172 2224 1226 cui
2255 1172 2452 1227 omnia
2482 1170 2782 1244 possibilia
2814 1174 2971 1226 sunt.

2199 1263 2289 1316 27.
2349 1261 2512 1316 Unde
2567 1260 2830 1332 loquitur
2887 1259 2957 1314 ad
3011 1270 3168 1330 eum,
3229 1258 3327 1331 qui
3386 1258 3548 1315 solus
3603 1267 3781 1317 Ver-tis

2132 1349 2398 1405 medicus
2424 1354 2512 1406 est
2545 1365 2556 1403 :
2588 1373 2615 1398 ‹‹
2649 1352 2803 1404 Sana
2861 1363 2974 1416 me,
3037 1346 3304 1413 Domine,
3361 1350 3419 1402 et
3477 1347 3732 1404 sanabor
3765 1367 3780 1404 :

2131 1439 2356 1496 salvum
2391 1455 2484 1494 me
2515 1439 2622 1504 fac,
2655 1437 2919 1504 Domine,
2953 1440 3010 1492 et
3039 1436 3233 1492 saqus
3269 1452 3403 1505 ero;
3454 1442 3519 1492 tu
3563 1447 3631 1494 es
3655 1439 3782 1511 glo-

2132 1529 2218 1584 ria
2260 1529 2353 1594 [αι.
2388 1526 2681 1600 gloriatio]
2713 1541 2843 1582 mea
2899 1529 2955 1581 et
3012 1539 3148 1597 spes
3201 1537 3330 1581 mea
3384 1527 3606 1594 (Ierem.
3640 1539 3782 1595 xvn,

2131 1617 2241 1688 44).
2278 1638 2306 1666 »
2355 1616 2414 1672 Si
2453 1615 2610 1672 enim
2659 1616 2729 1670 ad
2782 1613 3176 1669 conditionem
3229 1628 3420 1670 meam
3471 1607 3783 1672 infelicita-

2129 1716 2367 1777 temque
2399 1704 2728 1776 respiciam,
2761 1702 2908 1758 nihil
2941 1703 3098 1758 aliud
3131 1702 3242 1758 nisi
3277 1703 3386 1758 hoc
3427 1719 3678 1775 possum
3703 1704 3786 1760 lc-

2135 1794 2268 1866 qui:
2306 1817 2332 1843 «
2366 1793 2705 1848 Malcdictus
2763 1792 2938 1846 homo
2986 1791 3008 1823 ‘
3047 1791 3148 1862 qui
3201 1791 3575 1849 annuntiavit
3630 1793 3785 1866 patri

2133 1899 2280 1951 meo,
2311 1883 2535 1939 dicens:
2557 1882 2700 1938 Ecce
2731 1879 2904 1936 natus
2934 1883 3024 1935 est
3080 1879 3187 1934 tibi
3243 1895 3420 1951 puer;
3465 1880 3568 1938 ﬁat
3603 1883 3786 1940 homo

2133 1971 2232 2027 ille
2281 1972 2495 2028 similis
2541 1970 2808 2037 urbibus,
2861 1985 3011 2039 quas
3043 1967 3330 2024 subvertit
3374 1967 3545 2025 Deus.
3589 1969 3784 2034 Quare

2135 2061 2291 2117 enim
2325 2061 2384 2114 in
2415 2059 2590 2116 vulva
2633 2072 2749 2114 non
2805 2057 3009 2113 statim
3061 2056 3227 2128 perii,
3277 2061 3333 2112 et
3380 2057 3585 2114 fuisset
3629 2059 3786 2115 mihi

2136 2149 2470 2222 sepulcrum
2527 2151 2713 2203 mater
2769 2163 2923 2212 mea,
2981 2150 3038 2200 et
3109 2143 3280 2200 vulva
3335 2147 3465 2217 ejus
3517 2147 3790 2206 infernus

2138 2235 2569 2310 sempiternus?
2596 2237 2784 2300 Quare
2822 2249 3096 2306 egressus
3127 2249 3258 2289 sum
3292 2251 3360 2289 ex
3390 2239 3577 2308 utero,
3608 2239 3674 2293 ut
3699 2240 3789 2294 vi-

2138 2330 2335 2385 derem
2365 2327 2594 2383 labores
2625 2329 2680 2381 et
2711 2322 2999 2389 miserias,
3033 2327 3091 2378 et
3139 2330 3631 2382 consumerentur
3657 2327 3786 2384 dies

2141 2418 2255 2474 mei
2285 2417 2344 2472 in
2376 2415 2652 2472 aerumnis
2685 2413 2882 2485 (Jerem
2916 2427 3025 2481 .xx,
3079 2412 3148 2467 45
3191 2412 3364 2485 seqq.)
3390 2413 3420 2468 ?
3446 2432 3473 2465 η
3529 2415 3787 2473 Tantum-

2141 2509 2212 2564 de
2244 2523 2352 2563 sua
2397 2504 2729 2562 conditione
2773 2518 3015 2559 securus
3064 2505 3175 2571 est,
3225 2506 3282 2558 et
3325 2502 3409 2558 sic
3453 2505 3700 2562 conﬁdit
3723 2507 3790 2564 in

2141 2596 2500 2662 fortitudine,
2533 2598 2599 2650 ut
2629 2595 2877 2648 mortem
2918 2591 3063 2646 777
3120 2590 3390 2663 praeferat
3417 2593 3570 2649 vita.
3604 2595 3792 2652 Nove-

2142 2692 2232 2743 rat
2261 2687 2417 2742 enim
2467 2684 2678 2739 vulnus
2722 2696 2898 2737 suum
2947 2683 3004 2735 et
3052 2679 3371 2752 potentiam
3415 2682 3566 2753 ojus‘,
3609 2691 3790 2756 queui

2143 2777 2328 2833 celare
2356 2773 2503 2829 nihil
2531 2776 2737 2844 potest,
2771 2770 2871 2842 qui
2903 2769 3154 2842 loquitur
3198 2787 3300 2842 per
3348 2771 3694 2843 prophetam
3727 2777 3756 2809 '
3771 2792 3787 2830 :

2145 2891 2172 2918 ‹‹
2206 2866 2358 2921 Deus
2390 2861 2870 2934 apprOpinquans
2912 2874 3039 2931 ego,
3073 2863 3130 2914 et
3183 2873 3296 2914 non
3329 2861 3530 2931 procul
3561 2861 3787 2933 (Jerem.

2145 2970 2305 3021 xxm,
2336 2953 2451 3019 23.)
2481 2969 2508 3002 ι)
2540 2949 2646 3014 Qui
2675 2949 2831 3004 enim
2865 2947 3076 3004 coelum
3104 2947 3288 3020 replet
3318 2953 3375 3004 et
3401 2953 3637 3022 terram,
3661 2953 3797 3008 nul-

2145 3044 2239 3099 lus
2269 3043 2459 3113 potest
2486 3037 2668 3093 vitare
2716 3038 2844 3108 ejus
2888 3035 3179 3102 notitiam,
3231 3042 3291 3093 et
3338 3039 3531 3095 cordis
3560 3041 3795 3099 occulta

2149 3132 2354 3188 celare.
2387 3128 2494 3192 Qui
2526 3129 2822 3182 scrutatur
2851 3141 3039 3191 renes,
3072 3125 3420 3198 introspicit.
3450 3129 3517 3184 Et
3547 3135 3612 3185 nt
3639 3131 3794 3188 scia-

394 3201 593 3293 ipsnm
623 3199 682 3253 in
712 3197 1020 3293 mendacio
1050 3199 1284 3293 σει-εφη.-
1308 3215 1361 3263 ν,
1405 3199 1476 3293 ξ,
1511 3197 1876 3293 2)_.-Re_futat
1905 3214 2007 3293 ρθο
2067 3205 2109 3271 C
2151 3237 2283 3276 mus
2312 3218 2410 3274 Dei
2441 3233 2569 3272 esse
2605 3215 2824 3270 bonum
2859 3229 3030 3269 omne
3062 3214 3216 3285 quod
3253 3197 3550 3286 gerimus:
3585 3241 3612 3269 «
3646 3211 3794 3293 Ego,

393 3291 660 3344 ceterum
687 3283 1010 3353 sacriﬁcia;
1040 3286 1358 3341 vescendas
1389 3285 1642 3341 detrahit
1662 3288 2037 3344 offerentibus

391 3375 622 3434 hostias
637 3376 686 3444 ³,
713 3374 912 3429 dicens
943 3389 1005 3429 se
1037 3389 1151 3429 non
1185 3374 1502 3430 mandasse
1524 3376 1789 3446 patribus
1811 3393 2034 3444 eorum,

390 3464 630 3536 quando
653 3461 853 3518 eduxit
894 3476 994 3518 eos
1040 3461 1110 3518 de
1157 3465 1313 3518 terra
1360 3463 1609 3536 Egypti,
1657 3471 1718 3519 ut
1765 3465 2038 3522 oti‘errent

386 3549 729 3626 huju'smodi
789 3550 1095 3608 sacrificia.
1159 3551 1283 3606 Non
1341 3553 1496 3608 enim
1554 3553 1870 3622 voluntate,
1934 3557 2034 3611 sed

389 3642 683 3700 idolorum
757 3640 1192 3713 comparatione
1250 3642 1568 3710 mandavit,
1630 3642 1851 3699 malens
1924 3645 2036 3701 sibi

388 3731 582 3789 offerri
608 3729 898 3801 victimas,
927 3746 1104 3802 quam
1145 3731 1538 3788 daemonibus.
1588 3735 1802 3788 Omnes
1849 3750 2034 3790 reces-

387 3820 596 3878 serunt
624 3821 698 3876 ab
726 3834 814 3888 eo,
846 3819 1046 3875 nullus
1074 3823 1164 3876 est
1192 3820 1291 3892 qui
1323 3820 1599 3892 loquatur
1623 3821 1796 3888 bona,
1825 3826 1880 3878 et
1901 3827 2036 3895 agat

389 3906 793 3982 pmnitentiam
821 3909 893 3965 de
923 3909 1177 3982 peccatis
1209 3910 1354 3966 suis.
1387 3910 1727 3982 Sequuntur
1767 3913 2034 3985 proprias

386 3997 739 4066 voluntates,
795 3998 964 4069 quasi
1011 4013 1198 4071 equus
1264 4005 1572 4071 promptus
1621 4001 1691 4056 ad
1743 4001 2030 4073 praelium.

388 4087 711 4144 Intendunt
741 4087 1002 4159 linguam
1036 4103 1204 4144 suam
1238 4088 1407 4160 quasi
1459 4105 1656 4145 arcum
1687 4108 1700 4158 ;
1736 4091 2032 4146 mentiun-

386 4181 488 4232 tur
515 4174 738 4246 omnia,
765 4179 821 4232 et
869 4191 984 4232 non
1034 4181 1123 4232 est
1169 4176 1228 4231 in
1279 4177 1362 4233 eis
1407 4178 1642 4233 veritas.
1691 4180 2033 4235 Amicorum

389 4269 624 4339 qucque
653 4266 937 4322 cavendas
970 4265 1214 4323 insidias
1249 4267 1531 4338 praecipit,
1556 4271 1613 4322 et
1635 4267 1778 4322 nulli
1801 4269 2034 4325 credere

386 4355 812 4429 proximorum.
833 4355 1106 4428 Singulos
1133 4356 1291 4411 enim
1312 4355 1577 4411 insidiari
1602 4356 1826 4424 amicis,
1852 4361 1907 4412 et
1929 4359 2034 4413 fra-

387 4448 536 4498 trem
555 4458 590 4496 a
608 4443 808 4509 fratre,
830 4441 1041 4514 decipi,
1060 4447 1115 4498 et
1136 4443 1243 4498 hoc
1262 4445 1448 4499 facere
1470 4460 1584 4498 non
1607 4447 1830 4499 naturae
1855 4445 2028 4515 malo,

2148 3307 2358 3380 inquit,
2392 3304 2672 3378 plantabo
2703 3319 2822 3371 eos,
2875 3307 2940 3357 ut
2992 3317 3366 3375 nequaquam
3398 3306 3794 3380 eradicentur,

2146 3401 2204 3454 et
2233 3413 2338 3469 ego
2370 3396 2516 3451 dabo
2548 3394 2632 3449 eis
2664 3392 3074 3465 cogitationem
3107 3397 3163 3448 et
3204 3406 3467 3464 sensum,
3520 3401 3587 3452 ut
3617 3397 3796 3455 intel-

2147 3486 2334 3558 ligant
2367 3499 2461 3539 me
2518 3483 2734 3553 (Jerem.
2794 3496 2950 3550 xxrv,
3007 3481 3060 3550 6,
3117 3482 3193 3553 7).
3228 3503 3257 3532 »
3317 3483 3377 3539 Si
3435 3485 3707 3558 cogitatio
3740 3489 3796 3544 et

2147 3591 2356 3630 sensus
2379 3574 2595 3629 dantur
2612 3588 2646 3627 a
2665 3571 2804 3638 Deo,
2830 3574 2885 3626 et
2908 3569 3238 3626 intellectus
3265 3572 3499 3629 Domini
3526 3591 3594 3631 ex
3609 3575 3794 3645 illius,

2146 3663 2246 3736 qui
2280 3661 2613 3717 noscendus
2665 3663 2772 3726 est,
2827 3657 3020 3713 radice
3063 3657 3337 3730 pullulat,
3390 3660 3491 3715 ubi
3540 3668 3596 3718 et
3625 3662 3796 3720 liberi

2144 3751 2370 3808 arbitrii
2415 3753 2646 3804 tantum
2695 3747 2951 3820 superba
2988 3746 3277 3817 jactatio?
3323 3748 3614 3810 Volumus
3644 3751 3798 3811 scire

2144 3838 2538 3896 conditionem
2555 3841 2840 3904 nostram,
2857 3835 3169 3891 audiamus
3183 3836 3795 3898 historiam.Joachim‘

2144 3946 2242 3984 rex
2271 3928 2445 3996 Juda,
2473 3925 2782 3997 cunctique
2807 3925 2949 3981 socii
2980 3925 3109 3996 ejus
3133 3929 3190 3980 et
3206 3925 3499 3999 principes
3512 3929 3658 3999 ejus,
3682 3945 3792 3984 au-

2143 4018 2283 4074 ditis
2332 4015 2704 4072 sermonibus
2753 4013 2926 4081 Uriaa,
2973 4013 3288 4070 voluerunt
3339 4015 3598 4072 occidere
3653 4023 3797 4072 eum

2143 4108 2359 4175 (Jerem.
2393 4122 2547 4170 xxvx,
2576 4104 2688 4175 21).
2721 4103 2886 4168 Quod
2935 4119 3072 4158 cum
3123 4101 3221 4158 ille
3264 4100 3592 4175 didicisset,
3625 4106 3804 4162 timo-

2145 4211 2205 4249 re
2237 4192 2580 4266 pcrterritus
2613 4191 2762 4262 fugit
2790 4191 2846 4245 in
2870 4189 3209 4263 .‘Egyptum.
3229 4191 3347 4247 Cur
3366 4193 3616 4249 mortem
3635 4193 3805 4252 timo-

2145 4284 2261 4346 bat,
2296 4282 2397 4353 qui
2429 4279 2736 4352 explicavit
2767 4279 3125 4335 sententiam
3178 4279 3431 4349 Domini,
3475 4291 3509 4338 a
3540 4283 3642 4355 qui
3675 4299 3711 4338 a
3740 4291 3810 4340 se

2144 4369 2401 4426 nuntiari
2432 4367 2666 4424 Domini
2699 4371 2938 4424 noverat
2957 4368 3323 4426 voluntatem
3349 4369 3378 4424 ?
3395 4371 3803 4445 Dedign'amur

2143 4477 2246 4532 per
2275 4456 2511 4530 singula
2545 4456 2832 4512 auxilium
2867 4456 2990 4526 Dei,
3025 4461 3083 4512 et
3111 4459 3184 4513 ad
3227 4457 3387 4514 illius
3418 4464 3630 4516 nutum
3662 4477 3809 4518 cun-

501 4583 703 4667 _Up_us
761 4584 1025 4658 Vatican.
1055 4586 1240 4667 “illius
1286 4586 1680 4667 misericordia
1723 4591 2040 4667 conservati
2069 4577 2114 4642 D
2152 4589 2486 4667 Conditoris
2543 4589 2823 4661 injuriam
2883 4590 3128 4663 propriae
3185 4590 3511 4650 voluntatis
3568 4598 3810 4667 peccata

386 4657 535 4731 {una
592 4653 725 4710 Mox
785 4671 879 4731 ex-
907 4653 1184 4731 omnibus
1244 4664 1296 4711 et
1366 4658 1826 4731 recordabimini,
1869 4661 2044 4731 juxta
2153 4662 2446 4719 retulisse.

386 4727 652 4783 Graecum
703 4725 1102 4800 μνησβήσεσθε,
1155 4728 1528 4800 reposuimus
1583 4745 1716 4784 cum
1765 4725 2042 4797 Viciorio,

389 4815 507 4872 quo
545 4813 652 4872 pro
702 4797 972 4872 Martian.
1012 4797 1414 4872 recordamini.
1465 4802 1884 4858 Annotandum
1933 4804 2042 4859 hoc

384 4869 516 4945 loco
546 4869 894 4942 Pelagianos
925 4871 1024 4945 qui
1055 4873 1116 4926 in
1143 4871 1232 4945 die
1253 4871 1460 4945 judicii
1476 4874 1710 4945 iniquis
1755 4881 1810 4928 et
1854 4891 2042 4945 pecca-

388 4944 595 5015 toribus
626 4941 737 4998 non
765 4941 1102 5015 parcendum
1134 4941 1424 5010 dicebant,
1473 4941 1604 4999 ideo
1648 4941 1936 5001 confutari
1969 4949 2040 5003 ab

386 5009 948 5087 Hieronymo,'quod
984 5013 1137 5087 inter
1168 5009 1502 5087 graviorum
1536 5020 1593 5071 et
1613 5015 1893 5072 leviorum
1923 5017 2040 5074 cul-

382 5085 775 5163 p‘arum‘reos
812 5085 936 5143 non
987 5085 1434 5159 distinguerent.
1489 5087 1618 5142 Vid.
1686 5105 1812 5159 quae
1862 5107 2041 5163 supra

384 5158 783 5212 observamus.

452 5228 474 5260 ²
493 5229 709 5301 Auctor
725 5228 1223 5301 Cpnstitutionum
1244 5229 1713 5301 Apostolicarum
1737 5231 1776 5286 1.
1802 5249 1880 5300 v1,
1906 5249 1954 5287 c.
1980 5234 2036 5289 6.

382 5295 708 5375 Pharismos
734 5299 1010 5375 Fortunae
1041 5318 1106 5356 ac
1136 5301 1274 5375 Fato
1291 5295 1475 5373 opera
1496 5295 1876 5375 peccantium
1897 5303 2041 5359 dicit

383 5368 698 5444 ascribere.
724 5369 1014 5442 Jus'ephus
1045 5389 1198 5438 vero,
1231 5368 1452 5444 Antiqq.
1485 5368 1610 5438 im,
1643 5376 1697 5444 9,
1731 5378 1786 5429 et
1833 5391 1947 5441 xxv,
1979 5379 2034 5443 2,

380 5440 656 5567 quaedam.
686 5440 964 5526 humana,
999 5449 1100 5498 aut
1131 5445 1305 5526 etiam
1340 5440 1540 5501 omnia
1574 5440 1714 5527 Fato
1746 5440 1984 5518 quidem
2007 5440 2039 5502 a

426 5511 690 5567 hariseeis
720 5511 897 5567 tribui
931 5513 1163 5567 fatetur.
1194 5519 1278 5567 ita
1303 5519 1498 5567 tamen
1527 5525 1585 5567 ut
1609 5517 1858 5567 liberum
1881 5519 2035 5567 arbi-

426 5511 690 5584 hari'seeis
720 5511 897 5584 tribui
931 5513 1163 5584 fatetur,
1194 5514 1278 5570 ita
1303 5519 1499 5572 tamen
1527 5525 1585 5571 ut
1608 5511 1860 5573 liberum
1881 5519 2035 5576 arbi-

379 5592 534 5660 trum
567 5583 692 5642 tolli
741 5583 1311 5660 no‘llenLSedtam
1359 5586 1613 5660 implexa
1667 5606 1869 5646 eorum
1903 5607 2034 5648 sen-

378 5658 560 5718 tentia
589 5660 733 5731 erat,
768 5664 831 5714 ut
862 5657 1067 5718 merito
1099 5656 1491 5734 Hieronymus
1521 5667 1769 5736 asserat,
1802 5661 1938 5720 illos
1961 5663 2034 5722 ad

2223 4736 2244 4768 ³
2275 4736 2485 4790 Verius
2538 4733 2786 4789 fortasse
2845 4733 2960 4788 duo
3005 4732 3188 4788 \"atic.
3243 4733 3385 4790 Mss.
3447 4752 3581 4793 cum
3623 4737 3804 4794 veteri

2152 4807 2317 4871 edit.,
2349 4806 2640 4861 vescendo:
2675 4805 2848 4876 tradit
2877 4805 3228 4876 offerentibus
3257 4806 3480 4863 hostias.
3593 4870 3595 4872 _

2223 4876 2673 4954 ‘_Supe_riorem
2719 4875 2886 4954 _h_uic
2971 4875 3323 4954 versiculum
3388 4879 3469 4934 ita
3517 4881 3806 4954 praeponit

2151 4949 2337 5005 Vatic.
2371 4946 2522 5016 cod,
2556 4971 2598 5020 «γ
2620 4946 2929 5020 Maledicta
2958 4948 3083 5020 dies
3116 4948 3172 5002 in
3206 4965 3322 5020 qua
3354 4946 3536 5008 natus
3557 4946 3714 5018 sum,
3744 4956 3805 5020 et

2152 5038 2266 5076 non
2301 5021 2379 5076 sit
2410 5019 2668 5095 dies_illa
2695 5019 3022 5095 benedicta,
3055 5019 3113 5074 in
3143 5019 3263 5095 qua
3290 5024 3515 5095 peperit
3548 5019 3802 5095 megmg-

2149 5097 2238 5148 ter
2269 5109 2416 5147 mea.
2459 5114 2486 5140 »
2518 5092 2691 5155 Tum,
2723 5112 2750 5139 «
2777 5089 3120 5146 Maledictus
3143 5089 3338 5160 Homo,
3363 5089 3390 5144 ἶ)
3415 5093 3525 5150 etc.
3549 5100 3606 5149 et
3632 5093 3803 5152 facile

2151 5165 2385 5236 quidem
2417 5179 2486 5218 ex
2522 5161 2664 5236 aliis
2719 5161 2884 5216 libris
2943 5161 3038 5217 ille
3085 5162 3354 5220 videatur
3409 5165 3693 5222 excidisse
3726 5168 3800 5222 ob

2149 5233 2388 5361 ςτῖἱιιιΙξΙίει
2410 5233 2567 5290 vocis
2614 5249 2949 5299 occursum,
2999 5250 3067 5288 ex
3105 5251 3222 5305 qua
3269 5237 3594 5293 versiculus
3651 5237 3805 5294 alter

2149 5323 2243 5361 inc
2292 5324 2360 5361 oa
2395 5324 2481 5361 ur.

2149 5307 2481 5362 inchoatur.

2219 5378 2524 5459 fVictor,
2556 5379 2661 5431 Per
2707 5376 2954 5431 eumdem
3009 5377 3347 5459 prophetam,
3399 5395 3607 5459 nempe
3629 5380 3804 5459 “Jers-

2149 5449 2327 5520 miam
2362 5467 2432 5504 ne
2475 5449 2696 5520 absque
2748 5464 2815 5520 ea
2865 5465 3001 5503 voce
3059 5449 3324 5506 diversus
3379 5452 3451 5507 ab
3512 5449 3801 5510 hactenus

2147 5519 2385 5592 laudato
2443 5519 2725 5592 propheta
2783 5519 2948 5575 innui
3015 5520 3330 5578 videretur.
3408 5523 3586 5585 Paulo
3645 5524 3804 5584 infra

2146 5591 2301 5665 Vat.,
2333 5593 2429 5667 qui
2448 5591 2725 5650 ’scrz’ctator
2752 5593 2899 5649 renis
2934 5593 3262 5670 introspicit,
3290 5597 3402 5659 etc.
