4082 6168
292 317 421 401 ΜΒ

1168 322 1556 392 DIALOGUS
1600 322 1915 403 CONTRA
1956 324 2478 408 PMAGIANOS.
2501 333 2752 399 -LIB.
2783 330 2861 399 ῙῙ.

3588 326 3713 416 0.04

292 461 394 525 ,cta
419 470 624 531 gerere
655 451 1031 532 negligimus,
1056 476 1189 517 cum
1222 461 1486 535 legamus
1509 468 1740 520 sanctos
1770 464 1946 529 viros,
1980 463 2037 530 Α
2067 466 2233 539 mini)
2266 470 2638 537 confirmant,
2666 472 2926 529 dicentes
2960 487 2973 528 :
3008 489 3122 530 non
3150 472 3536 547 peccavimus,
3566 487 3704 545 cum

299 546 476 617 etiam
507 546 822 603 hominum
846 549 1171 622 indiguisse
1219 551 1487 623 praesidio
1513 554 1539 607 ?
1582 553 1951 609 Periclitatur

290 637 586 703 (Jeremias
619 641 677 692 et
698 638 1005 694 manifeste
1036 638 1268 707 dicitur,
1303 642 1458 713 quod
1492 641 1728 697 auxillio
1746 643 1795 698 ei
1823 644 1950 697 tue-

290 728 372 797 rit
403 743 620 784 manus
648 727 891 782 Abicam
925 727 1025 782 lilii
1069 729 1325 801 Saphan,
1384 748 1455 786 ne
1516 732 1842 788 traderetur
1888 732 1947 787 in

296 820 658 891 potestatem
686 816 866 890 vulgi,
899 821 956 872 et
984 818 1327 874 obrueretur
1357 819 1676 893 lapidibus.

372 908 470 961 28.
502 906 784 977 Evangelii
811 909 1012 978 gratia.
1054 938 1121 948 —-
1168 908 1415 964 Abolitis
1474 909 1617 983 legis
1684 927 1951 966 caeremo-

310 996 452 1062 niis,
481 1000 535 1050 et
556 996 699 1050 duro
758 996 1013 1068 pondere
1049 1001 1309 1053 veterum
1359 1004 1802 1071 praeceptorum,
1864 1018 1949 1056 re-

308 1084 669 1163 promittitur
706 1084 1000 1156 Evangelii
1051 1087 1257 1157 gratia,
1302 1088 1608 1160 legemque
1666 1090 1950 1144 Dominus

303 1173 630 1249 pollicetur,
666 1178 731 1229 ut
751 1191 955 1231 omnes
979 1192 1110 1230 eum
1147 1176 1412 1231 noverint
1442 1194 1475 1231 a
1497 1177 1741 1233 minimo
1762 1195 1950 1249 usque

297 1264 373 1321 ad
407 1262 757 1331 maximum,
799 1262 1000 1319 dicens
1025 1281 1037 1319 :
1061 1289 1086 1313 ‹‹
1120 1263 1423 1320 Dimittam
1458 1271 1695 1337 peccata
1723 1284 1946 1333 eorum,

295 1352 682 1425 iniquitatum
713 1352 947 1410 illarum
982 1353 1137 1413 ultra
1164 1371 1389 1411 memor
1418 1372 1533 1411 non
1595 1372 1691 1411 ero
1725 1359 1946 1427 (Jerem.

292 1460 455 1510 xxxx,
479 1443 596 1514 34).
630 1464 659 1491 ››
689 1444 876 1509 Quam
908 1447 1101 1498 autem
1134 1443 1445 1505 habuerint
1490 1446 1674 1500 sancti
1731 1446 1835 1501 viri
1889 1446 1948 1501 in

291 1530 420 1605 lege
477 1532 658 1589 veteri
700 1531 1013 1602 justitiam,
1050 1532 1318 1604 sequenti
1359 1550 1631 1589 sermone
1708 1536 1947 1591 demon-

288 1625 442 1691 strat
473 1640 487 1677 :
522 1644 551 1671 α
582 1621 717 1677 Filii
738 1620 912 1677 Israel
944 1625 1000 1675 et
1052 1620 1154 1676 ﬁlii
1202 1622 1354 1677 Juda
1391 1621 1762 1694 iniquitatem
1806 1624 1949 1680 fece-

290 1727 353 1769 re
381 1714 728 1783 perpetuam
758 1709 819 1767 in
862 1714 1174 1783 conSpectu
1215 1728 1372 1779 meo;
1424 1712 1495 1768 ab
1556 1712 1949 1771 adolescentia

293 1816 405 1859 sua
434 1813 627 1871 usque
658 1799 729 1854 ad
770 1798 923 1854 diem
958 1803 1324 1870 praesentem,
1358 1804 1415 1856 et
1461 1800 1664 1857 civitas
1710 1802 1944 1859 Jerusa-
1975 1835 2025 1901 B

293 1889 411 1949 lem
440 1889 514 1946 ab
545 1887 715 1945 initio
745 1887 1098 1944 conditionis
1119 1906 1236 1944 sua)
1259 1906 1446 1961 usque
1477 1891 1547 1944 ad
1583 1890 1733 1947 diem
1786 1907 1943 1948 ever-

294 1978 484 2039 sionis
507 1994 628 2034 suae
656 1993 749 2033 me
807 1978 877 2032 ad
928 1977 1289 2033 iracundiam
1348 1980 1676 2050 provocavit
1728 1982 1943 2053 (Jerem.

298 2085 487 2137 mn,
515 2068 625 2134 30).
660 2090 681 2116 ι
709 2066 952 2121 Attende
985 2067 1124 2136 quid
1147 2067 1320 2135 dicat,
1384 2068 1559 2125 finem
1592 2070 1735 2142 juge
1782 2071 1946 2143 prin-

306 2156 487 2229 cipio,
521 2172 681 2212 omne
704 2156 963 2211 medium
987 2159 1218 2227 tempus
1251 2156 1309 2211 in
1339 2156 1476 2212 vitio
1512 2163 1617 2214 est.
1665 2159 1947 2216 Jeremias

299 2244 702 2303 sanctiﬁcatus
730 2244 792 2299 in
824 2246 1018 2299 utero1
1044 2249 1360 2318 antequam
1387 2248 1833 2318 natus(lerem.1
1864 2251 1942 2321 5),

294 2334 485 2406 virgo,
543 2333 825 2407 propheta
878 2333 1086 2389 veteris
1143 2335 1502 2392 Testamenti
1554 2339 1946 2410 pertremiscit

289 2423 663 2488 Sedechiam,
696 2428 753 2478 et
783 2422 1055 2478 ﬂebiliter
1083 2424 1368 2491 obsecrat,
1404 2426 1605 2481 dicens
1641 2444 1653 2482 :
1691 2450 1718 2476 «
1778 2428 1944 2484 Nunc

290 2529 451 2586 ergo,
486 2512 721 2568 domine
742 2512 820 2566 mi
854 2528 969 2579 rex,
1006 2513 1145 2567 audi
1192 2514 1664 2585 deprecationem
1725 2533 1938 2587 meam,

292 2608 350 2659 et
378 2600 688 2675 praevaleat
717 2601 870 2672 apud
903 2606 959 2656 te
988 2601 1311 2657 obsecratio
1344 2620 1497 2669 mea,
1550 2620 1619 2659 ne
1679 2606 1943 2661 remittas

292 2692 449 2748 278
483 2707 580 2746 me
611 2690 670 2744 in
701 2691 941 2745 domum
973 2690 1268 2746 Jonathan
1302 2692 1528 2760 scribae,
1566 2710 1637 2749 ne
1691 2694 1770 2749 ibi
1815 2710 1941 2766 per-

295 2797 422 2837 eam
452 2782 673 2851 (Jerem.
703 2796 913 2847 xxxv”,
950 2780 1057 2847 19).
1090 2802 1115 2828 ››
1162 2780 1205 2835 Ο
1265 2781 1549 2852 propheta
1608 2798 1711 2859 cur
1767 2783 1942 2839 times

296 2869 549 2943 impium
575 2884 772 2941 regem
796 2868 823 2922 ‘?
852 2868 965 2922 Cur
994 2884 1128 2923 eum
1160 2871 1395 2935 metuis,
1429 2887 1604 2942 quem
1638 2872 1790 2928 nosti
1815 2874 1941 2945 jam

286 2960 533 3030 jamque
562 2956 887 3029 periturum
911 2959 938 3012 ἱ)
960 2973 1251 3013 carcerem
1283 2959 1647 3027 reformidas,
1704 2961 1796 3015 cui
1840 2979 1939 3033 pa-

292 3052 456 3104 ratur
486 3045 1443 3119 paradisusPRespondebit'mihi
1474 3067 1486 3103 :
1517 3050 1700 3105 Homo
1724 3068 1855 3105 sum
1884 3052 1941 3107 in

292 3135 528 3195 mortali
556 3151 731 3191 carne
751 3139 809 3189 et
837 3135 1199 3207 corruptibili
1247 3136 1621 3204 constitutus,
1679 3139 1936 3195 dolorem

282 3225 505 3299 pentio,
523 3224 798 3281 horresco
810 3224 1279 3296 cruciatus,quos
1290 3224 1465 3280 etiam
1480 3227 1757 3285 Dominus
1772 3245 1939 3285 meus
1970 3198 2013 3265 (ἶ

286 3332 397 3391 pro
417 3330 549 3381 mea
574 3312 764 3368 salute
795 3328 1076 3379 sensurus
1097 3318 1202 3369 est.
1236 3313 1540 3371 Miseretur
1560 3315 1819 3373 humano
1840 3335 1937 3391 ge-

291 3402 415 3458 neri
447 3402 621 3469 Deus,
654 3404 711 3456 et
743 3417 857 3456 non
888 3400 1013 3456 vult
1035 3401 1218 3473 perire
1250 3404 1404 3475 quod
1436 3404 1590 3459 fecit.
1623 3429 1649 3455 ‹‹
1686 3406 1813 3461 Noli
1866 3406 1937 3461 ti-

280 3507 472 3563 mere,
502 3489 702 3554 Jacob,
725 3488 868 3544 dicit
892 3489 1178 3545 Dominus
1210 3507 1355 3563 ;ego
1377 3493 1533 3547 enim
1566 3511 1697 3550 sum
1744 3499 1936 3552 tecum

292 3584 355 3645 et
375 3577 720 3633 interficiam
751 3594 953 3633 omnes
981 3582 1183 3650 gentes
1216 3579 1273 3633 in
1297 3596 1445 3651 quas
1478 3581 1724 3653 dispersi
1757 3588 1841 3650 te;
1886 3589 1941 3639 te

297 3681 441 3721 vero
472 3664 666 3737 ipsum
692 3666 871 3736 perire
904 3682 1019 3720 non
1045 3666 1282 3736 faciam,
1318 3670 1420 3724 sed
1450 3670 1748 3742 castigabe
1778 3676 1832 3727 te
1882 3674 1941 3727 in

286 3752 556 3827 justitia,
589 3757 643 3807 et
668 3752 745 3808 ita
775 3754 1096 3827 miserebor
1122 3756 1229 3825 tui,
1264 3760 1329 3811 ut
1371 3762 1427 3812 te
1475 3758 1776 3816 innoxium
1826 3778 1942 3817 non

288 3824 879 3914 rolinquam.(Jerm'n.
912 3860 1042 3911 xxx,
1068 3845 1155 3913 10,
1188 3824 1292 3914 lt).
1330 3868 1357 3894 υ

359 3933 451 3988 29.
488 3932 781 3991 Saluemur
818 3934 917 3987 Dei
968 3934 1368 3989 misericordia.
1422 3966 1487 3975 -—
1530 3936 1689 3993 Unde
1739 3943 1794 3993 et
1841 3956 1946 3995 nos

296 4021 557 4079 dicimus
588 4022 964 4094 essejustos3
994 4026 1227 4078 sanctos
1257 4024 1431 4085 viros.
1466 4030 1523 4080 et
1544 4032 1675 4098 post
1711 4033 1949 4099 peccata

301 4110 598 4182 placentes
630 4110 768 4178 Deo,
804 4126 919 4166 non
952 4127 1058 4166 suo
1092 4115 1321 4167 tantum
1381 4113 1610 4182 merito,
1670 4117 1770 4172 sed
1820 4118 1948 4187 ejus

294 4198 637 4273 clementia,
658 4198 753 4254 cui
780 4198 973 4255 omnis
1004 4204 1272 4256 creatura
1310 4202 1571 4274 subjecta
1612 4209 1717 4272 est,
1765 4210 1821 4261 et
1868 4206 1951 4261 in-

296 4287 456 4363 diget
494 4286 905 4345 misericordia
935 4288 1082 4359 ejus.
1110 4289 1365 4344 Audiant
1394 4289 1667 4358 haeretici,
1692 4294 1791 4357 qui
1834 4294 1950 4350 ele-

292 4382 508 4435 vantur
537 4392 644 4449 per
668 4376 1032 4448 superbiam,
1066 4382 1123 4432 et
1154 4377 1358 4433 dicunt
1390 4396 1402 4433 :
1430 4401 1457 4428 «
1485 4378 1599 4451 Ipsi
1648 4381 1816 4437 nobis
1869 4384 1948 4439 fe-

294 4465 486 4531 cimus
518 4480 740 4523 cornua
770 4464 970 4538 (Amos.
1007 4482 1079 4533 vr,
1118 4467 1226 4533 14).
1260 4488 1288 4517 ››
1323 4467 1581 4523 Audiant
1609 4468 1755 4525 illud
1794 4474 1949 4544 quod

2059 560 2420 631 peccaverint
2458 562 2510 616 ie
2543 562 3036 633 pulchritudinem
3052 564 3301 637 justitiae
3324 568 3475 634 ,etin
3498 584 3701 645 exspe-

2060 647 2374 704 ctationem
2406 654 2639 723 patrum
2674 651 2891 722 (Jerem.
2928 670 2978 721 ι,
3009 653 3084 721 7).
3120 673 3147 701 ››
3180 653 3279 711 Vis
3301 656 3706 729 scirequando

2058 736 2256 792 omnia
2278 742 2510 808 peccata
2524 739 2843 794 finiantur?
2858 740 3007 795 Audi
3023 742 3295 798 eumdem
3314 744 3658 816 prophetam
3683 764 3697 803 :

2062 849 2089 875 ‹‹
2116 827 2180 880 In
2213 829 2470 898 tempore
2502 827 2623 896 illo,
2656 828 2798 884 dicit
2828 830 3132 897 Dominus,
3156 822 3444 901 quaeretur
3483 833 3701 906 iniqui-

2061 917 2151 968 tas
2176 913 2234 969 in
2267 915 2463 980 Israel,
2505 921 2696 975 etnon
2729 917 2856 983 erit,
2907 922 2965 974 et
2986 923 3289 991 peccatum
3346 919 3405 977 in
3426 921 3604 990 Juda,
3654 927 3711 979 et

2061 1018 2176 1056 non
2209 1002 2536 1059 invenietur
2565 1005 2722 1069 (Ibid.
2755 1010 2868 1075 20).
2910 1026 2936 1057 υ
2965 1008 3098 1076 Cur,
3127 1024 3323 1080 quaso
3348 1009 3697 1083 ?Sequitur:

2064 1089 2253 1154 «Quia
2276 1093 2566 1163 propitius
2588 1110 2683 1149 ero
2699 1093 2834 1149 illis.
2856 1122 2879 1140 η
2898 1096 3003 1152 Ubi
3020 1100 3216 1153 autem
3233 1098 3566 1170 propitiatio
3584 1106 3696 1169 est,

2062 1180 2356 1251 praecessit
2386 1185 2519 1235 ante
2551 1187 2874 1254 peccatum.
2930 1184 3088 1240 Tolle
3137 1184 3315 1258 igitur
3349 1204 3521 1259 posse
3544 1191 3584 1256 ‘,
3646 1193 3703 1247 et

2060 1269 2373 1323 concedam
2415 1270 2635 1337 omnia,
2666 1271 2918 1328 donante
2951 1273 3088 1342 Deo,
3142 1274 3480 1333 subsistere.
3516 1301 3544 1328 ‹‹
3593 1284 3705 1339 Βο-

2059 1373 2202 1412 num
2233 1361 2322 1413 est
2360 1358 2683 1430 praestolari
2713 1378 2847 1417 cum
2879 1360 3111 1419 silentio
3160 1363 3417 1423 salutare
3472 1366 3705 1439 Domini

2057 1446 2291 1518 (Thren.
2331 1466 2413 1516 III,
2445 1450 2569 1519 26);
2604 1472 2630 1501 »
2666 1450 2885 1507 bonum
2918 1456 3006 1509 est
3035 1469 3248 1525 ponere
3279 1454 3337 1509 in
3362 1455 3598 1527 pulvere
3628 1475 3697 1519 os

2058 1552 2255 1603 suum;
2287 1537 2422 1593 dare
2462 1538 2804 1610 percutienti
2837 1557 2899 1597 se
2930 1540 3249 1608 maxillam,
3284 1532 3536 1605 saturari
3595 1562 3699 1623 op-

2059 1625 2327 1696 probriis,
2361 1642 2525 1698 spem
2558 1627 2770 1684 habere
2812 1628 2870 1684 in
2921 1630 3163 1686 Domino
3189 1632 3345 1699 (Ibid.
3378 1633 3468 1701 27,
3498 1636 3694 1708 seqq.)

2058 1712 2113 1767 Si
2151 1713 2307 1769 enim
2338 1715 2568 1786 abjecit,
2602 1720 2659 1771 et
2690 1716 3063 1775 miserebitur
3075 1720 3697 1791 juxtamultitudinem

2056 1800 2589 1859 misericordiarum
2616 1822 2858 1860 suarum
2893 1824 2905 1861 :
2942 1823 3129 1879 neque
3157 1808 3313 1865 enim
3373 1810 3705 1871 humiliavit

2059 1892 2230 1946 corde
2262 1909 2367 1947 suo
2398 1897 2455 1949 et
2487 1893 2697 1965 abjecit
2754 1894 2904 1951 filios
2925 1894 3255 1961 hominum.
3282 1898 3521 1959 Frustra
3541 1918 3703 1960 mur-

2059 1984 2251 2035 murat
2283 1980 2457 2037 homo
2516 1998 2619 2053 pro
2676 1983 2929 2054 peccatis
2983 1984 3125 2041 suis.
3180 1986 3524 2047 Scrutemur
3578 1992 3701 2048 vias

2058 2073 2309 2137 nostras,
2344 2074 2400 2125 et
2453 2086 2784 2142 quaeramus
2843 2076 2899 2128 et
2951 2078 3311 2131 revertamur
3366 2077 3437 2145 ad
3502 2077 3704 2139 Domi-

2056 2173 2198 2211 num
2232 2158 2388 2227 (Ibid.
2425 2160 2511 2224 40,
2546 2160 2654 2227 lii).
2691 2160 2972 2215 Levemus
3000 2161 3173 2217 cordo
3212 2179 3347 2219 cum
3382 2167 3531 2222 779
3578 2186 3701 2225 ma-

2057 2245 2231 2301 nibus
2264 2248 2332 2302 ad
2387 2248 2702 2303 Dominum
2759 2248 2819 2303 in
2882 2248 3113 2317 calum,
3169 2250 3556 2324 dicamusque
3600 2258 3701 2313 ei:

2056 2357 2083 2382 ‹‹
2120 2335 2321 2405 Inique
2351 2336 2601 2408 egimus,
2633 2342 2689 2392 et
2719 2338 2789 2392 ad
2823 2336 3189 2399 iracundiam
3231 2343 3699 2413 provocavimus,

2056 2423 2270 2479 idcirco
2300 2429 2363 2479 tu
2394 2425 2770 2481 inexorabilis
2800 2442 2862 2481 es
2892 2426 3052 2495 (Ibid.
3088 2428 3197 2497 42).

2125 2512 2212 2567 30.
2250 2512 2451 2568 Causas
2479 2514 2681 2569 divinae
2710 2516 3020 2571 xoluntatis
3049 2517 3349 2575 noscimus.
3378 2550 3449 2577 ,--
3496 2520 3701 2589 Daniel

2054 2601 2337 2673 propheta
2364 2602 2625 2674 loquitur
2656 2604 2723 2657 ad
2781 2604 3337 2676 Nabuchodonosor,
3379 2610 3533 2680 quod
3595 2612 3698 2667 do-

2054 2690 2309 2745 minetur
2337 2690 2610 2747 Excelsus
2642 2708 2819 2765 regno
2860 2693 3187 2761 hominum,
3214 2698 3273 2750 et
3294 2696 3391 2751 det
3410 2696 3557 2753 illud
3573 2699 3699 2755 cui-

2052 2795 2282 2850 cunque
2298 2778 2560 2845 voluerit,
2586 2786 2642 2835 et
2663 2787 2985 2837 extremum
3013 2786 3186 2854 atque
3207 2785 3535 2856 projectum
3556 2804 3694 2845 con-

2051 2868 2257 2924 stituat
2287 2886 2465 2940 super
2494 2868 2659 2923 illud.
2694 2871 2990 2942 Interroga
3020 2887 3153 2926 eum
3188 2888 3303 2944 qua
3332 2890 3512 2931 causa
3558 2875 3695 2934 ulti-

2052 2973 2214 3011 mum
2265 2962 2437 3027 atque
2485 2959 2827 3029 despectum
2876 2960 3195 3015 constituat
3243 2961 3305 3017 in
3363 2978 3579 3037 regem,
3641 2973 3699 3022 et

2051 3046 2225 3101 faciat
2278 3046 2433 3117 quod
2491 3046 2773 3103 voluerit:
2826 3052 2882 3103 et
2938 3048 3185 3118 discute,
3248 3053 3446 3107 utrum
3504 3052 3694 3125 ipsius

2050 3134 2321 3190 voluntas
2354 3136 2515 3206 justa
2546 3136 2641 3201 sit,
2674 3136 2744 3191 de
2774 3153 2889 3208 quo
2920 3137 3205 3209 scriptum
3229 3143 3318 3193 est
3345 3156 3357 3194 :
3386 3162 3414 3189 ‹‹
3440 3141 3546 3206 Qui
3569 3159 3695 3198 sus-

2052 3224 2193 3279 citat
2241 3226 2311 3279 de
2368 3230 2523 3279 terra
2590 3224 2895 3292 humilem,
2955 3230 3011 3280 et
3068 3227 3138 3283 de
3197 3230 3453 3285 stercore
3507 3229 3694 3299 elevat

2046 3330 2384 3385 pauperem,
2417 3317 2481 3368 ut
2512 3312 2753 3369 collocet
2778 3330 2912 3369 eum
2951 3330 3085 3371 cum
3110 3314 3495 3387 principibus,
3552 3333 3687 3374 cum

2048 3401 2415 3473 principibus
2446 3402 2644 3474 populi
2676 3402 2766 3456 sui
2809 3403 2978 3474 (Psal.
3011 3419 3145 3470 cxu,
3187 3404 3243 3474 7,
3274 3400 3351 3474 8).
3387 3426 3415 3452 ››
3446 3409 3535 3461 An
3571 3406 3690 3461 for-

2050 3490 2202 3545 sitan
2234 3493 2403 3562 juxta
2432 3495 2489 3547 te
2519 3492 2976 3562 absquejudicio
2999 3492 3424 3564 atquejustitia
3443 3492 3693 3567 gloriam

2051 3583 2258 3652 quaerit
2301 3597 2623 3651 auramque
2681 3580 3044 3651 popularem,
3106 3583 3170 3635 ut
3211 3580 3466 3637 humiles
3510 3583 3700 3655 erigat

2052 3669 2111 3724 in
2140 3685 2381 3740 regnum
2406 3673 2461 3724 et
2477 3672 2740 3739 potentes
2788 3668 3120 3723 humilitate
3159 3671 3688 3741 commutet?Audi

2054 3758 2397 3831 prophetam
2428 3756 2711 3812 dicentem
2750 3773 2761 3811 :
2801 3778 2827 3805 ‹‹
2858 3757 3073 3813 Omnes
3105 3756 3464 3813 habitatores
3519 3760 3685 3817 terra:

2054 3846 2225 3919 quasi
2257 3845 2402 3900 nihil
2436 3845 2687 3917 reputati
2729 3849 2868 3902 sunt
2897 3846 3049 3918 apud
3083 3862 3218 3901 eum
3251 3847 3374 3917 (Isa.
3408 3862 3500 3915 XL,
3536 3848 3645 3916 17).
3670 3869 3696 3895 ››

2059 3935 2212 3992 Fecit
2231 3935 2384 3991 enim
2420 3936 2810 4006 quodcunque
2841 3934 3025 3993 voluit
3053 3935 3111 3989 in
3143 3935 3283 3991 caelo
3316 3939 3373 3991 et
3403 3936 3462 3991 in
3520 3940 3697 4005 terra,

2057 4029 2113 4080 et
2144 4040 2314 4080 nemo
2354 4027 2461 4089 est,
2496 4024 2595 4097 qui
2628 4022 2861 4080 resistat
2884 4023 3168 4082 voluntati
3192 4025 3321 4098 ejus
3342 4026 3382 4096 ⁸,
3413 4030 3516 4091 aut
3568 4043 3703 4098 pos-

2058 4113 2135 4169 sit
2172 4112 2381 4179 dicere,
2414 4111 2599 4174 Quare
2654 4112 2763 4169 hoc
2822 4111 3031 4179 fecisti,
3089 4115 3258 4185 cujus
3308 4118 3446 4169 sunt
3505 4114 3704 4170 omnia

2059 4202 2316 4275 operain
2339 4202 2599 4267 veritate,
2633 4207 2690 4258 et
2718 4203 2819 4257 vias
2868 4201 3029 4257 illius
3079 4203 3329 4273 justitia,
3387 4208 3444 4259 et
3499 4219 3702 4276 super-

2058 4293 2286 4348 bientes
2317 4295 2507 4362 potest
2534 4290 2658 4363 ipse
2689 4290 3019 4348 humiliare.
3070 4280 3397 4348 Antiochus
3448 4290 3702 4363 Epipha-

2061 4398 2165 4437 nes
2198 4397 2295 4435 rex
2321 4379 2765 4436 crudelissimus
2825 4379 3111 4436 subvertit
3168 4378 3349 4437 altare
3395 4379 3707 4451 ipsamque

2054 4470 2352 4541 justitiam
2384 4468 2518 4524 fecit
2546 4468 2895 4537 conculcari,
2931 4468 3071 4541 quia
3102 4484 3445 4525 concessum
3491 4470 3616 4527 erat
3673 4484 3708 4523 a

293 4553 521 4631 audivit
544 4554 716 4610 Moab
752 4572 764 4610 :
802 4578 829 4605 α
851 4553 1201 4610 Audivimus
1233 4556 1571 4627 superbiam
1613 4559 1801 4627 Moab,
1849 4578 1945 4617 su-
1982 4567 2025 4630 l)
2058 4558 2304 4614 Domino
2336 4574 2347 4612 :
2374 4573 2699 4629 causasque
2733 4557 2943 4626 reddit,
2970 4567 3194 4630 propter
3244 4562 3473 4631 peccata
3524 4558 3707 4632 pluri-

290 4642 517 4717 perbus
545 4646 637 4700 est
664 4642 851 4699 valde.
886 4642 1267 4703 Altitudinem
1300 4644 1480 4712 illius,
1535 4651 1592 4701 et
1638 4648 1947 4706 elationem

300 4736 356 4787 et
384 4730 899 4803 glorificationem,
928 4736 985 4787 et
1022 4732 1382 4789 inflationem
1445 4734 1638 4791 cordis
1697 4754 1801 4810 ego
1856 4755 1949 4795 co-

311 4820 501 4890 gnovi,
535 4820 674 4876 dicit
704 4822 1013 4891 Dominus,
1048 4823 1326 4893 quoniam
1364 4840 1735 4896 nequaquam
1786 4829 1953 4899 juxta

307 4906 664 4965 inflationem
697 4911 827 4981 ejus
856 4914 915 4965 et
965 4910 1241 4966 fortitudo
1289 4912 1448 4967 illius
1506 4918 1595 4969 est
1650 4914 1776 4985 (15a.
1836 4935 1952 4985 xvu,

290 4996 377 5067 β).
414 5020 443 5045 n
465 4996 811 5070 Diciturque
842 4999 911 5054 ad
940 4998 1346 5071 hujuscemodi
1390 5000 1658 5057 homines
1691 5022 1703 5059 :
1746 5028 1765 5053 α
1835 5005 1950 5060 Ini-

294 5085 435 5157 mici
470 5091 676 5143 autem
698 5104 902 5143 eorum
935 5088 1117 5158 (haud
1141 5088 1386 5145 dubium
1421 5088 1562 5161 quin
1594 5091 1789 5163 gregis
1841 5093 1953 5149 Do-

373 5280 388 5314 ¹
422 5281 486 5337 In
516 5282 699 5339 altero
725 5284 913 5340 Vatic.
968 5288 1025 5340 et
1068 5285 1245 5340 veteri
1304 5286 1425 5341 edit
1478 5302 1644 5341 voces
1701 5289 1761 5341 in
1804 5293 1957 5347 utero

305 5368 417 5421 non
443 5353 762 5411 habentur.

364 5424 388 5458 ⁸
430 5425 773 5500 Legendum
814 5432 957 5500 puto
1009 5426 1390 5500 respondebis,
1452 5431 1515 5481 ut
1575 5443 1604 5482 e
1654 5430 1956 5487 codicibus

302 5491 654 5572 Florentinis
684 5491 1051 5572 etBrixianis
1093 5491 1385 5572 Victorius
1434 5500 1755 5572 rescripsit,
1807 5509 1955 5559 tam-

307 5566 410 5650 etsi
440 5587 581 5650 non,
608 5576 675 5627 ut
716 5570 803 5625 illi
841 5571 1049 5650 placet,
1108 5569 1432 5650 Pelagium,
1480 5572 1581 5625 sed
1619 5566 1957 5650 'Jeremiam

304 5638 523 5714 alloqui
550 5638 798 5718 pergere
826 5638 1095 5709 videatur
1124 5638 1293 5699 nobis
1340 5639 1749 5716 Hieronymus.
1812 5647 1953 5704 Mss.

2060 4665 2150 4703 ma
2182 4647 2253 4719 (II
2280 4645 2627 4717 Mach.v,i7).
2664 4647 2809 4719 Ergo
2829 4663 2943 4702 non
2967 4646 3101 4703 fecit
3118 4648 3271 4720 quod
3304 4646 3430 4720 ipse
3469 4650 3708 4705 tantum

2060 4735 2261 4801 voluit,
2294 4735 2393 4790 sed
2430 4736 2583 4805 quod
2616 4740 2851 4807 propter
2882 4739 3117 4809 peccata
3160 4734 3361 4809 populi
3420 4734 3711 4805 concessit

2062 4823 2367 4880 Dominus.
2407 4822 2661 4893 Denique
2690 4824 2978 4895 sequitur,
3008 4825 3163 4895 quod
3197 4840 3313 4878 non
3346 4839 3416 4877 ex
3470 4820 3711 4893 propria

2062 4911 2265 4969 fecerit
2296 4910 2653 4977 fortitudine,
2688 4912 2788 4967 sed
2820 4928 2890 4967 ex
2938 4912 3066 4983 ejus
3116 4910 3362 4983 imperio
3410 4908 3514 4981 qui
3562 4926 3707 4982 prae-

2065 5002 2219 5075 cepit
2249 5005 2313 5055 ut
2337 5000 2516 5054 fieret.
2548 4998 2694 5053 Illud
2726 5004 2920 5056 autem
2958 5001 3110 5071 quod
3161 5000 3220 5053 in
3282 4996 3542 5054 oratione
3602 5014 3711 5053 sua

2064 5090 2361 5163 loquitur:
2396 5112 2423 5139 ‹‹
2473 5089 2869 5157 Peccavimus,
2928 5088 3126 5160 inique
3177 5086 3429 5160 egimus,
3486 5086 3709 5158 injuste

2068 5290 2263 5344 autem
2296 5282 2480 5339 nostri
2512 5281 2703 5337 silent.

2138 5360 2159 5393 ³
2188 5355 2479 5411 Victorius
2504 5353 2770 5409 voculam
2800 5361 2848 5409 et
2878 5354 2949 5409 ad
2983 5352 3416 5409 concinniorem
3467 5366 3709 5407 sensum

2070 5426 2369 5503 contendit
2400 5425 3010 5503 superraddeudam.__
3235 5499 3243 5503 _
3336 5494 3350 5503 _
3608 5491 3649 5503 ﬁ
3692 5488 3706 5503 ,

2140 5491 2642 5581 ξξοὶὶὶθθῖροδδε
2704 5496 2829 5553 suis
2886 5497 3129 5563 viribus,
3195 5499 3253 5551 et
3301 5494 3524 5565 absque
3608 5491 3709 5548 Dei

2071 5570 2372 5701 auri/1:60.
2396 5641 2491 5711 qui
2528 5640 2749 5699 resistat
2775 5639 3103 5713 fortitudini
3129 5640 3267 5715 ejus,
3302 5641 3411 5695 etc.
