4104 6162
1830 113 1841 148 \

433 344 559 414 8οὸ

1677 352 1742 418 S.
1785 353 2099 419 EUSEBII
2137 344 2611 421 HIERONYMI.

3710 324 3833 418 Bos

436 483 731 559 gessimus
759 486 817 543 et
840 483 1191 544 recessimus
1219 504 1252 543 a
1280 489 1573 545 mandatis
1606 493 1660 544 et
1683 489 1932 560 justitiis
1956 489 2074 545 tuis
2102 491 2157 556 Α
2190 493 2362 561 atque
2396 488 2637 545 mortale
2668 487 3102 562 incorruptione
3130 491 3188 545 et
3221 484 3660 546 immortalitate
3705 489 3833 544 mu;

436 578 602 646 (Dan.
639 594 721 645 111,
748 577 861 648 29),
900 600 925 625 ››
957 581 1014 632 et
1033 578 1616 648 caeterahujusmodi,
1642 578 1841 634 soletis
1863 579 2076 647 dicere,

446 667 600 722 780
630 665 784 737 quod
837 669 894 720 et
936 666 1174 734 David‘,
1206 671 1262 722 et
1297 667 1522 734 Daniel,
1574 673 1631 722 et
1679 683 1883 722 omnes
1942 685 2078 740 pro-

438 755 644 828 phetae,
677 771 794 809 non
825 771 929 826 pro
962 773 1046 823 se,
1077 756 1178 827 qui
1210 756 1395 810 sancti
1426 761 1611 824 erant,
1673 757 1772 810 sed
1823 773 1892 812 ex
1949 773 2081 828 per-

440 860 584 900 sona
607 841 803 914 populi
835 849 973 899 sunt
1002 843 1200 900 locuti.
1234 845 1558 900 Adversum
1615 862 1794 917 quam
1853 846 2080 918 opinio-

439 948 574 988 nem
605 932 729 1003 ipse
760 933 1134 1004 respondebit
1163 941 1217 988 et
1246 933 1424 989 dicet:
1462 957 1487 982 ‹‹
1522 935 1664 989 Cum
1697 934 1885 989 adhuc
1953 951 2079 989 ora-

440 1037 584 1088 rem,
609 1025 666 1076 et
693 1022 1001 1076 conﬁterer
1029 1026 1265 1092 peccata
1307 1038 1435 1076 mea
1489 1027 1544 1077 et
1589 1026 1826 1094 peccata
1881 1023 2078 1094 populi

443 1110 619 1165 Israel
651 1110 811 1180 (Dan.
846 1128 922 1176 1x,
955 1112 1066 1181 20).
1103 1135 1130 1158 ››
1162 1111 1336 1167 Vides
1380 1128 1516 1184 ergo
1575 1113 1731 1184 quod
1789 1116 1909 1166 tam
1979 1129 2080 1184 pro

439 1199 693 1272 peccatis
724 1200 869 1267 suis,
903 1216 1081 1271 quam
1110 1217 1213 1272 pro
1245 1200 1498 1272 peccatis
1514 1200 1734 1273 populi,
1767 1201 2076 1256 Dominum

439 1289 517 1344 sit
545 1288 909 1360 deprecatus,
936 1289 1283 1344 etetl‘uderit
1337 1290 1771 1360 deprecationcs
1829 1305 1967 1345 suas
2021 1289 2078 1344 in

439 1382 757 1449 conspectu
788 1376 1018 1433 Domini
1052 1377 1152 1432 Dei
1185 1377 1298 1432 sui.
1323 1378 1654 1433 Visiterum
1679 1395 1874 1445 nosse,
1894 1395 2080 1449 quan-

439 1467 512 1522 do
548 1470 850 1536 peccatum
881 1470 937 1521 et
967 1465 1246 1537 iniquitas
1279 1467 1563 1522 ﬁniatur?
1612 1469 1958 1539 Quanquam
1999 1466 2082 1521 di-

437 1573 605 1612 versa
634 1556 712 1612 sit
740 1560 1045 1612 auctorum
1088 1556 1488 1627 interpretatio
1517 1558 1558 1623 ²,
1613 1557 1750 1610 audi
1803 1557 2077 1612 eumdem

438 1645 783 1719 prophetam
819 1661 832 1699 :
866 1666 894 1694 ‹‹
926 1645 1308 1717 Septuaginta
1338 1645 1715 1701 hebdomade:
1775 1645 2075 1717 completas

438 1738 577 1790 sunt
601 1749 779 1806 super
799 1732 1082 1806 populum
1106 1738 1298 1799 tuum,
1322 1738 1378 1790 et
1400 1751 1578 1805 super
1599 1734 1892 1789 civitatem
1916 1739 2078 1789 tuam

2190 583 2364 648 tetur,
2423 596 2658 636 necesse
2707 584 2815 648 est,
2877 597 2984 636 nos
3031 579 3335 650 subjacere
3386 581 3640 649 peccato,
3716 595 3830 634 non

2191 671 2413 722 naturae
2461 671 2518 723 et
2566 667 2940 737 conditionis,
2995 673 3056 722 ut
3106 673 3169 722 tu
3219 667 3616 734 calumniaris,
3668 667 3830 737 vitio,

2191 757 2291 812 sed
2327 756 2658 828 fragilitate,
2689 762 2746 812 et
2775 756 3231 812 commutatione
3261 755 3575 812 voluntatis
3622 756 3831 813 huma-

2190 861 2297 913 nm,
2331 863 2461 917 quze
2494 861 2596 917 per
2627 850 2924 900 momenta
2953 845 3209 900 variatur
3241 863 3252 901 :
3288 845 3428 916 quia
3458 846 3613 901 Deus
3673 845 3834 903 solus

2189 938 2279 989 est
2310 933 2722 990 immutabilis.
2764 934 2982 998 Quaeris
3014 935 3111 989 ubi
3142 935 3304 1002 Abel,
3340 934 3439 989 ubi
3472 935 3691 1000 Enoch,
3733 933 3833 991 ubi

2188 1023 2361 1079 Jesus
2391 1023 2550 1078 ﬁlius
2580 1023 2752 1090 Nave,
2787 1024 2885 1078 ubi
2928 1023 3192 1090 Elisaaus,
3253 1024 3560 1095 czeterique
3608 1033 3834 1080 sancto-

2190 1128 2320 1165 rum
2353 1111 2734 1182 peccaverint.
2768 1113 2891 1167 Non
2923 1117 3012 1167 est
3043 1129 3275 1168 necesse
3307 1113 3526 1168 nodum
3551 1113 3607 1168 in
3641 1113 3835 1186 scirpo

2189 1216 2483 1271 qucerere;
2542 1200 2766 1254 utinam
2825 1217 3058 1272 possem
3117 1205 3172 1256 et
3231 1201 3542 1257 manifesta
3595 1203 3842 1258 reticere

2190 1293 2431 1360 peccata
2463 1288 2474 1342 Ι
2502 1288 2558 1343 Si
2593 1288 2678 1345 vis
2710 1307 2742 1344 a
2774 1307 2865 1346 me
2889 1307 3088 1345 verum
3140 1289 3364 1359 audire,
3417 1290 3632 1348 nescio.
3672 1313 3699 1340 ‹‹
3739 1292 3840 1347 Ni-

2191 1375 2292 1444 hil,
2319 1376 2513 1447 inquit
2543 1376 2684 1432 mihi
2717 1377 2988 1433 conscius
3010 1394 3162 1444 sum,
3205 1395 3309 1433 nec
3361 1382 3555 1434 tamen
3612 1379 3671 1434 in
3729 1379 3838 1436 hoc

2179 1465 2542 1537 justiﬁcatus
2573 1482 2706 1520 sum
2740 1466 2882 1535 (Cor.
2916 1483 2990 1531 ιν,
3023 1467 3098 1534 4).
3164 1489 3190 1515 ››
3225 1491 3251 1515 ‹‹
3315 1467 3494 1523 Homo
3551 1467 3706 1523 videt
3776 1469 3840 1524 in

2190 1553 2352 1619 facie,
2379 1555 2532 1607 Deus
2563 1553 2620 1607 in
2679 1555 2850 1608 corde
2906 1555 2974 1623 (II
3003 1555 3134 1623 Reg.
3171 1573 3282 1622 xV1,
3319 1558 3395 1627 7).
3439 1578 3465 1605 ››
3503 1557 3675 1628 Apud
3701 1557 3829 1628 ejus

2191 1640 2611 1697 conscientiam
2641 1646 2816 1713 atque
2833 1649 3211 1715 conspectum
3237 1644 3837 1715 nullusjustiﬁcatur.

2190 1730 2355 1785 Unde
2382 1734 2440 1785 et
2469 1729 2684 1785 Paulus
2741 1729 3003 1802 loquitur
3059 1733 3461 1789 conﬁdenter:
3529 1756 3557 1783 «
3618 1734 3838 1789 Omnes

439 1827 727 1891 sanctam,
760 1827 825 1877 ut
855 1822 1261 1895 cdmpleantur
1290 1823 1653 1894 iniquitates,
1687 1828 1744 1878 et
1774 1824 1949 1879 ﬁnem
1982 1841 2081 1879 ae-
2112 1866 2160 1930 Β
2193 1824 2601 1890 peccaverunt,
2625 1824 2681 1874 et
2712 1819 2978 1892 indigent
3007 1820 3195 1895 gloria
3226 1822 3326 1878 Dei
3358 1823 3531 1892 (Rom.
3554 1823 3776 1893 111,23);
3805 1844 3836 1870 υ

439 1913 619 1985 cipiat
647 1916 972 1984 peccatum,
1023 1915 1088 1966 ut
1132 1913 1427 1983 dispereat
1477 1911 1780 1983 iniquitas,
1815 1917 1870 1967 et
1928 1929 2079 1968 reve-

438 2003 592 2059 letur
636 2000 870 2072 justitia
898 2002 940 2070 ³,
1000 2001 1359 2072 sempiterna
1415 2001 1574 2070 (Ibid.
1628 2003 1742 2072 24).
1801 2024 1828 2049 ››
1885 2002 2081 2065 Quan-

438 2091 539 2146 diu
583 2106 718 2163 ergo
750 2089 845 2145 ille
885 2089 1018 2145 finis
1065 2091 1353 2155 adveniat,
1404 2095 1461 2145 et
1511 2091 1913 2162 corruptivum
1971 2091 2080 2147 hoc

510 2235 526 2268 ί
559 2233 800 2290 Nomem
840 2232 1012 2287 Dauid
1043 2232 1103 2287 in
1134 2233 1349 2289 nostris
1381 2249 1523 2290 mss.
1552 2233 1828 2290 omnibus
1851 2235 2079 2291 deside-

437 2310 601 2363 ratur
635 2324 648 2374 ;
683 2306 930 2360 fortasse
961 2304 1174 2359 verius.

508 2379 530 2412 ²
577 2375 1040 2449 Εοιιιιωηναιιίειε
1106 2376 1614 2449 interpretationes
1679 2378 1949 2434 edisserit
2022 2378 2081 2432 in

436 2448 907 2520 Commentariis,
942 2465 1068 2520 cap.
1100 2447 1154 2502 9.

505 2522 528 2556 ³
557 2520 720 2577 Unus
747 2519 958 2589 Vatic.,
993 2519 1298 2575 revertatur
1327 2521 1559 2587 iustitia.

2190 1913 2248 1962 et
2281 1926 2292 1962 :
2330 1933 2355 1956 ‹‹
2391 1907 2854 1965 ConclusitDeus
2881 1910 3080 1965 omnia
3099 1910 3210 1966 sub
3231 1917 3464 1983 peccato
3487 1916 3550 1968 ut
3565 1912 3841 1968 omnium

2194 1997 2542 2052 misereatur
2571 1999 2742 2069 (Rom.
2777 2015 2854 2065 x1,
2899 1999 3011 2067 32),
3072 2022 3098 2047 ››

2195 2085 2605 2158 replicavimus
2626 2088 2646 2119 ‘

3160 2003 3216 2054 et
3263 2005 3468 2056 caetera
3513 2017 3634 2072 quae
3673 2017 3843 2074 saepe

2262 2230 2283 2262 ⁴
2313 2232 2449 2303 Post
2481 2228 2600 2303 hac
2629 2228 2804 2284 editio
2835 2226 3081 2303 Vallars.
3133 2227 3309 2285 habet
3343 2247 3354 2284 :
3394 2232 3651 2303 Bxpticit
3699 2233 3841 2290 liber

2191 2299 2454 2354 secundus
2474 2319 2496 2363 ,-
2527 2300 2598 2354 ad
2626 2316 2752 2371 quae
2773 2300 2951 2355 verba
2980 2299 3130 2354 hanc
3180 2301 3460 2372 appendit
3490 2299 3779 2361 'notulam
3819 2323 3835 2360 :

2197 2373 2258 2426 In
2320 2388 2460 2426 mss.
2513 2373 2671 2427 Finit
2719 2372 2853 2427 libri
2899 2387 3028 2442 pars
3095 2373 3350 2428 secunda.
3417 2375 3623 2448 Incipit
3704 2393 3843 2448 pars

2193 2453 2382 2507 tertia.
2408 2452 2570 2508 E1317.

1673 2864 2002 2950 LIBER
2060 2865 2600 2955 TERTIUS.

1939 3091 2350 3109 _

515 3253 568 3309 4.
603 3252 914 3324 Baptismus
961 3251 1174 3302 tantum
1213 3251 1500 3319 prietcrzta
1551 3255 1769 3319 peccata
1830 3247 2077 3304 dimittit.
2116 3251 2158 3318 C
2197 3251 2267 3306 Et
2296 3255 2488 3307 tamen
2522 3251 2630 3308 hoc
2662 3253 2828 3321 scito,
2879 3252 3238 3325 baptismum
3282 3255 3574 3326 praeterita
3621 3258 3840 3318 donare

515 3373 582 3381 -—
615 3341 760 3396 781
794 3337 1034 3393 Cm'ron.
1064 3335 1386 3391 Delectatus
1443 3352 1573 3390 sum
1622 3340 1857 3392 tuorum
1885 3337 2084 3393 multi—

441 3429 752 3504 plicatione
783 3439 1146 3490 sermonum,
1210 3423 1280 3478 de
1338 3423 1556 3492 quibus
1614 3424 1898 3496 scriptum
1949 3429 2080 3481 est:

441 3541 469 3568 ‹‹
502 3517 566 3573 In
600 3513 970 3585 multiloquio
1004 3530 1117 3568 non
1168 3511 1409 3583 effugies
1459 3516 1759 3583 peccatum
1812 3513 1993 3583 (Prov,
2027 3532 2084 3580 x,

442 3608 566 3678 i9);
606 3628 626 3657 ι
665 3606 766 3661 sed
789 3603 928 3676 quid
952 3603 1024 3657 ad
1078 3618 1315 3656 causam
1339 3600 1366 3654 ‘?
1423 3600 1586 3656 Certe
1648 3602 1757 3656 hoc
1812 3602 2083 3659 fateberis

436 3713 557 3762 eos,
590 3696 690 3768 qui
717 3692 928 3750 Christi
958 3690 1253 3764 baptisma
1286 3691 1582 3746 consecuti
1615 3695 1772 3756 sunt,
1828 3709 1943 3747 non
1984 3692 2083 3747 ha-

435 3785 570 3840 bere
591 3787 913 3856 peccatum.
950 3781 1015 3834 Et
1045 3779 1094 3835 si
1129 3779 1349 3850 absque
1389 3783 1625 3850 peccato
1669 3784 1828 3846 sunt,
1885 3781 2081 3850 justos

435 3887 582 3928 esse.
615 3874 884 3942 Cumque.
909 3867 1262 3939 semeljusti
1312 3868 1547 3935 fuerint,
1594 3868 1644 3922 ei
1694 3869 1918 3940 egerint
1965 3867 2077 3924 sol-

432 3959 610 4026 licite,
645 3977 814 4032 posse
846 3959 904 4013 in
937 3958 1363 4030 sempiternum
1414 3958 1712 4028 justitiam
1763 3959 2074 4024 custodire,

433 4058 498 4097 ac
533 4057 636 4114 per
694 4041 802 4096 hoc
861 4055 1032 4094 omne
1090 4039 1272 4093 vitare
1330 4045 1656 4109 peceatum.
1705 4041 1893 4094 Λπιε,
1952 4040 2075 4094 Non

431 4129 730 4187 erubescis
786 4127 1084 4200 explosam
1141 4131 1317 4198 atque
1370 4127 1710 4182 damnatam
1779 4127 2074 4184 Joviniani

430 4219 783 4276 sententiam
817 4217 1032 4290 sequi?
1084 4217 1151 4270 Et
1220 4215 1317 4270 ille
1376 4216 1531 4270 enim
1590 4215 1682 4270 his
1723 4216 2074 4272 testimoniis

428 4308 665 4380 tuisque
696 4307 902 4363 nititur
923 4306 1322 4379 argumentis;
1358 4305 1475 4360 imo
1514 4309 1579 4358 tu
1629 4303 1786 4358 illius
1841 4305 2075 4361 inventa

429 4395 692 4463 sectaris,
725 4395 784 4450 in
816 4395 1048 4450 Oriente
1079 4395 1288 4448 docere
1335 4393 1693 4459 desiderans,
1744 4409 1874 4463 quas
1930 4392 2067 4447 olim

427 4484 617 4539 Comze
673 4488 730 4556 et
795 4483 1018 4537 dudum
1079 4481 1135 4534 in
1175 4480 1404 4535 Africa‘
1467 4481 1849 4535 condemnata
1908 4485 2067 4536 sunt.

430 4571 578 4644 Lege
609 4587 744 4642 ergo
777 4570 917 4641 quid
951 4569 1034 4624 illi
1069 4585 1416 4640 responsum
1451 4568 1547 4636 sit,
1582 4573 1638 4623 et
1680 4569 1783 4623 tibi
1829 4585 2065 4641 respon-

426 4677 558 4717 sum
591 4659 806 4714 dueito.
842 4659 904 4714 In
937 4659 1316 4730 dogmatibus
1346 4658 1503 4712 enim
1543 4662 1599 4713 et
1638 4659 2063 4729 quaestionibus

423 4747 782 4806 disserendis
813 4763 927 4802 non
961 4762 1229 4817 persona,
1264 4745 1366 4798 sed
1397 4761 1575 4799 causa
1605 4747 1916 4815 quaerenda
1946 4751 2056 4801 est.

498 4894 510 4926 ¹
545 4893 666 4950 Non
703 4891 857 4963 quod
888 4890 1062 4963 etiam
1096 4887 1155 4943 in
1187 4887 1397 4963 africa,
1433 4892 1497 4963 ut
1539 4888 1784 4963 adnotat
1825 4888 2061 4963 Martia-

423 4981 606 5031 nasus,
644 4959 922 5020 damnata
951 4960 1157 5016 fuisset
1191 4959 1481 5031 Joviniani
1535 4960 1661 5030 ipsa
1711 4961 1782 5013 de
1825 4959 2062 5015 homine

422 5029 730 5099 sententia,
763 5052 889 5101 qua:
921 5035 1010 5088 vix
1041 5037 1200 5088 extra
1253 5029 1479 5085 Italiam
1536 5029 1828 5101 eruperat,
1885 5038 1947 5084 ut
1994 5047 2058 5086 ex

422 5052 730 5099 sententia,
804 5052 889 5090 υέΒ
921 5052 1010 5088 ViX
1041 5052 1200 5088 excra
1253 5052 1479 5085 ιιᾶιιίιιιι
1536 5052 1828 5101 eruperat,
1885 5052 1947 5084 UL
1994 5052 2058 5086 ΘΧ

417 5052 886 5176 _S_._August.(lib.
922 5106 986 5161 de
1018 5106 1218 5160 HZBres.
1251 5106 1525 5174 apparet:
1573 5103 1688 5176 sed
1741 5103 1867 5176 ideo
1917 5101 2063 5176 dixit

418 5173 652 5248 Hieron.
685 5177 838 5248 quod
882 5173 1302 5248 impeccantia,
1336 5173 1514 5248 quam
1563 5174 1928 5248 Jovinianus.
1961 5174 2057 5229 de-

419 5243 1042 5316 fendebat‘dudumfid
1097 5253 1185 5302 est
1237 5243 1425 5316 nuper
1486 5246 1543 5299 in
1602 5245 1792 5299 Africa
1852 5243 2060 5299 fuisset

419 5315 732 5389 damnata;
767 5318 905 5389 quia
933 5319 990 5372 in
1024 5319 1142 5372 Afr.
1193 5315 1456 5389 synddo,‘
1491 5334 1563 5389 an
1620 5318 1723 5370 412
1780 5321 1878 5370 aut
1932 5317 2058 5389 413,

417 5385 730 5440 damnatus
763 5385 949 5458 fuerat
995 5405 1156 5442 error
1213 5385 1459 5444 Coelestii
1513 5388 1583 5443 de
1644 5387 2054 5458 impeceantia,

421 5471 594 5528 quem
619 5456 890 5528 eumdem
922 5475 1050 5514 esse
1079 5459 1256 5513 sentit
1287 5478 1418 5514 cum
1443 5459 1538 5515 illo
1560 5456 1866 5515 .Ioviniani.
1897 5459 2055 5514 Idem

419 5526 675 5584 sensisse
706 5527 976 5603 videntur
1031 5530 1381 5603 Sidugust.
1443 5531 1543 5603 libi.
1607 5533 1676 5585 Dc
1737 5533 1949 5603 nuptiis
2007 5540 2058 5586 et

417 5603 654 5671 Concup.
681 5615 842 5671 num.
879 5601 1043 5671 15,1).
1079 5601 1190 5671 308A
1212 5605 1269 5653 et
1301 5603 1365 5655 18
1397 5619 1409 5656 :
1445 5626 1470 5650 ‹‹
1505 5602 1727 5658 Jactate
1777 5601 1842 5659 ut
1899 5619 2058 5659 men-

418 5669 616 5731 suram
645 5669 935 5727 Joviniani
959 5669 1272 5744 perfectius
1298 5671 1611 5744 impleatis.
1635 5696 1662 5721 »

2197 3346 2432 3411 peccata
2463 3358 2577 3396 non
2610 3342 2867 3396 futuram
2926 3359 3153 3398 servare
3193 3342 3517 3413 justitiam,
3563 3362 3693 3418 quae
3753 3349 3838 3405 la-

2193 3427 2332 3484 bore
2353 3433 2409 3484 et
2438 3429 2746 3496 industria,
2780 3447 2846 3485 ac
2878 3429 3202 3502 diligentia,
3263 3433 3319 3485 et
3371 3447 3606 3504 semper
3662 3451 3838 3509 super

2195 3517 2393 3573 omnia
2423 3517 2522 3572 Dei
2554 3517 2865 3572 clementia
2884 3518 3216 3574 custoditur
3249 3536 3260 3574 :
3316 3524 3380 3574 ut
3440 3524 3716 3580 nostrum
3764 3527 3838 3582 sit

2194 3623 2416 3678 rogare,
2487 3606 2646 3662 illius
2704 3607 2958 3662 tribuere
3017 3608 3173 3679 quod
3223 3612 3507 3681 rogatur:
3570 3619 3837 3672 nostrum

2195 3694 2501 3767 incipere’,
2552 3694 2711 3750 illius
2773 3697 3082 3767 perﬁcere:
3137 3701 3401 3753 nostrum
3433 3699 3640 3756 offerre
3683 3706 3837 3775 quod

2191 3800 2529 3855 possumus,
2589 3783 2747 3840 illius
2804 3784 3045 3855 implere
3105 3786 3280 3856 quod.
3318 3803 3433 3841 non
3492 3805 3837 3860 possumus.

2190 3896 2216 3922 ‹‹
2252 3873 2375 3929 Nisi
2404 3875 2559 3930 enim
2594 3874 2876 3930 Dominus
2907 3874 3275 3930 aedificaverit
3303 3876 3565 3944 domum,
3611 3879 3670 3932 in
3735 3897 3840 3936 va-

2189 3970 2330 4008 num
2363 3954 2772 4010 laboraverunt
2801 3954 2898 4025 qui
2931 3953 3218 4009 aediﬁcant
3252 3971 3403 4010 eam.
3457 3955 3574 4012 Nisi
3630 3957 3841 4015 Domi-

2188 4050 2298 4088 nus
2328 4034 2669 4089 custodierit
2708 4035 3024 4100 civitatem,
3081 4033 3138 4088 in
3200 4051 3415 4090 vanum
3472 4035 3674 4108 vigilat
3734 4040 3833 4110 [αι.

2184 4121 2465 4194 vigilabit]
2527 4123 2624 4194 qui
2684 4122 2941 4178 custodit
2969 4139 3097 4178 eam
3152 4124 3380 4195 (Psatm.
3437 4142 3624 4194 cxxv1,
3685 4129 3760 4198 1).
3808 4153 3833 4176 η

2186 4211 2346 4265 Unde
2385 4216 2441 4266 et
2489 4209 2800 4282 Apostolus
2856 4210 3164 4282 praecipit:
3239 4235 3265 4260 «
3329 4212 3421 4267 Sic
3481 4214 3718 4282 currite,
3771 4219 3836 4271 ut

2183 4299 2708 4371 comprehendatis.
2744 4300 2957 4355 Omnes
2984 4299 3221 4372 quidem
3249 4306 3516 4368 currunt,
3540 4303 3644 4358 sed
3676 4321 3831 4361 unus

2182 4389 2392 4460 accipit
2445 4389 2757 4444 coronam3
2791 4391 2837 4459 (I
2866 4393 2990 4446 Cor.
3037 4407 3110 4457 1x,
3145 4391 3256 4460 24).
3295 4411 3321 4438 ››
3381 4391 3451 4445 Et
3509 4389 3566 4445 in
3597 4392 3832 4450 Psalmo

2181 4479 2464 4550 scriptum
2487 4482 2612 4534 est:
2661 4503 2672 4524 ‹
2710 4479 2970 4546 Domine,
3004 4482 3069 4534 ut
3099 4482 3264 4534 scuto
3291 4479 3459 4534 bona:
3509 4477 3831 4538 voluntatis

2179 4571 2289 4622 tua:
2334 4567 2624 4622 coronasti
2680 4584 2796 4622 nos
2846 4568 3015 4638 (Psat.
3077 4585 3132 4633 ν,
3182 4567 3346 4637 43).»
3406 4567 3620 4624 Nostra
3673 4569 3837 4624 enim

2175 4657 2412 4712 victoria
2442 4662 2498 4711 et
2519 4673 2732 4711 corona
2755 4657 3032 4725 victoriae,
3061 4656 3218 4710 illius
3252 4657 3619 4728 protectione
3677 4659 3834 4715 782

2177 4749 2232 4799 et
2258 4744 2456 4816 clypeo
2482 4749 2721 4815 paratur
2751 4745 2855 4815 [αἱ.
2885 4746 3263 4816 praeparatur]
3308 4761 3320 4798 :
3382 4750 3439 4800 et
3505 4745 3604 4801 hic
3648 4747 3840 4803 curri-

2244 4890 2263 4921 ²
2294 4889 2561 4942 Nostrum
2593 4888 2862 4960 incipere.
2911 4893 2988 4960 Ex
3044 4888 3161 4960 hoc
3212 4887 3335 4943 loco
3386 4888 3579 4960 dicere
3638 4891 3843 4960 potuit

2173 4965 2411 5014 sanctus
2452 4959 2798 5014 Benedictus
2859 4959 3099 5030 Prologo
3151 4958 3208 5013 in
3261 4959 3546 5030 Regulam
3602 4958 3835 5016 suam:

2172 5033 2296 5112 «_In
2334 5031 2565 5112 primis,
2585 5036 2648 5112 ut
2669 5030 2955 5112 quidquid
2983 5031 3274 5112 agendum
3299 5031 3540 5112 inchoas
3574 5031 3837 5112 bonum,

2171 5104 2243 5157 ab
2274 5101 2347 5157 eo
2373 5101 2569 5174 perﬁci
2600 5101 3041 5157 instantissime
3063 5102 3322 5158 oratione
3355 5103 3662 5174 deposcas,
3708 5127 3738 5152 »
3775 5109 3841 5160 et

2169 5173 2391 5256 caetera}
2428 5174 2713 5256 Maeniam
2739 5204 2806 5256 τ-
2831 5174 2940 5256 Ne‘
2960 5191 3146 5244 prava:
3209 5173 3606 5256 intelllgentize
3633 5174 3841 5256 ‘loeus

2170 5245 2264 5300 hic
2296 5250 2508 5317 pateat,
2541 5245 2694 5317 adde
2718 5245 3066 5313 clausulam,
3090 5262 3269 5316 quam
3293 5244 3492 5317 simili
3519 5247 3839 5302 sententiae

2170 5317 2226 5370 in
2260 5315 2447 5390 epist,
2482 5316 2583 5390 I30
2633 5316 2702 5372 ad
2764 5315 3191 5390 Demetriadem
3218 5317 3375 5390 __ipse
3428 5315 3840 5390 Hieronymus

2168 5389 2312 5442 satis
2342 5388 2657 5442 orthodoxe
2679 5388 3057 5458 semetipsum
3106 5387 3425 5459 explicans,
3493 5387 3782 5459 apposuit
3818 5406 3835 5445 :

2169 5485 2193 5508 .‹
2243 5459 2558 5529 Ipsumque
2581 5460 2735 5529 quod
2773 5467 3036 5514 nostrum
3081 5466 3191 5524 est,
3241 5461 3365 5516 sine
3426 5459 3521 5514 Dei
3571 5461 3841 5517 misera-

2169 5530 2326 5584 tione
2359 5536 2622 5602 nostrum
2653 5548 2764 5585 non
2819 5536 2988 5587 est.»
3055 5531 3191 5587 Vide
3251 5549 3376 5602 quae
3436 5530 3610 5602 paulo
3671 5533 3843 5591 infra

2170 5618 2330 5655 num.
2368 5601 2436 5656 lO
2466 5601 2842 5658 adnotamus.

2235 5673 2255 5706 ³
2289 5673 2446 5729 Unus
2477 5672 2663 5730 Vatic.
2691 5673 2783 5731 sed
2811 5691 2926 5731 non
2954 5689 3141 5732 omnes
3188 5675 3465 5747 accipient
3522 5688 3832 5736 coronam.
