4082 6168
250 356 370 432 ΒΜ

1094 363 1484 430 DIALOGUS
1528 358 1842 429 CONTRA
1884 350 2403 428 PELAGIANOS.
2427 395 2504 412 --
2532 364 2679 430 LIB.
2709 363 2814 432 III.

3534 344 3659 431 398

253 518 399 570 mus,
427 503 492 557 ut
520 498 581 557 in
621 500 819 558 futuro
864 500 1469 575 comprehendamus:
1522 500 1601 556 ibi
1654 500 1897 573 accipiet
1926 501 1979 566 Α
2009 517 2141 556 nem
2193 510 2561 571 peccatorum
2597 520 2608 559 :
2670 521 2875 560 eamus
2933 505 2989 559 et
3042 498 3407 577 baptizemur
3450 497 3521 561 ab
3554 516 3653 559 eo:

251 608 543 658 coronam,
604 589 707 662 qui
763 589 821 645 in
881 590 991 646 hoc
1050 590 1261 647 sreculo
1328 590 1511 646 vietor
1566 589 1895 655 exstiterit;

253 681 534 753 nobisque
583 684 716 752 post
766 680 1127 752 baptismum
1178 680 1430 735 dicitur:
1484 703 1511 729 «
1543 681 1687 735 Ecce
1720 696 1899 734 sanus

255 770 443 826 factus
473 786 557 835 es,
581 770 704 839 jam
736 767 854 822 noli
889 783 1147 839 peccare,
1198 786 1268 825 ne
1320 768 1461 839 quid
1506 768 1764 823 deterius
1795 766 1900 821 tibi

257 860 559 930 contingat
613 858 785 928 (Joan.
844 874 899 923 ν,
962 858 1070 927 14).
1132 877 1155 908 ι
1222 859 1327 912 Et:
1391 881 1417 906 «
1460 857 1707 912 Nescitis
1765 856 1902 928 quia

259 947 546 1020 templum
601 947 697 1002 Dei
756 946 920 1015 estis,
980 952 1038 1001 et
1096 947 1347 1018 Spiritus
1405 946 1505 1002 Dei
1559 946 1785 1002 habitat
1842 946 1901 999 in

263 1037 476 1094 vobis?
502 1034 556 1091 Si
586 1035 717 1107 quis
766 1035 1051 1107 templum
1104 1036 1204 1091 Dei
1258 1036 1573 1102 violaverit,
1606 1034 1903 1106 disperdet

269 1142 399 1182 eum
426 1129 572 1180 Deus
603 1124 647 1194 (1
708 1124 829 1179 Cor.
890 1141 976 1192 111,
1040 1125 1127 1191 16,
1183 1125 1289 1195 17).
1328 1147 1355 1174 ››
1405 1125 1473 1178 Et
1500 1124 1559 1178 in
1593 1123 1705 1179 alio
1736 1123 1900 1179 loco:

268 1238 296 1264 α
324 1213 601 1270 Dominus
630 1213 933 1268 vobiscum
983 1218 1090 1282 est,
1144 1214 1404 1285 quandiu
1448 1230 1549 1268 vos
1594 1213 1735 1269 estis
1767 1229 1900 1267 cum

259 1320 324 1360 eo
373 1303 418 1357 si
471 1301 825 1375 reliqueritis
873 1318 1029 1373 eum,
1085 1306 1141 1357 et
1198 1301 1293 1357 ille
1352 1301 1640 1374 relinquet
1693 1318 1794 1357 vos
1835 1302 1907 1371 (Il

255 1392 442 1447 Paral.
474 1408 579 1457 χιι,
612 1391 689 1459 5).
727 1414 755 1440 υ
791 1390 850 1445 In
886 1392 1055 1461 cujus
1099 1394 1271 1462 putas
1320 1390 1562 1446 delubro
1604 1395 1779 1463 atque
1810 1408 1903 1445 sa-

256 1481 436 1538 crario
468 1479 682 1536 Christi
737 1476 964 1551 pdritas
1014 1484 1339 1551 permanet,
1390 1478 1711 1551 templique
1751 1495 1902 1534 sere-

258 1571 408 1626 nitas
437 1568 602 1624 nullo
635 1567 837 1623 nubilo
885 1568 1310 1624 contristatur?
1350 1569 1635 1623 Eumdem
1676 1584 1906 1640 semper

257 1659 481 1715 vultum
522 1657 739 1713 habere
794 1674 909 1712 non
954 1674 1311 1728 possumus;
1360 1658 1513 1728 quod
1563 1658 1634 1712 de
1673 1658 1906 1712 Socrate

265 1748 407 1805 falso
484 1745 819 1819 philosophi
899 1745 996 1818 [αι.
1076 1745 1446 1818 philosopho]
1532 1746 1902 1818 gloriantur;

2009 589 2163 645 Dixit
2192 594 2387 646 autem
2421 592 2541 648 eis:
2577 593 2723 657 Quid
2756 593 3006 665 peccavi,
3057 598 3123 648 ut
3169 594 3375 650 vadam
3421 598 3477 650 et
3504 594 3651 665 bap-

2007 678 2151 733 tizer
2180 679 2250 733 ab
2311 680 2466 734 eo’?
2523 681 2643 736 Nisi
2700 681 2846 737 forte
2905 681 3013 737 hoc
3067 681 3263 753 ipsum
3322 683 3474 753 quod
3509 680 3653 750 dixi,

2009 766 2339 838 ignorantia
2367 772 2472 823 est.
2509 791 2536 818 ››
2569 771 2639 825 Et
2676 770 2733 825 in
2765 772 2967 826 eodem
2998 770 3328 826 volumine:
3367 793 3387 819 ι
3424 770 3483 826 Si
3513 787 3652 842 pec-

2010 856 2243 923 caverit,
2284 858 2434 913 783
2468 860 2668 929 inquit,
2703 860 2881 916 frater
2922 864 3061 916 tuus
3090 860 3149 915 in
3199 860 3397 927 verbo,
3435 863 3493 914 et
3515 860 3660 915 satis

2008 944 2113 998 tibi
2148 944 2364 1012 fecerit,
2400 947 2616 1018 septies
2647 948 2705 1002 in
2738 949 2831 1003 die
2889 949 3122 1020 suscipe
3178 966 3335 1005 eum.
3390 947 3543 1003 Dixit
3571 947 3657 1004 illi

2010 1034 2209 1089 Simon
2242 1034 2567 1107 discipulus
2596 1037 2762 1108 ejus:
2797 1038 3023 1109 Septies
3062 1038 3121 1092 in
3152 1039 3244 1094 die
3267 1042 3295 1093 ?
3338 1037 3662 1111 Respondit

2010 1122 2315 1193 Dominus,
2349 1129 2405 1178 et
2436 1124 2577 1180 dixit
2603 1125 2692 1181 ei:
2740 1126 2925 1181 Etiam
2985 1143 3090 1199 ego
3148 1128 3277 1183 dico
3306 1127 3433 1194 tibi,
3468 1143 3658 1199 usque

2012 1212 2346 1284 Septuagies
2376 1214 2588 1284 septies
2620 1215 2824 1285 (Matth.
2859 1231 3021 1283 xvm,
3051 1218 3154 1283 22;
3188 1218 3315 1270 Luc.
3350 1232 3487 1283 xvn,
3520 1216 3597 1286 4).
3632 1236 3661 1264 υ

2015 1322 2042 1349 ‹‹
2074 1300 2297 1355 Etenim
2331 1301 2387 1355 in
2416 1302 2715 1373 prophetis
2737 1321 2972 1376 quoque
2994 1308 3305 1377 postquam
3335 1305 3491 1358 uncti
3519 1306 3662 1360 sunt

2013 1389 2231 1465 Spiritu
2292 1395 2515 1463 sancto,
2596 1391 2868 1448 inventus
2926 1398 3016 1449 est
3085 1410 3276 1449 sermo
3342 1393 3663 1464 peccati.»

2014 1479 2275 1549 Ignatius
2300 1480 2341 1546 ³,
2375 1480 2463 1534 vir
2486 1480 2844 1551 apostolicus
2867 1486 2923 1537 et
2946 1487 3188 1554 martyr,
3220 1481 3422 1538 scribit
3452 1483 3662 1538 audac-

2011 1571 2137 1622 ter:
2180 1587 2201 1615 α
2238 1567 2424 1639 Elegit
2455 1568 2738 1625 Dominus
2769 1571 3083 1642 apostolos,
3117 1571 3217 1642 qui
3250 1587 3424 1643 super
3454 1587 3659 1627 omnes

2014 1656 2279 1711 homines
2337 1662 2668 1727 peccatores
2721 1664 2906 1714 erant.
2945 1682 2972 1708 ››
3030 1660 3110 1715 De
3176 1676 3428 1731 quorum
3487 1657 3663 1714 celeri

2014 1745 2389 1801 conversione
2421 1745 2734 1802 Psalmista
2765 1749 2957 1803 canit:
3008 1772 3035 1797 «
3092 1746 3491 1820 Multiplicatas
3525 1748 3667 1804 sunt

258 1840 474 1910 quanto
507 1835 699 1908 magis
748 1834 1064 1889 animum?
1107 1834 1300 1890 Multae
1348 1834 1525 1890 facies
1570 1834 1900 1903 hominum,
1935 1873 1981 1937 B
2010 1833 2383 1890 infirmitates
2432 1851 2655 1903 eorum,
2724 1840 2925 1908 postea
2969 1836 3435 1893 acceleraverunt
3490 1835 3665 1907 (Psal.

256 1927 338 1983 sic
366 1930 423 1982 et
452 1925 630 1981 corda
674 1924 919 1979 diversa.
979 1924 1038 1979 Si
1098 1923 1223 1979 ﬁeri
1282 1929 1496 1995 posset,
1557 1928 1620 1978 ut
1676 1923 2106 1995 semper"xv,
2159 1925 2230 1990 4).
2273 1945 2293 1973 ι
2359 1924 2583 1986 Quibus
2642 1926 3017 1993 testimoniis,
3079 1926 3129 1982 si
3185 1943 3301 1982 non
3355 1925 3538 1982 uteris
3595 1924 3667 1981 ad

257 2032 417 2089 aqua
448 2012 822 2086 baptismatis
870 2029 1094 2068 mersos
1140 2016 1427 2078 tenerent,
1468 2011 1765 2067 volitantia
1800 2029 1905 2067 nos

260 2106 513 2175 desuper
539 2107 772 2173 peccata
821 2118 936 2156 non
985 2106 1325 2174 tangerent:
1374 2102 1625 2173 Spiritus
1664 2107 1904 2157 sanctus

263 2195 535 2249 tueretur
562 2191 650 2262 [αι.
683 2191 923 2261 tuetur].
973 2190 1084 2245 Sed
1119 2191 1428 2261 impugnat
1469 2190 1766 2256 inimicus,
1801 2208 1904 2245 nec

257 2282 449 2337 victus
480 2279 708 2345 recedit,
742 2279 845 2333 sed
901 2295 1134 2351 semper
1190 2279 1248 2333 in
1308 2278 1542 2335 insidiis
1573 2284 1679 2347 est,
1715 2284 1780 2334 ut
1810 2296 1903 2334 sa-

256 2370 425 2442 gittet
455 2367 516 2422 in
547 2366 774 2422 occulto
816 2371 1003 2422 rectos
1029 2369 1218 2422 corde.

323 2461 376 2512 2.
408 2461 497 2514 Bx
524 2457 819 2524 Evangelia
850 2458 1008 2523 iuxta
1038 2456 1307 2511 Hebraeos.
1362 2487 1429 2495 -
1480 2457 1540 2511 In
1595 2455 1905 2529 Evangelio

250 2550 418 2621 juda
444 2545 725 2612 Hebrwos,
789 2546 944 2615 quod
1004 2544 1313 2600 Chaldaico
1364 2545 1600 2616 quidem
1647 2546 1905 2617 Syroque

258 2652 545 2701 sermone,
582 2634 682 2689 sed
730 2633 1028 2689 Hebraicis
1077 2633 1286 2689 litteris
1334 2634 1620 2705 scriptum
1650 2643 1755 2698 est,
1792 2651 1905 2705 quo

256 2730 505 2783 utuntur
555 2739 743 2795 usque
791 2723 960 2778 hodie
1006 2723 1307 2789 Nazareni,
1353 2723 1651 2779 secundum
1681 2723 1906 2794 Aposto-

260 2818 339 2873 [οδ
362 2817 402 2883 ⁸,
433 2814 576 2878 sive,
611 2816 677 2867 ut
706 2811 967 2884 plerique
997 2817 1325 2877 autumant,
1357 2814 1525 2884 juxta
1569 2814 1902 2880 Matthazum,

260 2903 411 2976 quod
442 2905 501 2957 et
529 2901 590 2957 in
617 2898 955 2955 Caesariensi
1003 2900 1252 2955 habetur
1292 2899 1665 2968 bibliotheca,
1711 2906 1909 2956 narrat

262 2991 543 3049 historia:
581 3012 609 3038 «
642 2990 786 3044 Ecce
817 2993 1006 3044 mater
1048 2988 1276 3045 Domini
1324 2993 1380 3044 et
1426 2990 1633 3045 fratres
1664 2991 1790 3061 ejus
1821 2990 1908 3043 di-

263 3082 468 3138 cebant
498 3077 551 3134 ei
577 3095 590 3132 :
623 3078 885 3133 Joannes
914 3077 1175 3149 Baptista
1221 3077 1478 3149 baptizat
1520 3078 1580 3133 in
1612 3078 1906 3134 remissio-

330 3206 344 3239 ¹
377 3204 500 3259 Hoc
528 3202 654 3258 loco
686 3202 901 3257 diserte
938 3202 1105 3257 docet
1135 3202 1287 3257 Hier.
1321 3219 1423 3259 oro
1466 3203 1667 3257 eodem
1713 3218 1773 3257 se
1806 3203 1905 3257 ha-

330 3236 344 3239 ”
377 3236 500 3259 υυυ
528 3236 654 3258 ιυυυ
686 3236 832 3257 υιῦυι
852 3236 901 3256 ιῠ
938 3236 1105 3257 υυνῠυ
1135 3236 1287 3257 ιιιυι.
1361 3236 1423 3257 ιυ
1466 3236 1667 3257 υυιιῡιυ
1713 3236 1773 3257 DC
1807 3236 1905 3257 ua.—

260 3278 392 3333 bere
422 3273 807 3345 Evangelium
836 3273 1157 3328 secundum
1186 3236 1493 3329 duodecim
1519 3274 1908 3345 Apostolos,et
1939 3236 1981 3301 Ο

226 3344 534 3426 .Evangel.
560 3344 1052 3426 juxtaﬂebraaos,
1083 3349 1139 3426 et
1168 3344 1905 3426 Nazarenumzi’erperam

260 3416 463 3488 itaque
492 3416 688 3488 priora
717 3417 834 3470 duo
867 3416 967 3488 sic,
994 3417 1306 3488 distinguit
1348 3417 1501 3472 Beda
1550 3416 1725 3488 initio
1745 3418 1905 3472 Com.

259 3492 319 3545 in
354 3487 598 3554 Lucam,
632 3494 695 3543 ut
723 3487 1102 3560 Evangelium
1127 3487 1446 3560 duodecim
1496 3487 1906 3560 Apostolorum

262 3563 417 3617 inter
444 3560 662 3629 scripta
680 3559 1010 3630 apocrypha
1031 3560 1103 3613 ab
1126 3559 1408 3615 haereticis
1434 3561 1708 3630 profecta,
1731 3561 1909 3614 Evan-

266 3632 494 3704 gelium
522 3646 653 3704 vero
676 3632 993 3704 secundum
1018 3630 1285 3685 Hebrznos
1307 3630 1463 3704 inter
1487 3631 1707 3701 scripta
1732 3630 1909 3704 eccle-

269 3701 520 3772 siastica
562 3701 799 3772 referat:
846 3702 1065 3756 «Inter
1108 3718 1254 3772 qum,
1303 3702 1513 3772 inquit,
1563 3703 1909 3756 notandum-

270 3772 433 3847 quod
464 3770 676 3847 dieitur
701 3772 1071 3847 Evangelium
1094 3770 1265 3847 juxta
1294 3770 1587 3836 Hebraeos,
1615 3790 1729 3827 non
1761 3773 1913 3847 inter

262 3841 653 3927 apocryphae',
687 3844 785 3898 sed
813 3841 972 3927 iriter
1014 3841 1437 3927 ecclesiastieas
1480 3846 1911 3927 numerandum

259 3915 566 3973 historias.
598 3915 741 3986 Nam
774 3920 831 3970 et
860 3915 973 3985 ipsi
1033 3932 1207 3971 sacrae
1260 3916 1557 3986 Spiriturze
1612 3916 1911 3986 interpreti

259 3989 618 4058 Hieronymo
649 3985 926 4058 pleraque
980 4002 1047 4041 ex
1106 4003 1171 4042 eo
1228 3985 1562 4042 testimonia
1604 3985 1909 4058 usurpare,

257 4066 316 4117 et
343 4060 547 4130 ipsum
576 4058 638 4111 in
670 4058 941 4113 Latinum
974 4059 1354 4130 Grzecumque
1387 4060 1578 4114 visum
1608 4064 1697 4114 est
1726 4064 1915 4113 trans-

260 4132 416 4188 ferre
448 4145 800 4184 sermonem.
836 4153 863 4177 ››

324 4203 348 4236 ³
378 4200 527 4256 Hinc
580 4199 981 4255 calumniandi
1033 4200 1395 4256 occasionem
1444 4200 1718 4256 Julianus
1748 4200 1911 4255 Pela-

254 4272 469 4344 gianos
500 4272 772 4343 arripuit,
808 4274 979 4342 cujus
1009 4273 1185 4327 verba
1212 4272 1409 4328 isthaec
1443 4272 1809 4344 Augustinus
1833 4289 1917 4327 re-

258 4343 397 4415 citat
426 4344 533 4398 lib.
569 4359 628 4398 ιν
655 4344 843 4415 Operi:
901 4343 1222 4415 imperfecti,
1282 4360 1409 4415 cap.
1470 4343 1575 4399 88’:
1638 4366 1659 4394 ι
1696 4344 1914 4398 Verum

256 4414 368 4482 his,
399 4419 465 4470 ut
495 4430 593 4470 res
625 4414 905 4486 postulat,
937 4414 1221 4486 impletis,
1246 4414 1414 4485 juvat
1462 4421 1515 4470 te
1547 4414 1913 4486 (Augustine)

256 4486 343 4541 vel
375 4486 756 4542 mediocriter
786 4487 1090 4557 convenire
1122 4503 1238 4557 qua
1276 4486 1492 4541 ﬁducia
1522 4491 1583 4541 tu
1616 4502 1748 4540 cum
1780 4486 1913 4540 Hier

256 4558 482 4630 ronymi
510 4557 732 4629 scripta
753 4556 1239 4630 collaudesﬁicas
1262 4556 1319 4611 in
1343 4558 1571 4613 Christo
1594 4574 1709 4630 non
1733 4558 1912 4630 fuisse

257 4627 590 4700 peccatum,
622 4627 757 4683 cum
788 4627 882 4700 ille
911 4628 1150 4699 Dialogo
1180 4628 1509 4700 illo,4quem
1544 4629 1652 4683 sub
1680 4628 1915 4682 nomine

254 4698 434 4755 λεὶίαὶ
465 4704 527 4754 et
553 4699 835 4755 Critobuli
868 4700 1039 4764 mira,
1072 4698 1127 4754 et
1161 4706 1223 4755 ut
1245 4698 1421 4754 talem
1446 4700 1621 4755 fidem
1647 4700 1909 4762 decebat,

258 4775 564 4827 venustate
586 4771 944 4843 composuit,
977 4771 1155 4826 etiam
1188 4771 1376 4843 quinti
1410 4771 1726 4843 Evangelii,
1756 4771 1909 4842 quod

258 4857 296 4895 a
328 4858 393 4895 se
421 4842 773 4898 translatum
796 4842 957 4909 dicit,
981 4842 1319 4897 testimOnio
1341 4843 1560 4897 nitatur
1582 4842 1910 4907 Ostendere,

258 4912 560 4969 Christum
588 4930 703 4969 non
738 4913 928 4968 solum
964 4913 1247 4981 naturale,
1272 4930 1474 4969 verum
1504 4913 1679 4969 etiam
1711 4911 1913 4968 volun-

255 4983 477 5040 tarium
510 4985 787 5040 habuisse
820 4991 1146 5056 peccatum,
1179 4991 1413 5056 propter
1444 4985 1598 5055 quod
1626 5001 1685 5038 se
1708 5001 1916 5055 cogno-

253 5057 405 5112 verit
432 5056 681 5112 Joannis
727 5056 1077 5127 baptismate
1123 5056 1486 5121 diluendum,
1528 5079 1552 5103 ››
1594 5060 1703 5109 etc.
1736 5059 1916 5127 Aper:

256 5127 508 5209 tissime
540 5126 1017 5210 calumniainhazc
1075 5127 1763 5210 repospit‘Augustinus‘:
1799 5149 1823 5175 ‹‹
1859 5126 1915 5178 Si

256 5199 567 5271 posuisses
617 5200 791 5271 verba
839 5199 1211 5271 Hieronymi,
1244 5199 1509 5271 fortassis
1550 5199 1915 5271 ostenderem

256 5270 560 5340 Quomodo
592 5270 931 5341 accipienda
950 5276 1147 5326 essent
1168 5270 1293 5325 sine
1319 5270 1707 5342 blasphemia,
1743 5284 1918 5339 quam

254 5346 319 5397 tu
350 5342 437 5397 illi
468 5344 793 5414 importare
825 5342 1052 5397 conaris
1079 5359 1089 5396 :
1125 5343 1279 5413 quod
1313 5341 1509 5414 sinon
1535 5341 1919 5414 possim,_non

256 5417 461 5484 tamen
494 5410 627 5484 ejus
658 5413 831 5468 fidem
877 5430 1055 5483 quam
1105 5410 1237 5468 cum
1290 5412 1419 5468 aliis
1454 5410 1920 5483 praeclarissimis

256 5483 535 5542 Ecclesiae
594 5484 892 5539 catholicae
939 5485 1276 5539 doctoribus
1328 5485 1533 5547 tenuit,
1582 5484 1711 5538 ideo
1744 5500 1920 5553 repn-

256 5555 874 5638 diandam‘putarem,
898 5556 1037 5627 quia
1061 5554 1521 5638 disiss'e‘aliquid‘
1544 5554 1921 5638 inveniretur,

254 5628 318 5698 in
354 5644 475 5698 quo
509 5626 631 5684 illis
661 5645 776 5683 non
811 5626 1172 5683 consonaret.
1230 5626 1377 5682 Illud
1431 5631 1626 5681 autem
1670 5626 1813 5680 mihi
1856 5642 1924 5698 ex

258 5696 451 5772 hujus
491 5699 755 5757 hominis
804 5716 1055 5772 persona
1102 5704 1304 5772 contra
1347 5702 1402 5772 te
1452 5697 1594 5772 satis
1624 5703 1732 5772 est,
1767 5697 1924 5768 quod

258 5769 407 5829 cum
434 5771 497 5829 id
527 5773 747 5834 sentiat
764 5769 836 5830 de
857 5775 1094 5845 peccato
1118 5769 1389 5844 originali
1410 5770 1568 5842 quod
1590 5770 1675 5828 sic
1701 5785 1926 5828 aversa-

2015 2012 2444 2081 auctoritatem,
2480 2018 2641 2069 utere
2673 2014 2878 2070 saltem
2936 2016 3007 2070 ad
3059 2014 3487 2086 antiquitatem,
3521 2013 3664 2085 quid

2014 2118 2219 2157 omnes
2267 2102 2645 2157 ecclesiastici
2704 2103 2810 2157 viri
2870 2105 3181 2159 senserint.
3240 2104 3351 2159 Fac
3406 2103 3666 2175 aliquem

2012 2190 2394 2262 baptizatum,
2424 2190 2511 2246 vel
2545 2191 2767 2261 statim,
2812 2193 2896 2246 vel
2946 2193 3004 2247 in
3060 2192 3206 2263 ipsis
3240 2192 3448 2248 diebus
3477 2197 3666 2248 morte

2015 2281 2402 2347 subtractum,
2436 2284 2493 2335 et
2522 2281 2836 2335 concedam
2871 2280 2994 2343 tibi,
3023 2281 3175 2352 quod
3207 2280 3523 2336 concedere
3551 2296 3666 2335 non

2015 2368 2219 2435 debeo,
2252 2384 2355 2422 nec
2388 2367 2676 2439 cogitasse
2725 2367 2971 2439 aliquid,
3006 2385 3112 2424 nec
3142 2367 3427 2435 locutum,
3460 2368 3521 2423 in
3553 2383 3677 2447 quo.

2014 2473 2209 2512 errore
2238 2461 2295 2511 et
2325 2456 2657 2528 ignorantia
2710 2456 3024 2512 laberetur.
3082 2458 3233 2511 Num
3281 2457 3381 2527 [αἱ.
3416 2454 3502 2529 Et]
3534 2456 3667 2512 ideo

2015 2547 2141 2601 sine
2172 2550 2406 2617 peccato
2464 2546 2593 2609 erit,
2653 2547 2793 2617 quia
2848 2546 3144 2602 videbitur
3182 2563 3297 2601 non
3332 2561 3670 2617 superasse,

2016 2635 2116 2690 sed
2148 2634 2370 2706 fugisse
2400 2639 2725 2706 peccatum,
2751 2651 2815 2689 ac
2846 2651 2959 2690 non
2993 2636 3186 2705 potius
3213 2635 3353 2707 quia
3372 2633 3473 2689 Dei
3497 2633 3671 2689 mise-

2016 2722 2266 2779 ricordia
2296 2724 2367 2777 de
2400 2726 2771 2794 peccatorum
2803 2740 3033 2778 carcere
3072 2723 3355 2779 liberatus
3396 2721 3671 2795 migravit

2018 2812 2089 2866 ad
2120 2811 2480 2867 Dominum?
2523 2812 2639 2866 Hoc
2683 2815 2741 2866 et
2788 2829 2892 2867 nos
2941 2811 3215 2878 dicimus,
3266 2828 3440 2883 posse
3484 2815 3665 2866 Deum

2019 2901 2304 2972 quidquid
2336 2900 2613 2968 voluerit;
2650 2905 2706 2955 et
2735 2900 3033 2957 hominem
3080 2916 3182 2973 per
3227 2916 3288 2957 se
3335 2904 3392 2956 et
3433 2899 3671 2972 propria

2016 2989 2332 3056 voluntate,
2368 2989 2521 3060 quod
2556 2994 2616 3044 tu
2664 2990 2901 3055 asseris,
2948 2989 3075 3045 sine
3120 2994 3351 3061 peccato
3394 3005 3523 3045 esse
3554 3005 3671 3044 non

2018 3094 2210 3149 posse.
2244 3078 2345 3133 Sin
2395 3082 2587 3133 autem
2649 3082 2860 3149 potest,
2922 3078 3141 3134 frustra
3194 3095 3349 3133 nunc
3372 3076 3579 3149 jungis
3611 3079 3669 3133 et

2020 3202 2121 3268 ris,
2157 3206 2219 3256 ut
2247 3201 2379 3256 inde
2410 3218 2501 3256 me
2531 3201 2787 3273 appelles
2809 3202 3215 3266 Manichaaum,
3239 3202 3436 3273 ipsum
3466 3203 3665 3273 tamen

2018 3273 2125 3329 hoc
2158 3273 2450 3345 appellare
2483 3270 2828 3329 nun—audes.
2863 3296 2890 3323 »
2924 3274 3215 3328 Nimirum
3240 3270 3664 3345 e'xHieronymi

2017 3341 2212 3399 verbis
2237 3341 2407 3417 plane
2439 3350 2686 3413 constat,
2722 3361 2909 3417 neque
2950 3346 3047 3400 isti
3080 3344 3391 3417 Evangelio
3414 3341 3665 3399 auctori—

2018 3421 2197 3471 tatem
2231 3415 2303 3471 ab
2333 3415 2430 3471 illo
2462 3417 2663 3484 tribui,
2698 3415 2883 3488 neque
2906 3433 3049 3488 eum
3099 3433 3227 3472 esse
3249 3415 3395 3487 'ejns
3425 3430 3666 3488 apocry-

2020 3488 2119 3559 phi
2178 3488 2309 3541 libri
2369 3504 2630 3555 sensum,
2686 3485 2804 3543 imo
2862 3485 3311 3559 blasphemiam,
3343 3485 3665 3559 ut_aliqu_o

2060 3559 2239 3613 eccati
2272 3575 2481 3629 genere
2512 3559 2776 3613 Christus
2799 3556 3210 3625 macularetur,
3234 3558 3388 3629 quod
3418 3556 3667 3629 Joannis

2060 3577 2239 3613 eccati
2272 3577 2481 3629 genere
2512 3577 2776 3613 enristus
2799 3577 3210 3625 maeniaretur,
3234 3577 3388 3629 quon
3418 3577 3666 3612 Joannis

2020 3577 2310 3701 Eaptismo
2354 3629 2576 3701 diluere
2618 3646 2765 3700 Opus
2813 3636 2983 3685 esset.
3027 3631 3177 3685 Sane
3224 3628 3518 3701 Julianus,
3564 3626 3666 3696 qui

2021 3700 2420 3756 calumniandi
2452 3700 2645 3755 animo
2678 3702 2788 3755 ista
2820 3701 3075 3771 maligne
3119 3703 3207 3754 est
3248 3700 3668 3771 interpretatus

2022 3773 2081 3825 in
2112 3788 2177 3849 eo
2208 3770 2391 3849 etiam.
2418 3770 2657 3849 fallitur,
2693 3772 2861 3849 quod
2909 3766 3337 3827 Nazarenorum
3367 3766 3666 3849 Evangelii

2020 3843 2346 3898 versionem
2378 3840 2472 3896 hic
2502 3842 2611 3897 loci
2641 3839 2739 3897 ab‘
2776 3842 3126 3905 Hieronymo
3160 3841 3472 3897 memorari
3505 3839 3667 3905 dicit,

2023 3915 2177 3987 quod
2210 3913 2305 3987 ille
2337 3913 2515 3987 tradit
2571 3914 2629 3967 in
2676 3913 2933 3986 Catalog.
2987 3910 3044 3969 S.
3097 3917 3156 3966 Ε.
3191 3930 3317 3986 cap.
3352 3913 3423 3968 de
3452 3910 3669 3967 Jacobo

2023 3983 2201 4040 fratre
2234 3983 2486 4039 Domini.

2092 4059 2113 4089 ³
2146 4059 2207 4111 In
2242 4055 2425 4110 Vatic.
2459 4072 2569 4109 ms.
2605 4056 2807 4126 Ignatiz'
2846 4073 3056 4111 nomen
3101 4072 3218 4110 non
3266 4054 3537 4126 habetur,
3568 4052 3669 4108 sed

2023 4134 2190 4183 vacat
2219 4127 2499 4198 spatium.
2527 4127 2744 4183 Revera
2774 4144 2889 4182 non
2912 4128 2969 4183 S.
3008 4126 3269 4198 Ignatius
3294 4125 3415 4180 haec
3437 4125 3509 4179 de
3541 4140 3675 4195 apo-

2023 4199 2189 4255 stolis
2219 4196 2473 4270 scripsit,
2504 4199 2601 4270 sed
2643 4198 3009 4270 inBarnabae
3038 4196 3307 4270 epistola
3334 4197 3670 4270 occurrunt,

2024 4289 2080 4343 p.
2114 4272 2183 4325 46
2211 4287 2223 4326 ε
2257 4264 2377 4343 Ὃ·ἶέ
2406 4267 2461 4322 δὲ
2482 4268 2608 4343 τούς
2654 4266 2821 4343 ἰδίουθς
2853 4268 2985 4343 frob:
3024 4265 3335 4343 μέλλον-ταις⁸
3384 4264 3672 4343 ξηρὺσσειν

2022 4334 2084 4415 Et
2164 4338 2481 4415 edayyélmv
2546 4339 2707 4415 αρτοὖ
2769 4334 3041 4409 ἐξελέξατὸ
3101 4334 3256 4398 ὄντας
3317 4334 3670 4415 ᾅπὲρπᾶσίαν

2026 4410 2319 4487 agapetath
2351 4412 2763 4487 ἀνομωῖὲρουςε
2841 4413 3111 4487 Quoniam
3155 4410 3427 4487 ρηορτῄἰος
3463 4410 3675 4487 aposto-

2026 4481 2107 4539 [ας
2135 4481 2295 4539 suum
2324 4481 2684 4553 Evangelia":
2714 4484 3137 4555 prwdicaturos.
3159 4481 3350 4555 Elegit,
3385 4481 3479 4551 qui
3507 4494 3678 4549 supra

2026 4573 2184 4610 omne
2211 4552 2495 4627 peccatum
2523 4565 2683 4610 erant
2710 4552 3056 4627 aequissimi.
3090 4555 3204 4627 Nec
3237 4552 3520 4627 diffitetur
3538 4566 3676 4627 conf

1948 4603 1993 4667 D
2023 4632 2115 4681 tra
2144 4603 2375 4683 Cerlsum
2408 4628 2707 4696 Origenes,
2742 4603 2843 4681 lib.
2879 4644 2916 4692 1,
2951 4642 3116 4681 num.
3148 4626 3255 4679 63:
3288 4644 3317 4696 (ς
3340 4622 3557 4696 Verum
3588 4625 3679 4677 est

2026 4699 2084 4774 in
2115 4698 2393 4774 Barnabai
2426 4694 2704 4774 Epi'stola,
2740 4699 2895 4752 unde
2935 4698 3182 4752 fortasse
3225 4694 3429 4774 Celsus
3458 4695 3678 4774 hause:

2024 4770 2097 4823 rit
2154 4762 2754 4839 apostolos-infames
2812 4786 2940 4824 esse
2985 4774 3043 4823 et
3094 4766 3509 4839 nequissimos,
3560 4762 3675 4839 legi

2023 4834 2317 4911 apostolos
2348 4857 2380 4893 a
2408 4841 2547 4895 Jesu
2579 4840 2761 4895 fuisse
2787 4839 3021 4907 electos,
3054 4839 3168 4911 qui
3187 4834 3452 4911 improbi
3491 4838 3677 4911 erant,

2025 4904 2089 4987 ut
2120 4910 2267 4987 nulli
2303 4911 2510 4987 magis.
2550 4913 2742 4987 »_Qu_as
2773 4904 3337 4987 ru‘rsnmprofert‘S.
3362 4904 3676 4987 Gregorius

2025 4976 2431 5037 Nazianzenus
2466 4982 2526 5035 in
2575 4982 2890 5036 Philocalia
2932 4998 3001 5036 ex
3036 4976 3353 5035 sententiis
3413 4976 3680 5046 Origenis

2026 5071 2150 5124 cap.
2187 5054 2273 5108 48.
2310 5054 2494 5128 Igitur
2524 5054 2816 5128 memoriae
2845 5052 3090 5128 lapsum
3112 5047 3679 5128 tribuamusﬂiero-

2028 5118 2225 5197 ny'mo,
2259 5118 2367 5195 qui
2390 5125 2612 5197 Ignatio
2644 5118 3101 5197 asc_ribit,'quod_
3135 5135 3431 5197 nusquam
3462 5118 3522 5197 in
3552 5118 3685 5197 ejus

2027 5190 2293 5267 epistolis
2350 5190 2663 5250 invenitur.
2710 5195 2845 5267 Non,
2895 5190 3303 5267 improbabilis
3345 5190 3684 5267 conjectura

2028 5261 2118 5323 est
2165 5268 2355 5345 fraudi
2402 5267 2485 5321 illi
2533 5267 2715 5345 fuisse
2743 5261 3034 5345 “volumen
3078 5264 3275 5345 ipsum
3328 5261 3683 5345 scriptorum

2032 5339 2507 5410 apostolicorum,
2542 5339 2597 5392 in
2656 5337 2905 5410 quibus
2935 5333 3236 5410 Ignatiana
3266 5333 3682 5410 praecederent,

2031 5408 2310 5465 Barnabas
2343 5415 2397 5464 et
2438 5409 2752 5463 Clementis
2798 5408 3015 5479 scripta
3058 5408 3687 5479 subsequerentur,_ut

2030 5487 2130 5536 aut
2168 5486 2293 5535 tota
2323 5480 2582 5536 collectio
2614 5480 2836 5552 Ignatio
2860 5474 3135 5552 potuerit
3174 5474 3438 5547 inscribi,
3471 5480 3571 5552 aut
3596 5474 3685 5552 in-

2033 5552 2316 5623 terposita
2346 5552 2621 5606 Barnabas
2643 5547 2935 5623 vepistola,
2998 5552 3055 5605 in
3104 5568 3184 5623 eo
3244 5566 3357 5623 quo
3413 5547 3687 5623 utebatur

2034 5616 2420 5695 Hiéronymus
2467 5623 2637 5690 libro,
2683 5616 2978 5695 propriam
3024 5616 3381 5695 epigraphen
3425 5635 3541 5695 non
3581 5616 3685 5671 ha—

2033 5697 2212 5752 beret.
2254 5690 2394 5750 Vide
2439 5690 2809 5751 Menardum-
2831 5695 2891 5750 in
2923 5690 3077 5750 notis
3108 5690 3180 5750 sd
3211 5690 3340 5750 sam
3370 5690 3543 5761 epist.
