4104 6162
433 315 570 388 ’1199

1684 312 1763 384 s.
1779 313 2111 384 EUSEBII-
2133 311 2602 404 sinuosam.

447 455 726 530 gratiam.
759 458 1110 530 qua'potens
1140 471 1254 512 non
1287 454 1527 528 indiget.
1559 454 1722 519 Quod
1755 453 1802 509 si
1844 469 1958 509 non
1991 468 2092 524 po-
2120 453 2178 522 Α
2207 451 2467 524 Loquere
2510 457 2575 510 ut
2613 452 2724 523 vis,
2777 458 3188 527 argumentare
3233 457 3301 513 ut
3344 450 3507 524 libet,
3535 470 3848 530 nunquam

450 548 570 604 test
597 546 818 617 absque
849 544 948 601 Dei
977 545 1186 617 gratia,
1219 544 1394 601 stulte
1425 549 1487 599 tu
1520 543 1717 600 dixisti
1748 558 1919 614 posse
1941 543 2096 614 quod

456 653 573 692 non
621 640 832 708 potest.
884 633 1176 706 Quidquid
1238 634 1394 689 enim
1449 651 1520 689 ex
1587 631 1826 687 alterius
1885 632 2099 704 pendet

453 726 713 793 arbitrio,
747 740 860 779 non
903 725 1031 796 ejus
1075 728 1164 779 est
1206 739 1382 795 quem
1423 737 1592 794 posse
1635 721 1962 788 contendis,
1993 721 2095 777 sed

451 815 634 883 illius,
669 814 795 869 sine
825 831 940 886 quo
971 829 1104 869 eum
1137 829 1251 868 non
1281 829 1452 884 posse
1474 811 1849 883 perspicuum
1880 815 1986 866 est.

522 906 573 960 3.
612 905 766 960 Inter
793 919 904 960 esse
932 911 983 958 et
1006 918 1162 973 posse
1203 909 1469 972 quantum
1508 899 1688 956 distet.
1723 931 1788 940 —
1821 899 1878 954 C.
1911 900 2092 972 Rogo,

447 1012 578 1067 quas
625 998 714 1050 est
755 993 866 1049 ista
913 992 1187 1064 pravitas,
1234 992 1350 1046 imo
1408 991 1633 1061 absque
1684 989 1905 1046 ratione
1957 1007 2095 1046 con-

447 1082 676 1139 tentio?
733 1083 814 1137 Ne
869 1081 978 1136 hoc
1035 1080 1272 1152 quidem
1333 1078 1479 1133 mihi
1537 1079 1662 1145 das,
1721 1083 1785 1134 ut
1825 1094 2096 1150 egressus

451 1173 602 1229 784
634 1188 818 1243 aquas
869 1171 966 1242 [αι.
1016 1170 1190 1242 aqua)
1247 1168 1616 1240 baptismatis
1672 1167 1799 1224 sine
1857 1171 2093 1240 peccato

443 1261 811 1320 sit?A.Aut
864 1276 969 1332 ego
1027 1275 1266 1315 sensum
1323 1273 1519 1313 meum
1575 1257 1767 1314 verbis
1807 1256 2092 1330 explicare

444 1367 562 1410 non
593 1348 776 1416 valeo,
820 1352 941 1418 aut,
987 1365 1082 1404 me
1123 1347 1468 1420 explicante,
1515 1347 1586 1402 ad
1645 1345 2090 1418 intelligendum

440 1440 665 1497 tardior
693 1454 776 1494 es.
811 1438 868 1494 C.
916 1437 1179 1501 Quonam
1224 1436 1444 1492 modo?
1483 1436 1543 1490 A.
1589 1435 1909 1491 Recordare
1948 1434 2090 1506 quid

438 1534 498 1587 ot
527 1534 590 1585 tu
622 1527 857 1594 dixeris,
898 1531 954 1582 et
997 1542 1102 1598 ego
1147 1524 1286 1596 quid
1332 1524 1555 1595 loquar.
1601 1523 1854 1580 Posuisti
1898 1523 2089 1578 homi-

436 1635 577 1674 nem
610 1618 736 1672 sine
767 1618 1002 1688 peccato
1055 1629 1183 1670 esse
1205 1615 1244 1680 ¹,
1304 1612 1352 1668 si
1382 1612 1540 1668 velit.
1575 1611 1693 1684 Ego
1723 1611 2089 1684 impossibile

435 1706 550 1763 hoc
580 1706 639 1761 in
668 1704 902 1761 homine
931 1718 1061 1759 esse
1099 1702 1442 1774 respondeo,
1493 1717 1608 1756 non
1655 1700 1796 1772 quia
1825 1701 2025 1757 statim
2056 1718 2090 1757 a

435 1795 791 1867 baptismate
821 1793 996 1848 homo
1041 1795 1275 1863 peccato
1327 1794 1540 1857 careat,
1589 1790 1692 1846 sed
1741 1788 1887 1845 illud
1937 1793 2084 1853 tems

433 1900 548 1956 pus
591 1883 825 1955 quando
869 1882 997 1936 sine
1037 1884 1271 1951 peccato
1321 1883 1431 1945 est,
1477 1893 1851 1950 nequaquam
1894 1879 2080 1950 possi-

430 1972 646 2030 bilitati
677 1971 967 2037 humanm,
1010 1970 1111 2026 sed
1151 1969 1253 2024 Dei
1291 1967 1488 2040 gratias
1536 1968 1868 2039 deputatur.
1921 1966 2082 2024 Tolle

428 2059 614 2135 igitur
666 2076 857 2132 posse,
916 2063 973 2115 et
1026 2074 1132 2130 ego
1191 2073 1322 2113 esse
1380 2056 1718 2112 concedam.
1778 2056 2078 2120 Quomodo

428 2152 587 2206 enim
618 2153 826 2222 potest,
859 2147 960 2219 qui
991 2163 1092 2220 per
1130 2162 1192 2202 se
1231 2163 1345 2201 non
1393 2144 1624 2217 potest?
1667 2147 1782 2200 Aut
1820 2161 1946 2216 quae
1988 2148 2078 2201 est

426 2238 532 2298 illa
561 2237 962 2311 impeccantia,
995 2252 1122 2307 qua}
1153 2235 1353 2291 statim
1383 2233 1642 2306 corporis
1674 2233 1854 2305 hujus
1889 2238 2075 2290 morte

425 2328 632 2386 finitur
660 2327 723 2382 ’Ἰ
780 2328 892 2382 Aut
947 2330 1100 2381 certe
1155 2324 1206 2379 si
1268 2324 1421 2379 ultra
1465 2323 1644 2379 vitam
1705 2323 2070 2394 protraxerit,

413 2414 621 2474 ‘delicti
655 2421 712 2473 et
739 2415 1079 2488 ignorantiae
1111 2411 1369 2485 periculo
1416 2412 1683 2483 subjacet
1732 2412 1828 2478 [αἱ.
1871 2413 2070 2482 suhja-

424 2507 620 2576 cebit].
655 2505 712 2560 C.
775 2503 1084 2560 Dialectica
1135 2519 1229 2558 me
1284 2506 1407 2557 arte
1467 2499 1793 2567 concludis,
1853 2505 1911 2557 et
1954 2517 2070 2556 non

421 2595 752 2652 Christiana
785 2592 1044 2665 loqueris
1074 2590 1470 2662 simplicitate,
1504 2590 1687 2645 nodos
1719 2589 1862 2644 mihi
1892 2605 2068 2660 quos-

423 2683 560 2748 dam
620 2683 772 2738 inter
828 2697 989 2738 essse
1045 2685 1102 2735 et
1157 2695 1281 2736 esse
1335 2695 1506 2750 posse
1565 2678 1943 2733 concinnans.
2001 2679 2065 2734 A.

419 2771 617 2844 Egone
645 2770 957 2826 verborum
1001 2768 1263 2841 strophis
1321 2765 1482 2832 ludo,
1541 2783 1674 2821 cum
1725 2766 1833 2822 hoc
1864 2767 1936 2821 de
1963 2771 2068 2823 tua

416 2859 768 2934 processerit
789 2857 1070 2914 ofﬁcina?
1112 2857 1199 2912 Tu
1242 2856 1399 2912 enim
1441 2855 1609 2922 dicis,
1658 2871 1772 2910 non
1803 2871 1930 2911 esse
1961 2855 2065 2911 ho-

416 2950 637 3007 minem
670 2949 797 3006 sine
826 2951 1083 3021 peccato,
1117 2947 1218 3002 sed
1249 2962 1376 3001 esse
1399 2960 1590 3017 posse,
1613 2960 1747 2998 cum
1777 2961 1807 2999 e
1838 2948 2064 3000 contra-

414 3039 500 3097 rio
532 3055 638 3112 ego
667 3038 963 3095 tribuam3
994 3037 1148 3108 quod
1183 3035 1430 3107 negasti,
1466 3050 1594 3089 esse
1619 3032 1918 3089 hominem
1941 3033 2066 3090 sine

419 3131 655 3201 peccato
701 3144 803 3200 per
857 3125 959 3180 Dei
1009 3124 1284 3196 gratiam,
1343 3127 1401 3178 et
1449 3125 1645 3176 tamen
1686 3137 1788 3192 per
1831 3138 1892 3177 se
1947 3139 2060 3178 non

2209 540 2354 596 mihi
2384 540 2636 598 liberum
2670 543 2976 600 arbitrium
3017 545 3418 618 extorquebis,
3452 547 3620 618 quod
3669 548 3852 606 semel

2206 631 2697 701 conoessit.Deus,
2731 649 2836 689 nec
2866 633 3087 692 valebis
3115 634 3349 692 auferre
3389 636 3544 708 quod
3572 635 3853 694 mihitri-

2206 719 2334 774 buit
2361 725 2516 777 Deus
2536 721 2577 788 δ,
2609 738 2780 793 posse
2829 722 2878 778 si
2925 722 3180 780 voluero.
3233 726 3298 782 Α.
3337 723 3601 798 Exempli
3644 725 3853 798 gratia,

2206 825 2322 863 uno
2366 813 2595 866 tantum
2647 815 2884 867 utamur
2934 811 3311 870 testimonio:
3366 835 3397 863 α
3427 813 3626 872 Inveni
3678 815 3852 872 David

2204 896 2390 953 filium
2418 899 2451 954 J
2461 915 2608 967 esse,
2638 900 2829 956 virum
2877 902 3207 957 secundum
3253 917 3356 957 cor
3386 919 3605 970 meum,
3639 903 3740 974 qui
3757 904 3854 961 fa-

2204 985 2322 1042 ciat
2347 1003 2551 1044 omnes
2577 987 2905 1046 voluntates
2957 1005 3121 1048 meas
3172 991 3309 1062 (Act.
3362 1004 3489 1068 xm,
3541 993 3652 1059 :22;
3699 995 3847 1050 Ptol.

2204 1092 2476 1144 Lxxxvm,
2507 1078 2620 1147 2i).
2656 1099 2683 1127 »
2716 1079 2895 1135 David
2949 1083 3217 1136 sanctum
3265 1096 3396 1140 esse
3445 1097 3563 1138 non
3599 1081 3849 1140 dubium

2199 1168 2310 1232 est,
2342 1169 2398 1220 et
2423 1169 2617 1222 tamen
2649 1168 2751 1239 qui
2780 1167 2999 1224 electus
3030 1173 3139 1235 est,
3173 1174 3238 1226 ut
3265 1185 3470 1226 omnes
3499 1171 3599 1227 Dei
3638 1170 3850 1230 volun-

2201 1255 2348 1310 tates
2385 1255 2616 1324 .faceret,
2651 1257 2850 1328 aliqua
2877 1257 3086 1314 fecisse
3131 1257 3598 1330 reprehenditur.
3631 1259 3849 1333 Utique

2200 1342 2478 1414 possibile
2507 1349 2630 1402 erat
2659 1346 2710 1400 ei
2740 1346 2952 1413 facere,
2983 1346 3087 1419 qui
3117 1347 3187 1404 ad
3229 1347 3343 1404 hoc
3387 1346 3610 1414 electus
3638 1353 3752 1417 est,
3780 1355 3848 1409 nt

2199 1447 2403 1488 omnes
2436 1432 2533 1488 Dei
2556 1433 2886 1491 voluntates
2932 1434 3164 1492 faceret.
3215 1435 3330 1493 Nec
3377 1435 3534 1494 Deus
3581 1437 3644 1493 in
3675 1439 3844 1512 culpa

2198 1523 2305 1588 est,
2339 1522 2436 1592 qui
2470 1522 2736 1594 prmdixit
2763 1540 2898 1586 eum
2959 1528 3203 1582 cunctas
3253 1537 3500 1596 suorum
3530 1532 3842 1601 pracepto-

2198 1625 2332 1665 rum
2364 1611 2550 1666 facere
2591 1613 2938 1680 voluntates,
2972 1615 3073 1672 sed
3131 1613 3216 1668 illi
3273 1613 3374 1686 qui
3422 1615 3704 1688 praedicta
3725 1634 3841 1675 non

2193 1697 2352 1753 fecit.
2402 1700 2600 1772 Neque
2642 1701 2800 1757 enim
2850 1701 3017 1773 dixit,
3071 1701 3363 1762 invenisse
3407 1720 3473 1760 se
3511 1704 3707 1762 virum
3735 1705 3842 1778 qui

2196 1792 2438 1844 cunctas
2467 1789 2528 1846 in
2558 1794 2904 1862 perpetuum
2935 1808 3052 1852 sua:
3077 1791 3366 1864 jussionis
3393 1793 3614 1852 facemt
3641 1794 3842 1852 volun-

2187 1879 2362 1944 tates,
2395 1879 2496 1934 sed
2527 1878 2629 1950 qui
2659 1882 2888 1936 tantum
2920 1884 3164 1938 cunctas
3195 1881 3413 1939 faceret
3448 1881 3783 1943 voluntams
3800 1885 3840 1940 ⁵.

2187 1963 2305 2020 Hoc
2334 1971 2396 2023 et
2421 1983 2530 2024 nos
2559 1968 2837 2036 dicimus,
2870 1985 3041 2041 posse
3070 1969 3371 2028 hominem
3415 1986 3530 2027 non
3568 1987 3843 2044 peccare,

2189 2054 2239 2110 si
2270 2054 2426 2123 velit,
2457 2073 2561 2128 pro
2608 2061 2888 2130 tempore,
2946 2075 3050 2130 pro
3095 2057 3247 2126 loco,
3298 2075 3404 2131 pro
3439 2059 3843 2120 imbecillitate

2186 2161 2482 2216 corporea,
2514 2146 2799 2217 quamdiu
2830 2147 3092 2204 intentus
3129 2150 3221 2206 est
3267 2147 3523 2215 animus,
3555 2150 3838 2220 quamdiu

2184 2233 2404 2290 chorda
2433 2233 2592 2291 nullo
2621 2235 2762 2291 vitio
2793 2234 3023 2294 laxatur
3051 2236 3112 2291 in
3144 2235 3386 2294 cithara.
3412 2237 3576 2303 Quod
3609 2237 3663 2295 si
3693 2256 3839 2312 pau-

2182 2321 2467 2378 lulum'se
2497 2323 2791 2379 remiserit
2811 2326 2851 2390 θ,
2882 2325 3175 2396 quomodo
3199 2324 3298 2396 qui
3320 2325 3568 2382 advenio
3585 2326 3834 2386 ﬂumine

2179 2409 2437 2468 lembum
2457 2411 2656 2476 trahit,
2679 2412 2731 2468 si
2753 2411 3045 2474 remiserit
3061 2429 3291 2480 manus,
3309 2413 3510 2471 statim
3528 2415 3827 2475 mtrnlabi-

2178 2504 2294 2567 tur,
2323 2504 2380 2556 et
2411 2501 2730 2557 ﬂuentibus
2757 2502 2949 2573 aquis,
2983 2517 3096 2574 quo
3127 2519 3243 2560 non
3279 2501 3405 2560 vult
3433 2503 3713 2570 ducitur;
3733 2505 3827 2562 sic

2179 2587 2441 2644 humana
2467 2589 2745 2660 conditio,
2777 2590 2827 2646 si
2853 2589 3160 2662 paululum
3192 2607 3255 2647 se
3297 2591 3612 2660 remiserit,
3650 2591 3827 2651 d'neit

2176 2677 2549 2750 fragilitatem
2582 2696 2772 2748 suam,
2807 2684 2864 2736 et
2893 2679 3080 2736 multa
3116 2695 3178 2738 se
3226 2696 3342 2737 non
3389 2697 3564 2752 posse
3593 2697 3825 2754 nosno-

2177 2765 2303 2822 scit.
2339 2767 2591 2824 Putasne
2640 2767 2971 2840 apostolum
3007 2767 3254 2824 Paulum
3300 2784 3368 2824 eo
3413 2772 3823 2844 temporqu

2175 2854 2485 2924 scribebat,
2523 2878 2550 2906 «
2582 2859 2916 2923 Lacernam,
2945 2859 3058 2913 sive
3078 2856 3376 2929 penulam,
3406 2874 3584 2930 quam
3605 2858 3824 2933 reliqui

2174 2944 2392 3000 Troade
2422 2946 2578 3017 apud
2608 2947 2884 3018 Carpum,
2936 2945 3173 3004 veniens
3220 2947 3384 3016 afl‘er,
3433 2962 3502 3006 ac
3530 2945 3739 3017 libros,
3769 2954 3828 3006 et

2174 3033 2428 3091 maxime
2458 3036 2832 3092 membranas
2861 3037 2932 3105 (Il
2955 3036 3084 3093 Tim.
3110 3053 3183 3102 IV,
3219 3036 3329 3107 13),
3360 3057 3389 3088 η
3421 3035 3826 3097 de-cmleatius

2175 3122 2463 3196 cogitasse
2494 3124 2808 3197 mysteriis,
2841 3129 2898 3180 et
2926 3141 3041 3181 non
3075 3125 3147 3186 de
3170 3124 3262 3179 his
3285 3141 3412 3198 qum
3437 3124 3497 3179 in
3523 3141 3638 3182 usu
3661 3143 3823 3186 com-

419 3195 613 3286 posse.
653 3195 718 3268 Ci
743 3214 984 3268 Frustra
1022 3195 1160 3283 ergo
1196 3215 1412 3266 dantur
1439 3213 1742 3282 praecepta,
1772 3209 1820 3264 si
1852 3226 1920 3265 ea
1950 3209 2061 3265 im-
2093 3195 2136 3263 C
2175 3195 2372 3267 munis
2407 3211 2537 3267 vitae
2562 3195 2679 3268 Vvel
2735 3213 2995 3286 corporis
3047 3195 3380 3270 necessari:
3432 3214 3618 3272 sunt?
3671 3217 3821 3275 18.6

419 3301 578 3376 plere
618 3318 733 3357 non
775 3317 1112 3372 possumus.
1148 3300 1381 3355 A.Deus
1415 3297 1720 3371 possibilia
1743 3299 2060 3364 mandavit,

416 3391 529 3447 hoc
557 3389 703 3446 nulli
734 3389 979 3446 dubium
1012 3393 1118 3444 est.
1147 3388 1253 3443 Sed
1285 3387 1424 3460 quia
1453 3387 1720 3443 homines
1760 3387 2065 3459 possibilia

416 3495 530 3536 non
566 3480 806 3544 faciunt,
840 3477 1055 3533 idcirco
1111 3476 1302 3533 omnis
1352 3477 1609 3532 mundus
1658 3476 1934 3532 subditus
1974 3483 2063 3532 est

412 3567 552 3638 Deo,
585 3573 642 3624 et
667 3567 891 3640 indiget
921 3565 1323 3622 misericordia
1365 3567 1513 3638 ejus.
1559 3567 1673 3620 Aut
1702 3569 1854 3620 certe
1884 3565 1933 3621 si
1965 3583 2057 3623 os-

410 3658 649 3716 tendere
687 3658 967 3729 potueris,
1012 3656 1110 3728 qui
1159 3655 1429 3712 universa
1479 3652 1874 3726 compleverit,
1920 3659 2057 3711 tunc

407 3747 626 3820 poteris
665 3748 1065 3802 demonstrare
1103 3761 1230 3801 esse
1276 3743 1576 3799 hominem
1621 3743 1718 3813 qui
1753 3760 1867 3798 non
1910 3743 2058 3798 indi-

405 3841 505 3908 get
533 3835 935 3892 misericordia
965 3834 1086 3890 Dei.
1123 3834 1307 3889 Omne
1337 3834 1492 3888 enim
1526 3833 1679 3903 quod
1713 3831 1838 3887 ﬁeri
1866 3837 2057 3904 potest

401 3923 595 3978 tribus
626 3928 852 3978 constat
881 3923 1264 3994 temporibus,
1299 3925 1399 3975 aut
1431 3921 1741 3992 praeterito,
1787 3929 1886 3976 aut
1915 3939 2054 3995 prm-

407 4011 582 4075 senti,
619 4012 768 4070 785
817 4019 916 4068 aut
959 4012 1176 4066 futuro.
1230 4011 1346 4065 Hoc
1402 4011 1556 4081 quod
1606 4008 1844 4079 asseris,
1880 4027 2051 4081 posse

399 4099 695 4156 hominem
743 4101 868 4156 sine
915 4104 1148 4171 peccato
1201 4115 1328 4154 esse
1375 4099 1423 4153 si
1479 4096 1636 4164 velit,
1659 4103 1920 4154 monstra
1963 4100 2050 4155 fa-

400 4192 560 4244 ctum
592 4206 720 4246 esse
748 4189 820 4245 de
868 4189 1179 4262 praeterito,
1223 4192 1325 4243 aut
1365 4191 1521 4243 certe
1565 4203 1722 4241 nunc
1769 4186 1892 4242 ﬁeri
1928 4206 1940 4244 :
1975 4189 2046 4243 de

396 4278 594 4334 futuro
639 4283 840 4350 postea
888 4278 1236 4333 videbimus.
1295 4276 1458 4340 Quod
1508 4274 1557 4332 si
1603 4274 1832 4331 nullum
1881 4281 2046 4348 potes

393 4367 721 4435 ostendere,
754 4367 855 4439 qui
887 4367 1013 4424 sine
1052 4367 1213 4422 omni
1257 4364 1494 4420 omnino
1539 4368 1773 4435 peccato
1813 4355 1916 4419 aut
1944 4365 2039 4434 sit,

391 4458 494 4510 aut
524 4455 716 4521 fuerit,
751 4459 950 4520 restat,
989 4459 1056 4510 ut
1100 4455 1170 4510 de
1223 4455 1416 4508 futuro
1458 4457 1688 4507 tantum
1721 4451 2041 4524 disputatio

2174 3299 2258 3355 Da
2285 3300 2432 3356 mihi
2462 3300 2761 3358 hominem
2791 3303 2891 3373 qui
2922 3318 3037 3358 non
3067 3302 3310 3369 esuriat,
3352 3317 3469 3360 non
3497 3303 3686 3374 sitiat,
3711 3322 3820 3363 ne.-

2173 3404 2286 3453 que
2313 3389 2520 3462 algeat,
2554 3406 2670 3446 non
2703 3390 2915 3458 doleat,
2950 3407 3064 3446 non
3115 3391 3423 3458 febricitet,
3457 3407 3574 3447 non
3606 3395 3819 3451 tormi-

2170 3478 2343 3535 nibus
2372 3484 2430 3534 et
2460 3479 2639 3534 urina:
2678 3478 3122 3536 difﬁcultatibus
3167 3482 3551 3553 torqueatur;
3597 3485 3656 3538 et
3711 3500 3815 3558 ego

2167 3566 2270 3624 tibi
2307 3569 2643 3636 concedam,
2672 3584 2841 3640 posse
2871 3567 3166 3624 hominem
3200 3567 3346 3623 nihil
3398 3569 3514 3626 nisi
3540 3571 3560 3604 ⁷
3591 3571 3669 3638 de
3698 3573 3817 3628 vir-

2164 3657 2393 3713 tutibus
2438 3657 2710 3729 cogitare.
2775 3657 3028 3714 Caeditur
3076 3656 3394 3730 Apostolus
3442 3675 3478 3716 a
3539 3659 3815 3718 ministro

2164 3746 2298 3817 (Act.
2331 3763 2490 3812 χχιιι,
2521 3747 2597 3816 2),
2630 3750 2689 3801 et
2717 3750 2918 3801 contra
2946 3745 3284 3802 Pontificem
3317 3747 3417 3818 qui
3447 3748 3670 3804 candere
3701 3749 3815 3806 im-

2163 3839 2482 3906 peraverat,
2510 3834 2857 3890 sententiam
2887 3833 3089 3906 dirigit
3116 3851 3128 3890 :
3168 3857 3188 3882 ι
3226 3834 3509 3892 Percutiet
3545 3840 3604 3891 te
3627 3836 3814 3906 Deus,

2161 3924 2351 3994 paries
2382 3923 2646 3980 dealbate
2671 3923 2828 3995 (Ibid.
2859 3923 2939 3993 3).
2967 3945 2994 3972 »
3017 3923 3126 3978 Ubi
3148 3927 3236 3978 est
3260 3922 3364 3978 illa
3384 3923 3665 3998 patientia
3684 3926 3816 3984 Sal-

2157 4013 2394 4078 vatoris,
2427 4012 2526 4084 qui
2560 4011 2728 4084 quasi
2757 4027 2948 4083 agnus
2977 4012 3190 4068 ductus
3221 4012 3294 4068 ad
3324 4011 3650 4078 victimam,
3687 4029 3838 4084 non,

2157 4101 2384 4172 aperuit
2411 4117 2475 4156 os
2507 4116 2679 4155 suum
2712 4100 2838 4171 (Isa.
2875 4116 2991 4166 Lm,
3021 4101 3100 4172 7).
3133 4101 3234 4156 sed
3267 4099 3584 4156 clementer
3613 4100 3809 4175 loqui-

2155 4193 2252 4243 tur
2279 4188 2640 4243 verberanti:
2695 4207 2716 4233 ε
2749 4188 2804 4242 Si
2847 4186 3000 4244 male
3041 4187 3272 4244 locutus
3311 4197 3474 4258 sum,
3521 4205 3705 4262 argue
3733 4191 3806 4248 de

2155 4275 2306 4332 malo
2333 4295 2344 4331 :
2374 4275 2424 4332 si
2454 4280 2649 4330 autem
2683 4277 2848 4346 bene,
2887 4276 3029 4349 quid
3078 4293 3171 4334 me
3225 4278 3401 4336 caedis
3429 4279 3608 4348 (Ioan.
3632 4295 3802 4349 πίνω,

2150 4366 2241 4437 27)
2266 4368 2289 4420 P
2317 4387 2345 4414 ››
2378 4365 2502 4419 Non
2532 4363 2806 4436 Apostolo
2838 4363 3224 4432 detrahimus,
3257 4367 3353 4422 sed
3402 4365 3655 4439 gloriam
3685 4369 3804 4432 Dp-

2151 4453 2295 4508 mini
2323 4453 2726 4526 praedicamus,
2759 4453 2860 4524 qui
2891 4453 2951 4508 in
2983 4471 3155 4511 carne
3205 4471 3439 4526 passus,
3482 4457 3682 4512 carnis
3711 4457 3803 4513 in-

389 4542 485 4598 sit.
521 4543 759 4598 Interim
793 4542 852 4597 in
885 4544 1116 4598 duobus
1136 4542 1520 4614 temporibus,
1547 4541 1833 4613 praeterito
1865 4548 2040 4616 atque
2067 4560 2116 4626 D
2147 4543 2362 4613 iuriam
2395 4546 2632 4614 superat
2680 4546 2738 4597 et
2785 4541 3198 4615 fragilitatem;
3256 4547 3322 4599 ut
3369 4548 3596 4601 taceam
3626 4545 3797 4614 illud,

386 4631 875 4704 praesenti,victus
891 4631 1125 4687 teneris.
1146 4629 1204 4686 Si
1225 4631 1439 4702 aliquis
1453 4630 1839 4702 fueritpostea
1852 4634 2039 4705 major

2147 4632 2302 4704 quod
2368 4635 2824 4687 commemorat:
2874 4655 2901 4681 ‹‹
2960 4631 3286 4689 Alexander
3340 4634 3584 4691 aerarius
3611 4636 3799 4698 multa

384 4720 758 4794 patriarchis.
791 4720 1112 4792 prophetis,
1137 4718 1440 4792 apostolis,
1462 4719 1562 4791 qui
1585 4724 1820 4792 peccato
1839 4727 2034 4776 careat
2143 4720 2286 4776 mihi
2317 4720 2471 4776 mala
2499 4720 2790 4788 ostendit;
2823 4721 3028 4777 reddet
3057 4721 3142 4778 illi
3173 4722 3458 4780 Dominus
3485 4723 3545 4779 in
3567 4721 3672 4782 illa
3697 4723 3801 4788 die

380 4816 522 4868 tunc
555 4810 772 4866 futuris
828 4809 899 4865 de
957 4809 1172 4875 futuro,
1227 4809 1277 4863 si
1335 4808 1610 4880 potueris,
1657 4811 2027 4880 persuadeto.

452 4901 503 4954 4.
538 4901 698 4956 Posse
729 4899 1006 4955 hominem
1029 4913 1131 4970 pro
1161 4902 1398 4969 tempore
1422 4913 1531 4952 non
1571 4913 1815 4968 peccare.
1869 4929 1935 4939 —
1969 4899 2025 4954 C.

453 5024 740 5091 ‘Victor.,
772 5026 1034 5089 Posuisti,
1089 5039 1242 5095 posse
1297 5023 1574 5078 hominem
1627 5024 2026 5095 sineupeccato,

377 5098 487 5172 etc.
518 5093 1248 5176 aquibus-verbumposse
1289 5111 1322 5149 a
1369 5110 1445 5176 se
1478 5093 1924 5176 superadditum
1959 5110 2026 5150 ex

2132 4810 2334 4881 justus
2356 4810 2540 4880 judex
2570 4809 2650 4877 (11
2679 4810 2812 4864 Tim.
2849 4827 2927 4876 1v,
2961 4808 3074 4881 14).
3109 4833 3138 4859 ››

2208 4900 2263 4953 5.
2297 4901 2410 4955 Nec
2436 4906 2514 4955 est
2542 4897 2830 4970 culpanda
2859 4899 3130 4966 Creatoris
3158 4899 3424 4957 conditio.
3445 4931 3509 4942 —
3541 4900 3599 4956 C.
3621 4899 3795 4978 Cogis

2135 5039 2252 5080 esse
2283 5023 2544 5095 reposuit
2571 5040 2602 5078 e
2634 5039 2777 5078 mss.

2205 5097 2227 5130 ι
2255 5095 2468 5168 Vocem
2497 5097 2638 5151 Deus
2671 5099 2868 5167 utpote
2916 5095 3274 5168 superfluam
3325 5096 3463 5153 hinc
3493 5095 3794 5154 Victorius

376 5162 515 5240 ipsa
534 5162 825 5240 G‘ritobuli
847 5162 1240 5240 propositione
1287 5162 1578 5240 constare:
1599 5165 1681 5220 ait
1700 5183 1719 5240 ;_
1752 5168 2023 5240 atqueex
2135 5166 2374 5240 amovit.

376 5231 470 5288 his
502 5233 652 5290 infra
685 5255 696 5290 :
733 5260 758 5284 ‹‹
785 5231 869 5292 'I‘u
899 5231 1054 5294 enim
1086 5239 1232 5294 diois
1264 5255 1377 5292 non
1410 5253 1538 5292 esse
1565 5231 1862 5291 hominem
1895 5237 2023 5292 sine

2203 5239 2217 5272 ¹
2253 5238 2456 5304 Verba,
2485 5237 2576 5293 sed
2622 5239 2719 5318 qui
2764 5241 2981 5320 tantum
3025 5247 3247 5294 cunctas
3293 5240 3496 5320 faceret
3527 5238 3791 5320 uolunta-

372 5309 631 5381 peccato,
660 5307 761 5381 sed
789 5324 921 5364 esse
951 5327 1139 5381 posse.
1176 5333 1203 5358 ››
1236 5311 1304 5365 Et
1335 5309 1508 5381 paulo
1542 5307 1818 5364 inferius:
1848 5330 1875 5357 «
1906 5307 2022 5364 Hoc
2129 5313 2225 5381 les,
2271 5326 2393 5381 qua:
2451 5307 2650 5381 sensui
2707 5308 2987 5381 explendo
3049 5307 3384 5366 necessaria
3437 5310 3564 5376 visa
3617 5311 3788 5378 sunt,

372 5374 529 5456 quod
561 5377 787 5456 asseris
802 5374 976 5456 posse
1009 5381 1306 5435 hominem
1335 5374 1476 5456 isine
1522 5385 1755 5450 peccato
1786 5395 1935 5446 esse,
1969 5381 2016 5435 si
2128 5374 2411 5456 hactenus
2440 5397 2572 5456 vero
2605 5380 2663 5456 in
2692 5374 2861 5436 editis
2889 5381 3147 5449 deerant,
3187 5374 3535 5438 suﬁ‘ecimus
3559 5383 3643 5456 ex
3672 5374 3788 5439 Va;

371 5444 529 5502 velit.
568 5467 588 5492 »ι
625 5449 733 5500 etc.
767 5444 905 5502 Mss.
940 5456 1131 5506 autem
1167 5452 1348 5507 nostri
1383 5444 1575 5506 silen't.

439 5519 461 5593 ξ
493 5518 554 5572 In
587 5531 653 5570 eo
683 5517 904 5573 scilicet
933 5523 1034 5593 qui
1067 5524 1266 5593 statim
1297 5541 1331 5577 a
1363 5523 1652 5593 baptismo
1678 5522 1940 5578 moritur.

437 5589 627 5664 3_Ms_s.
670 5603 804 5644 eum
846 5589 1018 5664 veteri
1072 5592 1345 5664 editione,
1391 5589 1515 5648 cum
1545 5610 1572 5649 e
1600 5597 1880 5650 contrario
1917 5609 2014 5664 ego

2126 5451 2166 5504 ti
2175 5468 2318 5506 cano
2350 5450 2684 5519 exemplari.

2195 5524 2216 5555 ³
2247 5523 2412 5593 Mss.,
2447 5522 2596 5588 Quod
2632 5524 2684 5578 si
2711 5524 3002 5593 paululum
3031 5526 3323 5593 remiserit,
3356 5525 3581 5593 absque
3609 5541 3692 5582 se.

2193 5592 2480 5680 V‘y'ie‘torz,
2539 5594 2684 5680 nihil
2713 5592 2895 5680 aliud
2966 5596 3102 5678 nisi,
3155 5601 3308 5680 .etc.,
3357 5612 3428 5652 ex
3479 5592 3782 5680 Brixianis

365 5661 469 5746 tibi
497 5661 761 5730 tribuam,
785 5666 894 5719 etc.
927 5661 1226 5720 Consentit
1261 5664 1580 5746 Victorius,
1613 5665 1717 5746 qui
1754 5669 1810 5720 et
1837 5661 2011 5746 paulo
2120 5663 2288 5722 codd.
2323 5664 2500 5725 Paulo
2532 5669 2666 5739 post
2697 5665 2901 5736 nostri,
2934 5668 3030 5740 qui
3058 5661 3258 5728 cladem
3284 5661 3670 5746 imperaverit.

362 5731 518 5795 infra
553 5749 654 5809 per
709 5749 768 5796 se
816 5749 929 5797 esse
982 5749 1094 5793 non
1145 5749 1298 5808 posse
1355 5731 1648 5807 scripsitg‘
1670 5738 1727 5795 et
1769 5731 2010 5798 verbum
