4082 6168
1174 317 1567 387 DIALOGUS
1610 315 1929 387 CON‘I‘RA
1968 314 2493 388 PELAGIANOSI
2511 322 2591 372 =-
2617 321 2775 388 LIB.‘
2813 322 2922 388 lII.

314 474 431 528 me,
465 452 762 531 utloquar
790 456 946 529 quod
971 457 1099 532 jam
1130 457 1354 519 dudum
1399 458 1610 530 gestio,
1654 462 1711 513 et
1766 462 1964 514 tamen
1994 457 2051 525 Α
2078 458 2139 513 Α.
2172 458 2541 515 Voluntatem
2564 463 2847 527 nostram,
2876 459 3025 532 [quae
3074 458 3285 516 obtulit
3338 476 3510 518 omne
3569 462 3723 535 quod

312 548 691 622 erumpentia
717 547 896 609 verba
919 563 1036 605 non
1068 563 1291 619 promo.
1323 547 1532 612 A.Quis
1562 547 1717 603 enim
1751 552 1807 603 te
1832 564 1962 619 pro-

313 639 498 711 hibet,
530 637 689 709 quod
722 636 903 693 sentis
927 635 1119 693 dicere
1137 638 1165 690 ‘?
1194 641 1313 693 Aut
1342 637 1501 693 enim
1532 638 1689 709 quod
1701 636 1966 695 dicturus

315 747 402 799 es,
429 728 654 785 bonum
685 729 798 793 est,
826 729 890 783 et
909 742 1018 783 nos
1048 726 1201 782 bono
1223 726 1492 791 fraudare
1510 743 1626 787 non
1659 728 1966 795 debes,aut

317 817 573 889 malum,
604 820 660 873 et
681 814 895 871 idcirco
927 831 1043 875 non
1093 814 1277 871 nostri
1319 815 1529 887 gratia,
1582 816 1683 872 sed
1744 817 1967 888 pudore

323 905 565 973 siluisti.
598 905 662 965 Ο.
694 904 916 971 Dicam,
950 903 1150 960 dicam
1172 903 1488 976 aliquando
1548 905 1703 976 quod
1755 906 1963 961 sentio.

328 995 531 1052 Omnis
557 992 876 1065 disputatio
907 996 1011 1050 tua
1033 992 1173 1049 illuc
1200 992 1510 1061 delabitur,
1572 998 1637 1049 ut
1694 998 1967 1050 naturam

330 1099 579 1150 accuses,
600 1087 660 1139 et
680 1082 923 1154 culpam
979 1083 1200 1139 referas
1256 1082 1328 1138 ad
1368 1082 1574 1152 Deum,
1637 1083 1738 1156 qui
1787 1084 1966 1139 talem

324 1172 623 1233 luminem
654 1170 938 1228 condidit.
971 1173 1034 1228 Α.
1067 1172 1185 1229 Hoc
1214 1171 1356 1227 illud
1370 1176 1495 1228 erat
1523 1173 1675 1243 quod
1709 1172 1965 1241 volebas,

313 1264 372 1321 et
400 1259 647 1321 nolebas
677 1260 869 1321 dicere
890 1259 917 1314 ‘?
947 1260 1065 1328 dic,
1096 1260 1217 1328 dic,
1247 1277 1465 1331 quaso,
1497 1266 1564 1318 ut
1617 1278 1823 1319 omnes
1868 1266 1970 1317 tua

314 1351 592 1417 fruantur
620 1346 953 1420 prudentia.
990 1347 1387 1419 Reprehendis
1417 1349 1623 1417 Deum,
1657 1367 1836 1420 quare
1865 1350 1968 1406 ho-

313 1439 541 1501 minem
573 1436 779 1493 fecerit
806 1436 1106 1497 hominem
1126 1436 1154 1491 ‘I
1185 1436 1612 1509 reprehendant
1658 1445 1717 1495 et
1756 1438 1968 1512 angeli,

315 1544 421 1593 cur
439 1525 639 1599 angeli
664 1525 808 1591 sint.
834 1524 1049 1581 Omnis
1080 1530 1350 1582 creatura
1377 1532 1671 1594 causetur,
1704 1544 1884 1599 quare
1912 1527 1971 1584 id

313 1616 392 1674 sit
416 1615 580 1688 quod
610 1615 850 1675 condita
869 1618 980 1681 est,
1013 1618 1071 1670 et
1099 1631 1216 1671 non
1249 1614 1307 1670 id
1340 1616 1494 1686 quod
1538 1618 1736 1673 condit
1762 1616 1969 1690 potuit.

313 1705 553 1771 scilicet
582 1720 742 1761 nunc
770 1703 921 1768 mibi
952 1703 1279 1775 puerilibus
1312 1703 1972 1776 declamatiunculiszlu-

310 1794 579 1850 dendum
611 1797 722 1857 est,
754 1791 1075 1847 etaculice
1129 1796 1305 1863 atque
1357 1792 1599 1850 formica
1656 1811 1844 1867 usque
1900 1794 1973 1853 ad

310 1881 632 1947 Cherubim
663 1884 720 1936 et
750 1880 1059 1952 Seraphim
1089 1879 1343 1947 veniam,
1376 1898 1481 1941 cur
1514 1898 1628 1939 non
1659 1882 1892 1955 singula
1912 1883 1972 1939 in

316 1969 551 2031 meliori
582 1972 739 2035 statu
761 1968 997 2025 condita
1027 1968 1448 2041 sint.Cumque
1479 1972 1550 2027 ad
1583 1971 1838 2030 excelsas
1874 1989 1974 2029 ve-

323 2075 465 2125 nero
485 2058 832 2124 Potestates,
865 2058 1153 2121 causabor
1201 2062 1260 2113 et
1308 2058 1523 2127 dicam,
1582 2076 1764 2132 quare
1819 2063 1975 2119 Deus

330 2146 500 2215 solus
526 2150 754 2213 tantum
780 2146 937 2211 Deus
964 2146 1064 2215 sit,
1099 2150 1155 2202 et
1185 2162 1300 2207 non
1332 2148 1531 2205 omnia
1559 2150 1700 2207 deos
1755 2151 1972 2208 fecerit.

324 2238 444 2293 Ant
470 2234 623 2303 enim
654 2234 1151 2307 impossibilitatis
1175 2236 1347 2305 juxta
1391 2241 1447 2292 te
1496 2239 1536 2304 ³,
1588 2243 1691 2294 aut
1746 2239 1976 2295 invidiae

322 2340 462 2382 reus
490 2323 623 2381 erit.
659 2323 1039 2395 Reprehende
1079 2339 1237 2389 eum,
1277 2340 1382 2380 cur
1436 2329 1493 2380 et
1547 2325 1847 2383 diabolum
1917 2327 1976 2381 in

326 2414 440 2481 hoc
466 2412 698 2481 mundo
723 2428 851 2469 esse
880 2412 1179 2479 concedat,
1202 2416 1261 2467 et
1302 2414 1465 2470 aufer
1512 2430 1812 2481 coronam,
1844 2432 1978 2474 cum

328 2505 628 2573 W611
658 2498 995 2569 abstuleris.
1029 2498 1087 2555 ϐ.
1121 2499 1245 2557 Non
1265 2516 1397 2561 sum
1434 2500 1578 2560 787
1614 2507 1733 2561 tam
1756 2518 1977 2570 vecors,

328 2594 398 2649 ut
425 2606 664 2661 Ηυθτδιῖ,
696 2605 803 2655 cur
832 2586 1101 2655 diabolus
1132 2588 1227 2658 Sit,
1260 2590 1430 2659 cujus
1455 2589 1674 2647 invidia
1703 2608 1861 2651 mors
1890 2592 1979 2649 in-

327 2678 527 2755 troivit
554 2677 628 2749 [in
682 2677 884 2739 orbem
943 2682 1269 2734 terrarum:
1326 2678 1427 2737 sed
1488 2678 1592 2737 hoc
1649 2679 1834 2747 doleo,
1878 2696 1984 2737 cur

325 2770 437 2835 uiri
468 2766 874 2838 ecclesiastici,
908 2772 965 2833 et
984 2767 1086 2839 qui
1120 2766 1537 2840 magistrorum
1561 2768 1673 2825 sibi
1694 2772 1983 2841 usurpant

328 2856 708 2933 vocabulum,
730 2854 942 2923 tollant
959 2855 1211 2919 liberum
1233 2855 1540 2918 arbitrium
1575 2874 1585 2911 :
1613 2874 1727 2929 quo
1752 2856 1983 2917 sublato

328 2944 791 3019 Manichaorum
818 2948 973 3009 secta
1011 2945 1393 3003 construitur.
1426 2946 1487 3001 Α.
1512 2945 1702 3018 Egone
1731 2946 1982 3005 liberum

325 3034 470 3105 tollo
498 3033 837 3101 arbitrium,
867 3034 967 3105 qui
999 3033 1060 3089 in
1090 3037 1214 3089 tota
1242 3033 1641 3105 disputatione
1674 3052 1805 3092 mea
1829 3034 1975 3091 nihil

328 3123 489 3193 aliud
520 3123 637 3195 egi,
670 3122 784 3181 nisi
817 3125 881 3189 ut
911 3122 1396 3194 omnipotentiam
1459 3124 1555 3180 Dei
1615 3141 1749 3181 cum
1800 3126 1981 3181 libero

329 3210 573 3275 arbitrio
602 3209 1125 3277 conservaremi’t'.
1159 3212 1459 3274 Quomodo
1493 3227 1689 3269 servas
1729 3213 1979 3270 liberum

330 3298 641 3373 arbitrum,
672 3297 775 3370 qui
806 3297 949 3363 dicis
1007 3298 1309 3357 hominem
1367 3300 1513 3357 nihil
1570 3318 1744 3373 posse
1790 3303 1979 3361 facere

335 3387 449 3457 nisi
480 3387 633 3447 Deus
665 3403 899 3459 semper
927 3388 1259 3458 adjuverit?
1294 3396 1365 3445 Α.
1400 3389 1459 3446 Si
1481 3389 1540 3444 in
1568 3390 1741 3464 culpa
1758 3392 1977 3464 est,qui

547 3474 784 3543 arbitrio
827 3476 1030 3549 jungit
1086 3477 1183 3532 Dei
1235 3478 1633 3548 adiutorium:
1695 3496 1831 3552 ergo
1881 3480 1977 3537 ille

333 3562 631 3633 laudetur,
662 3563 757 3634 qui
788 3563 889 3621 Dei
920 3563 1071 3633 tollit
1099 3564 1403 3622 auxilium.
1441 3568 1504 3623 Ο.
1538 3571 1665 3624 Non
1696 3567 1834 3625 tollo
1880 3568 1976 3625 Dei

342 3648 655 3719 auxilium,
706 3652 915 3724 quippe
967 3668 1070 3724 per
1127 3654 1297 3724 cujus
1352 3654 1600 3726 gratiam
1658 3673 1976 3728 possumus

336 3754 519 3801 amne
549 3739 696 3812 quod
723 3757 1039 3813 possumus
1068 3760 1081 3809 ;
1116 3743 1216 3799 sed
1246 3746 1563 3815 utrumque
1592 3746 1717 3801 suis
1757 3747 1976 3804 ﬁnibus

330 3825 752 3903 terminamus:
777 3833 841 3885 ut
869 3834 927 3887 et
953 3829 1054 3889 Dei
1086 3830 1163 3886 sit
1190 3831 1391 3901 gratia:
1421 3834 1577 3903 quod
1611 3834 1770 3891 dedit
1808 3833 1976 3892 liberi

326 3914 577 3988 arbitrii.
594 3920 966 3988 potestatem,
1018 3922 1078 3974 et
1128 3923 1340 3977 nostrae
1399 3919 1737 3990 voluntatis,
1790 3923 1978 3983 facere

260 4014 265 4019 ‘
325 4002 491 4087 quid,
523 4002 761 4075 velinon
818 4005 1041 4063 facere:
1084 4010 1147 4065 et
1202 4009 1357 4080 quod
1416 4008 1767 4068 facientibus
1832 4030 1975 4084 prae-

328 4092 542 4165 mium,
574 4097 768 4151 etnon
790 4094 1141 4155 facientibus
1173 4113 1341 4168 pcena
1361 4102 1644 4154 servetur.

397 4181 450 4236 6.
486 4181 630 4251 Quid
658 4183 803 4239 Deus
830 4189 1048 4247 coronet
1072 4186 1138 4251 in
1158 4185 1330 4241 nobis.
1366 4217 1430 4226 —
1461 4188 1527 4242 A.
1561 4187 1787 4245 Videris
1834 4188 1978 4245 mihi

326 4268 654 4337 obliviosus
684 4281 838 4340 est,
867 4275 926 4328 et
950 4273 1121 4343 quasi
1152 4272 1299 4330 nihil
1330 4290 1511 4345 supra
1532 4274 1753 4333 dictum
1775 4276 1981 4349 sit,per

322 4359 565 4433 easdem
588 4358 1009 4432 disputationis
1020 4362 1227 4419 reverti
1252 4361 1458 4420 lineas.
1495 4364 1610 4421 Hoc
1630 4366 1785 4423 enim
1808 4366 1981 4438 longa

327 4448 1125 4519 dissertatione,conclusum
1146 4454 1327 4518 est,ut
1338 4452 1527 4525 gratia
1556 4470 1665 4511 sua
1695 4454 1979 4513 Dominus

2072 547 2285 619 potuit,
2317 552 2373 603 et
2398 547 2681 615 laborem,
2714 548 2815 620 qui
2846 548 3143 605 contendit
3167 554 3232 605 ut
3256 551 3488 618 faceret,
3520 555 3578 608 et
3607 550 3716 609 hu-

2075 636 2405 705 militatem,
2438 654 2568 707 quae
2600 654 2833 710 semper
2861 638 3114 709 respexit
3160 638 3230 693 ad
3280 639 3562 696 auxilium
3619 640 3722 697 Dei

2077 726 2141 781 C.
2176 726 2321 797 Ergo
2352 725 2402 781 si
2434 742 2548 781 non
2580 726 2827 783 fecimus
2858 727 3015 799 quod
3050 726 3342 799 praecepit,
3392 732 3495 783 aut
3543 728 3727 786 voluit

2076 829 2183 868 nos
2212 814 2490 884 adjuvare
2520 814 2695 879 Deus,
2728 819 2829 870 aut
2861 815 3067 871 noluit.
3101 815 3161 871 Si
3193 814 3375 871 voluit
3395 819 3452 871 et
3480 818 3723 887 adjuvit,

2076 906 2135 958 et
2158 906 2355 958 tamen
2387 920 2501 959 non
2524 904 2769 959 fecimus
2800 905 2957 975 quod
2979 904 3272 961 voluimus
3298 906 3460 972 ’,non
3493 922 3601 961 nos
3626 906 3725 961 sed

2077 991 2174 1047 ille
2202 996 2512 1063 superatus
2543 998 2651 1049 est.
2685 993 2784 1049 Sin
2814 998 3013 1049 autem
3045 993 3233 1050 noluit
3262 996 3557 1065 adjuvare,
3610 1011 3726 1049 non

2078 1086 2168 1137 est
2194 1082 2366 1153 culpa
2404 1083 2553 1153 ejus,
2586 1082 2686 1153 qui
2716 1083 2901 1141 voluit
2932 1084 3246 1150 facere,sed
3297 1084 3454 1139 illius
3494 1084 3593 1156 qui
3626 1085 3729 1139 ad-

2070 1172 2278 1241 juvare
2310 1172 2579 1243 potuit,et
2609 1172 2799 1228 noluit
2851 1173 3058 1228 facere.
3112 1174 3172 1226 Α.
3221 1173 3346 1229 Non
3400 1173 3680 1247 intelligis
3710 1175 3730 1208 ‘

2080 1255 2428 1331 διλήμματον
2460 1264 2629 1315 tuum
2661 1260 2719 1315 in
2751 1261 2970 1333 grande
3000 1260 3503 1333 blasphemiarum
3572 1262 3731 1317 deci-

2080 1348 2237 1404 disse
2267 1348 2609 1404 barathrum
2636 1367 2649 1416 ;
2683 1353 2749 1405 ut
2778 1366 2848 1405 ex
2877 1354 3125 1421 utraque
3158 1354 3341 1421 parte,
3363 1355 3465 1407 aut
3517 1350 3731 1406 invali-

2080 1438 2192 1493 dus
2221 1436 2297 1493 sit
2328 1442 2500 1505 Deus,
2533 1442 2633 1493 aut
2664 1438 2917 1503 invidus,
2950 1442 3009 1493 et
3029 1455 3145 1494 non
3168 1443 3399 1494 tantum
3432 1438 3483 1494 ei
3535 1438 3729 1495 laudis

2083 1528 2181 1592 sit,
2211 1527 2366 1598 quod
2385 1527 2674 1582 bonorum
2706 1532 2910 1585 auctor
2936 1532 3025 1583 est
3054 1532 3112 1583 et
3142 1528 3394 1597 adjutor,
3443 1532 3731 1599 quantum

2081 1616 2546 1687 vituperationis,
2580 1618 2734 1688 quod
2760 1616 2919 1672 mala
2947 1633 3062 1671 non
3118 1616 3394 1671 coercuit.
3456 1617 3732 1674 Detrahe-

2082 1706 2179 1757 tur
2199 1717 2333 1774 ergo
2380 1702 2485 1768 illi,
2536 1718 2641 1757 cur
2692 1693 2993 1758 diabolum
3043 1718 3171 1759 esse
3218 1702 3570 1775 permiserit,
3629 1721 3734 1761 cur

2005 1828 2053 1893 Β
2085 1807 2295 1864 passus
2326 1790 2486 1893 sit,et
2515 1792 2824 1863 hucusque
2856 1792 3113 1864 patiatur
3142 1792 3403 1864 quotidie
3427 1792 3649 1865 aliquid
3672 1793 3733 1850 in

2084 1880 2305 1935 mundo
2338 1879 2479 1935 mali
2512 1880 2657 1936 ﬁeri.
2692 1880 2908 1944 Quaerit
2930 1880 3039 1935 hoc
3086 1882 3361 1948 Marcion,
3414 1886 3471 1937 et
3529 1899 3735 1939 omnes

2089 1970 2240 2029 788
2272 1969 2679 2025 htereticorum
2711 1970 3012 2042 canes,qui
3043 1969 3226 2026 Vetus
3256 1970 3484 2027 laniant
3534 1972 3735 2029 Testa-

2085 2061 2432 2126 mentum,et
2460 2057 2873 2129 hujuscemodi
2895 2058 3301 2131 syllogismum
3332 2064 3521 2116 texere
3594 2077 3727 2117 con-

2086 2152 2418 2203 sueverunt.
2450 2151 2568 2202 Aut
2594 2147 2761 2203 scivit
2791 2150 2939 2203 Deus
2980 2148 3280 2203 hominem
3341 2149 3402 2204 in
3462 2149 3734 2221 paradiso

2085 2236 2341 2307 positum
2375 2235 2887 2307 prmvaricaturum
2918 2252 3046 2291 esse
3076 2236 3420 2301 mandatum
3449 2236 3738 2303 illius,aut

2087 2324 2414 2380 nescivit.Si
2448 2324 2758 2392 scivit,non
2790 2330 2881 2379 est
2908 2325 2967 2380 in
2998 2324 3170 2396 culpa
3199 2325 3249 2380 is
3280 2324 3380 2397 qui
3424 2327 3737 2397 praescien-

2086 2414 2229 2470 tiam
2263 2414 2363 2469 Dei
2384 2414 2566 2470 vitare
2597 2430 2714 2469 non
2747 2413 2955 2484 potuit,
2989 2413 3089 2469 sed
3120 2412 3216 2467 ille
3248 2413 3347 2484 qui
3378 2412 3557 2469 talem
3596 2430 3737 2469 con-

2089 2503 2258 2568 didit,
2292 2507 2358 2557 ut
2398 2503 2499 2558 Dei
2558 2518 2674 2561 non
2722 2506 2921 2574 posset
2976 2501 3284 2557 scientiam
3340 2501 3615 2558 devitarc.
3675 2502 3735 2559 Si

2090 2592 2353 2658 nescivit,
2378 2591 2472 2646 cui
2498 2590 2923 2663 praescientiam
2946 2589 3124 2657 tollis,
3175 2590 3368 2645 aufers
3425 2594 3484 2645 et
3528 2590 3736 2647 divini-

2090 2685 2290 2736 tatem.
2315 2680 2433 2736 Hoc
2465 2680 2621 2737 enim
2652 2695 2862 2751 genere
2913 2678 2971 2733 in
3031 2678 3357 2750 culpaerit
3411 2678 3513 2750 qui
3569 2676 3742 2752 elegit

2092 2769 2231 2825 Saul
2263 2770 2526 2824 futurum
2558 2773 2762 2841 postea
2793 2784 2989 2841 regem
3014 2758 3456 2840 impiissimum.
3490 2769 3559 2824 Et
3614 2768 3740 2825 Sal-

2090 2862 2253 2914 vator
2281 2862 2382 2913 aut
2402 2858 2762 2931 ignorantiae,
2796 2862 2897 2912 aut
2927 2856 3227 2928 injustitiaa
3258 2857 3553 2913 tenebitur
3582 2874 3737 2925 reus,

2093 2962 2195 3001 cur
2224 2947 2283 3001 in
2313 2945 2624 3017 Evangelio
2655 2946 2730 3000 sit
2760 2945 2991 3001 locutus
3017 2962 3029 3000 :
3066 2969 3091 2995 ‹‹
3126 2946 3329 3001 Nonne
3360 2962 3460 3001 vos
3515 2946 3739 3001 duode-

2092 3035 2205 3089 cim
2238 3050 2343 3107 ego
2376 3034 2521 3107 elegi
2552 3034 2866 3107 apostolos,
2890 3039 2948 3089 et
2978 3052 3133 3090 unus
3163 3034 3233 3090 de
3266 3033 3431 3090 vobis
3471 3034 3740 3091 diabolus

2093 3129 2182 3180 est
2210 3124 2385 3193 (Joan.
2417 3142 2496 3189 vr,
2526 3124 2618 3193 71)
2648 3124 2675 3178 ?
2704 3146 2732 3173 ››
2769 3125 3063 3196 Interroga
3094 3140 3363 3191 eum,cur
3391 3124 3605 3179 Judam
3627 3123 3741 3179 ele-

2011 3194 2054 3263 C
2093 3212 2242 3287 gerit
2271 3213 2627 3285 proditorem
2657 3213 2684 3267 ?
2715 3229 2821 3267 cur
2848 3214 2898 3269 ei
2930 3194 3153 3269 loculos
3174 3212 3736 3284 commiserit,quem

2088 3304 2275 3359 furem
2315 3319 2442 3359 esse
2461 3319 2576 3358 non
2607 3302 2919 3375 ignorabat
2943 3300 3084 3357 ?‘Vis
3141 3301 3345 3357 audire
3394 3301 3678 3357 rationem
3715 3304 3737 3357 Ρ

2086 3391 2242 3446 Deus
2256 3390 2950 3463 prmsentiajudicatmon
2984 3390 3201 3445 futura.
3235 3392 3351 3444 Nec
3381 3389 3737 3445 condemnat

2087 3496 2153 3535 ex
2183 3480 2569 3551 praescientia,
2603 3496 2777 3551 quem
2802 3478 3026 3534 noverit
3054 3478 3230 3533 talem
3262 3478 3402 3547 fore,
3465 3478 3563 3550 qui
3623 3478 3736 3534 sibi

2087 3572 2289 3641 postea
2319 3567 2663 3640 displiceat:
2706 3568 2806 3623 sed
2839 3570 3014 3623 tantae
3066 3566 3345 3621 bonitatis
3401 3571 3491 3622 est
3537 3570 3596 3622 et
3642 3567 3731 3621 in-

2086 3656 2334 3712 eil‘abilis
2357 3656 2699 3721 clementiae,
2728 3660 2792 3710 ut
2822 3656 3001 3727 eligat
3059 3671 3216 3721 eum,
3269 3671 3445 3725 quem
3495 3654 3730 3709 interim

2084 3746 2304 3801 bonum
2326 3744 2529 3809 cernit,
2563 3748 2621 3799 et
2640 3743 2750 3798 scit
2776 3743 2998 3798 malum
3030 3744 3314 3809 futurum,
3347 3744 3496 3798 dans
3522 3742 3573 3798 ei
3623 3759 3732 3816 po-

2084 3838 2358 3895 testatem
2389 3832 2783 3889 conversionis
2813 3838 2871 3887 et
2914 3832 3287 3904 pmnitentiae,
3333 3832 3503 3902 juxta
3558 3830 3726 3887 illum

2086 3939 2325 3979 sensum
2356 3921 2642 3993 Apostoli:
2680 3944 2708 3971 ‹‹
2768 3921 3007 3993 Ignoras
3063 3920 3202 3992 quia
3259 3920 3590 3992 benignitas
3631 3919 3734 3976 Dei

2086 4014 2159 4067 ad
2189 4011 2592 4083 paenitentiam
2624 4015 2681 4066 te
2730 4009 3022 4066 adducit?
3074 4009 3399 4065 secundum
3453 4008 3729 4066 duritiam

2087 4105 2283 4158 autem
2313 4105 2477 4156 tuam
2506 4103 2581 4171 .et
2627 4116 2725 4154 cor
2783 4098 3155 4171 impmnitens
3212 4097 3575 4154 thesaurizas
3627 4098 3732 4153 tibi

2088 4192 2235 4247 iram
2268 4190 2324 4244 in
2356 4190 2448 4245 die
2472 4188 2567 4243 irae
2603 4193 2660 4243 et
2689 4187 3059 4243 revelationis
3082 4187 3230 4258 justi
3255 4186 3464 4257 judicii
3496 4187 3735 4258 Dei,qui

2088 4280 2291 4335 reddet
2310 4277 2629 4349 unicuique
2660 4277 2983 4333 secundum
3030 4292 3205 4347 opera
3253 4276 3383 4345 ejus
3436 4276 3611 4345 (Rom.
3672 4291 3733 4341 ιι,

2090 4370 2141 4435 4,
2172 4370 2249 4440 5).
2288 4368 2517 4439 ιΝθψλθ
2546 4365 2701 4422 enim
2733 4365 2862 4421 ideo
2895 4364 3150 4438 peccavit
3178 4362 3535 4435 Adam,quia
3582 4362 3738 4418 Deus

2088 4457 2198 4514 hoc
2221 4458 2483 4511 futurum
2513 4458 2790 4521 noverat;
2850 4455 2950 4510 sed
3010 4452 3297 4525 prmscivit
3331 4456 3507 4523 Deus,
3568 4451 3738 4524 quasi

324 4553 443 4610 qua
471 4537 655 4633 nobis
681 4540 969 4609 concessit
996 4539 1247 4597 liberum
1271 4541 1602 4609 arbitrium,
1635 4543 1695 4600 in
1726 4544 1978 4617 singulis
2010 4566 2059 4633 Β
2088 4546 2263 4612 Deus,
2306 4545 2459 4617 quod
2492 4544 2589 4599 ille
2618 4548 2743 4599 erat
2795 4542 3027 4615 propria
3083 4542 3381 4598 voluntate
3440 4542 3727 4599 facturus.

324 4626 606 4702 Qperibus
629 4627 798 4701 juvat
826 4633 1002 4702 atque
1031 4634 1343 4687 sustentet.
1378 4630 1434 4686 C.
1460 4630 1605 4701 Quid
1637 4649 1774 4706 ergo
1817 4651 1977 4691 coro-

324 4718 428 4779 nat
454 4714 515 4770 in
549 4715 719 4787 nobis
737 4718 777 4788 ἓ,
809 4722 868 4777 et
895 4717 1099 4783 laudat
1136 4720 1293 4790 quod
1324 4718 1449 4792 ipse
1506 4726 1783 4793 operatus
1840 4728 1929 4781 est
1960 4727 1982 4779 9

405 4854 420 4933 ξ
450 4853 633 4915 Noees
662 4859 824 4921 iuxta
850 4864 905 4915 te
936 4860 1307 4933 Martianaaus
1338 4866 1471 4933 post
1501 4863 1723 4919 Erasm.
1766 4866 1977 4923 omise-

330 4928 444 4992 rat,
473 4943 579 4987 nos
607 4944 679 4985 ex
708 4946 853 4988 mss.
891 4931 1230 4988 suﬁ'ecimus
1263 4937 1321 4988 et
1340 4928 1531 4989 ‘veteri
1564 4935 1834 4993 editione.
1880 4938 1977 4992 Vi-

584 5017 819 5073 quoque
847 5006 1113 5088 antealex
1141 5004 1416 5088 Mediceo,
1461 5005 1798 5088 Fesulano,‘
1818 5008 1978 5088 aliis-

324 5084 441 5141 que
490 5087 637 5148 mss.
665 5080 1059 5148 _reposuerat,
1105 5091 1340 5148 easque
1391 5076 1631 5132 inferior
1671 5083 1977 5137 contextus

323 5142 560 5224 speet-it,
623 5144 723 5224 ubi
764 5142 1369 5224 Ϊρίλημμά-Οιιίιόὺιξιί
1405 5148 1776 5224 _explod_itur.
1849 5151 1979 5207 Mox

324 5215 512 5292 Vatic.
548 5230 654 5285 pro
682 5217 743 5270 in
776 5218 874 5292 I_wc
904 5215 1105 5292 mundo
1134 5235 1251 5274 esse
1304 5218 1446 5292 legit
1495 5215 1561 5292 Δῖη
1595 5222 1719 5292 ίήοε
1774 5224 1978 5278 mundo

319 5288 545 5367 tantum}
572 5302 745 5367 psse.
779 5288 1016 5361 Reginae
1046 5304 1301 5347 ms.cum
1332 5288 1507 5346 véteri
1539 5291 1978 5367 editioneaeque

322 5354 475 5413 bene
506 5354 724 5416 tantum
742 5354 883 5417 esse:

390 5426 741 5509 ’_I_lactenus
770 5431 911 5509 editi
953 5432 1095 5500 Quid
1148 5448 1277 5503 ergo
1326 5434 1487 5509 juvat
1528 5439 1697 5509 atque
1758 5440 1979 5493 coronat

317 5499 515 5575 verbis
538 5502 691 5575 iuvat
742 5506 912 5574 atque
965 5499 1271 5575 perperam
1326 5499 1619 5571 intrusis,'
1657 5511 1714 5562 et
1774 5513 1978 5563 contra

319 5571 629 5655 scriptoris
661 5571 941 5655 mentem,
966 5571 1127 5647 quod
1161 5592 1229 5631 ex
1249 5578 1369 5655 toto
1405 5581 1686 5655 contextu
1740 5579 1926 5654 liquet
1960 5598 1972 5635 :

317 5656 428 5698 nos
447 5641 561 5701 illa
588 5641 1158 5718 expunximus'mss.
1197 5645 1565 5718 auctoritate,
1600 5649 1661 5709 in
1718 5641 1971 5724 quorum

2090 4638 2313 4691 Accusa
2361 4649 2496 4705 ergo
2555 4633 2738 4689 Deum
2790 4632 3100 4699 mendacii,
3153 4646 3334 4703 quare
3392 4630 3604 4687 dixerit
3639 4646 3741 4701 per

2088 4724 2299 4780 Jonam
2326 4740 2338 4778 :
2366 4745 2393 4773 «
2425 4722 2629 4777 Adhuc
2660 4726 2777 4776 tres
2808 4721 2954 4787 dies,
3005 4725 3063 4778 et
3114 4720 3317 4780 Ninive
3371 4721 3741 4776 subvertetur

2092 4864 2251 4921 nullo
2282 4863 2635 4918 invenimus.

2160 4938 2180 4971 ³
2212 4940 2375 4990 Unus
2405 4934 2589 4989 Vatic.
2624 4935 2914 4989 contrario
2947 4951 3125 4989 sensu
3175 4936 3223 4988 et
3272 4942 3455 4989 tamen
3510 4931 3740 5001 fecimus

2091 5008 2243 5091 quod
2268 5006 2564 5062 voluimus.
2598 5004 2948 5063 Confer.lib.
2982 5006 3037 5059 S.
3074 5002 3385 5076 Augustini
3410 5002 3474 5057 de
3503 5003 3736 5073 Per/eet.

2202 5081 2264 5133 it.

2082 5088 2332 5234 ’Τῑῗξιέἓρρ
2364 5148 2674 5234 ,ίηιεζιίρίζςὶ
2704 5144 3077 5234 διλήμμξπιτον.
3105 5146 3257 5234 ‘Non
3302 5139 3610 5234 lallnpgn,‘
3680 5148 3742 5225 ut

2087 5220 2397 5293 editilibri,
2424 5221 2525 5293 sed
2557 5214 3123 5293 διλῄμμαῖὸκριθερηῐ
3147 5220 3357 5273 cuncta
3388 5214 3742 5293 exemplaria

2088 5311 2231 5373 mss.
2258 5297 2325 5373 Et
2354 5291 2437 5347 ita
2456 5287 2779 5373 legendum
2813 5287 3383 5373 docefllerrpggenu
3413 5287 3515 5373 lib_.
3556 5304 3619 5373 iv
3678 5287 3743 5342 de

2086 5366 2421 5443 Invenliqne.
2455 5357 2661 5443 Suid-as
2694 5378 2929 5443 quoque
2958 5357 3399 5443 interdflémma
3447 5364 3504 5443 et
3533 5357 3739 5443 dilem-

2084 5439 2274 5507 gnatqn
2313 5435 2420 5507 hoc
2470 5434 2634 5507 ponit
2680 5425 3076 5507 discrimen;
3112 5428 3379 5507 ᾼίλτ,μμα
3415 5429 3476 5507 ’Ξὸ
3522 5425 3739 5507 ῌδισσῶς

2086 5497 2503 5578 λαμϐανόμενοὖ
2536 5502 2837 5581 φρόνημαε
2892 5507 2947 5559 et
3007 5497 3358 5581 διλὴμμὸίςξνδ
3417 5497 3590 5576 διχῶς
3648 5520 3737 5552 vo-

2082 5575 2333 5651 οὐμενον,
2368 5578 2425 5632 id
2460 5575 2864 5647 eauti/ariam
2892 5575 3233 5634 intellettum
3266 5575 3551 5645 MABTIAN’.
