  <div class='ocr_page' id='page_1' title='image "/cluster/home/n/w/nwhite01/storage/ocr_20150623/23/hvd.32044052772480/309.png"; bbox 0 0 4104 6162; ppageno 0'>
   <div class='ocr_carea' id='block_1_1' title="bbox 320 293 440 367">
    <p class='ocr_par' dir='ltr' id='par_1_1' title="bbox 320 293 440 367">
     <span class='ocr_line' id='line_1_1' title="bbox 320 293 440 367; baseline 0.008 -1"><span class='ocrx_word' id='word_1_1' title='bbox 320 293 440 367; x_wconf 77' lang='lat'><strong>608</strong></span> 
     </span>
    </p>
   </div>
   <div class='ocr_carea' id='block_1_2' title="bbox 1560 281 2492 353">
    <p class='ocr_par' dir='ltr' id='par_1_2' title="bbox 1560 281 2492 353">
     <span class='ocr_line' id='line_1_2' title="bbox 1560 281 2492 353; baseline -0.005 0"><span class='ocrx_word' id='word_1_2' title='bbox 1560 286 1627 353; x_wconf 87' lang='lat' dir='ltr'><strong>S.</strong></span> <span class='ocrx_word' id='word_1_3' title='bbox 1671 281 1982 353; x_wconf 79' lang='lat' dir='ltr'><strong>EUSEBII</strong></span> <span class='ocrx_word' id='word_1_4' title='bbox 2023 281 2492 351; x_wconf 80' lang='lat' dir='ltr'><strong>HIERONYMI.</strong></span> 
     </span>
    </p>
   </div>
   <div class='ocr_carea' id='block_1_3' title="bbox 3603 269 3722 343">
    <p class='ocr_par' dir='ltr' id='par_1_3' title="bbox 3603 269 3722 343">
     <span class='ocr_line' id='line_1_3' title="bbox 3603 269 3722 343; baseline 0 -2"><span class='ocrx_word' id='word_1_5' title='bbox 3603 269 3722 343; x_wconf 69' lang='lat' dir='ltr'><strong><em>GM</em></strong></span> 
     </span>
    </p>
   </div>
   <div class='ocr_carea' id='block_1_4' title="bbox 319 413 3722 508">
    <p class='ocr_par' dir='ltr' id='par_1_4' title="bbox 319 413 3722 508">
     <span class='ocr_line' id='line_1_4' title="bbox 319 413 3722 508; baseline -0.006 -15"><span class='ocrx_word' id='word_1_6' title='bbox 319 435 498 508; x_wconf 81' lang='lat' dir='ltr'><strong>(Joan.</strong></span> <span class='ocrx_word' id='word_1_7' title='bbox 534 446 618 501; x_wconf 89' lang='grc' dir='ltr'>ιιι,</span> <span class='ocrx_word' id='word_1_8' title='bbox 651 429 721 502; x_wconf 74' lang='grc'><strong>4).</strong></span> <span class='ocrx_word' id='word_1_9' title='bbox 755 449 782 480; x_wconf 78' lang='grc'><strong>››</strong></span> <span class='ocrx_word' id='word_1_10' title='bbox 815 428 924 486; x_wconf 87' lang='lat' dir='ltr'><strong>Sed</strong></span> <span class='ocrx_word' id='word_1_11' title='bbox 947 426 1318 501; x_wconf 83' lang='lat' dir='ltr'><strong>respondebit</strong></span> <span class='ocrx_word' id='word_1_12' title='bbox 1340 425 1443 484; x_wconf 83' lang='lat' dir='ltr'><strong>tibi</strong></span> <span class='ocrx_word' id='word_1_13' title='bbox 1475 443 1579 499; x_wconf 90' lang='lat' dir='ltr'><strong>per</strong></span> <span class='ocrx_word' id='word_1_14' title='bbox 1605 423 1960 481; x_wconf 82' lang='lat' dir='ltr'><strong>Jeremiam:</strong></span> <span class='ocrx_word' id='word_1_15' title='bbox 1993 420 2050 487; x_wconf 77' lang='grc' dir='ltr'><strong>Α</strong></span> <span class='ocrx_word' id='word_1_16' title='bbox 2078 421 2272 489; x_wconf 87' lang='lat' dir='ltr'><strong>rebus,</strong></span> <span class='ocrx_word' id='word_1_17' title='bbox 2309 424 2409 480; x_wconf 91' lang='lat' dir='ltr'><strong>sed</strong></span> <span class='ocrx_word' id='word_1_18' title='bbox 2442 422 2833 491; x_wconf 82' lang='lat' dir='ltr'><strong>sermonibus,</strong></span> <span class='ocrx_word' id='word_1_19' title='bbox 2866 421 2924 480; x_wconf 90' lang='lat' dir='ltr'><strong>id</strong></span> <span class='ocrx_word' id='word_1_20' title='bbox 2957 429 3063 494; x_wconf 84' lang='lat' dir='ltr'><strong>est,</strong></span> <span class='ocrx_word' id='word_1_21' title='bbox 3124 437 3241 479; x_wconf 90' lang='lat' dir='ltr'><strong>non</strong></span> <span class='ocrx_word' id='word_1_22' title='bbox 3296 419 3557 508; x_wconf 86' lang='lat' dir='ltr'><strong>veritate,</strong></span> <span class='ocrx_word' id='word_1_23' title='bbox 3619 413 3722 472; x_wconf 89' lang='lat' dir='ltr'><strong>sed</strong></span> 
     </span>
    </p>
   </div>
   <div class='ocr_carea' id='block_1_5' title="bbox 324 518 1964 591">
    <p class='ocr_par' dir='ltr' id='par_1_5' title="bbox 324 518 1964 591">
     <span class='ocr_line' id='line_1_5' title="bbox 324 518 1964 591; baseline -0.009 -11"><span class='ocrx_word' id='word_1_24' title='bbox 324 546 352 574; x_wconf 89' lang='grc'><strong>‹‹</strong></span> <span class='ocrx_word' id='word_1_25' title='bbox 385 525 472 580; x_wconf 85' lang='lat' dir='ltr'><strong>Ad</strong></span> <span class='ocrx_word' id='word_1_26' title='bbox 505 537 799 580; x_wconf 82' lang='lat' dir='ltr'><strong>summam</strong></span> <span class='ocrx_word' id='word_1_27' title='bbox 830 519 1037 591; x_wconf 90' lang='lat' dir='ltr'><strong>loquar</strong></span> <span class='ocrx_word' id='word_1_28' title='bbox 1075 524 1273 574; x_wconf 90' lang='lat' dir='ltr'><strong>contra</strong></span> <span class='ocrx_word' id='word_1_29' title='bbox 1310 520 1540 590; x_wconf 84' lang='lat' dir='ltr'><strong>gentem</strong></span> <span class='ocrx_word' id='word_1_30' title='bbox 1599 518 1656 571; x_wconf 90' lang='lat' dir='ltr'><strong>et</strong></span> <span class='ocrx_word' id='word_1_31' title='bbox 1697 528 1964 586; x_wconf 86' lang='lat' dir='ltr'><strong>regnum,</strong></span> 
     </span>
    </p>
   </div>
   <div class='ocr_carea' id='block_1_6' title="bbox 323 599 1963 678">
    <p class='ocr_par' dir='ltr' id='par_1_6' title="bbox 323 599 1963 678">
     <span class='ocr_line' id='line_1_6' title="bbox 323 599 1963 678; baseline -0.009 -10"><span class='ocrx_word' id='word_1_32' title='bbox 323 618 388 668; x_wconf 93' lang='lat' dir='ltr'><strong>ut</strong></span> <span class='ocrx_word' id='word_1_33' title='bbox 414 612 703 668; x_wconf 90' lang='lat' dir='ltr'><strong>eradicem</strong></span> <span class='ocrx_word' id='word_1_34' title='bbox 735 614 791 664; x_wconf 90' lang='lat' dir='ltr'><strong>et</strong></span> <span class='ocrx_word' id='word_1_35' title='bbox 819 608 1118 664; x_wconf 90' lang='lat' dir='ltr'><strong>destruam</strong></span> <span class='ocrx_word' id='word_1_36' title='bbox 1169 612 1226 663; x_wconf 91' lang='lat' dir='ltr'><strong>et</strong></span> <span class='ocrx_word' id='word_1_37' title='bbox 1285 605 1621 678; x_wconf 89' lang='lat' dir='ltr'><strong>disperdam</strong></span> <span class='ocrx_word' id='word_1_38' title='bbox 1681 602 1846 658; x_wconf 90' lang='lat' dir='ltr'><strong>illud.</strong></span> <span class='ocrx_word' id='word_1_39' title='bbox 1906 599 1963 655; x_wconf 89' lang='lat' dir='ltr'><strong>Si</strong></span> 
     </span>
    </p>
   </div>
   <div class='ocr_carea' id='block_1_7' title="bbox 319 689 1966 776">
    <p class='ocr_par' dir='ltr' id='par_1_7' title="bbox 319 689 1966 776">
     <span class='ocr_line' id='line_1_7' title="bbox 319 689 1966 776; baseline -0.008 -19"><span class='ocrx_word' id='word_1_40' title='bbox 319 700 720 776; x_wconf 74' lang='lat' dir='ltr'><strong>paenitentiam</strong></span> <span class='ocrx_word' id='word_1_41' title='bbox 751 697 933 770; x_wconf 90' lang='lat' dir='ltr'><strong>egerit</strong></span> <span class='ocrx_word' id='word_1_42' title='bbox 962 713 1105 769; x_wconf 87' lang='lat' dir='ltr'><strong>gens</strong></span> <span class='ocrx_word' id='word_1_43' title='bbox 1137 696 1236 751; x_wconf 90' lang='lat' dir='ltr'><strong>illa</strong></span> <span class='ocrx_word' id='word_1_44' title='bbox 1266 713 1300 750; x_wconf 90' lang='lat' dir='ltr'><strong>a</strong></span> <span class='ocrx_word' id='word_1_45' title='bbox 1332 693 1486 750; x_wconf 91' lang='lat' dir='ltr'><strong>malo</strong></span> <span class='ocrx_word' id='word_1_46' title='bbox 1533 710 1663 754; x_wconf 89' lang='lat' dir='ltr'><strong>suo.</strong></span> <span class='ocrx_word' id='word_1_47' title='bbox 1697 690 1852 763; x_wconf 91' lang='lat' dir='ltr'><strong>quod</strong></span> <span class='ocrx_word' id='word_1_48' title='bbox 1883 689 1966 744; x_wconf 88' lang='lat' dir='ltr'><strong>lo-</strong></span> 
     </span>
    </p>
   </div>
   <div class='ocr_carea' id='block_1_8' title="bbox 321 779 1938 856">
    <p class='ocr_par' dir='ltr' id='par_1_8' title="bbox 321 779 1938 856">
     <span class='ocr_line' id='line_1_8' title="bbox 321 779 1938 856; baseline -0.007 -9"><span class='ocrx_word' id='word_1_49' title='bbox 321 797 494 847; x_wconf 90' lang='lat' dir='ltr'><strong>cutus</strong></span> <span class='ocrx_word' id='word_1_50' title='bbox 525 806 656 846; x_wconf 90' lang='lat' dir='ltr'><strong>sum</strong></span> <span class='ocrx_word' id='word_1_51' title='bbox 687 788 967 842; x_wconf 90' lang='lat' dir='ltr'><strong>adversus</strong></span> <span class='ocrx_word' id='word_1_52' title='bbox 989 803 1138 852; x_wconf 88' lang='lat' dir='ltr'><strong>eam,</strong></span> <span class='ocrx_word' id='word_1_53' title='bbox 1185 801 1356 856; x_wconf 89' lang='lat' dir='ltr'><strong>agam</strong></span> <span class='ocrx_word' id='word_1_54' title='bbox 1407 787 1464 838; x_wconf 87' lang='lat' dir='ltr'><strong>et</strong></span> <span class='ocrx_word' id='word_1_55' title='bbox 1521 798 1627 854; x_wconf 86' lang='lat' dir='ltr'><strong>ego</strong></span> <span class='ocrx_word' id='word_1_56' title='bbox 1685 779 1938 853; x_wconf 79' lang='lat' dir='ltr'><strong>poeniten</strong></span> 
     </span>
    </p>
   </div>
   <div class='ocr_carea' id='block_1_9' title="bbox 319 867 1965 950">
    <p class='ocr_par' dir='ltr' id='par_1_9' title="bbox 319 867 1965 950">
     <span class='ocr_line' id='line_1_9' title="bbox 319 867 1965 950; baseline -0.009 -14"><span class='ocrx_word' id='word_1_57' title='bbox 319 881 460 936; x_wconf 89' lang='lat' dir='ltr'><strong>tiam</strong></span> <span class='ocrx_word' id='word_1_58' title='bbox 485 895 662 950; x_wconf 88' lang='lat' dir='ltr'><strong>super</strong></span> <span class='ocrx_word' id='word_1_59' title='bbox 691 875 844 932; x_wconf 90' lang='lat' dir='ltr'><strong>malo</strong></span> <span class='ocrx_word' id='word_1_60' title='bbox 869 875 1022 947; x_wconf 92' lang='lat' dir='ltr'><strong>quod</strong></span> <span class='ocrx_word' id='word_1_61' title='bbox 1054 873 1299 946; x_wconf 80' lang='lat' dir='ltr'><strong>cogitavi</strong></span> <span class='ocrx_word' id='word_1_62' title='bbox 1331 877 1396 927; x_wconf 91' lang='lat' dir='ltr'><strong>ut</strong></span> <span class='ocrx_word' id='word_1_63' title='bbox 1428 872 1676 926; x_wconf 81' lang='lat' dir='ltr'><strong>facerem</strong></span> <span class='ocrx_word' id='word_1_64' title='bbox 1708 870 1780 925; x_wconf 91' lang='lat' dir='ltr'><strong>ei.</strong></span> <span class='ocrx_word' id='word_1_65' title='bbox 1808 872 1875 922; x_wconf 82' lang='lat' dir='ltr'><strong>Et</strong></span> <span class='ocrx_word' id='word_1_66' title='bbox 1895 867 1965 922; x_wconf 89' lang='lat' dir='ltr'><strong>ad</strong></span> 
     </span>
    </p>
   </div>
   <div class='ocr_carea' id='block_1_10' title="bbox 323 959 1970 1036">
    <p class='ocr_par' dir='ltr' id='par_1_10' title="bbox 323 959 1970 1036">
     <span class='ocr_line' id='line_1_10' title="bbox 323 959 1970 1036; baseline -0.008 -12"><span class='ocrx_word' id='word_1_67' title='bbox 323 983 620 1024; x_wconf 86' lang='lat' dir='ltr'><strong>summam</strong></span> <span class='ocrx_word' id='word_1_68' title='bbox 651 964 858 1036; x_wconf 88' lang='lat' dir='ltr'><strong>loquar</strong></span> <span class='ocrx_word' id='word_1_69' title='bbox 887 964 957 1018; x_wconf 90' lang='lat' dir='ltr'><strong>de</strong></span> <span class='ocrx_word' id='word_1_70' title='bbox 989 967 1159 1036; x_wconf 88' lang='lat' dir='ltr'><strong>gente</strong></span> <span class='ocrx_word' id='word_1_71' title='bbox 1191 969 1245 1017; x_wconf 85' lang='lat' dir='ltr'><strong>et</strong></span> <span class='ocrx_word' id='word_1_72' title='bbox 1275 977 1474 1034; x_wconf 90' lang='lat' dir='ltr'><strong>regno,</strong></span> <span class='ocrx_word' id='word_1_73' title='bbox 1509 963 1573 1014; x_wconf 93' lang='lat' dir='ltr'><strong>ut</strong></span> <span class='ocrx_word' id='word_1_74' title='bbox 1602 959 1880 1014; x_wconf 68' lang='lat' dir='ltr'><strong>aedificem</strong></span> <span class='ocrx_word' id='word_1_75' title='bbox 1913 961 1970 1012; x_wconf 87' lang='lat' dir='ltr'><strong>et</strong></span> 
     </span>
    </p>
   </div>
   <div class='ocr_carea' id='block_1_11' title="bbox 319 1050 1967 1129">
    <p class='ocr_par' dir='ltr' id='par_1_11' title="bbox 319 1050 1967 1129">
     <span class='ocr_line' id='line_1_11' title="bbox 319 1050 1967 1129; baseline -0.007 -19"><span class='ocrx_word' id='word_1_76' title='bbox 319 1056 579 1129; x_wconf 89' lang='lat' dir='ltr'><strong>plantem</strong></span> <span class='ocrx_word' id='word_1_77' title='bbox 612 1053 779 1118; x_wconf 91' lang='lat' dir='ltr'><strong>illud,</strong></span> <span class='ocrx_word' id='word_1_78' title='bbox 814 1053 862 1107; x_wconf 90' lang='lat' dir='ltr'><strong>si</strong></span> <span class='ocrx_word' id='word_1_79' title='bbox 898 1052 1095 1107; x_wconf 82' lang='lat' dir='ltr'><strong>fecerit</strong></span> <span class='ocrx_word' id='word_1_80' title='bbox 1125 1050 1344 1106; x_wconf 84' lang='lat' dir='ltr'><strong>malum</strong></span> <span class='ocrx_word' id='word_1_81' title='bbox 1376 1050 1435 1104; x_wconf 92' lang='lat' dir='ltr'><strong>in</strong></span> <span class='ocrx_word' id='word_1_82' title='bbox 1460 1051 1782 1120; x_wconf 89' lang='lat' dir='ltr'><strong>conspectu</strong></span> <span class='ocrx_word' id='word_1_83' title='bbox 1840 1062 1967 1100; x_wconf 90' lang='lat' dir='ltr'><strong>meo</strong></span> 
     </span>
    </p>
   </div>
   <div class='ocr_carea' id='block_1_12' title="bbox 320 1137 1966 1211">
    <p class='ocr_par' dir='ltr' id='par_1_12' title="bbox 320 1137 1966 1211">
     <span class='ocr_line' id='line_1_12' title="bbox 320 1137 1966 1211; baseline -0.008 -10"><span class='ocrx_word' id='word_1_84' title='bbox 320 1150 384 1201; x_wconf 92' lang='lat' dir='ltr'><strong>ut</strong></span> <span class='ocrx_word' id='word_1_85' title='bbox 413 1161 528 1200; x_wconf 91' lang='lat' dir='ltr'><strong>non</strong></span> <span class='ocrx_word' id='word_1_86' title='bbox 563 1142 762 1198; x_wconf 88' lang='lat' dir='ltr'><strong>audiat</strong></span> <span class='ocrx_word' id='word_1_87' title='bbox 821 1156 1021 1196; x_wconf 92' lang='lat' dir='ltr'><strong>vocem</strong></span> <span class='ocrx_word' id='word_1_88' title='bbox 1072 1155 1282 1206; x_wconf 84' lang='lat' dir='ltr'><strong>meam,</strong></span> <span class='ocrx_word' id='word_1_89' title='bbox 1336 1137 1736 1211; x_wconf 77' lang='lat' dir='ltr'><strong>pcenitentiam</strong></span> <span class='ocrx_word' id='word_1_90' title='bbox 1797 1151 1966 1207; x_wconf 88' lang='lat' dir='ltr'><strong>agam</strong></span> 
     </span>
    </p>
   </div>
   <div class='ocr_carea' id='block_1_13' title="bbox 319 1225 1965 1305">
    <p class='ocr_par' dir='ltr' id='par_1_13' title="bbox 319 1225 1965 1305">
     <span class='ocr_line' id='line_1_13' title="bbox 319 1225 1965 1305; baseline -0.007 -16"><span class='ocrx_word' id='word_1_91' title='bbox 319 1249 498 1305; x_wconf 88' lang='lat' dir='ltr'><strong>super</strong></span> <span class='ocrx_word' id='word_1_92' title='bbox 527 1229 862 1301; x_wconf 90' lang='lat' dir='ltr'><strong>bono,quod</strong></span> <span class='ocrx_word' id='word_1_93' title='bbox 885 1227 1116 1284; x_wconf 90' lang='lat' dir='ltr'><strong>locutus</strong></span> <span class='ocrx_word' id='word_1_94' title='bbox 1147 1244 1279 1283; x_wconf 89' lang='lat' dir='ltr'><strong>sum</strong></span> <span class='ocrx_word' id='word_1_95' title='bbox 1311 1231 1375 1282; x_wconf 91' lang='lat' dir='ltr'><strong>ut</strong></span> <span class='ocrx_word' id='word_1_96' title='bbox 1406 1227 1651 1282; x_wconf 85' lang='lat' dir='ltr'><strong>facerem</strong></span> <span class='ocrx_word' id='word_1_97' title='bbox 1675 1225 1724 1280; x_wconf 91' lang='lat' dir='ltr'><strong>ei</strong></span> <span class='ocrx_word' id='word_1_98' title='bbox 1748 1226 1965 1295; x_wconf 88' lang='lat' dir='ltr'><strong>(Jerem.</strong></span> 
     </span>
    </p>
   </div>
   <div class='ocr_carea' id='block_1_14' title="bbox 319 1313 1965 1393">
    <p class='ocr_par' dir='ltr' id='par_1_14' title="bbox 319 1313 1965 1393">
     <span class='ocr_line' id='line_1_14' title="bbox 319 1313 1965 1393; baseline -0.006 -16"><span class='ocrx_word' id='word_1_99' title='bbox 319 1339 480 1388; x_wconf 69' lang='grc' dir='ltr'>Χνιιι,</span> <span class='ocrx_word' id='word_1_100' title='bbox 508 1323 540 1373; x_wconf 91' lang='lat'><strong>7</strong></span> <span class='ocrx_word' id='word_1_101' title='bbox 569 1336 716 1393; x_wconf 83' lang='lat' dir='ltr'><strong>seqq.</strong></span> <span class='ocrx_word' id='word_1_102' title='bbox 742 1319 779 1389; x_wconf 95' lang='lat'><strong>).</strong></span> <span class='ocrx_word' id='word_1_103' title='bbox 808 1340 835 1366; x_wconf 85' lang='lat'>»</span> <span class='ocrx_word' id='word_1_104' title='bbox 869 1316 1289 1389; x_wconf 81' lang='lat' dir='ltr'><strong>Indignabatur</strong></span> <span class='ocrx_word' id='word_1_105' title='bbox 1333 1315 1629 1386; x_wconf 90' lang='lat' dir='ltr'><strong>quondam</strong></span> <span class='ocrx_word' id='word_1_106' title='bbox 1654 1318 1710 1369; x_wconf 90' lang='lat' dir='ltr'><strong>et</strong></span> <span class='ocrx_word' id='word_1_107' title='bbox 1763 1313 1965 1377; x_wconf 84' lang='lat' dir='ltr'><strong>Jonas,</strong></span> 
     </span>
    </p>
   </div>
   <div class='ocr_carea' id='block_1_15' title="bbox 317 1400 1966 1475">
    <p class='ocr_par' dir='ltr' id='par_1_15' title="bbox 317 1400 1966 1475">
     <span class='ocr_line' id='line_1_15' title="bbox 317 1400 1966 1475; baseline -0.007 -11"><span class='ocrx_word' id='word_1_108' title='bbox 317 1409 551 1464; x_wconf 91' lang='lat' dir='ltr'><strong>curDeo</strong></span> <span class='ocrx_word' id='word_1_109' title='bbox 584 1405 758 1462; x_wconf 90' lang='lat' dir='ltr'><strong>fuerit</strong></span> <span class='ocrx_word' id='word_1_110' title='bbox 781 1404 1027 1475; x_wconf 91' lang='lat' dir='ltr'><strong>jubente</strong></span> <span class='ocrx_word' id='word_1_111' title='bbox 1060 1403 1380 1458; x_wconf 88' lang='lat' dir='ltr'><strong>mentitus:</strong></span> <span class='ocrx_word' id='word_1_112' title='bbox 1409 1402 1508 1457; x_wconf 90' lang='lat' dir='ltr'><strong>sed</strong></span> <span class='ocrx_word' id='word_1_113' title='bbox 1547 1400 1757 1470; x_wconf 81' lang='lat' dir='ltr'><strong>injusti</strong></span> <span class='ocrx_word' id='word_1_114' title='bbox 1820 1416 1966 1453; x_wconf 77' lang='lat' dir='ltr'><strong>mce-</strong></span> 
     </span>
    </p>
   </div>
   <div class='ocr_carea' id='block_1_16' title="bbox 319 1487 1965 1567">
    <p class='ocr_par' dir='ltr' id='par_1_16' title="bbox 319 1487 1965 1567">
     <span class='ocr_line' id='line_1_16' title="bbox 319 1487 1965 1567; baseline -0.008 -14"><span class='ocrx_word' id='word_1_115' title='bbox 319 1498 467 1553; x_wconf 88' lang='lat' dir='ltr'><strong>roris</strong></span> <span class='ocrx_word' id='word_1_116' title='bbox 511 1494 796 1567; x_wconf 80' lang='lat' dir='ltr'><strong>arguitur;</strong></span> <span class='ocrx_word' id='word_1_117' title='bbox 856 1491 1083 1548; x_wconf 87' lang='lat' dir='ltr'><strong>malens</strong></span> <span class='ocrx_word' id='word_1_118' title='bbox 1140 1507 1274 1546; x_wconf 88' lang='lat' dir='ltr'><strong>cum</strong></span> <span class='ocrx_word' id='word_1_119' title='bbox 1325 1489 1580 1562; x_wconf 89' lang='lat' dir='ltr'><strong>pernicie</strong></span> <span class='ocrx_word' id='word_1_120' title='bbox 1614 1489 1762 1544; x_wconf 72' lang='lat'><strong>789</strong></span> <span class='ocrx_word' id='word_1_121' title='bbox 1795 1487 1965 1542; x_wconf 90' lang='lat' dir='ltr'><strong>innu-</strong></span> 
     </span>
    </p>
   </div>
   <div class='ocr_carea' id='block_1_17' title="bbox 322 1579 1968 1654">
    <p class='ocr_par' dir='ltr' id='par_1_17' title="bbox 322 1579 1968 1654">
     <span class='ocr_line' id='line_1_17' title="bbox 322 1579 1968 1654; baseline -0.008 -12"><span class='ocrx_word' id='word_1_122' title='bbox 322 1584 622 1642; x_wconf 89' lang='lat' dir='ltr'><strong>merabilis</strong></span> <span class='ocrx_word' id='word_1_123' title='bbox 654 1581 852 1654; x_wconf 88' lang='lat' dir='ltr'><strong>populi</strong></span> <span class='ocrx_word' id='word_1_124' title='bbox 884 1597 1084 1636; x_wconf 90' lang='lat' dir='ltr'><strong>verum</strong></span> <span class='ocrx_word' id='word_1_125' title='bbox 1108 1579 1318 1647; x_wconf 88' lang='lat' dir='ltr'><strong>dicere,</strong></span> <span class='ocrx_word' id='word_1_126' title='bbox 1353 1595 1531 1650; x_wconf 90' lang='lat' dir='ltr'><strong>quam</strong></span> <span class='ocrx_word' id='word_1_127' title='bbox 1581 1595 1715 1633; x_wconf 92' lang='lat' dir='ltr'><strong>cum</strong></span> <span class='ocrx_word' id='word_1_128' title='bbox 1773 1580 1968 1631; x_wconf 83' lang='lat' dir='ltr'><strong>tanto-</strong></span> 
     </span>
    </p>
   </div>
   <div class='ocr_carea' id='block_1_18' title="bbox 321 1663 1965 1738">
    <p class='ocr_par' dir='ltr' id='par_1_18' title="bbox 321 1663 1965 1738">
     <span class='ocr_line' id='line_1_18' title="bbox 321 1663 1965 1738; baseline -0.007 -9"><span class='ocrx_word' id='word_1_129' title='bbox 321 1691 452 1729; x_wconf 89' lang='lat' dir='ltr'><strong>rum</strong></span> <span class='ocrx_word' id='word_1_130' title='bbox 483 1672 671 1728; x_wconf 90' lang='lat' dir='ltr'><strong>salute</strong></span> <span class='ocrx_word' id='word_1_131' title='bbox 704 1668 955 1725; x_wconf 90' lang='lat' dir='ltr'><strong>mentiri.</strong></span> <span class='ocrx_word' id='word_1_132' title='bbox 988 1667 1232 1722; x_wconf 88' lang='lat' dir='ltr'><strong>Ponitur</strong></span> <span class='ocrx_word' id='word_1_133' title='bbox 1273 1667 1323 1722; x_wconf 91' lang='lat' dir='ltr'><strong>ei</strong></span> <span class='ocrx_word' id='word_1_134' title='bbox 1374 1670 1707 1738; x_wconf 83' lang='lat' dir='ltr'><strong>exemplum</strong></span> <span class='ocrx_word' id='word_1_135' title='bbox 1745 1683 1757 1720; x_wconf 93' lang='lat'>:</span> <span class='ocrx_word' id='word_1_136' title='bbox 1793 1689 1820 1713; x_wconf 85' lang='lat'><strong><em>«</em></strong></span> <span class='ocrx_word' id='word_1_137' title='bbox 1879 1663 1965 1718; x_wconf 93' lang='lat' dir='ltr'><strong>Tu</strong></span> 
     </span>
    </p>
   </div>
   <div class='ocr_carea' id='block_1_19' title="bbox 318 1752 1968 1833">
    <p class='ocr_par' dir='ltr' id='par_1_19' title="bbox 318 1752 1968 1833">
     <span class='ocr_line' id='line_1_19' title="bbox 318 1752 1968 1833; baseline -0.005 -16"><span class='ocrx_word' id='word_1_138' title='bbox 318 1761 483 1817; x_wconf 90' lang='lat' dir='ltr'><strong>doles</strong></span> <span class='ocrx_word' id='word_1_139' title='bbox 504 1775 681 1833; x_wconf 89' lang='lat' dir='ltr'><strong>super</strong></span> <span class='ocrx_word' id='word_1_140' title='bbox 707 1758 941 1826; x_wconf 88' lang='lat' dir='ltr'><strong>hedera,</strong></span> <span class='ocrx_word' id='word_1_141' title='bbox 972 1758 1087 1811; x_wconf 87' lang='lat' dir='ltr'><strong>sive</strong></span> <span class='ocrx_word' id='word_1_142' title='bbox 1115 1756 1418 1812; x_wconf 88' lang='lat' dir='ltr'><strong>cucurbita</strong></span> <span class='ocrx_word' id='word_1_143' title='bbox 1447 1755 1507 1810; x_wconf 92' lang='lat' dir='ltr'><strong>in</strong></span> <span class='ocrx_word' id='word_1_144' title='bbox 1539 1772 1655 1826; x_wconf 89' lang='lat' dir='ltr'><strong>qua</strong></span> <span class='ocrx_word' id='word_1_145' title='bbox 1707 1771 1824 1810; x_wconf 89' lang='lat' dir='ltr'><strong>non</strong></span> <span class='ocrx_word' id='word_1_146' title='bbox 1876 1752 1968 1808; x_wconf 91' lang='lat' dir='ltr'><strong>la-</strong></span> 
     </span>
    </p>
   </div>
   <div class='ocr_carea' id='block_1_20' title="bbox 319 1843 1969 1918">
    <p class='ocr_par' dir='ltr' id='par_1_20' title="bbox 319 1843 1969 1918">
     <span class='ocr_line' id='line_1_20' title="bbox 319 1843 1969 1918; baseline -0.007 -11"><span class='ocrx_word' id='word_1_147' title='bbox 319 1848 558 1914; x_wconf 85' lang='lat' dir='ltr'><strong>borasti,</strong></span> <span class='ocrx_word' id='word_1_148' title='bbox 593 1863 782 1918; x_wconf 89' lang='lat' dir='ltr'><strong>neque</strong></span> <span class='ocrx_word' id='word_1_149' title='bbox 814 1844 998 1901; x_wconf 85' lang='lat' dir='ltr'><strong>fecisti</strong></span> <span class='ocrx_word' id='word_1_150' title='bbox 1021 1849 1085 1899; x_wconf 92' lang='lat' dir='ltr'><strong>ut</strong></span> <span class='ocrx_word' id='word_1_151' title='bbox 1132 1848 1437 1909; x_wconf 85' lang='lat' dir='ltr'><strong>cresceret,</strong></span> <span class='ocrx_word' id='word_1_152' title='bbox 1493 1861 1620 1916; x_wconf 70' lang='lat' dir='ltr'><strong>quae</strong></span> <span class='ocrx_word' id='word_1_153' title='bbox 1681 1843 1790 1898; x_wconf 88' lang='lat' dir='ltr'><strong>sub</strong></span> <span class='ocrx_word' id='word_1_154' title='bbox 1849 1856 1969 1897; x_wconf 91' lang='lat' dir='ltr'><strong>una</strong></span> 
     </span>
    </p>
   </div>
   <div class='ocr_carea' id='block_1_21' title="bbox 319 1932 1968 2006">
    <p class='ocr_par' dir='ltr' id='par_1_21' title="bbox 319 1932 1968 2006">
     <span class='ocr_line' id='line_1_21' title="bbox 319 1932 1968 2006; baseline -0.006 -11"><span class='ocrx_word' id='word_1_155' title='bbox 319 1943 486 1995; x_wconf 90' lang='lat' dir='ltr'><strong>nocte</strong></span> <span class='ocrx_word' id='word_1_156' title='bbox 516 1940 655 1993; x_wconf 86' lang='lat' dir='ltr'><strong>nata</strong></span> <span class='ocrx_word' id='word_1_157' title='bbox 685 1940 796 2002; x_wconf 87' lang='lat' dir='ltr'><strong>est,</strong></span> <span class='ocrx_word' id='word_1_158' title='bbox 826 1938 884 1990; x_wconf 90' lang='lat' dir='ltr'><strong>et</strong></span> <span class='ocrx_word' id='word_1_159' title='bbox 915 1951 1030 1989; x_wconf 87' lang='lat' dir='ltr'><strong>una</strong></span> <span class='ocrx_word' id='word_1_160' title='bbox 1057 1937 1224 1988; x_wconf 92' lang='lat' dir='ltr'><strong>nocte</strong></span> <span class='ocrx_word' id='word_1_161' title='bbox 1255 1932 1449 2005; x_wconf 89' lang='lat' dir='ltr'><strong>periit,</strong></span> <span class='ocrx_word' id='word_1_162' title='bbox 1482 1938 1537 1988; x_wconf 87' lang='lat' dir='ltr'><strong>et</strong></span> <span class='ocrx_word' id='word_1_163' title='bbox 1562 1948 1668 2006; x_wconf 85' lang='lat' dir='ltr'><strong>ego</strong></span> <span class='ocrx_word' id='word_1_164' title='bbox 1693 1949 1807 1987; x_wconf 90' lang='lat' dir='ltr'><strong>non</strong></span> <span class='ocrx_word' id='word_1_165' title='bbox 1841 1947 1968 2003; x_wconf 85' lang='lat' dir='ltr'><strong>par-</strong></span> 
     </span>
    </p>
   </div>
   <div class='ocr_carea' id='block_1_22' title="bbox 319 2020 1966 2094">
    <p class='ocr_par' dir='ltr' id='par_1_22' title="bbox 319 2020 1966 2094">
     <span class='ocr_line' id='line_1_22' title="bbox 319 2020 1966 2094; baseline -0.005 -11"><span class='ocrx_word' id='word_1_166' title='bbox 319 2043 447 2084; x_wconf 92' lang='lat' dir='ltr'><strong>cam</strong></span> <span class='ocrx_word' id='word_1_167' title='bbox 487 2025 690 2081; x_wconf 85' lang='lat' dir='ltr'><strong>Ninive</strong></span> <span class='ocrx_word' id='word_1_168' title='bbox 711 2022 929 2079; x_wconf 88' lang='lat' dir='ltr'><strong>civitati</strong></span> <span class='ocrx_word' id='word_1_169' title='bbox 961 2023 1271 2094; x_wconf 56' lang='lat' dir='ltr'><strong>magneﬁn</strong></span> <span class='ocrx_word' id='word_1_170' title='bbox 1302 2038 1420 2093; x_wconf 88' lang='lat' dir='ltr'><strong>qua</strong></span> <span class='ocrx_word' id='word_1_171' title='bbox 1459 2026 1598 2076; x_wconf 84' lang='lat' dir='ltr'><strong>sunt</strong></span> <span class='ocrx_word' id='word_1_172' title='bbox 1623 2020 1757 2093; x_wconf 84' lang='lat' dir='ltr'><strong>plus</strong></span> <span class='ocrx_word' id='word_1_173' title='bbox 1787 2036 1966 2092; x_wconf 89' lang='lat' dir='ltr'><strong>quam</strong></span> 
     </span>
    </p>
   </div>
   <div class='ocr_carea' id='block_1_23' title="bbox 319 2108 1967 2185">
    <p class='ocr_par' dir='ltr' id='par_1_23' title="bbox 319 2108 1967 2185">
     <span class='ocr_line' id='line_1_23' title="bbox 319 2108 1967 2185; baseline -0.006 -13"><span class='ocrx_word' id='word_1_174' title='bbox 319 2120 553 2173; x_wconf 88' lang='lat' dir='ltr'><strong>centum</strong></span> <span class='ocrx_word' id='word_1_175' title='bbox 584 2111 787 2185; x_wconf 86' lang='lat' dir='ltr'><strong>viginti</strong></span> <span class='ocrx_word' id='word_1_176' title='bbox 819 2109 1002 2166; x_wconf 90' lang='lat' dir='ltr'><strong>millia</strong></span> <span class='ocrx_word' id='word_1_177' title='bbox 1032 2110 1362 2180; x_wconf 87' lang='lat' dir='ltr'><strong>hominum,</strong></span> <span class='ocrx_word' id='word_1_178' title='bbox 1396 2110 1495 2182; x_wconf 89' lang='lat' dir='ltr'><strong>qui</strong></span> <span class='ocrx_word' id='word_1_179' title='bbox 1528 2110 1797 2166; x_wconf 90' lang='lat' dir='ltr'><strong>nesciunt</strong></span> <span class='ocrx_word' id='word_1_180' title='bbox 1827 2108 1967 2181; x_wconf 90' lang='lat' dir='ltr'><strong>quid</strong></span> 
     </span>
    </p>
   </div>
   <div class='ocr_carea' id='block_1_24' title="bbox 320 2198 1965 2267">
    <p class='ocr_par' dir='ltr' id='par_1_24' title="bbox 320 2198 1965 2267">
     <span class='ocr_line' id='line_1_24' title="bbox 320 2198 1965 2267; baseline -0.007 -5"><span class='ocrx_word' id='word_1_181' title='bbox 320 2207 397 2262; x_wconf 87' lang='lat' dir='ltr'><strong>sit</strong></span> <span class='ocrx_word' id='word_1_182' title='bbox 427 2205 580 2259; x_wconf 89' lang='lat' dir='ltr'><strong>inter</strong></span> <span class='ocrx_word' id='word_1_183' title='bbox 618 2202 912 2257; x_wconf 87' lang='lat' dir='ltr'><strong>dexteram</strong></span> <span class='ocrx_word' id='word_1_184' title='bbox 944 2202 1001 2254; x_wconf 89' lang='lat' dir='ltr'><strong>et</strong></span> <span class='ocrx_word' id='word_1_185' title='bbox 1029 2198 1330 2254; x_wconf 85' lang='lat' dir='ltr'><strong>sinistram</strong></span> <span class='ocrx_word' id='word_1_186' title='bbox 1363 2215 1531 2254; x_wconf 91' lang='lat' dir='ltr'><strong>suam</strong></span> <span class='ocrx_word' id='word_1_187' title='bbox 1550 2201 1726 2267; x_wconf 50' lang='lat' dir='ltr'><strong>(Iona</strong></span> <span class='ocrx_word' id='word_1_188' title='bbox 1754 2215 1829 2266; x_wconf 88' lang='grc' dir='ltr'><strong>ιν,</strong></span> <span class='ocrx_word' id='word_1_189' title='bbox 1879 2199 1965 2264; x_wconf 90' lang='grc'><strong>10,</strong></span> 
     </span>
    </p>
   </div>
   <div class='ocr_carea' id='block_1_25' title="bbox 323 2286 1968 2365">
    <p class='ocr_par' dir='ltr' id='par_1_25' title="bbox 323 2286 1968 2365">
     <span class='ocr_line' id='line_1_25' title="bbox 323 2286 1968 2365; baseline -0.005 -15"><span class='ocrx_word' id='word_1_190' title='bbox 323 2294 410 2365; x_wconf 77' lang='lat' dir='ltr'><strong>it)</strong></span> <span class='ocrx_word' id='word_1_191' title='bbox 445 2296 467 2348; x_wconf 73' lang='grc' dir='ltr'><strong><em>Ρ</em></strong></span> <span class='ocrx_word' id='word_1_192' title='bbox 499 2315 526 2342; x_wconf 92' lang='grc'><strong>››</strong></span> <span class='ocrx_word' id='word_1_193' title='bbox 559 2291 618 2348; x_wconf 93' lang='lat' dir='ltr'><strong>Si</strong></span> <span class='ocrx_word' id='word_1_194' title='bbox 652 2291 711 2344; x_wconf 93' lang='lat' dir='ltr'><strong>in</strong></span> <span class='ocrx_word' id='word_1_195' title='bbox 753 2288 1129 2362; x_wconf 88' lang='lat' dir='ltr'><strong>parvulorum</strong></span> <span class='ocrx_word' id='word_1_196' title='bbox 1159 2293 1326 2344; x_wconf 69' lang='lat' dir='ltr'><strong>astate</strong></span> <span class='ocrx_word' id='word_1_197' title='bbox 1355 2292 1412 2343; x_wconf 92' lang='lat' dir='ltr'><strong>et</strong></span> <span class='ocrx_word' id='word_1_198' title='bbox 1433 2286 1968 2360; x_wconf 87' lang='lat' dir='ltr'><strong>simplicium,quos</strong></span> 
     </span>
    </p>
   </div>
   <div class='ocr_carea' id='block_1_26' title="bbox 319 2376 1965 2452">
    <p class='ocr_par' dir='ltr' id='par_1_26' title="bbox 319 2376 1965 2452">
     <span class='ocr_line' id='line_1_26' title="bbox 319 2376 1965 2452; baseline -0.005 -13"><span class='ocrx_word' id='word_1_199' title='bbox 319 2386 472 2439; x_wconf 89' lang='lat' dir='ltr'><strong>certe</strong></span> <span class='ocrx_word' id='word_1_200' title='bbox 546 2385 878 2452; x_wconf 90' lang='lat' dir='ltr'><strong>peccatores</strong></span> <span class='ocrx_word' id='word_1_201' title='bbox 935 2377 1116 2433; x_wconf 86' lang='lat' dir='ltr'><strong>fuisse</strong></span> <span class='ocrx_word' id='word_1_202' title='bbox 1174 2394 1290 2433; x_wconf 90' lang='lat' dir='ltr'><strong>non</strong></span> <span class='ocrx_word' id='word_1_203' title='bbox 1349 2378 1566 2450; x_wconf 87' lang='lat' dir='ltr'><strong>poteris</strong></span> <span class='ocrx_word' id='word_1_204' title='bbox 1622 2376 1965 2449; x_wconf 88' lang='lat' dir='ltr'><strong>approbare,</strong></span> 
     </span>
    </p>
   </div>
   <div class='ocr_carea' id='block_1_27' title="bbox 319 2465 1968 2538">
    <p class='ocr_par' dir='ltr' id='par_1_27' title="bbox 319 2465 1968 2538">
     <span class='ocr_line' id='line_1_27' title="bbox 319 2465 1968 2538; baseline -0.003 -13"><span class='ocrx_word' id='word_1_205' title='bbox 319 2476 483 2534; x_wconf 89' lang='lat' dir='ltr'><strong>tanta</strong></span> <span class='ocrx_word' id='word_1_206' title='bbox 509 2470 618 2525; x_wconf 85' lang='lat' dir='ltr'><strong>fuit</strong></span> <span class='ocrx_word' id='word_1_207' title='bbox 648 2467 957 2523; x_wconf 90' lang='lat' dir='ltr'><strong>hominum</strong></span> <span class='ocrx_word' id='word_1_208' title='bbox 989 2466 1325 2534; x_wconf 89' lang='lat' dir='ltr'><strong>multitudo,</strong></span> <span class='ocrx_word' id='word_1_209' title='bbox 1384 2467 1523 2538; x_wconf 89' lang='lat' dir='ltr'><strong>quid</strong></span> <span class='ocrx_word' id='word_1_210' title='bbox 1574 2467 1838 2521; x_wconf 89' lang='lat' dir='ltr'><strong>dicemus</strong></span> <span class='ocrx_word' id='word_1_211' title='bbox 1897 2465 1968 2520; x_wconf 89' lang='lat' dir='ltr'><strong>de</strong></span> 
     </span>
    </p>
   </div>
   <div class='ocr_carea' id='block_1_28' title="bbox 321 2554 1965 2630">
    <p class='ocr_par' dir='ltr' id='par_1_28' title="bbox 321 2554 1965 2630">
     <span class='ocr_line' id='line_1_28' title="bbox 321 2554 1965 2630; baseline -0.005 -14"><span class='ocrx_word' id='word_1_212' title='bbox 321 2560 628 2630; x_wconf 90' lang='lat' dir='ltr'><strong>utriusque</strong></span> <span class='ocrx_word' id='word_1_213' title='bbox 659 2573 833 2613; x_wconf 82' lang='lat' dir='ltr'><strong>sexus</strong></span> <span class='ocrx_word' id='word_1_214' title='bbox 862 2559 1031 2611; x_wconf 65' lang='lat' dir='ltr'><strong>aetate</strong></span> <span class='ocrx_word' id='word_1_215' title='bbox 1060 2555 1635 2628; x_wconf 64' lang='lat' dir='ltr'><strong>diversa,qua,juxta</strong></span> <span class='ocrx_word' id='word_1_216' title='bbox 1663 2554 1965 2611; x_wconf 86' lang='lat' dir='ltr'><strong>Philonem</strong></span> 
     </span>
    </p>
   </div>
   <div class='ocr_carea' id='block_1_29' title="bbox 319 2643 1965 2720">
    <p class='ocr_par' dir='ltr' id='par_1_29' title="bbox 319 2643 1965 2720">
     <span class='ocr_line' id='line_1_29' title="bbox 319 2643 1965 2720; baseline -0.005 -15"><span class='ocrx_word' id='word_1_217' title='bbox 319 2654 378 2706; x_wconf 93' lang='lat' dir='ltr'><strong>et</strong></span> <span class='ocrx_word' id='word_1_218' title='bbox 407 2645 940 2720; x_wconf 80' lang='lat' dir='ltr'><strong>prudentissimum</strong></span> <span class='ocrx_word' id='word_1_219' title='bbox 973 2644 986 2676; x_wconf 84' lang='grc'>¹</span> <span class='ocrx_word' id='word_1_220' title='bbox 1017 2643 1500 2717; x_wconf 89' lang='lat' dir='ltr'><strong>philosophorum</strong></span> <span class='ocrx_word' id='word_1_221' title='bbox 1525 2643 1871 2715; x_wconf 88' lang='lat' dir='ltr'><strong>(Platonem,</strong></span> <span class='ocrx_word' id='word_1_222' title='bbox 1905 2643 1965 2696; x_wconf 93' lang='lat' dir='ltr'><strong>in</strong></span> 
     </span>
    </p>
   </div>
   <div class='ocr_carea' id='block_1_30' title="bbox 322 2732 1964 2805">
    <p class='ocr_par' dir='ltr' id='par_1_30' title="bbox 322 2732 1964 2805">
     <span class='ocr_line' id='line_1_30' title="bbox 322 2732 1964 2805; baseline -0.005 -11"><span class='ocrx_word' id='word_1_223' title='bbox 322 2738 566 2804; x_wconf 68' lang='lat' dir='ltr'><strong>Timaeo),</strong></span> <span class='ocrx_word' id='word_1_224' title='bbox 599 2735 670 2790; x_wconf 92' lang='lat' dir='ltr'><strong>ab</strong></span> <span class='ocrx_word' id='word_1_225' title='bbox 703 2732 951 2788; x_wconf 82' lang='lat' dir='ltr'><strong>infantia</strong></span> <span class='ocrx_word' id='word_1_226' title='bbox 971 2748 1158 2804; x_wconf 89' lang='lat' dir='ltr'><strong>usque</strong></span> <span class='ocrx_word' id='word_1_227' title='bbox 1189 2733 1260 2788; x_wconf 90' lang='lat' dir='ltr'><strong>ad</strong></span> <span class='ocrx_word' id='word_1_228' title='bbox 1293 2733 1645 2805; x_wconf 89' lang='lat' dir='ltr'><strong>decrepitam</strong></span> <span class='ocrx_word' id='word_1_229' title='bbox 1699 2736 1964 2788; x_wconf 85' lang='lat' dir='ltr'><strong>senectu-</strong></span> 
     </span>
    </p>
   </div>
   <div class='ocr_carea' id='block_1_31' title="bbox 322 2819 1966 2898">
    <p class='ocr_par' dir='ltr' id='par_1_31' title="bbox 322 2819 1966 2898">
     <span class='ocr_line' id='line_1_31' title="bbox 322 2819 1966 2898; baseline -0.005 -16"><span class='ocrx_word' id='word_1_230' title='bbox 322 2831 463 2894; x_wconf 90' lang='lat' dir='ltr'><strong>tem,</strong></span> <span class='ocrx_word' id='word_1_231' title='bbox 497 2823 824 2898; x_wconf 87' lang='lat' dir='ltr'><strong>septenario</strong></span> <span class='ocrx_word' id='word_1_232' title='bbox 867 2821 1069 2878; x_wconf 89' lang='lat' dir='ltr'><strong>ordine</strong></span> <span class='ocrx_word' id='word_1_233' title='bbox 1109 2821 1450 2888; x_wconf 90' lang='lat' dir='ltr'><strong>devolvitur,</strong></span> <span class='ocrx_word' id='word_1_234' title='bbox 1507 2822 1649 2876; x_wconf 93' lang='lat' dir='ltr'><strong>dum</strong></span> <span class='ocrx_word' id='word_1_235' title='bbox 1707 2820 1817 2876; x_wconf 88' lang='lat' dir='ltr'><strong>sibi</strong></span> <span class='ocrx_word' id='word_1_236' title='bbox 1884 2819 1966 2875; x_wconf 91' lang='lat' dir='ltr'><strong>sic</strong></span> 
     </span>
    </p>
   </div>
   <div class='ocr_carea' id='block_1_32' title="bbox 321 2909 1965 2980">
    <p class='ocr_par' dir='ltr' id='par_1_32' title="bbox 321 2909 1965 2980">
     <span class='ocr_line' id='line_1_32' title="bbox 321 2909 1965 2980; baseline -0.003 -10"><span class='ocrx_word' id='word_1_237' title='bbox 321 2915 578 2971; x_wconf 89' lang='lat' dir='ltr'><strong>invicem</strong></span> <span class='ocrx_word' id='word_1_238' title='bbox 609 2916 846 2968; x_wconf 71' lang='lat' dir='ltr'><strong>aetatum</strong></span> <span class='ocrx_word' id='word_1_239' title='bbox 878 2911 1236 2966; x_wconf 89' lang='lat' dir='ltr'><strong>incrementa</strong></span> <span class='ocrx_word' id='word_1_240' title='bbox 1266 2910 1611 2980; x_wconf 89' lang='lat' dir='ltr'><strong>succedunt,</strong></span> <span class='ocrx_word' id='word_1_241' title='bbox 1635 2912 1700 2964; x_wconf 93' lang='lat' dir='ltr'><strong>ut</strong></span> <span class='ocrx_word' id='word_1_242' title='bbox 1733 2909 1965 2980; x_wconf 89' lang='lat' dir='ltr'><strong>quando</strong></span> 
     </span>
    </p>
   </div>
   <div class='ocr_carea' id='block_1_33' title="bbox 322 2997 1964 3068">
    <p class='ocr_par' dir='ltr' id='par_1_33' title="bbox 322 2997 1964 3068">
     <span class='ocr_line' id='line_1_33' title="bbox 322 2997 1964 3068; baseline -0.005 -7"><span class='ocrx_word' id='word_1_243' title='bbox 322 3006 394 3061; x_wconf 91' lang='lat' dir='ltr'><strong>de</strong></span> <span class='ocrx_word' id='word_1_244' title='bbox 419 3004 532 3060; x_wconf 91' lang='lat' dir='ltr'><strong>alia</strong></span> <span class='ocrx_word' id='word_1_245' title='bbox 560 3007 931 3058; x_wconf 89' lang='lat' dir='ltr'><strong>transeamus</strong></span> <span class='ocrx_word' id='word_1_246' title='bbox 962 2999 1033 3055; x_wconf 88' lang='lat' dir='ltr'><strong>ad</strong></span> <span class='ocrx_word' id='word_1_247' title='bbox 1066 2998 1264 3068; x_wconf 88' lang='lat' dir='ltr'><strong>aliam,</strong></span> <span class='ocrx_word' id='word_1_248' title='bbox 1298 2999 1513 3056; x_wconf 90' lang='lat' dir='ltr'><strong>sentire</strong></span> <span class='ocrx_word' id='word_1_249' title='bbox 1573 2997 1817 3054; x_wconf 90' lang='lat' dir='ltr'><strong>minime</strong></span> <span class='ocrx_word' id='word_1_250' title='bbox 1867 3015 1964 3053; x_wconf 90' lang='lat' dir='ltr'><strong>va-</strong></span> 
     </span>
    </p>
   </div>
   <div class='ocr_carea' id='block_1_34' title="bbox 319 3091 618 3150">
    <p class='ocr_par' dir='ltr' id='par_1_34' title="bbox 319 3091 618 3150">
     <span class='ocr_line' id='line_1_34' title="bbox 319 3091 618 3150; baseline -0.007 0"><span class='ocrx_word' id='word_1_251' title='bbox 319 3093 549 3150; x_wconf 91' lang='lat' dir='ltr'><strong>leamus</strong></span> <span class='ocrx_word' id='word_1_252' title='bbox 569 3091 618 3148; x_wconf 84' lang='lat'><strong>?.</strong></span> 
     </span>
    </p>
   </div>
   <div class='ocr_carea' id='block_1_35' title="bbox 2077 507 3724 584">
    <p class='ocr_par' dir='ltr' id='par_1_35' title="bbox 2077 507 3724 584">
     <span class='ocr_line' id='line_1_35' title="bbox 2077 507 3724 584; baseline -0.005 -16"><span class='ocrx_word' id='word_1_253' title='bbox 2077 513 2396 569; x_wconf 91' lang='lat' dir='ltr'><strong>mendacio.</strong></span> <span class='ocrx_word' id='word_1_254' title='bbox 2423 514 2668 570; x_wconf 89' lang='lat' dir='ltr'><strong>Possum</strong></span> <span class='ocrx_word' id='word_1_255' title='bbox 2695 512 2854 570; x_wconf 89' lang='lat' dir='ltr'><strong>enim</strong></span> <span class='ocrx_word' id='word_1_256' title='bbox 2893 511 3038 570; x_wconf 90' lang='lat' dir='ltr'><strong>illud</strong></span> <span class='ocrx_word' id='word_1_257' title='bbox 3063 510 3169 569; x_wconf 90' lang='lat' dir='ltr'><strong>tibi</strong></span> <span class='ocrx_word' id='word_1_258' title='bbox 3193 507 3456 584; x_wconf 89' lang='lat' dir='ltr'><strong>Apostoli</strong></span> <span class='ocrx_word' id='word_1_259' title='bbox 3485 521 3724 579; x_wconf 88' lang='lat' dir='ltr'><strong>respon-</strong></span> 
     </span>
    </p>
   </div>
   <div class='ocr_carea' id='block_1_36' title="bbox 2076 595 3721 676">
    <p class='ocr_par' dir='ltr' id='par_1_36' title="bbox 2076 595 3721 676">
     <span class='ocr_line' id='line_1_36' title="bbox 2076 595 3721 676; baseline -0.005 -17"><span class='ocrx_word' id='word_1_260' title='bbox 2076 604 2247 659; x_wconf 90' lang='lat' dir='ltr'><strong>dere:</strong></span> <span class='ocrx_word' id='word_1_261' title='bbox 2283 626 2310 653; x_wconf 92' lang='grc'><strong>‹‹</strong></span> <span class='ocrx_word' id='word_1_262' title='bbox 2345 603 2460 659; x_wconf 88' lang='lat' dir='ltr'><strong>Etsi</strong></span> <span class='ocrx_word' id='word_1_263' title='bbox 2494 604 2802 676; x_wconf 90' lang='lat' dir='ltr'><strong>imperitus</strong></span> <span class='ocrx_word' id='word_1_264' title='bbox 2831 619 3120 670; x_wconf 90' lang='lat' dir='ltr'><strong>sermone,</strong></span> <span class='ocrx_word' id='word_1_265' title='bbox 3155 617 3271 656; x_wconf 92' lang='lat' dir='ltr'><strong>non</strong></span> <span class='ocrx_word' id='word_1_266' title='bbox 3295 605 3488 655; x_wconf 85' lang='lat' dir='ltr'><strong>tamen</strong></span> <span class='ocrx_word' id='word_1_267' title='bbox 3529 595 3721 652; x_wconf 87' lang='lat' dir='ltr'><strong>scien-</strong></span> 
     </span>
    </p>
   </div>
   <div class='ocr_carea' id='block_1_37' title="bbox 2075 688 3720 764">
    <p class='ocr_par' dir='ltr' id='par_1_37' title="bbox 2075 688 3720 764">
     <span class='ocr_line' id='line_1_37' title="bbox 2075 688 3720 764; baseline -0.005 -16"><span class='ocrx_word' id='word_1_268' title='bbox 2075 693 2157 748; x_wconf 86' lang='lat' dir='ltr'><strong>tia</strong></span> <span class='ocrx_word' id='word_1_269' title='bbox 2183 695 2263 764; x_wconf 92' lang='grc' dir='ltr'>(ιι</span> <span class='ocrx_word' id='word_1_270' title='bbox 2291 693 2416 748; x_wconf 84' lang='lat' dir='ltr'><strong>Cor.</strong></span> <span class='ocrx_word' id='word_1_271' title='bbox 2449 711 2528 760; x_wconf 87' lang='lat' dir='ltr'><strong>x.,</strong></span> <span class='ocrx_word' id='word_1_272' title='bbox 2559 695 2636 761; x_wconf 90' lang='lat'><strong>6).</strong></span> <span class='ocrx_word' id='word_1_273' title='bbox 2674 715 2700 742; x_wconf 86' lang='lat'>»</span> <span class='ocrx_word' id='word_1_274' title='bbox 2732 693 2973 758; x_wconf 88' lang='lat' dir='ltr'><strong>Quando</strong></span> <span class='ocrx_word' id='word_1_275' title='bbox 3004 691 3161 747; x_wconf 92' lang='lat' dir='ltr'><strong>enim</strong></span> <span class='ocrx_word' id='word_1_276' title='bbox 3191 688 3720 762; x_wconf 87' lang='lat' dir='ltr'><strong>loqueris,coactus</strong></span> 
     </span>
    </p>
   </div>
   <div class='ocr_carea' id='block_1_38' title="bbox 2075 774 3718 854">
    <p class='ocr_par' dir='ltr' id='par_1_38' title="bbox 2075 774 3718 854">
     <span class='ocr_line' id='line_1_38' title="bbox 2075 774 3718 854; baseline -0.005 -16"><span class='ocrx_word' id='word_1_277' title='bbox 2075 783 2650 854; x_wconf 87' lang='lat' dir='ltr'><strong>argumentationum</strong></span> <span class='ocrx_word' id='word_1_278' title='bbox 2695 781 2954 854; x_wconf 88' lang='lat' dir='ltr'><strong>strophis</strong></span> <span class='ocrx_word' id='word_1_279' title='bbox 3008 780 3114 836; x_wconf 89' lang='lat' dir='ltr'><strong>tibi</strong></span> <span class='ocrx_word' id='word_1_280' title='bbox 3163 778 3360 835; x_wconf 90' lang='lat' dir='ltr'><strong>videor</strong></span> <span class='ocrx_word' id='word_1_281' title='bbox 3411 774 3718 843; x_wconf 78' lang='lat' dir='ltr'><strong>assentire,</strong></span> 
     </span>
    </p>
   </div>
   <div class='ocr_carea' id='block_1_39' title="bbox 2075 866 3721 939">
    <p class='ocr_par' dir='ltr' id='par_1_39' title="bbox 2075 866 3721 939">
     <span class='ocr_line' id='line_1_39' title="bbox 2075 866 3721 939; baseline -0.005 -12"><span class='ocrx_word' id='word_1_282' title='bbox 2075 889 2211 928; x_wconf 89' lang='lat' dir='ltr'><strong>cum</strong></span> <span class='ocrx_word' id='word_1_283' title='bbox 2243 876 2439 927; x_wconf 89' lang='lat' dir='ltr'><strong>autem</strong></span> <span class='ocrx_word' id='word_1_284' title='bbox 2470 870 2742 939; x_wconf 87' lang='lat' dir='ltr'><strong>tacueris,</strong></span> <span class='ocrx_word' id='word_1_285' title='bbox 2768 888 2837 926; x_wconf 89' lang='lat' dir='ltr'><strong>ex</strong></span> <span class='ocrx_word' id='word_1_286' title='bbox 2865 870 3061 926; x_wconf 90' lang='lat' dir='ltr'><strong>animo</strong></span> <span class='ocrx_word' id='word_1_287' title='bbox 3092 885 3300 924; x_wconf 87' lang='lat' dir='ltr'><strong>rursus</strong></span> <span class='ocrx_word' id='word_1_288' title='bbox 3327 866 3598 933; x_wconf 83' lang='lat' dir='ltr'><strong>elabitur,</strong></span> <span class='ocrx_word' id='word_1_289' title='bbox 3659 871 3721 919; x_wconf 88' lang='lat' dir='ltr'><strong>ut</strong></span> 
     </span>
    </p>
   </div>
   <div class='ocr_carea' id='block_1_40' title="bbox 2075 947 3722 1032">
    <p class='ocr_par' dir='ltr' id='par_1_40' title="bbox 2075 947 3722 1032">
     <span class='ocr_line' id='line_1_40' title="bbox 2075 947 3722 1032; baseline -0.005 -17"><span class='ocrx_word' id='word_1_290' title='bbox 2075 960 2298 1032; x_wconf 90' lang='lat' dir='ltr'><strong>liquido</strong></span> <span class='ocrx_word' id='word_1_291' title='bbox 2325 963 2601 1032; x_wconf 89' lang='lat' dir='ltr'><strong>appareat</strong></span> <span class='ocrx_word' id='word_1_292' title='bbox 2630 947 3085 1031; x_wconf 83' lang='lat' dir='ltr'><strong>disputationem</strong></span> <span class='ocrx_word' id='word_1_293' title='bbox 3116 962 3281 1014; x_wconf 91' lang='lat' dir='ltr'><strong>tuam</strong></span> <span class='ocrx_word' id='word_1_294' title='bbox 3315 973 3428 1011; x_wconf 90' lang='lat' dir='ltr'><strong>non</strong></span> <span class='ocrx_word' id='word_1_295' title='bbox 3451 971 3520 1010; x_wconf 84' lang='lat' dir='ltr'><strong>ex</strong></span> <span class='ocrx_word' id='word_1_296' title='bbox 3545 951 3722 1008; x_wconf 81' lang='lat' dir='ltr'><strong>fonti-</strong></span> 
     </span>
    </p>
   </div>
   <div class='ocr_carea' id='block_1_41' title="bbox 2077 1041 3720 1118">
    <p class='ocr_par' dir='ltr' id='par_1_41' title="bbox 2077 1041 3720 1118">
     <span class='ocr_line' id='line_1_41' title="bbox 2077 1041 3720 1118; baseline -0.005 -13"><span class='ocrx_word' id='word_1_297' title='bbox 2077 1051 2189 1105; x_wconf 92' lang='lat' dir='ltr'><strong>bus</strong></span> <span class='ocrx_word' id='word_1_298' title='bbox 2223 1048 2488 1106; x_wconf 88' lang='lat' dir='ltr'><strong>veritatis</strong></span> <span class='ocrx_word' id='word_1_299' title='bbox 2517 1050 2670 1104; x_wconf 75' lang='grc' dir='ltr'>πο</span> <span class='ocrx_word' id='word_1_300' title='bbox 2700 1053 2758 1104; x_wconf 90' lang='lat' dir='ltr'><strong>et</strong></span> <span class='ocrx_word' id='word_1_301' title='bbox 2783 1047 3116 1104; x_wconf 87' lang='lat' dir='ltr'><strong>Christiana</strong></span> <span class='ocrx_word' id='word_1_302' title='bbox 3155 1045 3556 1118; x_wconf 85' lang='lat' dir='ltr'><strong>simplicitate,</strong></span> <span class='ocrx_word' id='word_1_303' title='bbox 3616 1041 3720 1098; x_wconf 89' lang='lat' dir='ltr'><strong>sed</strong></span> 
     </span>
    </p>
   </div>
   <div class='ocr_carea' id='block_1_42' title="bbox 2075 1131 3716 1210">
    <p class='ocr_par' dir='ltr' id='par_1_42' title="bbox 2075 1131 3716 1210">
     <span class='ocr_line' id='line_1_42' title="bbox 2075 1131 3716 1210; baseline -0.007 -15"><span class='ocrx_word' id='word_1_304' title='bbox 2075 1156 2144 1196; x_wconf 83' lang='lat' dir='ltr'><strong>ex</strong></span> <span class='ocrx_word' id='word_1_305' title='bbox 2167 1138 2644 1210; x_wconf 84' lang='lat' dir='ltr'><strong>philosOphorum</strong></span> <span class='ocrx_word' id='word_1_306' title='bbox 2677 1137 2945 1192; x_wconf 89' lang='lat' dir='ltr'><strong>minutiis</strong></span> <span class='ocrx_word' id='word_1_307' title='bbox 2974 1141 3030 1192; x_wconf 93' lang='lat' dir='ltr'><strong>et</strong></span> <span class='ocrx_word' id='word_1_308' title='bbox 3063 1140 3187 1192; x_wconf 89' lang='lat' dir='ltr'><strong>arte</strong></span> <span class='ocrx_word' id='word_1_309' title='bbox 3244 1133 3610 1190; x_wconf 88' lang='lat' dir='ltr'><strong>descendere.</strong></span> <span class='ocrx_word' id='word_1_310' title='bbox 3651 1131 3716 1185; x_wconf 83' lang='lat' dir='ltr'><strong>A.</strong></span> 
     </span>
    </p>
   </div>
   <div class='ocr_carea' id='block_1_43' title="bbox 2074 1219 3718 1300">
    <p class='ocr_par' dir='ltr' id='par_1_43' title="bbox 2074 1219 3718 1300">
     <span class='ocr_line' id='line_1_43' title="bbox 2074 1219 3718 1300; baseline -0.004 -19"><span class='ocrx_word' id='word_1_311' title='bbox 2074 1229 2175 1283; x_wconf 88' lang='lat' dir='ltr'><strong>Vis</strong></span> <span class='ocrx_word' id='word_1_312' title='bbox 2197 1245 2332 1300; x_wconf 87' lang='lat' dir='ltr'><strong>ergo</strong></span> <span class='ocrx_word' id='word_1_313' title='bbox 2365 1245 2460 1284; x_wconf 89' lang='lat' dir='ltr'><strong>me</strong></span> <span class='ocrx_word' id='word_1_314' title='bbox 2489 1243 2724 1283; x_wconf 89' lang='lat' dir='ltr'><strong>rursum</strong></span> <span class='ocrx_word' id='word_1_315' title='bbox 2746 1226 2828 1282; x_wconf 94' lang='lat' dir='ltr'><strong>uti</strong></span> <span class='ocrx_word' id='word_1_316' title='bbox 2853 1224 3208 1281; x_wconf 88' lang='lat' dir='ltr'><strong>testimoniis</strong></span> <span class='ocrx_word' id='word_1_317' title='bbox 3233 1223 3670 1295; x_wconf 89' lang='lat' dir='ltr'><strong>Scripturarum</strong></span> <span class='ocrx_word' id='word_1_318' title='bbox 3689 1219 3718 1273; x_wconf 80' lang='lat'><strong>‘.’</strong></span> 
     </span>
    </p>
   </div>
   <div class='ocr_carea' id='block_1_44' title="bbox 2077 1313 3726 1389">
    <p class='ocr_par' dir='ltr' id='par_1_44' title="bbox 2077 1313 3726 1389">
     <span class='ocr_line' id='line_1_44' title="bbox 2077 1313 3726 1389; baseline -0.005 -17"><span class='ocrx_word' id='word_1_319' title='bbox 2077 1317 2144 1372; x_wconf 90' lang='lat' dir='ltr'><strong>Et</strong></span> <span class='ocrx_word' id='word_1_320' title='bbox 2175 1318 2466 1389; x_wconf 90' lang='lat' dir='ltr'><strong>quomodo</strong></span> <span class='ocrx_word' id='word_1_321' title='bbox 2497 1317 2726 1387; x_wconf 88' lang='lat' dir='ltr'><strong>jactant</strong></span> <span class='ocrx_word' id='word_1_322' title='bbox 2763 1314 3038 1387; x_wconf 91' lang='lat' dir='ltr'><strong>discipuli</strong></span> <span class='ocrx_word' id='word_1_323' title='bbox 3086 1314 3195 1381; x_wconf 85' lang='lat' dir='ltr'><strong>tui,</strong></span> <span class='ocrx_word' id='word_1_324' title='bbox 3263 1313 3495 1368; x_wconf 90' lang='lat' dir='ltr'><strong>nullum</strong></span> <span class='ocrx_word' id='word_1_325' title='bbox 3555 1325 3726 1380; x_wconf 72' lang='lat' dir='ltr'><strong>argu-</strong></span> 
     </span>
    </p>
   </div>
   <div class='ocr_carea' id='block_1_45' title="bbox 2076 1397 3724 1476">
    <p class='ocr_par' dir='ltr' id='par_1_45' title="bbox 2076 1397 3724 1476">
     <span class='ocr_line' id='line_1_45' title="bbox 2076 1397 3724 1476; baseline -0.005 -14"><span class='ocrx_word' id='word_1_326' title='bbox 2076 1406 2420 1462; x_wconf 89' lang='lat' dir='ltr'><strong>mentationi</strong></span> <span class='ocrx_word' id='word_1_327' title='bbox 2447 1411 2559 1462; x_wconf 66' lang='lat' dir='ltr'><strong>tuae</strong></span> <span class='ocrx_word' id='word_1_328' title='bbox 2592 1421 2763 1476; x_wconf 91' lang='lat' dir='ltr'><strong>posse</strong></span> <span class='ocrx_word' id='word_1_329' title='bbox 2784 1410 2840 1460; x_wconf 92' lang='lat' dir='ltr'><strong>et</strong></span> <span class='ocrx_word' id='word_1_330' title='bbox 2855 1402 3316 1476; x_wconf 87' lang='lat' dir='ltr'><strong>problematibus</strong></span> <span class='ocrx_word' id='word_1_331' title='bbox 3339 1397 3724 1474; x_wconf 77' lang='lat' dir='ltr'><strong>respondere?</strong></span> 
     </span>
    </p>
   </div>
   <div class='ocr_carea' id='block_1_46' title="bbox 2078 1491 3723 1564">
    <p class='ocr_par' dir='ltr' id='par_1_46' title="bbox 2078 1491 3723 1564">
     <span class='ocr_line' id='line_1_46' title="bbox 2078 1491 3723 1564; baseline -0.004 -13"><span class='ocrx_word' id='word_1_332' title='bbox 2078 1497 2136 1551; x_wconf 87' lang='lat' dir='ltr'><strong>C.</strong></span> <span class='ocrx_word' id='word_1_333' title='bbox 2169 1497 2292 1552; x_wconf 90' lang='lat' dir='ltr'><strong>Non</strong></span> <span class='ocrx_word' id='word_1_334' title='bbox 2327 1495 2517 1552; x_wconf 89' lang='lat' dir='ltr'><strong>solum</strong></span> <span class='ocrx_word' id='word_1_335' title='bbox 2576 1494 2725 1562; x_wconf 88' lang='lat' dir='ltr'><strong>volo,</strong></span> <span class='ocrx_word' id='word_1_336' title='bbox 2789 1493 2890 1550; x_wconf 90' lang='lat' dir='ltr'><strong>sed</strong></span> <span class='ocrx_word' id='word_1_337' title='bbox 2943 1497 3000 1548; x_wconf 92' lang='lat' dir='ltr'><strong>et</strong></span> <span class='ocrx_word' id='word_1_338' title='bbox 3052 1493 3242 1564; x_wconf 91' lang='lat' dir='ltr'><strong>cupio.</strong></span> <span class='ocrx_word' id='word_1_339' title='bbox 3295 1492 3445 1548; x_wconf 90' lang='lat' dir='ltr'><strong>Doce</strong></span> <span class='ocrx_word' id='word_1_340' title='bbox 3503 1505 3597 1546; x_wconf 90' lang='lat' dir='ltr'><strong>me</strong></span> <span class='ocrx_word' id='word_1_341' title='bbox 3653 1491 3723 1545; x_wconf 90' lang='lat' dir='ltr'><strong>de</strong></span> 
     </span>
    </p>
   </div>
   <div class='ocr_carea' id='block_1_47' title="bbox 2075 1579 3716 1657">
    <p class='ocr_par' dir='ltr' id='par_1_47' title="bbox 2075 1579 3716 1657">
     <span class='ocr_line' id='line_1_47' title="bbox 2075 1579 3716 1657; baseline -0.007 -14"><span class='ocrx_word' id='word_1_342' title='bbox 2075 1585 2389 1657; x_wconf 89' lang='lat' dir='ltr'><strong>Scripturis</strong></span> <span class='ocrx_word' id='word_1_343' title='bbox 2419 1584 2660 1651; x_wconf 88' lang='lat' dir='ltr'><strong>sanctis,</strong></span> <span class='ocrx_word' id='word_1_344' title='bbox 2692 1583 2815 1649; x_wconf 91' lang='lat' dir='ltr'><strong>ubi,</strong></span> <span class='ocrx_word' id='word_1_345' title='bbox 2848 1581 3074 1637; x_wconf 86' lang='lat' dir='ltr'><strong>sublata</strong></span> <span class='ocrx_word' id='word_1_346' title='bbox 3107 1581 3274 1636; x_wconf 90' lang='lat' dir='ltr'><strong>liberi</strong></span> <span class='ocrx_word' id='word_1_347' title='bbox 3325 1579 3550 1637; x_wconf 88' lang='lat' dir='ltr'><strong>arbitrii</strong></span> <span class='ocrx_word' id='word_1_348' title='bbox 3612 1595 3716 1652; x_wconf 82' lang='lat' dir='ltr'><strong>po-</strong></span> 
     </span>
    </p>
   </div>
   <div class='ocr_carea' id='block_1_48' title="bbox 2074 1668 3713 1743">
    <p class='ocr_par' dir='ltr' id='par_1_48' title="bbox 2074 1668 3713 1743">
     <span class='ocr_line' id='line_1_48' title="bbox 2074 1668 3713 1743; baseline -0.006 -10"><span class='ocrx_word' id='word_1_349' title='bbox 2074 1679 2303 1743; x_wconf 88' lang='lat' dir='ltr'><strong>testate,</strong></span> <span class='ocrx_word' id='word_1_350' title='bbox 2339 1674 2513 1730; x_wconf 85' lang='lat' dir='ltr'><strong>faciat</strong></span> <span class='ocrx_word' id='word_1_351' title='bbox 2541 1673 2737 1740; x_wconf 92' lang='lat' dir='ltr'><strong>bomo,</strong></span> <span class='ocrx_word' id='word_1_352' title='bbox 2773 1671 2926 1742; x_wconf 92' lang='lat' dir='ltr'><strong>quod</strong></span> <span class='ocrx_word' id='word_1_353' title='bbox 2958 1687 3062 1743; x_wconf 89' lang='lat' dir='ltr'><strong>per</strong></span> <span class='ocrx_word' id='word_1_354' title='bbox 3091 1685 3154 1725; x_wconf 90' lang='lat' dir='ltr'><strong>se</strong></span> <span class='ocrx_word' id='word_1_355' title='bbox 3185 1674 3286 1725; x_wconf 89' lang='lat' dir='ltr'><strong>aut</strong></span> <span class='ocrx_word' id='word_1_356' title='bbox 3316 1668 3504 1724; x_wconf 86' lang='lat' dir='ltr'><strong>noluit</strong></span> <span class='ocrx_word' id='word_1_357' title='bbox 3522 1669 3564 1736; x_wconf 83' lang='grc'><strong>³,</strong></span> <span class='ocrx_word' id='word_1_358' title='bbox 3613 1672 3713 1724; x_wconf 88' lang='lat' dir='ltr'><strong>aut</strong></span> 
     </span>
    </p>
   </div>
   <div class='ocr_carea' id='block_1_49' title="bbox 1997 1764 2423 1854">
    <p class='ocr_par' dir='ltr' id='par_1_49' title="bbox 1997 1764 2423 1854">
     <span class='ocr_line' id='line_1_49' title="bbox 1997 1764 2423 1854; baseline -0.019 -29"><span class='ocrx_word' id='word_1_359' title='bbox 1997 1787 2046 1854; x_wconf 82' lang='grc' dir='ltr'><strong>Β</strong></span> <span class='ocrx_word' id='word_1_360' title='bbox 2077 1783 2192 1823; x_wconf 92' lang='lat' dir='ltr'><strong>non</strong></span> <span class='ocrx_word' id='word_1_361' title='bbox 2216 1764 2423 1837; x_wconf 90' lang='lat' dir='ltr'><strong>potuit.</strong></span> 
     </span>
    </p>
   </div>
   <div class='ocr_carea' id='block_1_50' title="bbox 2147 1847 3716 1926">
    <p class='ocr_par' dir='ltr' id='par_1_50' title="bbox 2147 1847 3716 1926">
     <span class='ocr_line' id='line_1_50' title="bbox 2147 1847 3716 1926; baseline -0.006 -16"><span class='ocrx_word' id='word_1_362' title='bbox 2147 1858 2202 1912; x_wconf 89' lang='lat'><strong>8.</strong></span> <span class='ocrx_word' id='word_1_363' title='bbox 2233 1855 2646 1926; x_wconf 82' lang='lat' dir='ltr'><strong>Scripturarum</strong></span> <span class='ocrx_word' id='word_1_364' title='bbox 2674 1850 3008 1905; x_wconf 86' lang='lat' dir='ltr'><strong>testimonia.</strong></span> <span class='ocrx_word' id='word_1_365' title='bbox 3041 1878 3110 1889; x_wconf 88' lang='lat'><strong>--</strong></span> <span class='ocrx_word' id='word_1_366' title='bbox 3139 1849 3200 1902; x_wconf 86' lang='grc' dir='ltr'><strong>Α.</strong></span> <span class='ocrx_word' id='word_1_367' title='bbox 3235 1848 3360 1903; x_wconf 85' lang='grc' dir='ltr'>Νοιι</span> <span class='ocrx_word' id='word_1_368' title='bbox 3390 1847 3490 1914; x_wconf 85' lang='lat' dir='ltr'><strong>ita,</strong></span> <span class='ocrx_word' id='word_1_369' title='bbox 3532 1850 3592 1901; x_wconf 84' lang='lat' dir='ltr'><strong>ut</strong></span> <span class='ocrx_word' id='word_1_370' title='bbox 3654 1849 3716 1901; x_wconf 92' lang='lat' dir='ltr'><strong>tu</strong></span> 
     </span>
    </p>
   </div>
   <div class='ocr_carea' id='block_1_51' title="bbox 2078 1933 3714 2017">
    <p class='ocr_par' dir='ltr' id='par_1_51' title="bbox 2078 1933 3714 2017">
     <span class='ocr_line' id='line_1_51' title="bbox 2078 1933 3714 2017; baseline -0.006 -17"><span class='ocrx_word' id='word_1_371' title='bbox 2078 1942 2375 2017; x_wconf 88' lang='lat' dir='ltr'><strong>proponis,</strong></span> <span class='ocrx_word' id='word_1_372' title='bbox 2408 1940 2509 1997; x_wconf 89' lang='lat' dir='ltr'><strong>sed</strong></span> <span class='ocrx_word' id='word_1_373' title='bbox 2543 1942 2607 1994; x_wconf 94' lang='lat' dir='ltr'><strong>ut</strong></span> <span class='ocrx_word' id='word_1_374' title='bbox 2635 1937 2848 1994; x_wconf 88' lang='lat' dir='ltr'><strong>veritas</strong></span> <span class='ocrx_word' id='word_1_375' title='bbox 2879 1936 3065 2010; x_wconf 89' lang='lat' dir='ltr'><strong>poscit</strong></span> <span class='ocrx_word' id='word_1_376' title='bbox 3091 1940 3149 1992; x_wconf 90' lang='lat' dir='ltr'><strong>et</strong></span> <span class='ocrx_word' id='word_1_377' title='bbox 3173 1936 3343 2004; x_wconf 91' lang='lat' dir='ltr'><strong>ratio,</strong></span> <span class='ocrx_word' id='word_1_378' title='bbox 3392 1933 3714 2006; x_wconf 90' lang='lat' dir='ltr'><strong>Scriptura-</strong></span> 
     </span>
    </p>
   </div>
   <div class='ocr_carea' id='block_1_52' title="bbox 2078 2023 3717 2097">
    <p class='ocr_par' dir='ltr' id='par_1_52' title="bbox 2078 2023 3717 2097">
     <span class='ocr_line' id='line_1_52' title="bbox 2078 2023 3717 2097; baseline -0.006 -10"><span class='ocrx_word' id='word_1_379' title='bbox 2078 2050 2209 2089; x_wconf 90' lang='lat' dir='ltr'><strong>rum</strong></span> <span class='ocrx_word' id='word_1_380' title='bbox 2249 2031 2488 2087; x_wconf 88' lang='lat' dir='ltr'><strong>vocibus</strong></span> <span class='ocrx_word' id='word_1_381' title='bbox 2514 2032 2602 2084; x_wconf 90' lang='lat' dir='ltr'><strong>est</strong></span> <span class='ocrx_word' id='word_1_382' title='bbox 2631 2027 2939 2083; x_wconf 90' lang='lat' dir='ltr'><strong>utendum.</strong></span> <span class='ocrx_word' id='word_1_383' title='bbox 2975 2025 3261 2097; x_wconf 88' lang='lat' dir='ltr'><strong>Loquitur</strong></span> <span class='ocrx_word' id='word_1_384' title='bbox 3288 2024 3465 2080; x_wconf 85' lang='lat' dir='ltr'><strong>Jacob</strong></span> <span class='ocrx_word' id='word_1_385' title='bbox 3497 2023 3556 2078; x_wconf 89' lang='lat' dir='ltr'><strong>in</strong></span> <span class='ocrx_word' id='word_1_386' title='bbox 3589 2039 3717 2078; x_wconf 88' lang='lat' dir='ltr'><strong>ora-</strong></span> 
     </span>
    </p>
   </div>
   <div class='ocr_carea' id='block_1_53' title="bbox 2078 2105 3722 2180">
    <p class='ocr_par' dir='ltr' id='par_1_53' title="bbox 2078 2105 3722 2180">
     <span class='ocr_line' id='line_1_53' title="bbox 2078 2105 3722 2180; baseline -0.007 -2"><span class='ocrx_word' id='word_1_387' title='bbox 2078 2123 2234 2178; x_wconf 89' lang='lat' dir='ltr'><strong>tione</strong></span> <span class='ocrx_word' id='word_1_388' title='bbox 2259 2138 2366 2177; x_wconf 90' lang='lat' dir='ltr'><strong>sua</strong></span> <span class='ocrx_word' id='word_1_389' title='bbox 2395 2137 2407 2174; x_wconf 89' lang='lat'>:</span> <span class='ocrx_word' id='word_1_390' title='bbox 2443 2141 2469 2168; x_wconf 85' lang='lat'><strong><em>«</em></strong></span> <span class='ocrx_word' id='word_1_391' title='bbox 2495 2118 2554 2174; x_wconf 90' lang='lat' dir='ltr'><strong>Si</strong></span> <span class='ocrx_word' id='word_1_392' title='bbox 2589 2115 2762 2172; x_wconf 85' lang='lat' dir='ltr'><strong>fuerit</strong></span> <span class='ocrx_word' id='word_1_393' title='bbox 2817 2114 3102 2171; x_wconf 91' lang='lat' dir='ltr'><strong>Dominus</strong></span> <span class='ocrx_word' id='word_1_394' title='bbox 3156 2105 3328 2170; x_wconf 83' lang='lat' dir='ltr'><strong>Deus</strong></span> <span class='ocrx_word' id='word_1_395' title='bbox 3359 2129 3608 2180; x_wconf 91' lang='lat' dir='ltr'><strong>mecum,</strong></span> <span class='ocrx_word' id='word_1_396' title='bbox 3666 2115 3722 2168; x_wconf 90' lang='lat' dir='ltr'><strong>et</strong></span> 
     </span>
    </p>
   </div>
   <div class='ocr_carea' id='block_1_54' title="bbox 2078 2201 3718 2275">
    <p class='ocr_par' dir='ltr' id='par_1_54' title="bbox 2078 2201 3718 2275">
     <span class='ocr_line' id='line_1_54' title="bbox 2078 2201 3718 2275; baseline -0.007 -9"><span class='ocrx_word' id='word_1_397' title='bbox 2078 2206 2416 2266; x_wconf 88' lang='lat' dir='ltr'><strong>custodierit</strong></span> <span class='ocrx_word' id='word_1_398' title='bbox 2451 2205 2618 2260; x_wconf 90' lang='lat' dir='ltr'><strong>mein</strong></span> <span class='ocrx_word' id='word_1_399' title='bbox 2647 2203 2762 2271; x_wconf 90' lang='lat' dir='ltr'><strong>via,</strong></span> <span class='ocrx_word' id='word_1_400' title='bbox 2795 2219 2896 2275; x_wconf 89' lang='lat' dir='ltr'><strong>per</strong></span> <span class='ocrx_word' id='word_1_401' title='bbox 2924 2219 3101 2274; x_wconf 91' lang='lat' dir='ltr'><strong>quam</strong></span> <span class='ocrx_word' id='word_1_402' title='bbox 3133 2218 3238 2274; x_wconf 89' lang='lat' dir='ltr'><strong>ego</strong></span> <span class='ocrx_word' id='word_1_403' title='bbox 3286 2217 3482 2274; x_wconf 87' lang='lat' dir='ltr'><strong>pergo,</strong></span> <span class='ocrx_word' id='word_1_404' title='bbox 3544 2205 3603 2256; x_wconf 91' lang='lat' dir='ltr'><strong>et</strong></span> <span class='ocrx_word' id='word_1_405' title='bbox 3623 2201 3718 2256; x_wconf 86' lang='lat' dir='ltr'><strong>de-</strong></span> 
     </span>
    </p>
   </div>
   <div class='ocr_carea' id='block_1_55' title="bbox 2077 2291 3718 2367">
    <p class='ocr_par' dir='ltr' id='par_1_55' title="bbox 2077 2291 3718 2367">
     <span class='ocr_line' id='line_1_55' title="bbox 2077 2291 3718 2367; baseline -0.005 -13"><span class='ocrx_word' id='word_1_406' title='bbox 2077 2299 2226 2355; x_wconf 89' lang='lat' dir='ltr'><strong>derit</strong></span> <span class='ocrx_word' id='word_1_407' title='bbox 2256 2295 2400 2352; x_wconf 91' lang='lat' dir='ltr'><strong>mihi</strong></span> <span class='ocrx_word' id='word_1_408' title='bbox 2431 2309 2640 2367; x_wconf 91' lang='lat' dir='ltr'><strong>panem</strong></span> <span class='ocrx_word' id='word_1_409' title='bbox 2674 2294 2744 2348; x_wconf 92' lang='lat' dir='ltr'><strong>ad</strong></span> <span class='ocrx_word' id='word_1_410' title='bbox 2779 2292 3278 2359; x_wconf 89' lang='lat' dir='ltr'><strong>manducandum,</strong></span> <span class='ocrx_word' id='word_1_411' title='bbox 3322 2295 3378 2346; x_wconf 84' lang='lat' dir='ltr'><strong>et</strong></span> <span class='ocrx_word' id='word_1_412' title='bbox 3405 2291 3718 2347; x_wconf 84' lang='lat' dir='ltr'><strong>vestimen-</strong></span> 
     </span>
    </p>
   </div>
   <div class='ocr_carea' id='block_1_56' title="bbox 2076 2379 3723 2456">
    <p class='ocr_par' dir='ltr' id='par_1_56' title="bbox 2076 2379 3723 2456">
     <span class='ocr_line' id='line_1_56' title="bbox 2076 2379 3723 2456; baseline -0.005 -13"><span class='ocrx_word' id='word_1_413' title='bbox 2076 2393 2202 2443; x_wconf 92' lang='lat' dir='ltr'><strong>tum</strong></span> <span class='ocrx_word' id='word_1_414' title='bbox 2229 2387 2301 2443; x_wconf 92' lang='lat' dir='ltr'><strong>ad</strong></span> <span class='ocrx_word' id='word_1_415' title='bbox 2327 2383 2731 2456; x_wconf 86' lang='lat' dir='ltr'><strong>operiendum,</strong></span> <span class='ocrx_word' id='word_1_416' title='bbox 2761 2384 2819 2436; x_wconf 93' lang='lat' dir='ltr'><strong>et</strong></span> <span class='ocrx_word' id='word_1_417' title='bbox 2849 2380 3148 2436; x_wconf 81' lang='lat' dir='ltr'><strong>reduxerit</strong></span> <span class='ocrx_word' id='word_1_418' title='bbox 3193 2395 3287 2435; x_wconf 84' lang='lat' dir='ltr'><strong>me</strong></span> <span class='ocrx_word' id='word_1_419' title='bbox 3343 2391 3477 2435; x_wconf 68' lang='lat' dir='ltr'><strong>cum</strong></span> <span class='ocrx_word' id='word_1_420' title='bbox 3534 2379 3723 2435; x_wconf 85' lang='lat' dir='ltr'><strong>salute</strong></span> 
     </span>
    </p>
   </div>
   <div class='ocr_carea' id='block_1_57' title="bbox 2076 2467 3720 2545">
    <p class='ocr_par' dir='ltr' id='par_1_57' title="bbox 2076 2467 3720 2545">
     <span class='ocr_line' id='line_1_57' title="bbox 2076 2467 3720 2545; baseline -0.007 -12"><span class='ocrx_word' id='word_1_421' title='bbox 2076 2478 2136 2533; x_wconf 92' lang='lat' dir='ltr'><strong>in</strong></span> <span class='ocrx_word' id='word_1_422' title='bbox 2167 2477 2408 2531; x_wconf 92' lang='lat' dir='ltr'><strong>domum</strong></span> <span class='ocrx_word' id='word_1_423' title='bbox 2450 2471 2632 2545; x_wconf 85' lang='lat' dir='ltr'><strong>patris</strong></span> <span class='ocrx_word' id='word_1_424' title='bbox 2662 2470 2796 2535; x_wconf 88' lang='lat' dir='ltr'><strong>mei,</strong></span> <span class='ocrx_word' id='word_1_425' title='bbox 2821 2469 2931 2525; x_wconf 90' lang='lat' dir='ltr'><strong>erit</strong></span> <span class='ocrx_word' id='word_1_426' title='bbox 2969 2468 3112 2524; x_wconf 89' lang='lat' dir='ltr'><strong>mihi</strong></span> <span class='ocrx_word' id='word_1_427' title='bbox 3135 2467 3418 2524; x_wconf 88' lang='lat' dir='ltr'><strong>Dominus</strong></span> <span class='ocrx_word' id='word_1_428' title='bbox 3445 2469 3506 2523; x_wconf 89' lang='lat' dir='ltr'><strong>in</strong></span> <span class='ocrx_word' id='word_1_429' title='bbox 3536 2468 3720 2524; x_wconf 91' lang='lat' dir='ltr'><strong>Deum</strong></span> 
     </span>
    </p>
   </div>
   <div class='ocr_carea' id='block_1_58' title="bbox 2076 2556 3720 2637">
    <p class='ocr_par' dir='ltr' id='par_1_58' title="bbox 2076 2556 3720 2637">
     <span class='ocr_line' id='line_1_58' title="bbox 2076 2556 3720 2637; baseline -0.005 -16"><span class='ocrx_word' id='word_1_430' title='bbox 2076 2571 2134 2622; x_wconf 89' lang='lat' dir='ltr'><strong>et</strong></span> <span class='ocrx_word' id='word_1_431' title='bbox 2163 2563 2313 2637; x_wconf 82' lang='lat' dir='ltr'><strong>lapis</strong></span> <span class='ocrx_word' id='word_1_432' title='bbox 2344 2564 2455 2618; x_wconf 90' lang='lat' dir='ltr'><strong>iste</strong></span> <span class='ocrx_word' id='word_1_433' title='bbox 2484 2576 2658 2633; x_wconf 88' lang='lat' dir='ltr'><strong>quem</strong></span> <span class='ocrx_word' id='word_1_434' title='bbox 2681 2558 2849 2632; x_wconf 92' lang='lat' dir='ltr'><strong>posui</strong></span> <span class='ocrx_word' id='word_1_435' title='bbox 2875 2558 2932 2614; x_wconf 90' lang='lat' dir='ltr'><strong>in</strong></span> <span class='ocrx_word' id='word_1_436' title='bbox 2965 2557 3226 2627; x_wconf 90' lang='lat' dir='ltr'><strong>titulum,</strong></span> <span class='ocrx_word' id='word_1_437' title='bbox 3257 2558 3368 2612; x_wconf 91' lang='lat' dir='ltr'><strong>erit</strong></span> <span class='ocrx_word' id='word_1_438' title='bbox 3412 2556 3557 2613; x_wconf 87' lang='lat' dir='ltr'><strong>mihi</strong></span> <span class='ocrx_word' id='word_1_439' title='bbox 3616 2558 3720 2612; x_wconf 83' lang='lat' dir='ltr'><strong>do-</strong></span> 
     </span>
    </p>
   </div>
   <div class='ocr_carea' id='block_1_59' title="bbox 2078 2645 3720 2720">
    <p class='ocr_par' dir='ltr' id='par_1_59' title="bbox 2078 2645 3720 2720">
     <span class='ocr_line' id='line_1_59' title="bbox 2078 2645 3720 2720; baseline -0.005 -10"><span class='ocrx_word' id='word_1_440' title='bbox 2078 2671 2211 2710; x_wconf 91' lang='lat' dir='ltr'><strong>mus</strong></span> <span class='ocrx_word' id='word_1_441' title='bbox 2241 2652 2364 2720; x_wconf 92' lang='lat' dir='ltr'><strong>Dei,</strong></span> <span class='ocrx_word' id='word_1_442' title='bbox 2409 2655 2466 2707; x_wconf 92' lang='lat' dir='ltr'><strong>et</strong></span> <span class='ocrx_word' id='word_1_443' title='bbox 2523 2648 2789 2705; x_wconf 89' lang='lat' dir='ltr'><strong>omnium</strong></span> <span class='ocrx_word' id='word_1_444' title='bbox 2847 2662 3214 2718; x_wconf 65' lang='lat' dir='ltr'><strong>quiscunque</strong></span> <span class='ocrx_word' id='word_1_445' title='bbox 3269 2645 3498 2703; x_wconf 90' lang='lat' dir='ltr'><strong>dederis</strong></span> <span class='ocrx_word' id='word_1_446' title='bbox 3551 2647 3720 2716; x_wconf 89' lang='lat' dir='ltr'><strong>mihi,</strong></span> 
     </span>
    </p>
   </div>
   <div class='ocr_carea' id='block_1_60' title="bbox 2075 2735 3715 2810">
    <p class='ocr_par' dir='ltr' id='par_1_60' title="bbox 2075 2735 3715 2810">
     <span class='ocr_line' id='line_1_60' title="bbox 2075 2735 3715 2810; baseline -0.006 -11"><span class='ocrx_word' id='word_1_447' title='bbox 2075 2743 2333 2800; x_wconf 89' lang='lat' dir='ltr'><strong>decimas</strong></span> <span class='ocrx_word' id='word_1_448' title='bbox 2363 2741 2600 2796; x_wconf 72' lang='lat' dir='ltr'><strong>offeram</strong></span> <span class='ocrx_word' id='word_1_449' title='bbox 2632 2737 2738 2793; x_wconf 90' lang='lat' dir='ltr'><strong>tibi</strong></span> <span class='ocrx_word' id='word_1_450' title='bbox 2769 2735 2923 2805; x_wconf 82' lang='lat' dir='ltr'><strong>(Gen.</strong></span> <span class='ocrx_word' id='word_1_451' title='bbox 2958 2753 3157 2807; x_wconf 85' lang='lat' dir='ltr'><strong>xxvm,</strong></span> <span class='ocrx_word' id='word_1_452' title='bbox 3190 2736 3261 2790; x_wconf 88' lang='lat'><strong>20</strong></span> <span class='ocrx_word' id='word_1_453' title='bbox 3316 2740 3373 2791; x_wconf 86' lang='lat' dir='ltr'><strong>et</strong></span> <span class='ocrx_word' id='word_1_454' title='bbox 3421 2752 3565 2810; x_wconf 89' lang='lat' dir='ltr'><strong>seqq.</strong></span> <span class='ocrx_word' id='word_1_455' title='bbox 3587 2738 3627 2807; x_wconf 85' lang='lat'><strong>).</strong></span> <span class='ocrx_word' id='word_1_456' title='bbox 3692 2759 3715 2788; x_wconf 73' lang='grc' dir='ltr'><strong>ι</strong></span> 
     </span>
    </p>
   </div>
   <div class='ocr_carea' id='block_1_61' title="bbox 2074 2824 3723 2902">
    <p class='ocr_par' dir='ltr' id='par_1_61' title="bbox 2074 2824 3723 2902">
     <span class='ocr_line' id='line_1_61' title="bbox 2074 2824 3723 2902; baseline -0.004 -14"><span class='ocrx_word' id='word_1_457' title='bbox 2074 2829 2372 2902; x_wconf 86' lang='lat' dir='ltr'><strong>Numquid</strong></span> <span class='ocrx_word' id='word_1_458' title='bbox 2402 2826 2642 2896; x_wconf 84' lang='lat' dir='ltr'><strong>dixit,Si</strong></span> <span class='ocrx_word' id='word_1_459' title='bbox 2672 2825 2923 2881; x_wconf 91' lang='lat' dir='ltr'><strong>liberum</strong></span> <span class='ocrx_word' id='word_1_460' title='bbox 2940 2824 3248 2881; x_wconf 89' lang='lat' dir='ltr'><strong>arbitrium</strong></span> <span class='ocrx_word' id='word_1_461' title='bbox 3274 2825 3723 2894; x_wconf 89' lang='lat' dir='ltr'><strong>conservaveris,</strong></span> 
     </span>
    </p>
   </div>
   <div class='ocr_carea' id='block_1_62' title="bbox 2075 2911 3726 2984">
    <p class='ocr_par' dir='ltr' id='par_1_62' title="bbox 2075 2911 3726 2984">
     <span class='ocr_line' id='line_1_62' title="bbox 2075 2911 3726 2984; baseline -0.005 -8"><span class='ocrx_word' id='word_1_462' title='bbox 2075 2925 2132 2977; x_wconf 90' lang='lat' dir='ltr'><strong>et</strong></span> <span class='ocrx_word' id='word_1_463' title='bbox 2162 2918 2359 2974; x_wconf 90' lang='lat' dir='ltr'><strong>cibum</strong></span> <span class='ocrx_word' id='word_1_464' title='bbox 2382 2921 2440 2972; x_wconf 93' lang='lat' dir='ltr'><strong>et</strong></span> <span class='ocrx_word' id='word_1_465' title='bbox 2465 2915 2883 2972; x_wconf 87' lang='lat' dir='ltr'><strong>vestimentum</strong></span> <span class='ocrx_word' id='word_1_466' title='bbox 2907 2929 3034 2969; x_wconf 90' lang='lat' dir='ltr'><strong>meo</strong></span> <span class='ocrx_word' id='word_1_467' title='bbox 3075 2911 3272 2968; x_wconf 89' lang='lat' dir='ltr'><strong>labore</strong></span> <span class='ocrx_word' id='word_1_468' title='bbox 3314 2913 3622 2984; x_wconf 76' lang='lat' dir='ltr'><strong>quaesiero,</strong></span> <span class='ocrx_word' id='word_1_469' title='bbox 3669 2917 3726 2969; x_wconf 88' lang='lat' dir='ltr'><strong>et</strong></span> 
     </span>
    </p>
   </div>
   <div class='ocr_carea' id='block_1_63' title="bbox 2076 3002 3723 3075">
    <p class='ocr_par' dir='ltr' id='par_1_63' title="bbox 2076 3002 3723 3075">
     <span class='ocr_line' id='line_1_63' title="bbox 2076 3002 3723 3075; baseline -0.004 -11"><span class='ocrx_word' id='word_1_470' title='bbox 2076 3011 2360 3064; x_wconf 91' lang='lat' dir='ltr'><strong>revertero</strong></span> <span class='ocrx_word' id='word_1_471' title='bbox 2385 3006 2446 3060; x_wconf 88' lang='lat' dir='ltr'><strong>in</strong></span> <span class='ocrx_word' id='word_1_472' title='bbox 2471 3005 2715 3061; x_wconf 90' lang='lat' dir='ltr'><strong>domum</strong></span> <span class='ocrx_word' id='word_1_473' title='bbox 2734 3003 2917 3075; x_wconf 90' lang='lat' dir='ltr'><strong>patris</strong></span> <span class='ocrx_word' id='word_1_474' title='bbox 2941 3002 3050 3057; x_wconf 91' lang='lat' dir='ltr'><strong>mei</strong></span> <span class='ocrx_word' id='word_1_475' title='bbox 3085 3006 3109 3060; x_wconf 76' lang='grc' dir='ltr'><strong>ξ’</strong></span> <span class='ocrx_word' id='word_1_476' title='bbox 3139 3002 3350 3058; x_wconf 90' lang='lat' dir='ltr'><strong>Omnia</strong></span> <span class='ocrx_word' id='word_1_477' title='bbox 3372 3002 3470 3058; x_wconf 89' lang='lat' dir='ltr'><strong>dat</strong></span> <span class='ocrx_word' id='word_1_478' title='bbox 3491 3002 3723 3058; x_wconf 87' lang='lat' dir='ltr'><strong>Domini</strong></span> 
     </span>
    </p>
   </div>
   <div class='ocr_carea' id='block_1_64' title="bbox 2075 3089 3724 3163">
    <p class='ocr_par' dir='ltr' id='par_1_64' title="bbox 2075 3089 3724 3163">
     <span class='ocr_line' id='line_1_64' title="bbox 2075 3089 3724 3163; baseline -0.003 -12"><span class='ocrx_word' id='word_1_479' title='bbox 2075 3094 2452 3159; x_wconf 88' lang='lat' dir='ltr'><strong>voluntati,ut</strong></span> <span class='ocrx_word' id='word_1_480' title='bbox 2477 3095 2771 3147; x_wconf 89' lang='lat' dir='ltr'><strong>mereatur</strong></span> <span class='ocrx_word' id='word_1_481' title='bbox 2801 3089 3059 3163; x_wconf 87' lang='lat' dir='ltr'><strong>accipere</strong></span> <span class='ocrx_word' id='word_1_482' title='bbox 3089 3091 3247 3162; x_wconf 91' lang='lat' dir='ltr'><strong>quod</strong></span> <span class='ocrx_word' id='word_1_483' title='bbox 3308 3095 3597 3162; x_wconf 87' lang='lat' dir='ltr'><strong>precatur.</strong></span> <span class='ocrx_word' id='word_1_484' title='bbox 3623 3091 3724 3146; x_wconf 83' lang='lat' dir='ltr'><strong>Re-</strong></span> 
     </span>
    </p>
   </div>
   <div class='ocr_carea' id='block_1_65' title="bbox 391 3158 1968 3251">
    <p class='ocr_par' dir='ltr' id='par_1_65' title="bbox 391 3176 1968 3249">
     <span class='ocr_line' id='line_1_65' title="bbox 391 3176 1968 3249; baseline -0.003 -14"><span class='ocrx_word' id='word_1_485' title='bbox 391 3183 446 3235; x_wconf 91' lang='lat'><strong>7.</strong></span> <span class='ocrx_word' id='word_1_486' title='bbox 481 3179 704 3234; x_wconf 78' lang='lat' dir='ltr'><strong>Minime</strong></span> <span class='ocrx_word' id='word_1_487' title='bbox 728 3179 938 3249; x_wconf 81' lang='lat' dir='ltr'><strong>peccati</strong></span> <span class='ocrx_word' id='word_1_488' title='bbox 987 3183 1175 3232; x_wconf 80' lang='lat' dir='ltr'><strong>auctor</strong></span> <span class='ocrx_word' id='word_1_489' title='bbox 1229 3182 1308 3231; x_wconf 85' lang='lat' dir='ltr'><strong>est</strong></span> <span class='ocrx_word' id='word_1_490' title='bbox 1362 3177 1521 3232; x_wconf 83' lang='lat' dir='ltr'><strong>Deus.</strong></span> <span class='ocrx_word' id='word_1_491' title='bbox 1557 3207 1624 3216; x_wconf 86' lang='lat'><strong>——</strong></span> <span class='ocrx_word' id='word_1_492' title='bbox 1694 3177 1752 3232; x_wconf 86' lang='lat' dir='ltr'><strong>C.</strong></span> <span class='ocrx_word' id='word_1_493' title='bbox 1821 3176 1968 3231; x_wconf 89' lang='lat' dir='ltr'><strong>Tota</strong></span> 
     </span>
    </p>
   </div>
   <div class='ocr_carea' id='block_1_66' title="bbox 2081 3158 3722 3251">
    <p class='ocr_par' dir='ltr' id='par_1_66' title="bbox 2081 3158 3722 3251">
     <span class='ocr_line' id='line_1_66' title="bbox 2081 3158 3722 3251; baseline -0.004 -10"><span class='ocrx_word' id='word_1_494' title='bbox 2081 3183 2323 3241; x_wconf 85' lang='lat' dir='ltr'><strong>vertenti</strong></span> <span class='ocrx_word' id='word_1_495' title='bbox 2345 3158 2415 3238; x_wconf 91' lang='lat' dir='ltr'><strong>de</strong></span> <span class='ocrx_word' id='word_1_496' title='bbox 2443 3179 2860 3251; x_wconf 83' lang='lat' dir='ltr'><strong>Mesopotamia</strong></span> <span class='ocrx_word' id='word_1_497' title='bbox 2886 3158 3066 3234; x_wconf 79' lang='lat' dir='ltr'><strong>Jacob</strong></span> <span class='ocrx_word' id='word_1_498' title='bbox 3109 3158 3462 3251; x_wconf 73' lang='lat' dir='ltr'><strong>angelorum</strong></span> <span class='ocrx_word' id='word_1_499' title='bbox 3521 3195 3722 3234; x_wconf 89' lang='lat' dir='ltr'><strong>occur-</strong></span> 
     </span>
    </p>
   </div>
   <div class='ocr_carea' id='block_1_67' title="bbox 324 3263 1966 3342">
    <p class='ocr_par' dir='ltr' id='par_1_67' title="bbox 324 3263 1966 3342">
     <span class='ocr_line' id='line_1_67' title="bbox 324 3263 1966 3342; baseline -0.004 -17"><span class='ocrx_word' id='word_1_500' title='bbox 324 3266 754 3342; x_wconf 88' lang='lat' dir='ltr'><strong>argumentatio</strong></span> <span class='ocrx_word' id='word_1_501' title='bbox 784 3270 888 3320; x_wconf 85' lang='lat' dir='ltr'><strong>tua</strong></span> <span class='ocrx_word' id='word_1_502' title='bbox 916 3266 1030 3320; x_wconf 91' lang='lat' dir='ltr'><strong>huc</strong></span> <span class='ocrx_word' id='word_1_503' title='bbox 1059 3265 1268 3329; x_wconf 90' lang='lat' dir='ltr'><strong>tendit,</strong></span> <span class='ocrx_word' id='word_1_504' title='bbox 1319 3270 1384 3320; x_wconf 92' lang='lat' dir='ltr'><strong>ut</strong></span> <span class='ocrx_word' id='word_1_505' title='bbox 1440 3266 1596 3337; x_wconf 94' lang='lat' dir='ltr'><strong>quod</strong></span> <span class='ocrx_word' id='word_1_506' title='bbox 1655 3264 1833 3321; x_wconf 62' lang='lat' dir='ltr'><strong>Graeci</strong></span> <span class='ocrx_word' id='word_1_507' title='bbox 1881 3263 1966 3320; x_wconf 91' lang='lat' dir='ltr'><strong>di-</strong></span> 
     </span>
    </p>
   </div>
   <div class='ocr_carea' id='block_1_68' title="bbox 321 3351 1972 3426">
    <p class='ocr_par' dir='ltr' id='par_1_68' title="bbox 321 3351 1972 3426">
     <span class='ocr_line' id='line_1_68' title="bbox 321 3351 1972 3426; baseline -0.004 -11"><span class='ocrx_word' id='word_1_508' title='bbox 321 3361 463 3415; x_wconf 93' lang='lat' dir='ltr'><strong>cunt</strong></span> <span class='ocrx_word' id='word_1_509' title='bbox 490 3357 513 3391; x_wconf 79' lang='grc'>²</span> <span class='ocrx_word' id='word_1_510' title='bbox 543 3351 902 3423; x_wconf 74' lang='grc' dir='ltr'>αὐτεξούσιον,</span> <span class='ocrx_word' id='word_1_511' title='bbox 936 3358 993 3409; x_wconf 90' lang='lat' dir='ltr'><strong>et</strong></span> <span class='ocrx_word' id='word_1_512' title='bbox 1015 3371 1121 3410; x_wconf 92' lang='lat' dir='ltr'><strong>nos</strong></span> <span class='ocrx_word' id='word_1_513' title='bbox 1156 3353 1404 3410; x_wconf 89' lang='lat' dir='ltr'><strong>liberum</strong></span> <span class='ocrx_word' id='word_1_514' title='bbox 1463 3353 1829 3426; x_wconf 88' lang='lat' dir='ltr'><strong>appellamus</strong></span> <span class='ocrx_word' id='word_1_515' title='bbox 1887 3371 1972 3409; x_wconf 84' lang='lat' dir='ltr'><strong>ar-</strong></span> 
     </span>
    </p>
   </div>
   <div class='ocr_carea' id='block_1_69' title="bbox 323 3441 1969 3511">
    <p class='ocr_par' dir='ltr' id='par_1_69' title="bbox 323 3441 1969 3511">
     <span class='ocr_line' id='line_1_69' title="bbox 323 3441 1969 3511; baseline -0.003 -8"><span class='ocrx_word' id='word_1_516' title='bbox 323 3445 585 3511; x_wconf 89' lang='lat' dir='ltr'><strong>bitrium,</strong></span> <span class='ocrx_word' id='word_1_517' title='bbox 619 3441 900 3500; x_wconf 88' lang='lat' dir='ltr'><strong>vocabulo</strong></span> <span class='ocrx_word' id='word_1_518' title='bbox 946 3441 1192 3511; x_wconf 89' lang='lat' dir='ltr'><strong>tribuas,</strong></span> <span class='ocrx_word' id='word_1_519' title='bbox 1244 3460 1304 3498; x_wconf 91' lang='lat' dir='ltr'><strong>re</strong></span> <span class='ocrx_word' id='word_1_520' title='bbox 1360 3444 1610 3499; x_wconf 85' lang='lat' dir='ltr'><strong>auferas.</strong></span> <span class='ocrx_word' id='word_1_521' title='bbox 1668 3444 1754 3498; x_wconf 89' lang='lat' dir='ltr'><strong>Tu</strong></span> <span class='ocrx_word' id='word_1_522' title='bbox 1813 3443 1969 3499; x_wconf 91' lang='lat' dir='ltr'><strong>enim</strong></span> 
     </span>
    </p>
   </div>
   <div class='ocr_carea' id='block_1_70' title="bbox 321 3531 1970 3604">
    <p class='ocr_par' dir='ltr' id='par_1_70' title="bbox 321 3531 1970 3604">
     <span class='ocr_line' id='line_1_70' title="bbox 321 3531 1970 3604; baseline -0.003 -13"><span class='ocrx_word' id='word_1_523' title='bbox 321 3537 617 3591; x_wconf 89' lang='lat' dir='ltr'><strong>auctorem</strong></span> <span class='ocrx_word' id='word_1_524' title='bbox 649 3536 1021 3604; x_wconf 83' lang='lat' dir='ltr'><strong>peccatorum</strong></span> <span class='ocrx_word' id='word_1_525' title='bbox 1045 3531 1186 3587; x_wconf 87' lang='lat' dir='ltr'><strong>facis</strong></span> <span class='ocrx_word' id='word_1_526' title='bbox 1218 3531 1424 3597; x_wconf 90' lang='lat' dir='ltr'><strong>Deum,</strong></span> <span class='ocrx_word' id='word_1_527' title='bbox 1449 3533 1591 3588; x_wconf 89' lang='lat' dir='ltr'><strong>dum</strong></span> <span class='ocrx_word' id='word_1_528' title='bbox 1622 3533 1835 3589; x_wconf 88' lang='lat' dir='ltr'><strong>asseris</strong></span> <span class='ocrx_word' id='word_1_529' title='bbox 1887 3532 1970 3587; x_wconf 91' lang='lat' dir='ltr'><strong>ni-</strong></span> 
     </span>
    </p>
   </div>
   <div class='ocr_carea' id='block_1_71' title="bbox 322 3621 1968 3694">
    <p class='ocr_par' dir='ltr' id='par_1_71' title="bbox 322 3621 1968 3694">
     <span class='ocr_line' id='line_1_71' title="bbox 322 3621 1968 3694; baseline -0.002 -14"><span class='ocrx_word' id='word_1_530' title='bbox 322 3624 403 3680; x_wconf 90' lang='lat' dir='ltr'><strong>hil</strong></span> <span class='ocrx_word' id='word_1_531' title='bbox 425 3621 725 3679; x_wconf 89' lang='lat' dir='ltr'><strong>hominem</strong></span> <span class='ocrx_word' id='word_1_532' title='bbox 757 3637 858 3694; x_wconf 90' lang='lat' dir='ltr'><strong>per</strong></span> <span class='ocrx_word' id='word_1_533' title='bbox 889 3637 952 3678; x_wconf 90' lang='lat' dir='ltr'><strong>se</strong></span> <span class='ocrx_word' id='word_1_534' title='bbox 977 3637 1144 3693; x_wconf 91' lang='lat' dir='ltr'><strong>posse</strong></span> <span class='ocrx_word' id='word_1_535' title='bbox 1175 3621 1384 3688; x_wconf 85' lang='lat' dir='ltr'><strong>facere,</strong></span> <span class='ocrx_word' id='word_1_536' title='bbox 1449 3621 1550 3677; x_wconf 91' lang='lat' dir='ltr'><strong>sed</strong></span> <span class='ocrx_word' id='word_1_537' title='bbox 1610 3621 1968 3677; x_wconf 91' lang='lat' dir='ltr'><strong>adminiculo</strong></span> 
     </span>
    </p>
   </div>
   <div class='ocr_carea' id='block_1_72' title="bbox 324 3711 1967 3785">
    <p class='ocr_par' dir='ltr' id='par_1_72' title="bbox 324 3711 1967 3785">
     <span class='ocr_line' id='line_1_72' title="bbox 324 3711 1967 3785; baseline -0.002 -15"><span class='ocrx_word' id='word_1_538' title='bbox 324 3714 442 3785; x_wconf 90' lang='lat' dir='ltr'><strong>Dei,</strong></span> <span class='ocrx_word' id='word_1_539' title='bbox 472 3713 563 3769; x_wconf 90' lang='lat' dir='ltr'><strong>cui</strong></span> <span class='ocrx_word' id='word_1_540' title='bbox 597 3713 920 3784; x_wconf 89' lang='lat' dir='ltr'><strong>imputetur</strong></span> <span class='ocrx_word' id='word_1_541' title='bbox 949 3727 1121 3768; x_wconf 91' lang='lat' dir='ltr'><strong>omne</strong></span> <span class='ocrx_word' id='word_1_542' title='bbox 1154 3711 1308 3783; x_wconf 90' lang='lat' dir='ltr'><strong>quod</strong></span> <span class='ocrx_word' id='word_1_543' title='bbox 1357 3711 1627 3767; x_wconf 89' lang='lat' dir='ltr'><strong>facimus.</strong></span> <span class='ocrx_word' id='word_1_544' title='bbox 1687 3712 1804 3767; x_wconf 90' lang='lat' dir='ltr'><strong>Nos</strong></span> <span class='ocrx_word' id='word_1_545' title='bbox 1863 3729 1967 3766; x_wconf 91' lang='lat' dir='ltr'><strong>au-</strong></span> 
     </span>
    </p>
   </div>
   <div class='ocr_carea' id='block_1_73' title="bbox 321 3799 1971 3872">
    <p class='ocr_par' dir='ltr' id='par_1_73' title="bbox 321 3799 1971 3872">
     <span class='ocr_line' id='line_1_73' title="bbox 321 3799 1971 3872; baseline -0.003 -12"><span class='ocrx_word' id='word_1_546' title='bbox 321 3810 460 3871; x_wconf 88' lang='lat' dir='ltr'><strong>tem,</strong></span> <span class='ocrx_word' id='word_1_547' title='bbox 495 3802 614 3860; x_wconf 89' lang='lat' dir='ltr'><strong>sive</strong></span> <span class='ocrx_word' id='word_1_548' title='bbox 643 3803 888 3866; x_wconf 90' lang='lat' dir='ltr'><strong>bonum,</strong></span> <span class='ocrx_word' id='word_1_549' title='bbox 922 3801 1041 3857; x_wconf 90' lang='lat' dir='ltr'><strong>sive</strong></span> <span class='ocrx_word' id='word_1_550' title='bbox 1072 3799 1295 3856; x_wconf 90' lang='lat' dir='ltr'><strong>malum</strong></span> <span class='ocrx_word' id='word_1_551' title='bbox 1356 3799 1532 3856; x_wconf 90' lang='lat' dir='ltr'><strong>homo</strong></span> <span class='ocrx_word' id='word_1_552' title='bbox 1591 3801 1808 3867; x_wconf 84' lang='lat' dir='ltr'><strong>fecerit,</strong></span> <span class='ocrx_word' id='word_1_553' title='bbox 1869 3817 1971 3872; x_wconf 89' lang='lat' dir='ltr'><strong>per</strong></span> 
     </span>
    </p>
   </div>
   <div class='ocr_carea' id='block_1_74' title="bbox 319 3889 1968 3963">
    <p class='ocr_par' dir='ltr' id='par_1_74' title="bbox 319 3889 1968 3963">
     <span class='ocr_line' id='line_1_74' title="bbox 319 3889 1968 3963; baseline -0.002 -15"><span class='ocrx_word' id='word_1_554' title='bbox 319 3893 487 3948; x_wconf 89' lang='lat' dir='ltr'><strong>liberi</strong></span> <span class='ocrx_word' id='word_1_555' title='bbox 520 3889 744 3946; x_wconf 89' lang='lat' dir='ltr'><strong>arbitrii</strong></span> <span class='ocrx_word' id='word_1_556' title='bbox 779 3893 1123 3960; x_wconf 90' lang='lat' dir='ltr'><strong>potestatem</strong></span> <span class='ocrx_word' id='word_1_557' title='bbox 1155 3891 1206 3945; x_wconf 91' lang='lat' dir='ltr'><strong>ei</strong></span> <span class='ocrx_word' id='word_1_558' title='bbox 1237 3889 1491 3946; x_wconf 90' lang='lat' dir='ltr'><strong>dicimus</strong></span> <span class='ocrx_word' id='word_1_559' title='bbox 1531 3889 1832 3963; x_wconf 87' lang='lat' dir='ltr'><strong>imputari,</strong></span> <span class='ocrx_word' id='word_1_560' title='bbox 1868 3891 1968 3962; x_wconf 92' lang='lat' dir='ltr'><strong>qui</strong></span> 
     </span>
    </p>
   </div>
   <div class='ocr_carea' id='block_1_75' title="bbox 323 3977 1972 4051">
    <p class='ocr_par' dir='ltr' id='par_1_75' title="bbox 323 3977 1972 4051">
     <span class='ocr_line' id='line_1_75' title="bbox 323 3977 1972 4051; baseline -0.001 -16"><span class='ocrx_word' id='word_1_561' title='bbox 323 3981 457 4036; x_wconf 90' lang='lat' dir='ltr'><strong>fecit</strong></span> <span class='ocrx_word' id='word_1_562' title='bbox 487 3979 641 4051; x_wconf 91' lang='lat' dir='ltr'><strong>quod</strong></span> <span class='ocrx_word' id='word_1_563' title='bbox 672 3977 876 4046; x_wconf 89' lang='lat' dir='ltr'><strong>voluit,</strong></span> <span class='ocrx_word' id='word_1_564' title='bbox 907 3984 1118 4046; x_wconf 80' lang='lat' dir='ltr'><strong>etnon</strong></span> <span class='ocrx_word' id='word_1_565' title='bbox 1175 3979 1247 4044; x_wconf 91' lang='lat' dir='ltr'><strong>ei,</strong></span> <span class='ocrx_word' id='word_1_566' title='bbox 1303 3979 1402 4050; x_wconf 92' lang='lat' dir='ltr'><strong>qui</strong></span> <span class='ocrx_word' id='word_1_567' title='bbox 1455 3980 1632 4035; x_wconf 90' lang='lat' dir='ltr'><strong>semel</strong></span> <span class='ocrx_word' id='word_1_568' title='bbox 1681 3980 1972 4036; x_wconf 89' lang='lat' dir='ltr'><strong>concessit</strong></span> 
     </span>
    </p>
   </div>
   <div class='ocr_carea' id='block_1_76' title="bbox 322 4067 1970 4141">
    <p class='ocr_par' dir='ltr' id='par_1_76' title="bbox 322 4067 1970 4141">
     <span class='ocr_line' id='line_1_76' title="bbox 322 4067 1970 4141; baseline 0 -17"><span class='ocrx_word' id='word_1_569' title='bbox 322 4069 572 4126; x_wconf 88' lang='lat' dir='ltr'><strong>liberum</strong></span> <span class='ocrx_word' id='word_1_570' title='bbox 599 4067 928 4123; x_wconf 89' lang='lat' dir='ltr'><strong>arbitrium.</strong></span> <span class='ocrx_word' id='word_1_571' title='bbox 988 4069 1049 4123; x_wconf 78' lang='grc' dir='ltr'><strong>Α.</strong></span> <span class='ocrx_word' id='word_1_572' title='bbox 1101 4068 1375 4134; x_wconf 87' lang='lat' dir='ltr'><strong>Quamvis</strong></span> <span class='ocrx_word' id='word_1_573' title='bbox 1433 4069 1851 4141; x_wconf 88' lang='lat' dir='ltr'><strong>tergiverseris,</strong></span> <span class='ocrx_word' id='word_1_574' title='bbox 1894 4069 1970 4124; x_wconf 88' lang='lat' dir='ltr'><strong>la-</strong></span> 
     </span>
    </p>
   </div>
   <div class='ocr_carea' id='block_1_77' title="bbox 325 4156 1968 4230">
    <p class='ocr_par' dir='ltr' id='par_1_77' title="bbox 325 4156 1968 4230">
     <span class='ocr_line' id='line_1_77' title="bbox 325 4156 1968 4230; baseline -0.001 -17"><span class='ocrx_word' id='word_1_575' title='bbox 325 4157 490 4230; x_wconf 88' lang='lat' dir='ltr'><strong>queis</strong></span> <span class='ocrx_word' id='word_1_576' title='bbox 520 4156 778 4213; x_wconf 88' lang='lat' dir='ltr'><strong>veritatis</strong></span> <span class='ocrx_word' id='word_1_577' title='bbox 799 4156 1146 4224; x_wconf 89' lang='lat' dir='ltr'><strong>innecteris;</strong></span> <span class='ocrx_word' id='word_1_578' title='bbox 1182 4157 1289 4212; x_wconf 91' lang='lat' dir='ltr'><strong>hoc</strong></span> <span class='ocrx_word' id='word_1_579' title='bbox 1337 4156 1493 4212; x_wconf 89' lang='lat' dir='ltr'><strong>enim</strong></span> <span class='ocrx_word' id='word_1_580' title='bbox 1543 4158 1735 4227; x_wconf 93' lang='lat' dir='ltr'><strong>modo,</strong></span> <span class='ocrx_word' id='word_1_581' title='bbox 1792 4157 1968 4212; x_wconf 90' lang='lat' dir='ltr'><strong>etiam</strong></span> 
     </span>
    </p>
   </div>
   <div class='ocr_carea' id='block_1_78' title="bbox 324 4246 1973 4319">
    <p class='ocr_par' dir='ltr' id='par_1_78' title="bbox 324 4246 1973 4319">
     <span class='ocr_line' id='line_1_78' title="bbox 324 4246 1973 4319; baseline -0.002 -16"><span class='ocrx_word' id='word_1_582' title='bbox 324 4248 376 4304; x_wconf 91' lang='lat' dir='ltr'><strong>si</strong></span> <span class='ocrx_word' id='word_1_583' title='bbox 407 4247 530 4319; x_wconf 88' lang='lat' dir='ltr'><strong>ipse</strong></span> <span class='ocrx_word' id='word_1_584' title='bbox 562 4263 677 4302; x_wconf 89' lang='lat' dir='ltr'><strong>non</strong></span> <span class='ocrx_word' id='word_1_585' title='bbox 708 4246 967 4317; x_wconf 88' lang='lat' dir='ltr'><strong>adjuvat,</strong></span> <span class='ocrx_word' id='word_1_586' title='bbox 994 4249 1189 4302; x_wconf 85' lang='lat' dir='ltr'><strong>tamen</strong></span> <span class='ocrx_word' id='word_1_587' title='bbox 1213 4247 1382 4317; x_wconf 86' lang='lat' dir='ltr'><strong>juxta</strong></span> <span class='ocrx_word' id='word_1_588' title='bbox 1399 4251 1454 4301; x_wconf 91' lang='lat' dir='ltr'><strong>te</strong></span> <span class='ocrx_word' id='word_1_589' title='bbox 1487 4251 1692 4302; x_wconf 89' lang='lat' dir='ltr'><strong>auctor</strong></span> <span class='ocrx_word' id='word_1_590' title='bbox 1718 4246 1829 4302; x_wconf 92' lang='lat' dir='ltr'><strong>erit</strong></span> <span class='ocrx_word' id='word_1_591' title='bbox 1854 4264 1973 4302; x_wconf 88' lang='lat' dir='ltr'><strong>ma-</strong></span> 
     </span>
    </p>
   </div>
   <div class='ocr_carea' id='block_1_79' title="bbox 323 4334 1967 4408">
    <p class='ocr_par' dir='ltr' id='par_1_79' title="bbox 323 4334 1967 4408">
     <span class='ocr_line' id='line_1_79' title="bbox 323 4334 1967 4408; baseline -0.001 -17"><span class='ocrx_word' id='word_1_592' title='bbox 323 4336 538 4401; x_wconf 88' lang='lat' dir='ltr'><strong>lorum,</strong></span> <span class='ocrx_word' id='word_1_593' title='bbox 571 4335 933 4407; x_wconf 86' lang='lat' dir='ltr'><strong>quia&#39;potuit</strong></span> <span class='ocrx_word' id='word_1_594' title='bbox 987 4335 1316 4408; x_wconf 88' lang='lat' dir='ltr'><strong>prohibere,</strong></span> <span class='ocrx_word' id='word_1_595' title='bbox 1370 4340 1426 4390; x_wconf 88' lang='lat' dir='ltr'><strong>et</strong></span> <span class='ocrx_word' id='word_1_596' title='bbox 1484 4351 1598 4390; x_wconf 92' lang='lat' dir='ltr'><strong>non</strong></span> <span class='ocrx_word' id='word_1_597' title='bbox 1649 4334 1967 4407; x_wconf 89' lang='lat' dir='ltr'><strong>prohibuit.</strong></span> 
     </span>
    </p>
   </div>
   <div class='ocr_carea' id='block_1_80' title="bbox 324 4423 1971 4491">
    <p class='ocr_par' dir='ltr' id='par_1_80' title="bbox 324 4423 1971 4491">
     <span class='ocr_line' id='line_1_80' title="bbox 324 4423 1971 4491; baseline 0.001 -12"><span class='ocrx_word' id='word_1_598' title='bbox 324 4426 502 4482; x_wconf 88' lang='lat' dir='ltr'><strong>Vetus</strong></span> <span class='ocrx_word' id='word_1_599' title='bbox 533 4425 690 4480; x_wconf 91' lang='lat' dir='ltr'><strong>enim</strong></span> <span class='ocrx_word' id='word_1_600' title='bbox 730 4423 1021 4480; x_wconf 88' lang='lat' dir='ltr'><strong>sententia</strong></span> <span class='ocrx_word' id='word_1_601' title='bbox 1072 4428 1182 4490; x_wconf 90' lang='lat' dir='ltr'><strong>est,</strong></span> <span class='ocrx_word' id='word_1_602' title='bbox 1224 4423 1580 4479; x_wconf 91' lang='lat' dir='ltr'><strong>homicidam</strong></span> <span class='ocrx_word' id='word_1_603' title='bbox 1639 4440 1770 4479; x_wconf 89' lang='lat' dir='ltr'><strong>esse</strong></span> <span class='ocrx_word' id='word_1_604' title='bbox 1809 4441 1971 4491; x_wconf 87' lang='lat' dir='ltr'><strong>eum,</strong></span> 
     </span>
    </p>
   </div>
   <div class='ocr_carea' id='block_1_81' title="bbox 2078 3266 3719 3338">
    <p class='ocr_par' dir='ltr' id='par_1_81' title="bbox 2078 3266 3719 3338">
     <span class='ocr_line' id='line_1_81' title="bbox 2078 3266 3719 3338; baseline -0.005 -9"><span class='ocrx_word' id='word_1_605' title='bbox 2078 3274 2155 3329; x_wconf 90' lang='lat' dir='ltr'><strong>rit</strong></span> <span class='ocrx_word' id='word_1_606' title='bbox 2186 3271 2496 3337; x_wconf 82' lang='lat' dir='ltr'><strong>exercitus,</strong></span> <span class='ocrx_word' id='word_1_607' title='bbox 2527 3274 2584 3324; x_wconf 91' lang='lat' dir='ltr'><strong>et</strong></span> <span class='ocrx_word' id='word_1_608' title='bbox 2613 3272 2897 3324; x_wconf 88' lang='lat' dir='ltr'><strong>vocantur</strong></span> <span class='ocrx_word' id='word_1_609' title='bbox 2925 3272 3118 3323; x_wconf 88' lang='lat' dir='ltr'><strong>castra</strong></span> <span class='ocrx_word' id='word_1_610' title='bbox 3151 3267 3246 3322; x_wconf 90' lang='lat' dir='ltr'><strong>Dei</strong></span> <span class='ocrx_word' id='word_1_611' title='bbox 3268 3266 3419 3337; x_wconf 87' lang='lat' dir='ltr'><strong>(Gen.</strong></span> <span class='ocrx_word' id='word_1_612' title='bbox 3442 3283 3621 3322; x_wconf 75' lang='lat' dir='ltr'><strong>xxxii.</strong></span> <span class='ocrx_word' id='word_1_613' title='bbox 3644 3267 3719 3338; x_wconf 83' lang='lat'><strong>2).</strong></span> 
     </span>
    </p>
   </div>
   <div class='ocr_carea' id='block_1_82' title="bbox 2081 3354 3724 3433">
    <p class='ocr_par' dir='ltr' id='par_1_82' title="bbox 2081 3354 3724 3433">
     <span class='ocr_line' id='line_1_82' title="bbox 2081 3354 3724 3433; baseline -0.005 -15"><span class='ocrx_word' id='word_1_614' title='bbox 2081 3362 2284 3418; x_wconf 89' lang='lat' dir='ltr'><strong>Postea</strong></span> <span class='ocrx_word' id='word_1_615' title='bbox 2307 3363 2531 3433; x_wconf 86' lang='lat' dir='ltr'><strong>pugnat</strong></span> <span class='ocrx_word' id='word_1_616' title='bbox 2561 3373 2696 3414; x_wconf 91' lang='lat' dir='ltr'><strong>cum</strong></span> <span class='ocrx_word' id='word_1_617' title='bbox 2730 3356 2933 3429; x_wconf 89' lang='lat' dir='ltr'><strong>angelo</strong></span> <span class='ocrx_word' id='word_1_618' title='bbox 2964 3357 3073 3412; x_wconf 90' lang='lat' dir='ltr'><strong>sub</strong></span> <span class='ocrx_word' id='word_1_619' title='bbox 3104 3356 3293 3427; x_wconf 84' lang='lat' dir='ltr'><strong>ﬁgura</strong></span> <span class='ocrx_word' id='word_1_620' title='bbox 3343 3354 3624 3423; x_wconf 85' lang='lat' dir='ltr'><strong>hominis,</strong></span> <span class='ocrx_word' id='word_1_621' title='bbox 3670 3360 3724 3412; x_wconf 90' lang='lat' dir='ltr'><strong>et</strong></span> 
     </span>
    </p>
   </div>
   <div class='ocr_carea' id='block_1_83' title="bbox 2079 3444 3721 3517">
    <p class='ocr_par' dir='ltr' id='par_1_83' title="bbox 2079 3444 3721 3517">
     <span class='ocr_line' id='line_1_83' title="bbox 2079 3444 3721 3517; baseline -0.004 -10"><span class='ocrx_word' id='word_1_622' title='bbox 2079 3470 2113 3508; x_wconf 92' lang='lat' dir='ltr'><strong>a</strong></span> <span class='ocrx_word' id='word_1_623' title='bbox 2169 3451 2414 3506; x_wconf 91' lang='lat' dir='ltr'><strong>Domino</strong></span> <span class='ocrx_word' id='word_1_624' title='bbox 2471 3448 2864 3514; x_wconf 83' lang='lat' dir='ltr'><strong>confortatur;</strong></span> <span class='ocrx_word' id='word_1_625' title='bbox 2909 3446 2980 3501; x_wconf 92' lang='lat' dir='ltr'><strong>de</strong></span> <span class='ocrx_word' id='word_1_626' title='bbox 3032 3444 3472 3517; x_wconf 87' lang='lat' dir='ltr'><strong>supplantatore</strong></span> <span class='ocrx_word' id='word_1_627' title='bbox 3519 3445 3721 3513; x_wconf 85' lang='lat' dir='ltr'><strong>Jacob,</strong></span> 
     </span>
    </p>
   </div>
   <div class='ocr_carea' id='block_1_84' title="bbox 2079 3533 3723 3606">
    <p class='ocr_par' dir='ltr' id='par_1_84' title="bbox 2079 3533 3723 3606">
     <span class='ocr_line' id='line_1_84' title="bbox 2079 3533 3723 3606; baseline -0.004 -11"><span class='ocrx_word' id='word_1_628' title='bbox 2079 3541 2413 3597; x_wconf 74' lang='lat' dir='ltr'><strong>rectissimus</strong></span> <span class='ocrx_word' id='word_1_629' title='bbox 2444 3539 2542 3592; x_wconf 86' lang='lat' dir='ltr'><strong>Dei</strong></span> <span class='ocrx_word' id='word_1_630' title='bbox 2569 3538 2610 3604; x_wconf 79' lang='grc'><strong>⁴,</strong></span> <span class='ocrx_word' id='word_1_631' title='bbox 2645 3551 2858 3590; x_wconf 91' lang='lat' dir='ltr'><strong>nomen</strong></span> <span class='ocrx_word' id='word_1_632' title='bbox 2889 3534 3132 3606; x_wconf 90' lang='lat' dir='ltr'><strong>accepit.</strong></span> <span class='ocrx_word' id='word_1_633' title='bbox 3186 3533 3384 3606; x_wconf 87' lang='lat' dir='ltr'><strong>Neque</strong></span> <span class='ocrx_word' id='word_1_634' title='bbox 3437 3533 3593 3589; x_wconf 89' lang='lat' dir='ltr'><strong>enim</strong></span> <span class='ocrx_word' id='word_1_635' title='bbox 3651 3533 3723 3589; x_wconf 89' lang='lat' dir='ltr'><strong>ad</strong></span> 
     </span>
    </p>
   </div>
   <div class='ocr_carea' id='block_1_85' title="bbox 2079 3621 3724 3686">
    <p class='ocr_par' dir='ltr' id='par_1_85' title="bbox 2079 3621 3724 3686">
     <span class='ocr_line' id='line_1_85' title="bbox 2079 3621 3724 3686; baseline -0.005 0"><span class='ocrx_word' id='word_1_636' title='bbox 2079 3631 2317 3686; x_wconf 81' lang='lat' dir='ltr'><strong>fratrem</strong></span> <span class='ocrx_word' id='word_1_637' title='bbox 2350 3625 2825 3684; x_wconf 89' lang='lat' dir='ltr'><strong>crudelissimum</strong></span> <span class='ocrx_word' id='word_1_638' title='bbox 2856 3623 3108 3679; x_wconf 91' lang='lat' dir='ltr'><strong>audebat</strong></span> <span class='ocrx_word' id='word_1_639' title='bbox 3141 3622 3343 3678; x_wconf 86' lang='lat' dir='ltr'><strong>reverti</strong></span> <span class='ocrx_word' id='word_1_640' title='bbox 3361 3621 3474 3678; x_wconf 90' lang='lat' dir='ltr'><strong>nisi</strong></span> <span class='ocrx_word' id='word_1_641' title='bbox 3494 3622 3724 3679; x_wconf 90' lang='lat' dir='ltr'><strong>Domini</strong></span> 
     </span>
    </p>
   </div>
   <div class='ocr_carea' id='block_1_86' title="bbox 2078 3710 3726 3790">
    <p class='ocr_par' dir='ltr' id='par_1_86' title="bbox 2078 3710 3726 3790">
     <span class='ocr_line' id='line_1_86' title="bbox 2078 3710 3726 3790; baseline -0.004 -18"><span class='ocrx_word' id='word_1_642' title='bbox 2078 3716 2348 3790; x_wconf 66' lang='lat' dir='ltr'><strong>praasidio</strong></span> <span class='ocrx_word' id='word_1_643' title='bbox 2379 3715 2703 3771; x_wconf 80' lang='lat' dir='ltr'><strong>roboratus.</strong></span> <span class='ocrx_word' id='word_1_644' title='bbox 2737 3711 3030 3783; x_wconf 88' lang='lat' dir='ltr'><strong>Scriptum</strong></span> <span class='ocrx_word' id='word_1_645' title='bbox 3061 3715 3150 3767; x_wconf 92' lang='lat' dir='ltr'><strong>est</strong></span> <span class='ocrx_word' id='word_1_646' title='bbox 3194 3710 3254 3764; x_wconf 92' lang='lat' dir='ltr'><strong>in</strong></span> <span class='ocrx_word' id='word_1_647' title='bbox 3315 3711 3726 3782; x_wconf 88' lang='lat' dir='ltr'><strong>consequenti-</strong></span> 
     </span>
    </p>
   </div>
   <div class='ocr_carea' id='block_1_87' title="bbox 2079 3798 3726 3874">
    <p class='ocr_par' dir='ltr' id='par_1_87' title="bbox 2079 3798 3726 3874">
     <span class='ocr_line' id='line_1_87' title="bbox 2079 3798 3726 3874; baseline -0.004 -12"><span class='ocrx_word' id='word_1_648' title='bbox 2079 3807 2189 3862; x_wconf 86' lang='lat' dir='ltr'><strong>bus</strong></span> <span class='ocrx_word' id='word_1_649' title='bbox 2213 3824 2226 3874; x_wconf 88' lang='lat'><strong>;</strong></span> <span class='ocrx_word' id='word_1_650' title='bbox 2257 3829 2283 3855; x_wconf 73' lang='grc'><strong>‹‹</strong></span> <span class='ocrx_word' id='word_1_651' title='bbox 2319 3805 2493 3859; x_wconf 89' lang='lat' dir='ltr'><strong>Ortus</strong></span> <span class='ocrx_word' id='word_1_652' title='bbox 2520 3806 2609 3857; x_wconf 89' lang='lat' dir='ltr'><strong>est</strong></span> <span class='ocrx_word' id='word_1_653' title='bbox 2637 3801 2688 3856; x_wconf 91' lang='lat' dir='ltr'><strong>ei</strong></span> <span class='ocrx_word' id='word_1_654' title='bbox 2720 3799 3149 3873; x_wconf 88' lang='lat' dir='ltr'><strong>sol,postquam</strong></span> <span class='ocrx_word' id='word_1_655' title='bbox 3171 3798 3446 3854; x_wconf 87' lang='lat' dir='ltr'><strong>transivit</strong></span> <span class='ocrx_word' id='word_1_656' title='bbox 3471 3799 3726 3856; x_wconf 85' lang='lat' dir='ltr'><strong>Phanuel</strong></span> 
     </span>
    </p>
   </div>
   <div class='ocr_carea' id='block_1_88' title="bbox 2078 3886 3722 3979">
    <p class='ocr_par' dir='ltr' id='par_1_88' title="bbox 2078 3886 3722 3979">
     <span class='ocr_line' id='line_1_88' title="bbox 2078 3886 3722 3979; baseline -0.005 -28"><span class='ocrx_word' id='word_1_657' title='bbox 2078 3894 2235 3979; x_wconf 83' lang='lat' dir='ltr'><strong>(Ibid.</strong></span> <span class='ocrx_word' id='word_1_658' title='bbox 2271 3895 2382 3961; x_wconf 87' lang='lat'><strong>3|),</strong></span> <span class='ocrx_word' id='word_1_659' title='bbox 2412 3914 2438 3942; x_wconf 83' lang='lat'><strong>»</strong></span> <span class='ocrx_word' id='word_1_660' title='bbox 2487 3890 2643 3963; x_wconf 92' lang='lat' dir='ltr'><strong>quod</strong></span> <span class='ocrx_word' id='word_1_661' title='bbox 2694 3891 3112 3960; x_wconf 89' lang='lat' dir='ltr'><strong>interpretatur</strong></span> <span class='ocrx_word' id='word_1_662' title='bbox 3163 3889 3335 3958; x_wconf 75' lang='lat' dir='ltr'><strong>[acies</strong></span> <span class='ocrx_word' id='word_1_663' title='bbox 3389 3889 3505 3943; x_wconf 85' lang='lat' dir='ltr'><strong>Dei.</strong></span> <span class='ocrx_word' id='word_1_664' title='bbox 3557 3886 3722 3958; x_wconf 85' lang='lat' dir='ltr'><strong>Unde</strong></span> 
     </span>
    </p>
   </div>
   <div class='ocr_carea' id='block_1_89' title="bbox 2076 3975 3732 4056">
    <p class='ocr_par' dir='ltr' id='par_1_89' title="bbox 2076 3975 3732 4056">
     <span class='ocr_line' id='line_1_89' title="bbox 2076 3975 3732 4056; baseline -0.005 -17"><span class='ocrx_word' id='word_1_665' title='bbox 2076 3975 2338 4056; x_wconf 84' lang='lat' dir='ltr'><strong>loquitur</strong></span> <span class='ocrx_word' id='word_1_666' title='bbox 2365 3987 2422 4036; x_wconf 91' lang='lat' dir='ltr'><strong>et</strong></span> <span class='ocrx_word' id='word_1_667' title='bbox 2452 3982 2678 4051; x_wconf 90' lang='lat' dir='ltr'><strong>Moyses</strong></span> <span class='ocrx_word' id='word_1_668' title='bbox 2702 3979 2722 4011; x_wconf 80' lang='grc'>⁵</span> <span class='ocrx_word' id='word_1_669' title='bbox 2757 3995 2768 4032; x_wconf 93' lang='lat'>:</span> <span class='ocrx_word' id='word_1_670' title='bbox 2805 3999 2833 4026; x_wconf 86' lang='lat'><strong><em>«</em></strong></span> <span class='ocrx_word' id='word_1_671' title='bbox 2869 3976 3001 4032; x_wconf 85' lang='lat' dir='ltr'><strong>Vidi</strong></span> <span class='ocrx_word' id='word_1_672' title='bbox 3033 3977 3350 4033; x_wconf 89' lang='lat' dir='ltr'><strong>Dominum</strong></span> <span class='ocrx_word' id='word_1_673' title='bbox 3377 3977 3486 4047; x_wconf 81' lang='lat' dir='ltr'><strong>lat.</strong></span> <span class='ocrx_word' id='word_1_674' title='bbox 3517 3975 3732 4046; x_wconf 78' lang='lat' dir='ltr'><strong>Deum]</strong></span> 
     </span>
    </p>
   </div>
   <div class='ocr_carea' id='block_1_90' title="bbox 2077 4063 3742 4135">
    <p class='ocr_par' dir='ltr' id='par_1_90' title="bbox 2077 4063 3742 4135">
     <span class='ocr_line' id='line_1_90' title="bbox 2077 4063 3742 4135; baseline -0.005 -9"><span class='ocrx_word' id='word_1_675' title='bbox 2077 4071 2226 4129; x_wconf 85' lang='lat' dir='ltr'><strong>facie</strong></span> <span class='ocrx_word' id='word_1_676' title='bbox 2255 4072 2327 4128; x_wconf 92' lang='lat' dir='ltr'><strong>ad</strong></span> <span class='ocrx_word' id='word_1_677' title='bbox 2360 4069 2589 4132; x_wconf 82' lang='lat' dir='ltr'><strong>faciem,</strong></span> <span class='ocrx_word' id='word_1_678' title='bbox 2621 4071 2678 4122; x_wconf 89' lang='lat' dir='ltr'><strong>et</strong></span> <span class='ocrx_word' id='word_1_679' title='bbox 2707 4063 2868 4122; x_wconf 88' lang='lat' dir='ltr'><strong>salva</strong></span> <span class='ocrx_word' id='word_1_680' title='bbox 2899 4066 3054 4122; x_wconf 84' lang='lat' dir='ltr'><strong>tacta</strong></span> <span class='ocrx_word' id='word_1_681' title='bbox 3073 4069 3163 4122; x_wconf 89' lang='lat' dir='ltr'><strong>est</strong></span> <span class='ocrx_word' id='word_1_682' title='bbox 3180 4065 3378 4121; x_wconf 88' lang='lat' dir='ltr'><strong>anima</strong></span> <span class='ocrx_word' id='word_1_683' title='bbox 3408 4081 3542 4122; x_wconf 88' lang='lat' dir='ltr'><strong>mea</strong></span> <span class='ocrx_word' id='word_1_684' title='bbox 3567 4063 3742 4135; x_wconf 84' lang='lat' dir='ltr'><strong>(Ibid.</strong></span> 
     </span>
    </p>
   </div>
   <div class='ocr_carea' id='block_1_91' title="bbox 2077 4153 3736 4231">
    <p class='ocr_par' dir='ltr' id='par_1_91' title="bbox 2077 4153 3736 4231">
     <span class='ocr_line' id='line_1_91' title="bbox 2077 4153 3736 4231; baseline -0.005 -14"><span class='ocrx_word' id='word_1_685' title='bbox 2077 4163 2188 4229; x_wconf 88' lang='lat'><strong>30),</strong></span> <span class='ocrx_word' id='word_1_686' title='bbox 2224 4177 2337 4215; x_wconf 91' lang='lat' dir='ltr'><strong>non</strong></span> <span class='ocrx_word' id='word_1_687' title='bbox 2369 4157 2722 4231; x_wconf 90' lang='lat' dir='ltr'><strong>proprietate</strong></span> <span class='ocrx_word' id='word_1_688' title='bbox 2768 4159 3010 4223; x_wconf 66' lang='lat' dir='ltr'><strong>naturae,</strong></span> <span class='ocrx_word' id='word_1_689' title='bbox 3072 4155 3172 4210; x_wconf 87' lang='lat' dir='ltr'><strong>sed</strong></span> <span class='ocrx_word' id='word_1_690' title='bbox 3231 4155 3572 4227; x_wconf 89' lang='lat' dir='ltr'><strong>dignatione</strong></span> <span class='ocrx_word' id='word_1_691' title='bbox 3623 4153 3736 4208; x_wconf 87' lang='lat' dir='ltr'><strong>mi-</strong></span> 
     </span>
    </p>
   </div>
   <div class='ocr_carea' id='block_1_92' title="bbox 2080 4241 3729 4317">
    <p class='ocr_par' dir='ltr' id='par_1_92' title="bbox 2080 4241 3729 4317">
     <span class='ocr_line' id='line_1_92' title="bbox 2080 4241 3729 4317; baseline -0.005 -11"><span class='ocrx_word' id='word_1_692' title='bbox 2080 4250 2348 4306; x_wconf 79' lang='lat' dir='ltr'><strong>serantis.</strong></span> <span class='ocrx_word' id='word_1_693' title='bbox 2384 4245 2583 4302; x_wconf 90' lang='lat' dir='ltr'><strong>Oritur</strong></span> <span class='ocrx_word' id='word_1_694' title='bbox 2623 4261 2759 4317; x_wconf 85' lang='lat' dir='ltr'><strong>ergo</strong></span> <span class='ocrx_word' id='word_1_695' title='bbox 2818 4243 2988 4300; x_wconf 90' lang='lat' dir='ltr'><strong>nobis</strong></span> <span class='ocrx_word' id='word_1_696' title='bbox 3049 4243 3134 4300; x_wconf 90' lang='lat' dir='ltr'><strong>sol</strong></span> <span class='ocrx_word' id='word_1_697' title='bbox 3175 4243 3442 4314; x_wconf 76' lang='lat' dir='ltr'><strong>justitiae,</strong></span> <span class='ocrx_word' id='word_1_698' title='bbox 3492 4241 3729 4315; x_wconf 88' lang='lat' dir='ltr'><strong>quando</strong></span> 
     </span>
    </p>
   </div>
   <div class='ocr_carea' id='block_1_93' title="bbox 2077 4331 3745 4405">
    <p class='ocr_par' dir='ltr' id='par_1_93' title="bbox 2077 4331 3745 4405">
     <span class='ocr_line' id='line_1_93' title="bbox 2077 4331 3745 4405; baseline -0.005 -12"><span class='ocrx_word' id='word_1_699' title='bbox 2077 4338 2242 4395; x_wconf 87' lang='lat' dir='ltr'><strong>vultu</strong></span> <span class='ocrx_word' id='word_1_700' title='bbox 2278 4336 2374 4391; x_wconf 90' lang='lat' dir='ltr'><strong>Dei</strong></span> <span class='ocrx_word' id='word_1_701' title='bbox 2404 4331 3158 4405; x_wconf 81' lang='lat' dir='ltr'><strong>contirmamur.’Josephin</strong></span> <span class='ocrx_word' id='word_1_702' title='bbox 3176 4336 3413 4405; x_wconf 70' lang='lat' dir='ltr'><strong>Egypto</strong></span> <span class='ocrx_word' id='word_1_703' title='bbox 3444 4331 3745 4388; x_wconf 86' lang='lat' dir='ltr'><strong>clauditur</strong></span> 
     </span>
    </p>
   </div>
   <div class='ocr_carea' id='block_1_94' title="bbox 2080 4421 3745 4496">
    <p class='ocr_par' dir='ltr' id='par_1_94' title="bbox 2080 4421 3745 4496">
     <span class='ocr_line' id='line_1_94' title="bbox 2080 4421 3745 4496; baseline -0.006 -12"><span class='ocrx_word' id='word_1_704' title='bbox 2080 4443 2328 4493; x_wconf 88' lang='lat' dir='ltr'><strong>carcere,</strong></span> <span class='ocrx_word' id='word_1_705' title='bbox 2363 4425 2560 4496; x_wconf 91' lang='lat' dir='ltr'><strong>ibique</strong></span> <span class='ocrx_word' id='word_1_706' title='bbox 2590 4423 2860 4491; x_wconf 89' lang='lat' dir='ltr'><strong>infertur,</strong></span> <span class='ocrx_word' id='word_1_707' title='bbox 2893 4422 3047 4495; x_wconf 91' lang='lat' dir='ltr'><strong>quod</strong></span> <span class='ocrx_word' id='word_1_708' title='bbox 3070 4426 3270 4477; x_wconf 89' lang='lat' dir='ltr'><strong>custos</strong></span> <span class='ocrx_word' id='word_1_709' title='bbox 3307 4421 3558 4477; x_wconf 87' lang='lat' dir='ltr'><strong>carceris</strong></span> <span class='ocrx_word' id='word_1_710' title='bbox 3614 4435 3745 4475; x_wconf 89' lang='lat' dir='ltr'><strong>om-</strong></span> 
     </span>
    </p>
   </div>
   <div class='ocr_carea' id='block_1_95' title="bbox 326 4509 3740 4589">
    <p class='ocr_par' dir='ltr' id='par_1_95' title="bbox 326 4509 3740 4589">
     <span class='ocr_line' id='line_1_95' title="bbox 326 4509 3740 4589; baseline -0.001 -21"><span class='ocrx_word' id='word_1_711' title='bbox 326 4514 428 4586; x_wconf 92' lang='lat' dir='ltr'><strong>qui</strong></span> <span class='ocrx_word' id='word_1_712' title='bbox 457 4528 592 4569; x_wconf 90' lang='lat' dir='ltr'><strong>cum</strong></span> <span class='ocrx_word' id='word_1_713' title='bbox 623 4512 810 4583; x_wconf 90' lang='lat' dir='ltr'><strong>possit</strong></span> <span class='ocrx_word' id='word_1_714' title='bbox 840 4512 1136 4568; x_wconf 90' lang='lat' dir='ltr'><strong>hominem</strong></span> <span class='ocrx_word' id='word_1_715' title='bbox 1168 4512 1239 4567; x_wconf 92' lang='lat' dir='ltr'><strong>de</strong></span> <span class='ocrx_word' id='word_1_716' title='bbox 1289 4517 1474 4568; x_wconf 79' lang='lat' dir='ltr'><strong>morte</strong></span> <span class='ocrx_word' id='word_1_717' title='bbox 1532 4511 1797 4576; x_wconf 88' lang='lat' dir='ltr'><strong>liberare,</strong></span> <span class='ocrx_word' id='word_1_718' title='bbox 1859 4531 1971 4570; x_wconf 91' lang='lat' dir='ltr'><strong>non</strong></span> <span class='ocrx_word' id='word_1_719' title='bbox 2008 4525 2054 4589; x_wconf 76' lang='grc' dir='ltr'><strong>Ι)</strong></span> <span class='ocrx_word' id='word_1_720' title='bbox 2086 4517 2185 4572; x_wconf 90' lang='lat' dir='ltr'><strong>nia</strong></span> <span class='ocrx_word' id='word_1_721' title='bbox 2213 4515 2483 4588; x_wconf 87' lang='lat' dir='ltr'><strong>potestati</strong></span> <span class='ocrx_word' id='word_1_722' title='bbox 2515 4513 2644 4582; x_wconf 83' lang='lat' dir='ltr'><strong>eius</strong></span> <span class='ocrx_word' id='word_1_723' title='bbox 2684 4511 2936 4583; x_wconf 79' lang='lat' dir='ltr'><strong>fideique</strong></span> <span class='ocrx_word' id='word_1_724' title='bbox 2993 4511 3374 4567; x_wconf 91' lang='lat' dir='ltr'><strong>commiserit.</strong></span> <span class='ocrx_word' id='word_1_725' title='bbox 3433 4509 3740 4581; x_wconf 88' lang='lat' dir='ltr'><strong>Causaque</strong></span> 
     </span>
    </p>
   </div>
   <div class='ocr_carea' id='block_1_96' title="bbox 325 4601 1972 4671">
    <p class='ocr_par' dir='ltr' id='par_1_96' title="bbox 325 4601 1972 4671">
     <span class='ocr_line' id='line_1_96' title="bbox 325 4601 1972 4671; baseline 0.001 -14"><span class='ocrx_word' id='word_1_726' title='bbox 325 4602 550 4658; x_wconf 83' lang='lat' dir='ltr'><strong>liberet.</strong></span> <span class='ocrx_word' id='word_1_727' title='bbox 582 4602 644 4658; x_wconf 81' lang='grc' dir='ltr'><strong>ϐ.</strong></span> <span class='ocrx_word' id='word_1_728' title='bbox 675 4601 930 4671; x_wconf 88' lang='lat' dir='ltr'><strong>Jamjam</strong></span> <span class='ocrx_word' id='word_1_729' title='bbox 969 4601 1106 4656; x_wconf 93' lang='lat' dir='ltr'><strong>tollo</strong></span> <span class='ocrx_word' id='word_1_730' title='bbox 1139 4617 1404 4666; x_wconf 87' lang='lat' dir='ltr'><strong>manum,</strong></span> <span class='ocrx_word' id='word_1_731' title='bbox 1464 4601 1625 4669; x_wconf 92' lang='lat' dir='ltr'><strong>cedo,</strong></span> <span class='ocrx_word' id='word_1_732' title='bbox 1657 4601 1879 4660; x_wconf 86' lang='lat' dir='ltr'><strong>vicisti:</strong></span> <span class='ocrx_word' id='word_1_733' title='bbox 1925 4605 1972 4660; x_wconf 85' lang='lat' dir='ltr'><strong>ei</strong></span> 
     </span>
    </p>
   </div>
   <div class='ocr_carea' id='block_1_97' title="bbox 326 4687 1973 4760">
    <p class='ocr_par' dir='ltr' id='par_1_97' title="bbox 326 4687 1973 4760">
     <span class='ocr_line' id='line_1_97' title="bbox 326 4687 1973 4760; baseline 0 -12"><span class='ocrx_word' id='word_1_734' title='bbox 326 4696 520 4748; x_wconf 87' lang='lat' dir='ltr'><strong>tamen</strong></span> <span class='ocrx_word' id='word_1_735' title='bbox 556 4689 784 4745; x_wconf 91' lang='lat' dir='ltr'><strong>vincere</strong></span> <span class='ocrx_word' id='word_1_736' title='bbox 812 4695 921 4754; x_wconf 91' lang='lat' dir='ltr'><strong>est,</strong></span> <span class='ocrx_word' id='word_1_737' title='bbox 952 4689 1254 4746; x_wconf 90' lang='lat' dir='ltr'><strong>veritatem</strong></span> <span class='ocrx_word' id='word_1_738' title='bbox 1283 4687 1429 4745; x_wconf 87' lang='lat' dir='ltr'><strong>velle</strong></span> <span class='ocrx_word' id='word_1_739' title='bbox 1461 4689 1813 4760; x_wconf 88' lang='lat' dir='ltr'><strong>subvertere,</strong></span> <span class='ocrx_word' id='word_1_740' title='bbox 1858 4710 1973 4749; x_wconf 91' lang='lat' dir='ltr'><strong>non</strong></span> 
     </span>
    </p>
   </div>
   <div class='ocr_carea' id='block_1_98' title="bbox 401 4815 1974 4886">
    <p class='ocr_par' dir='ltr' id='par_1_98' title="bbox 401 4815 1974 4886">
     <span class='ocr_line' id='line_1_98' title="bbox 401 4815 1974 4886; baseline 0.003 -15"><span class='ocrx_word' id='word_1_741' title='bbox 401 4818 414 4850; x_wconf 84' lang='grc' dir='ltr'>ί</span> <span class='ocrx_word' id='word_1_742' title='bbox 449 4818 512 4872; x_wconf 91' lang='lat' dir='ltr'><strong>In</strong></span> <span class='ocrx_word' id='word_1_743' title='bbox 542 4815 722 4872; x_wconf 91' lang='lat' dir='ltr'><strong>veteri</strong></span> <span class='ocrx_word' id='word_1_744' title='bbox 765 4815 904 4870; x_wconf 90' lang='lat' dir='ltr'><strong>edit.</strong></span> <span class='ocrx_word' id='word_1_745' title='bbox 956 4815 1243 4869; x_wconf 86' lang='lat' dir='ltr'><strong>Philonem</strong></span> <span class='ocrx_word' id='word_1_746' title='bbox 1292 4815 1807 4884; x_wconf 78' lang='lat' dir='ltr'><strong>prudentissimum,</strong></span> <span class='ocrx_word' id='word_1_747' title='bbox 1841 4824 1974 4886; x_wconf 89' lang='lat' dir='ltr'><strong>etc.,</strong></span> 
     </span>
    </p>
   </div>
   <div class='ocr_carea' id='block_1_99' title="bbox 331 4886 1973 4959">
    <p class='ocr_par' dir='ltr' id='par_1_99' title="bbox 331 4886 1973 4959">
     <span class='ocr_line' id='line_1_99' title="bbox 331 4886 1973 4959; baseline 0.001 -15"><span class='ocrx_word' id='word_1_748' title='bbox 331 4891 550 4959; x_wconf 89' lang='lat' dir='ltr'><strong>absque</strong></span> <span class='ocrx_word' id='word_1_749' title='bbox 581 4897 631 4944; x_wconf 86' lang='lat' dir='ltr'><strong>et</strong></span> <span class='ocrx_word' id='word_1_750' title='bbox 661 4887 870 4959; x_wconf 89' lang='lat' dir='ltr'><strong>copula</strong></span> <span class='ocrx_word' id='word_1_751' title='bbox 895 4905 907 4942; x_wconf 89' lang='lat'>:</span> <span class='ocrx_word' id='word_1_752' title='bbox 932 4886 990 4941; x_wconf 93' lang='lat' dir='ltr'><strong>in</strong></span> <span class='ocrx_word' id='word_1_753' title='bbox 1022 4886 1205 4959; x_wconf 85' lang='lat' dir='ltr'><strong>Vatic.</strong></span> <span class='ocrx_word' id='word_1_754' title='bbox 1249 4891 1453 4959; x_wconf 83' lang='lat' dir='ltr'><strong>autem</strong></span> <span class='ocrx_word' id='word_1_755' title='bbox 1497 4888 1973 4959; x_wconf 67' lang='lat' dir='ltr'><strong>prudentissimos.</strong></span> 
     </span>
    </p>
   </div>
   <div class='ocr_carea' id='block_1_100' title="bbox 399 4906 1979 5030">
    <p class='ocr_par' dir='ltr' id='par_1_100' title="bbox 399 4906 1979 5030">
     <span class='ocr_line' id='line_1_100' title="bbox 399 4906 1973 4959; baseline 0.001 -15"><span class='ocrx_word' id='word_1_756' title='bbox 399 4907 434 4944; x_wconf 73' lang='lat'><strong>&gt;8</strong></span> <span class='ocrx_word' id='word_1_757' title='bbox 482 4906 550 4944; x_wconf 88' lang='lat' dir='ltr'><strong>ue</strong></span> <span class='ocrx_word' id='word_1_758' title='bbox 581 4906 631 4944; x_wconf 81' lang='lat' dir='ltr'><strong>el</strong></span> <span class='ocrx_word' id='word_1_759' title='bbox 661 4906 990 4959; x_wconf 79' lang='lat' dir='ltr'><strong>copuiazin</strong></span> <span class='ocrx_word' id='word_1_760' title='bbox 1033 4906 1205 4942; x_wconf 83' lang='lat' dir='ltr'><strong>vauc.</strong></span> <span class='ocrx_word' id='word_1_761' title='bbox 1259 4906 1453 4941; x_wconf 80' lang='lat' dir='ltr'><strong>autem</strong></span> <span class='ocrx_word' id='word_1_762' title='bbox 1497 4906 1973 4958; x_wconf 76' lang='lat' dir='ltr'><strong>prudentissimos.</strong></span> 
     </span>
     <span class='ocr_line' id='line_1_101' title="bbox 399 4906 1979 5030; baseline 0.001 -15"><span class='ocrx_word' id='word_1_763' title='bbox 399 4906 598 5030; x_wconf 51' lang='lat' dir='ltr'><strong>2(aucti</strong></span> <span class='ocrx_word' id='word_1_764' title='bbox 655 4959 825 5015; x_wconf 73' lang='lat' dir='ltr'><strong>Graeci</strong></span> <span class='ocrx_word' id='word_1_765' title='bbox 878 4959 1067 5014; x_wconf 81' lang='lat' dir='ltr'><strong>dicunt</strong></span> <span class='ocrx_word' id='word_1_766' title='bbox 1116 4956 1475 5030; x_wconf 48' lang='grc' dir='ltr'>αὐτεξούσιον,</span> <span class='ocrx_word' id='word_1_767' title='bbox 1540 4958 1642 5013; x_wconf 84' lang='lat' dir='ltr'><strong>Hic</strong></span> <span class='ocrx_word' id='word_1_768' title='bbox 1709 4961 1979 5017; x_wconf 86' lang='lat' dir='ltr'><strong>similiter</strong></span> 
     </span>
    </p>
   </div>
   <div class='ocr_carea' id='block_1_101' title="bbox 329 5027 1976 5101">
    <p class='ocr_par' dir='ltr' id='par_1_101' title="bbox 329 5027 1976 5101">
     <span class='ocr_line' id='line_1_102' title="bbox 329 5027 1976 5101; baseline 0.001 -15"><span class='ocrx_word' id='word_1_769' title='bbox 329 5027 533 5101; x_wconf 84' lang='lat' dir='ltr'><strong>legunt</strong></span> <span class='ocrx_word' id='word_1_770' title='bbox 561 5048 765 5087; x_wconf 90' lang='lat' dir='ltr'><strong>omnes</strong></span> <span class='ocrx_word' id='word_1_771' title='bbox 792 5031 1022 5087; x_wconf 89' lang='lat' dir='ltr'><strong>codices</strong></span> <span class='ocrx_word' id='word_1_772' title='bbox 1054 5047 1197 5086; x_wconf 90' lang='lat' dir='ltr'><strong>mss.</strong></span> <span class='ocrx_word' id='word_1_773' title='bbox 1244 5027 1608 5098; x_wconf 71' lang='grc' dir='ltr'><strong>αὐτεξούσιον,</strong></span> <span class='ocrx_word' id='word_1_774' title='bbox 1663 5049 1774 5086; x_wconf 90' lang='lat' dir='ltr'><strong>non</strong></span> <span class='ocrx_word' id='word_1_775' title='bbox 1831 5032 1976 5088; x_wconf 88' lang='lat' dir='ltr'><strong>falso</strong></span> 
     </span>
    </p>
   </div>
   <div class='ocr_carea' id='block_1_102' title="bbox 334 5101 1974 5172">
    <p class='ocr_par' dir='ltr' id='par_1_102' title="bbox 334 5101 1974 5172">
     <span class='ocr_line' id='line_1_103' title="bbox 334 5101 1974 5172; baseline 0.002 -18"><span class='ocrx_word' id='word_1_776' title='bbox 334 5101 673 5170; x_wconf 72' lang='grc' dir='ltr'>αὖτεξουσίαν</span> <span class='ocrx_word' id='word_1_777' title='bbox 705 5119 841 5158; x_wconf 88' lang='lat' dir='ltr'><strong>cum</strong></span> <span class='ocrx_word' id='word_1_778' title='bbox 885 5107 1146 5158; x_wconf 81' lang='lat' dir='ltr'><strong>Erasmo.</strong></span> <span class='ocrx_word' id='word_1_779' title='bbox 1197 5103 1296 5156; x_wconf 83' lang='lat' dir='ltr'><strong>Est</strong></span> <span class='ocrx_word' id='word_1_780' title='bbox 1346 5106 1542 5156; x_wconf 86' lang='lat' dir='ltr'><strong>autem</strong></span> <span class='ocrx_word' id='word_1_781' title='bbox 1605 5101 1665 5154; x_wconf 85' lang='grc' dir='ltr'><strong>τὸ</strong></span> <span class='ocrx_word' id='word_1_782' title='bbox 1727 5101 1974 5172; x_wconf 75' lang='grc' dir='ltr'><strong>αὐτεξού-</strong></span> 
     </span>
    </p>
   </div>
   <div class='ocr_carea' id='block_1_103' title="bbox 335 5173 1978 5243">
    <p class='ocr_par' dir='ltr' id='par_1_103' title="bbox 335 5173 1978 5243">
     <span class='ocr_line' id='line_1_104' title="bbox 335 5173 1978 5243; baseline 0.005 -19"><span class='ocrx_word' id='word_1_783' title='bbox 335 5192 447 5224; x_wconf 78' lang='grc' dir='ltr'><strong>σιον</strong></span> <span class='ocrx_word' id='word_1_784' title='bbox 472 5174 647 5227; x_wconf 80' lang='lat' dir='ltr'><strong>libera</strong></span> <span class='ocrx_word' id='word_1_785' title='bbox 678 5176 949 5243; x_wconf 81' lang='lat' dir='ltr'><strong>voluntas,</strong></span> <span class='ocrx_word' id='word_1_786' title='bbox 982 5174 1100 5229; x_wconf 86' lang='lat' dir='ltr'><strong>sive</strong></span> <span class='ocrx_word' id='word_1_787' title='bbox 1143 5174 1378 5243; x_wconf 82' lang='lat' dir='ltr'><strong>liberum</strong></span> <span class='ocrx_word' id='word_1_788' title='bbox 1429 5173 1724 5243; x_wconf 78' lang='lat' dir='ltr'><strong>arbitrium</strong></span> <span class='ocrx_word' id='word_1_789' title='bbox 1758 5191 1770 5230; x_wconf 86' lang='lat'>:</span> <span class='ocrx_word' id='word_1_790' title='bbox 1824 5177 1978 5232; x_wconf 89' lang='lat' dir='ltr'><strong>unde</strong></span> 
     </span>
    </p>
   </div>
   <div class='ocr_carea' id='block_1_104' title="bbox 333 5241 1979 5316">
    <p class='ocr_par' dir='ltr' id='par_1_104' title="bbox 333 5241 1979 5316">
     <span class='ocr_line' id='line_1_105' title="bbox 333 5241 1979 5316; baseline -0.001 -18"><span class='ocrx_word' id='word_1_791' title='bbox 333 5244 486 5316; x_wconf 68' lang='lat' dir='ltr'><strong>apud</strong></span> <span class='ocrx_word' id='word_1_792' title='bbox 522 5243 757 5316; x_wconf 80' lang='lat' dir='ltr'><strong>Gregor.</strong></span> <span class='ocrx_word' id='word_1_793' title='bbox 791 5241 1060 5316; x_wconf 12' lang='lat' dir='ltr'><strong>Narzianz.</strong></span> <span class='ocrx_word' id='word_1_794' title='bbox 1083 5248 1160 5314; x_wconf 80' lang='grc' dir='ltr'><strong>τῷ</strong></span> <span class='ocrx_word' id='word_1_795' title='bbox 1187 5241 1511 5314; x_wconf 71' lang='grc' dir='ltr'><strong>αὖτεξουτίῳ</strong></span> <span class='ocrx_word' id='word_1_796' title='bbox 1585 5246 1858 5316; x_wconf 73' lang='grc' dir='ltr'><strong>τιμηθεις,</strong></span> <span class='ocrx_word' id='word_1_797' title='bbox 1907 5249 1979 5302; x_wconf 81' lang='lat' dir='ltr'><strong>(i-</strong></span> 
     </span>
    </p>
   </div>
   <div class='ocr_carea' id='block_1_105' title="bbox 333 5314 1596 5386">
    <p class='ocr_par' dir='ltr' id='par_1_105' title="bbox 333 5314 1596 5386">
     <span class='ocr_line' id='line_1_106' title="bbox 333 5314 1596 5386; baseline 0.002 -19"><span class='ocrx_word' id='word_1_798' title='bbox 333 5314 703 5386; x_wconf 64' lang='lat' dir='ltr'><strong>beriarbitrii</strong></span> <span class='ocrx_word' id='word_1_799' title='bbox 727 5315 992 5386; x_wconf 78' lang='lat' dir='ltr'><strong>facultate</strong></span> <span class='ocrx_word' id='word_1_800' title='bbox 1011 5317 1266 5372; x_wconf 71' lang='lat' dir='ltr'><strong>domtus.</strong></span> <span class='ocrx_word' id='word_1_801' title='bbox 1305 5316 1596 5370; x_wconf 62' lang='lat' dir='ltr'><strong>Maavum.</strong></span> 
     </span>
    </p>
   </div>
   <div class='ocr_carea' id='block_1_106' title="bbox 405 5384 1979 5459">
    <p class='ocr_par' dir='ltr' id='par_1_106' title="bbox 405 5384 1979 5459">
     <span class='ocr_line' id='line_1_107' title="bbox 405 5384 1979 5459; baseline 0.007 -24"><span class='ocrx_word' id='word_1_802' title='bbox 405 5386 431 5459; x_wconf 73' lang='lat'><strong>3_</strong></span> <span class='ocrx_word' id='word_1_803' title='bbox 457 5384 640 5459; x_wconf 68' lang='lat' dir='ltr'><strong>Vatic.</strong></span> <span class='ocrx_word' id='word_1_804' title='bbox 672 5384 767 5439; x_wconf 81' lang='lat' dir='ltr'><strong>aut</strong></span> <span class='ocrx_word' id='word_1_805' title='bbox 795 5389 976 5459; x_wconf 75' lang='lat' dir='ltr'><strong>facere</strong></span> <span class='ocrx_word' id='word_1_806' title='bbox 1000 5388 1201 5442; x_wconf 83' lang='lat' dir='ltr'><strong>notuit.</strong></span> <span class='ocrx_word' id='word_1_807' title='bbox 1239 5387 1393 5440; x_wconf 86' lang='lat' dir='ltr'><strong>Infra</strong></span> <span class='ocrx_word' id='word_1_808' title='bbox 1449 5386 1979 5459; x_wconf 84' lang='lat' dir='ltr'><strong>interpunctioncm</strong></span> 
     </span>
    </p>
   </div>
   <div class='ocr_carea' id='block_1_107' title="bbox 338 5454 1706 5524">
    <p class='ocr_par' dir='ltr' id='par_1_107' title="bbox 338 5454 1706 5524">
     <span class='ocr_line' id='line_1_108' title="bbox 338 5454 1706 5524; baseline 0.002 -13"><span class='ocrx_word' id='word_1_809' title='bbox 338 5457 511 5524; x_wconf 87' lang='lat' dir='ltr'><strong>cujus</strong></span> <span class='ocrx_word' id='word_1_810' title='bbox 538 5454 674 5510; x_wconf 90' lang='lat' dir='ltr'><strong>vitio</strong></span> <span class='ocrx_word' id='word_1_811' title='bbox 705 5454 914 5512; x_wconf 87' lang='lat' dir='ltr'><strong>sensus</strong></span> <span class='ocrx_word' id='word_1_812' title='bbox 945 5456 1268 5521; x_wconf 83' lang='lat' dir='ltr'><strong>laborabat,</strong></span> <span class='ocrx_word' id='word_1_813' title='bbox 1301 5454 1706 5515; x_wconf 56' lang='lat' dir='ltr'><strong>emendam&#39;us.</strong></span> 
     </span>
    </p>
   </div>
   <div class='ocr_carea' id='block_1_108' title="bbox 404 5527 1981 5607">
    <p class='ocr_par' dir='ltr' id='par_1_108' title="bbox 404 5527 1981 5607">
     <span class='ocr_line' id='line_1_109' title="bbox 404 5527 1981 5607; baseline 0.005 -25"><span class='ocrx_word' id='word_1_814' title='bbox 404 5528 606 5607; x_wconf 42' lang='grc' dir='ltr'><em>ἥξασοῢ</em></span> <span class='ocrx_word' id='word_1_815' title='bbox 638 5529 976 5607; x_wconf 79' lang='lat' dir='ltr'><strong>rectissimus</strong></span> <span class='ocrx_word' id='word_1_816' title='bbox 993 5529 1142 5607; x_wconf 53' lang='lat' dir='ltr'><strong>Dei.&quot;</strong></span> <span class='ocrx_word' id='word_1_817' title='bbox 1162 5527 1371 5599; x_wconf 90' lang='lat' dir='ltr'><strong>lneptit</strong></span> <span class='ocrx_word' id='word_1_818' title='bbox 1398 5599 1406 5607; x_wconf 84' lang='lat'><strong>_</strong></span> <span class='ocrx_word' id='word_1_819' title='bbox 1432 5529 1525 5607; x_wconf 74' lang='lat' dir='ltr'><strong>hic</strong></span> <span class='ocrx_word' id='word_1_820' title='bbox 1559 5531 1864 5607; x_wconf 30' lang='lat' dir='ltr'><strong>.Marianus</strong></span> <span class='ocrx_word' id='word_1_821' title='bbox 1921 5533 1981 5590; x_wconf 89' lang='lat' dir='ltr'><strong>in</strong></span> 
     </span>
    </p>
   </div>
   <div class='ocr_carea' id='block_1_109' title="bbox 329 5597 1982 5672">
    <p class='ocr_par' dir='ltr' id='par_1_109' title="bbox 329 5597 1982 5672">
     <span class='ocr_line' id='line_1_110' title="bbox 329 5597 1982 5672; baseline 0.003 -14"><span class='ocrx_word' id='word_1_822' title='bbox 329 5597 517 5667; x_wconf 88' lang='lat' dir='ltr'><strong>Notis,</strong></span> <span class='ocrx_word' id='word_1_823' title='bbox 550 5599 722 5671; x_wconf 89' lang='lat' dir='ltr'><strong>quasi</strong></span> <span class='ocrx_word' id='word_1_824' title='bbox 753 5600 1040 5657; x_wconf 85' lang='lat' dir='ltr'><strong>sexcentis</strong></span> <span class='ocrx_word' id='word_1_825' title='bbox 1078 5597 1411 5672; x_wconf 81' lang='lat' dir='ltr'><strong>Hieronymi</strong></span> <span class='ocrx_word' id='word_1_826' title='bbox 1460 5599 1605 5657; x_wconf 90' lang='lat' dir='ltr'><strong>locis</strong></span> <span class='ocrx_word' id='word_1_827' title='bbox 1658 5607 1824 5661; x_wconf 82' lang='lat' dir='ltr'><strong>Israel</strong></span> <span class='ocrx_word' id='word_1_828' title='bbox 1867 5623 1982 5663; x_wconf 91' lang='lat' dir='ltr'><strong>non</strong></span> 
     </span>
    </p>
   </div>
   <div class='ocr_carea' id='block_1_110' title="bbox 2084 4601 3741 4671">
    <p class='ocr_par' dir='ltr' id='par_1_110' title="bbox 2084 4601 3741 4671">
     <span class='ocr_line' id='line_1_111' title="bbox 2084 4601 3741 4671; baseline -0.004 -10"><span class='ocrx_word' id='word_1_829' title='bbox 2084 4605 2377 4662; x_wconf 90' lang='lat' dir='ltr'><strong>redditur:</strong></span> <span class='ocrx_word' id='word_1_830' title='bbox 2420 4626 2447 4652; x_wconf 83' lang='lat'><strong>«</strong></span> <span class='ocrx_word' id='word_1_831' title='bbox 2480 4601 2626 4666; x_wconf 86' lang='lat' dir='ltr'><strong>Quia</strong></span> <span class='ocrx_word' id='word_1_832' title='bbox 2655 4601 2939 4656; x_wconf 90' lang='lat' dir='ltr'><strong>Dominus</strong></span> <span class='ocrx_word' id='word_1_833' title='bbox 2963 4604 3088 4655; x_wconf 90' lang='lat' dir='ltr'><strong>erat</strong></span> <span class='ocrx_word' id='word_1_834' title='bbox 3117 4617 3252 4656; x_wconf 88' lang='lat' dir='ltr'><strong>cum</strong></span> <span class='ocrx_word' id='word_1_835' title='bbox 3277 4616 3364 4668; x_wconf 91' lang='lat' dir='ltr'><strong>eo,</strong></span> <span class='ocrx_word' id='word_1_836' title='bbox 3387 4603 3446 4655; x_wconf 90' lang='lat' dir='ltr'><strong>et</strong></span> <span class='ocrx_word' id='word_1_837' title='bbox 3464 4615 3741 4671; x_wconf 72' lang='lat' dir='ltr'><strong>quaecun-</strong></span> 
     </span>
    </p>
   </div>
   <div class='ocr_carea' id='block_1_111' title="bbox 2085 4685 3738 4766">
    <p class='ocr_par' dir='ltr' id='par_1_111' title="bbox 2085 4685 3738 4766">
     <span class='ocr_line' id='line_1_112' title="bbox 2085 4685 3738 4766; baseline -0.005 -17"><span class='ocrx_word' id='word_1_838' title='bbox 2085 4709 2197 4766; x_wconf 90' lang='lat' dir='ltr'><strong>que</strong></span> <span class='ocrx_word' id='word_1_839' title='bbox 2229 4689 3006 4763; x_wconf 86' lang='lat' dir='ltr'><strong>faciebat,prosperabantur</strong></span> <span class='ocrx_word' id='word_1_840' title='bbox 3028 4704 3062 4743; x_wconf 90' lang='lat' dir='ltr'><strong>a</strong></span> <span class='ocrx_word' id='word_1_841' title='bbox 3091 4687 3336 4744; x_wconf 89' lang='lat' dir='ltr'><strong>Domino</strong></span> <span class='ocrx_word' id='word_1_842' title='bbox 3367 4689 3429 4743; x_wconf 89' lang='lat' dir='ltr'><strong>in</strong></span> <span class='ocrx_word' id='word_1_843' title='bbox 3461 4685 3738 4743; x_wconf 89' lang='lat' dir='ltr'><strong>manibus</strong></span> 
     </span>
    </p>
   </div>
   <div class='ocr_carea' id='block_1_112' title="bbox 2086 4814 3740 4891">
    <p class='ocr_par' dir='ltr' id='par_1_112' title="bbox 2086 4814 3740 4891">
     <span class='ocr_line' id='line_1_113' title="bbox 2086 4814 3740 4891; baseline -0.004 -16"><span class='ocrx_word' id='word_1_844' title='bbox 2086 4822 2537 4891; x_wconf 86' lang='lat' dir='ltr'><strong>interpretatum</strong></span> <span class='ocrx_word' id='word_1_845' title='bbox 2596 4831 2810 4891; x_wconf 85' lang='lat' dir='ltr'><strong>nomen</strong></span> <span class='ocrx_word' id='word_1_846' title='bbox 2864 4820 3143 4891; x_wconf 78' lang='lat' dir='ltr'><strong>ponatur,</strong></span> <span class='ocrx_word' id='word_1_847' title='bbox 3200 4817 3573 4891; x_wconf 65' lang='lat' dir='ltr'><strong>rectissimus</strong></span> <span class='ocrx_word' id='word_1_848' title='bbox 3622 4814 3740 4891; x_wconf 86' lang='lat' dir='ltr'><strong>Dei.</strong></span> 
     </span>
    </p>
   </div>
   <div class='ocr_carea' id='block_1_113' title="bbox 2087 4886 3740 4960">
    <p class='ocr_par' dir='ltr' id='par_1_113' title="bbox 2087 4886 3740 4960">
     <span class='ocr_line' id='line_1_114' title="bbox 2087 4886 3740 4960; baseline -0.005 -12"><span class='ocrx_word' id='word_1_849' title='bbox 2087 4886 2672 4960; x_wconf 67' lang='lat' dir='ltr'><strong>ltIAa&#39;riAN.—-Nempe</strong></span> <span class='ocrx_word' id='word_1_850' title='bbox 2700 4886 3000 4960; x_wconf 83' lang='lat' dir='ltr'><strong>Israet.Sic</strong></span> <span class='ocrx_word' id='word_1_851' title='bbox 3024 4886 3182 4960; x_wconf 84' lang='lat' dir='ltr'><strong>enim</strong></span> <span class='ocrx_word' id='word_1_852' title='bbox 3201 4887 3261 4941; x_wconf 89' lang='lat' dir='ltr'><strong>in</strong></span> <span class='ocrx_word' id='word_1_853' title='bbox 3284 4888 3740 4960; x_wconf 86' lang='lat' dir='ltr'><strong>commentatur.</strong></span> 
     </span>
    </p>
   </div>
   <div class='ocr_carea' id='block_1_114' title="bbox 2087 4957 3743 5030">
    <p class='ocr_par' dir='ltr' id='par_1_114' title="bbox 2087 4957 3743 5030">
     <span class='ocr_line' id='line_1_115' title="bbox 2087 4957 3743 5030; baseline -0.005 -11"><span class='ocrx_word' id='word_1_854' title='bbox 2087 4965 2148 5019; x_wconf 91' lang='lat' dir='ltr'><strong>in</strong></span> <span class='ocrx_word' id='word_1_855' title='bbox 2180 4963 2309 5019; x_wconf 89' lang='lat' dir='ltr'><strong>Isai.</strong></span> <span class='ocrx_word' id='word_1_856' title='bbox 2367 4979 2517 5026; x_wconf 80' lang='lat' dir='ltr'><strong>xmv,</strong></span> <span class='ocrx_word' id='word_1_857' title='bbox 2577 4957 2825 5029; x_wconf 77' lang='lat' dir='ltr'><strong>Proprie,</strong></span> <span class='ocrx_word' id='word_1_858' title='bbox 2864 4957 3097 5030; x_wconf 74' lang='lat' dir='ltr'><strong>inquit,</strong></span> <span class='ocrx_word' id='word_1_859' title='bbox 3114 4961 3293 5030; x_wconf 76' lang='lat' dir='ltr'><strong>juxta</strong></span> <span class='ocrx_word' id='word_1_860' title='bbox 3351 4958 3743 5030; x_wconf 57' lang='lat' dir='ltr'><strong>Hebrwos,_et</strong></span> 
     </span>
    </p>
   </div>
   <div class='ocr_carea' id='block_1_115' title="bbox 2089 5026 3743 5102">
    <p class='ocr_par' dir='ltr' id='par_1_115' title="bbox 2089 5026 3743 5102">
     <span class='ocr_line' id='line_1_116' title="bbox 2089 5026 3743 5102; baseline -0.005 -12"><span class='ocrx_word' id='word_1_861' title='bbox 2089 5037 2408 5102; x_wconf 63' lang='lat' dir='ltr'><strong>litterarum</strong></span> <span class='ocrx_word' id='word_1_862' title='bbox 2426 5033 2587 5102; x_wconf 81' lang='lat' dir='ltr'><strong>ﬁdem</strong></span> <span class='ocrx_word' id='word_1_863' title='bbox 2619 5026 3134 5102; x_wconf 33' lang='lat' dir='ltr'><strong>IsraetLe-Sedﬁazoc&#39;</strong></span> <span class='ocrx_word' id='word_1_864' title='bbox 3176 5032 3310 5102; x_wconf 63' lang='lat' dir='ltr'><strong>eeo?»</strong></span> <span class='ocrx_word' id='word_1_865' title='bbox 3332 5101 3338 5102; x_wconf 13' lang='grc' dir='ltr'>ί</span> <span class='ocrx_word' id='word_1_866' title='bbox 3358 5031 3607 5102; x_wconf 33' lang='lat' dir='ltr'><strong>(rectusu</strong></span> <span class='ocrx_word' id='word_1_867' title='bbox 3634 5026 3743 5082; x_wconf 88' lang='lat' dir='ltr'><strong>Dei</strong></span> 
     </span>
    </p>
   </div>
   <div class='ocr_carea' id='block_1_116' title="bbox 2087 5092 3742 5169">
    <p class='ocr_par' dir='ltr' id='par_1_116' title="bbox 2087 5092 3742 5169">
     <span class='ocr_line' id='line_1_117' title="bbox 2087 5092 3742 5169; baseline -0.004 -8"><span class='ocrx_word' id='word_1_868' title='bbox 2087 5107 2288 5163; x_wconf 85' lang='lat' dir='ltr'><strong>dicitur</strong></span> <span class='ocrx_word' id='word_1_869' title='bbox 2305 5092 2383 5166; x_wconf 59' lang='lat' dir='ltr'><strong>Lm</strong></span> <span class='ocrx_word' id='word_1_870' title='bbox 2402 5092 3146 5169; x_wconf 44' lang='lat' dir='ltr'><strong>iwt,dicitur.Vid.Librum</strong></span> <span class='ocrx_word' id='word_1_871' title='bbox 3173 5092 3514 5157; x_wconf 78' lang='lat' dir='ltr'><strong>Nominum.</strong></span> <span class='ocrx_word' id='word_1_872' title='bbox 3549 5098 3742 5155; x_wconf 87' lang='lat' dir='ltr'><strong>Victo-</strong></span> 
     </span>
    </p>
   </div>
   <div class='ocr_carea' id='block_1_117' title="bbox 2089 5175 2820 5235">
    <p class='ocr_par' dir='ltr' id='par_1_117' title="bbox 2089 5175 2820 5235">
     <span class='ocr_line' id='line_1_118' title="bbox 2089 5175 2820 5235; baseline -0.01 -2"><span class='ocrx_word' id='word_1_873' title='bbox 2089 5179 2213 5235; x_wconf 91' lang='lat' dir='ltr'><strong>rius</strong></span> <span class='ocrx_word' id='word_1_874' title='bbox 2254 5176 2462 5231; x_wconf 91' lang='lat' dir='ltr'><strong>maluit</strong></span> <span class='ocrx_word' id='word_1_875' title='bbox 2503 5175 2820 5230; x_wconf 86' lang='lat' dir='ltr'><strong>rectissime.</strong></span> 
     </span>
    </p>
   </div>
   <div class='ocr_carea' id='block_1_118' title="bbox 2160 5241 3746 5320">
    <p class='ocr_par' dir='ltr' id='par_1_118' title="bbox 2160 5241 3746 5320">
     <span class='ocr_line' id='line_1_119' title="bbox 2160 5241 3746 5320; baseline -0.008 -14"><span class='ocrx_word' id='word_1_876' title='bbox 2160 5249 2181 5282; x_wconf 78' lang='grc'><strong><em>⁸</em></strong></span> <span class='ocrx_word' id='word_1_877' title='bbox 2214 5249 2360 5306; x_wconf 87' lang='lat' dir='ltr'><strong>Unde</strong></span> <span class='ocrx_word' id='word_1_878' title='bbox 2385 5248 2632 5320; x_wconf 86' lang='lat' dir='ltr'><strong>loquitur</strong></span> <span class='ocrx_word' id='word_1_879' title='bbox 2658 5244 2967 5320; x_wconf 81' lang='lat' dir='ltr'><strong>et_Moyses._</strong></span> <span class='ocrx_word' id='word_1_880' title='bbox 2984 5243 3176 5320; x_wconf 86' lang='lat' dir='ltr'><strong>_Verba</strong></span> <span class='ocrx_word' id='word_1_881' title='bbox 3205 5261 3316 5320; x_wconf 82' lang='lat' dir='ltr'><strong>sun</strong></span> <span class='ocrx_word' id='word_1_882' title='bbox 3332 5248 3373 5320; x_wconf 91' lang='lat' dir='ltr'><strong>t_</strong></span> <span class='ocrx_word' id='word_1_883' title='bbox 3403 5241 3604 5320; x_wconf 74' lang='lat' dir='ltr'><strong>Jacob,</strong></span> <span class='ocrx_word' id='word_1_884' title='bbox 3636 5241 3746 5295; x_wconf 85' lang='lat' dir='ltr'><strong>sed</strong></span> 
     </span>
    </p>
   </div>
   <div class='ocr_carea' id='block_1_119' title="bbox 2091 5313 3747 5392">
    <p class='ocr_par' dir='ltr' id='par_1_119' title="bbox 2091 5313 3747 5392">
     <span class='ocr_line' id='line_1_120' title="bbox 2091 5313 3747 5392; baseline -0.006 -16"><span class='ocrx_word' id='word_1_885' title='bbox 2091 5338 2125 5376; x_wconf 90' lang='lat' dir='ltr'><strong>a</strong></span> <span class='ocrx_word' id='word_1_886' title='bbox 2156 5324 2344 5392; x_wconf 84' lang='lat' dir='ltr'><strong>Moyse</strong></span> <span class='ocrx_word' id='word_1_887' title='bbox 2374 5313 2591 5392; x_wconf 73' lang='lat' dir='ltr'><strong>scripta</strong></span> <span class='ocrx_word' id='word_1_888' title='bbox 2621 5333 2634 5371; x_wconf 92' lang='lat'>:</span> <span class='ocrx_word' id='word_1_889' title='bbox 2670 5313 2918 5392; x_wconf 84' lang='lat' dir='ltr'><strong>ideoque</strong></span> <span class='ocrx_word' id='word_1_890' title='bbox 2949 5314 3135 5392; x_wconf 74' lang='lat' dir='ltr'><strong>Moysi</strong></span> <span class='ocrx_word' id='word_1_891' title='bbox 3198 5317 3406 5392; x_wconf 75' lang='lat' dir='ltr'><strong>tribuit</strong></span> <span class='ocrx_word' id='word_1_892' title='bbox 3458 5313 3747 5392; x_wconf 71' lang='lat' dir='ltr'><strong>Hierony-</strong></span> 
     </span>
    </p>
   </div>
   <div class='ocr_carea' id='block_1_120' title="bbox 2092 5385 3749 5452">
    <p class='ocr_par' dir='ltr' id='par_1_120' title="bbox 2092 5385 3749 5452">
     <span class='ocr_line' id='line_1_121' title="bbox 2092 5385 3749 5452; baseline -0.004 -5"><span class='ocrx_word' id='word_1_893' title='bbox 2092 5409 2225 5447; x_wconf 91' lang='lat' dir='ltr'><strong>mus</strong></span> <span class='ocrx_word' id='word_1_894' title='bbox 2245 5385 2447 5446; x_wconf 77' lang='lat' dir='ltr'><strong>éadem</strong></span> <span class='ocrx_word' id='word_1_895' title='bbox 2477 5385 2670 5444; x_wconf 75' lang='lat' dir='ltr'><strong>verba.</strong></span> <span class='ocrx_word' id='word_1_896' title='bbox 2705 5385 3074 5442; x_wconf 53' lang='grc' dir='ltr'><strong>ΜΑΒΤιΑΝμέ</strong></span> <span class='ocrx_word' id='word_1_897' title='bbox 3103 5388 3242 5452; x_wconf 65' lang='lat' dir='ltr'><strong>Quae</strong></span> <span class='ocrx_word' id='word_1_898' title='bbox 3280 5406 3314 5443; x_wconf 89' lang='lat' dir='ltr'><strong>a</strong></span> <span class='ocrx_word' id='word_1_899' title='bbox 3367 5386 3545 5443; x_wconf 89' lang='lat' dir='ltr'><strong>Jacob</strong></span> <span class='ocrx_word' id='word_1_900' title='bbox 3583 5385 3749 5440; x_wconf 87' lang='lat' dir='ltr'><strong>dicta</strong></span> 
     </span>
    </p>
   </div>
   <div class='ocr_carea' id='block_1_121' title="bbox 2093 5455 3748 5533">
    <p class='ocr_par' dir='ltr' id='par_1_121' title="bbox 2093 5455 3748 5533">
     <span class='ocr_line' id='line_1_122' title="bbox 2093 5455 3748 5533; baseline -0.005 -15"><span class='ocrx_word' id='word_1_901' title='bbox 2093 5467 2251 5529; x_wconf 89' lang='lat' dir='ltr'><strong>sunt,</strong></span> <span class='ocrx_word' id='word_1_902' title='bbox 2287 5461 2465 5533; x_wconf 85' lang='lat' dir='ltr'><strong>Moysi</strong></span> <span class='ocrx_word' id='word_1_903' title='bbox 2495 5465 2561 5516; x_wconf 90' lang='lat' dir='ltr'><strong>ut</strong></span> <span class='ocrx_word' id='word_1_904' title='bbox 2589 5458 2864 5533; x_wconf 73' lang='lat' dir='ltr'><strong>historico</strong></span> <span class='ocrx_word' id='word_1_905' title='bbox 2893 5457 3070 5533; x_wconf 83' lang='lat' dir='ltr'><strong>verba</strong></span> <span class='ocrx_word' id='word_1_906' title='bbox 3125 5459 3352 5533; x_wconf 88' lang='lat' dir='ltr'><strong>tribuit.</strong></span> <span class='ocrx_word' id='word_1_907' title='bbox 3413 5459 3515 5533; x_wconf 77' lang='lat' dir='ltr'><strong>Sic</strong></span> <span class='ocrx_word' id='word_1_908' title='bbox 3571 5455 3748 5533; x_wconf 51' lang='lat' dir='ltr'><strong>Chri:</strong></span> 
     </span>
    </p>
   </div>
   <div class='ocr_carea' id='block_1_122' title="bbox 2092 5529 3744 5602">
    <p class='ocr_par' dir='ltr' id='par_1_122' title="bbox 2092 5529 3744 5602">
     <span class='ocr_line' id='line_1_123' title="bbox 2092 5529 3744 5602; baseline -0.002 -12"><span class='ocrx_word' id='word_1_909' title='bbox 2092 5540 2240 5602; x_wconf 87' lang='lat' dir='ltr'><strong>stus,</strong></span> <span class='ocrx_word' id='word_1_910' title='bbox 2272 5529 2474 5588; x_wconf 77' lang='lat' dir='ltr'><strong>Matth.</strong></span> <span class='ocrx_word' id='word_1_911' title='bbox 2505 5549 2621 5601; x_wconf 78' lang='lat' dir='ltr'><strong>XIX,</strong></span> <span class='ocrx_word' id='word_1_912' title='bbox 2653 5531 2708 5598; x_wconf 66' lang='grc'><strong>4,</strong></span> <span class='ocrx_word' id='word_1_913' title='bbox 2746 5531 2923 5602; x_wconf 86' lang='lat' dir='ltr'><strong>Deum</strong></span> <span class='ocrx_word' id='word_1_914' title='bbox 2954 5530 3125 5602; x_wconf 80' lang='lat' dir='ltr'><strong>refert</strong></span> <span class='ocrx_word' id='word_1_915' title='bbox 3164 5531 3380 5589; x_wconf 84' lang='lat' dir='ltr'><strong>dixisse</strong></span> <span class='ocrx_word' id='word_1_916' title='bbox 3434 5529 3516 5599; x_wconf 89' lang='lat' dir='ltr'><strong>id,</strong></span> <span class='ocrx_word' id='word_1_917' title='bbox 3578 5529 3744 5600; x_wconf 85' lang='lat' dir='ltr'><strong>quod</strong></span> 
     </span>
    </p>
   </div>
   <div class='ocr_carea' id='block_1_123' title="bbox 2092 5601 3223 5674">
    <p class='ocr_par' dir='ltr' id='par_1_123' title="bbox 2092 5601 3223 5674">
     <span class='ocr_line' id='line_1_124' title="bbox 2092 5601 3223 5674; baseline -0.003 -11"><span class='ocrx_word' id='word_1_918' title='bbox 2092 5601 2238 5664; x_wconf 85' lang='lat' dir='ltr'><strong>dixit</strong></span> <span class='ocrx_word' id='word_1_919' title='bbox 2261 5605 2471 5672; x_wconf 80' lang='lat' dir='ltr'><strong>Adam,</strong></span> <span class='ocrx_word' id='word_1_920' title='bbox 2507 5603 2622 5661; x_wconf 89' lang='lat' dir='ltr'><strong>Deo</strong></span> <span class='ocrx_word' id='word_1_921' title='bbox 2653 5601 2938 5660; x_wconf 88' lang='lat' dir='ltr'><strong>nimirum</strong></span> <span class='ocrx_word' id='word_1_922' title='bbox 2956 5601 3223 5674; x_wconf 87' lang='lat' dir='ltr'><strong>jubente.</strong></span> 
     </span>
    </p>
   </div>
  </div>
