4104 6162
284 252 400 328 805

1134 261 1528 329 DIALOGUS
1573 248 1892 327 CONTRA
1935 246 2561 325 PELAGIANOS.-—
2589 260 2738 326 LIB.
2783 262 2893 328 III.

3579 260 3701 338 606

279 400 405 471 ejus
435 396 594 470 (Gen.
626 413 822 470 xxxrx,
856 400 965 472 23).
1004 422 1025 450 ι
1064 401 1225 456 Unde
1257 406 1313 456 et
1363 399 1650 457 eunuchis
1708 395 1937 453 somnia
1965 393 2023 463 Α
2050 414 2150 453 vas
2180 398 2477 454 electionis
2508 400 2873 471 apertissime
2899 401 3115 459 scribat
3148 422 3160 460 :
3200 426 3221 454 α
3257 404 3553 467 Habemus
3586 425 3698 465 au-

281 494 689 563 suggeruntur
717 489 871 561 (Gen.
906 509 995 557 xL,
1050 492 1070 546 4
1136 492 1327 563 seqq.),
1389 496 1444 546 et
1500 489 1722 544 Pharao
1782 487 1939 545 videt

281 578 581 636 somnium
615 578 1017 635 inextricabile
1065 580 1219 649 (Gen.
1271 598 1383 647 xm,
1421 581 1443 634 1
1477 580 1668 651 seqq),
1730 582 1795 632 ut
1839 593 1941 648 per

280 669 431 725 hanc
490 669 857 723 occasionem
932 668 1279 725 liberaretur
1333 668 1550 741 Joseph
1610 668 1761 738 (Gen.
1822 683 1935 721 XLII

286 762 483 830 seqq.),
512 762 669 829 pater
700 762 1038 829 pasceretur
1072 760 1213 813 79!
1274 762 1331 813 et
1364 759 1590 813 fratres.
1650 761 1935 828 Egyptus

290 852 551 919 tempore
581 847 749 901 famis
783 846 1126 902 salvaretur.
1152 848 1465 919 Sequitur:
1508 866 1529 894 ι
1555 845 1710 901 Dixit
1738 849 1934 900 autem

296 936 445 993 Deus
471 936 538 989 ad
568 934 745 990 Israel
775 936 833 989 in
875 935 1097 991 visione
1130 936 1320 991 noctis
1378 953 1389 989 :
1441 936 1559 1007 Ego
1614 952 1748 990 sum
1780 934 1936 989 Deus

292 1030 517 1098 patrum
546 1028 807 1091 tuorum,
869 1024 987 1080 noli
1018 1026 1221 1081 timere
1253 1026 1604 1081 descendere
1665 1024 1723 1078 in
1768 1024 1933 1095 [Egy-

283 1119 445 1187 ptum
476 1132 489 1180 ;
528 1114 588 1168 in
620 1117 854 1185 gentem
888 1115 1046 1169 enim
1080 1132 1356 1187 magnam
1389 1114 1599 1169 faciam
1640 1119 1697 1168 te
1728 1113 1829 1181 ibi,
1882 1115 1938 1166 et

278 1219 378 1276 ego
414 1204 774 1258 descendam
804 1207 999 1258 tecum
1032 1204 1091 1257 in
1120 1205 1453 1276 Egyptum,
1506 1208 1563 1259 et
1600 1203 1843 1258 educam
1885 1204 1941 1255 te

274 1292 407 1348 inde
443 1310 457 1348 :
495 1297 553 1348 et
582 1298 761 1365 ponet
789 1293 1005 1365 Joseph
1041 1310 1253 1349 manus
1313 1311 1450 1349 suas
1482 1310 1661 1365 super
1736 1291 1939 1347 oculos

272 1386 405 1437 tuos
435 1381 595 1452 (Gen.
632 1399 780 1437 XLVI.
815 1383 867 1449 3,
903 1383 980 1447 4),
1014 1404 1041 1430 ››
1076 1382 1181 1438 Ubi
1232 1383 1324 1437 hic
1366 1387 1456 1438 est
1513 1383 1679 1438 liberi
1712 1380 1937 1437 arbitrii

271 1476 539 1543 potestas
561 1472 589 1526 ?
620 1473 828 1527 Annon
859 1476 1049 1527 totum
1083 1474 1097 1505 ί
1130 1474 1284 1544 quod
1317 1473 1399 1527 ire
1447 1473 1661 1527 audeat
1690 1473 1787 1544 [aL
1833 1489 1940 1527 au-

272 1560 388 1631 det]
423 1561 501 1615 ad
534 1560 748 1626 ﬁlium,
783 1565 838 1615 et
868 1560 1028 1630 genti
1088 1578 1149 1616 se
1204 1561 1565 1617 committere
1625 1560 1938 1617 Dominum

273 1648 697 1715 nescienti,Dei
725 1654 959 1721 patrum
988 1651 1115 1720 ejus
1144 1650 1428 1705 auxilium
1453 1654 1540 1705 est
1565 1650 1592 1704 ‘?
1638 1650 1939 1706 Liberatur

272 1738 537 1829 populus
570 1739 649 1829 de
691 1740 933 1829 Egypto
967 1739 1025 1793 in
1067 1756 1243 1794 manu
1296 1739 1431 1795 forti
1488 1744 1544 1794 et
1583 1739 1819 1795 brachio
1850 1756 1938 1794 ex—
1968 1765 2015 1829 B

275 1827 457 1896 celso,
495 1845 615 1883 non
635 1828 815 1900 Moysi
848 1833 904 1883 et
959 1832 1173 1894 Aaron,
1204 1830 1303 1884 sed
1341 1831 1470 1901 ejus
1501 1829 1600 1901 qui
1632 1829 1937 1901 signorum

277 1916 586 1972 miraculis
617 1916 902 1989 populum
934 1916 1219 1985 liberavit,
1254 1922 1310 1972 et
1339 1918 1409 1973 ad
1443 1922 1767 1973 extremum
1816 1934 1942 1990 per-

285 2006 479 2061 cussit
508 2006 893 2078 primogenita
922 2007 1169 2079 ngypti,
1189 2012 1251 2061 ut
1282 2007 1381 2078 qui
1422 2007 1584 2078 prius
1614 2007 1941 2062 retinebant

287 2094 681 2166 pertinaciter,
715 2095 986 2151 ardenter
1015 2095 1170 2151 exire
1204 2095 1617 2167 compellerent
1656 2096 1846 2167 (Exod.
1880 2114 1937 2151 x1

282 2188 337 2238 et
366 2184 493 2252 xu).
529 2183 800 2240 Salomon
834 2183 1093 2256 loquitur
1125 2202 1138 2240 ς
1175 2209 1201 2233 ‹‹
1236 2185 1369 2240 Esto
1407 2185 1706 2240 conﬁdens
1736 2186 1795 2239 in
1832 2186 1935 2239 Do-

274 2273 515 2328 minum
546 2272 604 2326 in
637 2277 755 2327 toto
787 2273 959 2329 corde
988 2276 1110 2339 tuo,
1152 2273 1211 2327 in
1272 2280 1370 2327 tua
1415 2276 1611 2327 autem
1652 2272 1940 2345 sapientia

272 2377 344 2416 ne
383 2359 664 2416 exalteris
718 2379 729 2415 :
784 2359 844 2414 in
876 2360 1149 2416 omnibus
1178 2361 1288 2415 viis
1317 2361 1434 2416 tuis
1466 2378 1749 2434 cognosce
1777 2377 1936 2428 eum,

271 2455 329 2507 ut
364 2453 564 2505 rectas
605 2448 779 2504 faciat
806 2449 931 2505 vias
965 2454 1095 2505 tuas
1128 2452 1311 2521 (Prov.
1347 2467 1431 2517 111,
1480 2453 1533 2519 5,
1565 2451 1644 2521 6).
1680 2476 1701 2504 ι
1760 2451 1935 2506 Intel-

269 2539 391 2613 lige
422 2538 567 2610 quid
590 2537 857 2611 loquitur
892 2555 903 2593 :
938 2539 1054 2594 Nec
1084 2538 1145 2593 in
1169 2538 1456 2611 sapientia
1487 2545 1706 2608 nostra,
1743 2558 1845 2596 nec
1876 2542 1933 2597 in

271 2628 414 2685 ullis
434 2627 758 2683 virtutibus
787 2629 810 2661 ²
839 2628 1269 2693 conﬁdendam,
1301 2628 1401 2683 sed
1424 2627 1484 2683 in
1516 2627 1647 2685 solo'
1670 2630 1935 2699 Domino,

275 2735 308 2774 a
336 2734 459 2789 quo
492 2732 737 2789 gressus
767 2716 1024 2772 hominis
1056 2716 1409 2789 diriguntur.
1445 2718 1702 2790 Denique
1737 2720 1937 2791 praeci-

273 2807 460 2879 pitur,
496 2809 563 2861 ut
587 2806 969 2862 ostendamus
999 2804 1053 2861 ei
1083 2805 1204 2861 vias
1237 2812 1488 2875 nostras,
1528 2812 1585 2862 et
1614 2812 1781 2865 notas
1810 2825 1939 2865 esse

274 2896 594 2962 faciamus,
634 2911 760 2967 quae
787 2911 903 2950 non
936 2894 1132 2951 labore
1162 2896 1416 2969 proprio,
1476 2897 1576 2952 sed
1630 2896 1790 2954 illius
1837 2898 1938 2953 ad-

270 2984 499 3056 jutorio
531 2988 713 3056 atque
746 2982 1055 3040 clementia
1085 2989 1253 3040 rectae
1276 2984 1443 3040 ﬁunt.
1470 2985 1630 3042 Unde
1653 2986 1937 3058 scriptum

276 3079 365 3131 est
399 3092 412 3129 :
450 3098 478 3124 ‹‹
516 3074 760 3129 Rectam
793 3073 880 3129 fac
912 3073 971 3128 in
999 3077 1312 3145 conspectu
1343 3090 1471 3129 meo
1503 3074 1655 3129 viam
1685 3079 1870 3143 tuam,
1909 3098 1935 3126 ››

277 3164 422 3231 sive,
454 3167 525 3218 ut
555 3162 674 3218 alia
705 3162 1059 3234 exemplaria
1089 3162 1306 3219 habent
1340 3181 1351 3217 ε
1394 3182 1415 3210 (ι
1466 3164 1702 3219 Rectam
1757 3166 1846 3220 fac
1876 3165 1936 3220 in

285 3257 602 3323 conspectu
634 3256 739 3307 tuo
768 3252 922 3306 viam
952 3268 1142 3307 meam
1172 3253 1347 3320 (Psat.
1388 3269 1442 3319 v,
1471 3252 1559 3322 9);
1594 3274 1622 3301 ››
1686 3258 1749 3308 ut
1780 3256 1935 3325 quod

285 3340 388 3395 tibi
421 3346 649 3396 rectum
681 3344 791 3407 est,
823 3341 1001 3396 etiam
1060 3340 1204 3395 mihi
1237 3347 1459 3396 rectum
1492 3357 1619 3397 esse
1648 3342 1932 3398 videatur.

285 3429 448 3487 idem
469 3429 744 3485 Salomon
774 3429 1036 3501 loquitur
1060 3447 1070 3484 :
1105 3449 1126 3476 α
1156 3429 1393 3486 Devolve
1415 3447 1591 3502 super
1620 3431 1933 3488 Dominum

296 3532 473 3587 opera
500 3522 621 3582 tua,
650 3524 703 3573 et
732 3519 1125 3575 ﬁrmabuntur
1177 3518 1558 3591 cogitationes
1608 3525 1719 3575 tum
1751 3523 1930 3590 (Prov.

294 3621 413 3671 xvx,
444 3606 522 3673 3).
554 3629 581 3654 ››
617 3607 764 3663 Tunc
795 3608 953 3663 enim
986 3612 1183 3663 nostra
1212 3608 1484 3680 cogitatio
1528 3609 1932 3680 conﬁrmatur,

292 3695 526 3767 quando
555 3712 719 3751 omne
749 3697 904 3768 quod
963 3696 1214 3769 agimus,
1258 3696 1425 3767 quasi
1458 3714 1635 3769 super
1664 3698 1933 3754 stabilem

280 3787 339 3840 et
367 3785 793 3841 solidissimam
825 3790 1071 3857 petram,
1106 3785 1337 3841 Domini
1358 3785 1648 3855 adjutorio
1681 3787 1934 3843 devolvi-

275 3890 431 3940 mus,
466 3874 642 3945 eique
683 3879 891 3929 cuncta
930 3879 1292 3946 reputamus.

2047 492 2164 541 tem
2197 487 2540 543 thesaurum
2573 489 2752 545 istum
2782 489 2841 545 in
2894 491 3048 546 vasis
3080 493 3376 564 ﬁctilibus,
3412 502 3475 553 ut
3505 499 3698 557 abun-

2049 576 2249 632 dantia
2300 577 2659 634 fortitudinis
2706 584 2918 635 nostrae
2972 580 3047 635 sit
3088 598 3157 636 ex
3180 587 3288 639 Deo
3320 586 3361 651 ³,
3387 590 3443 641 et
3466 605 3579 644 non
3629 607 3697 647 ex

2050 666 2218 721 nobis
2250 668 2325 738 (II
2357 667 2475 722 Cor.
2513 686 2586 735 ιν,
2617 670 2694 738 7).
2735 692 2762 717 ››
2794 670 2958 725 Unde
2989 676 3045 727 et
3074 672 3134 726 in
3167 672 3278 728 alio
3322 674 3465 745 loco,
3499 683 3697 736 retun-

2050 755 2194 810 dens
2224 755 2629 811 haereticorum
2662 758 3112 830 impudentiam,
3168 760 3425 833 loquitur
3478 782 3489 819 :
3526 788 3554 817 «
3588 770 3697 834 Qui

2051 843 2353 916 gloriatur,
2394 845 2453 899 in
2509 847 2747 901 Domino
2797 848 3098 919 glorietur.
3146 851 3344 922 Neque
3397 854 3554 911 enim
3601 857 3701 929 qui

2051 932 2311 1005 seipsum
2344 936 2737 1001 commendat,
2772 936 2895 1008 ipse
2925 938 3209 1009 probatus
3240 944 3346 1007 est,
3382 944 3483 998 sed
3525 962 3698 1017 quem

2054 1023 2203 1078 Deus
2234 1024 2606 1079 commendat
2636 1025 2706 1094 (II
2738 1026 2857 1080 Cor.
2892 1044 2946 1094 x,
2982 1029 3068 1095 17,
3110 1029 3212 1099 l8).
3250 1052 3276 1079 »
3310 1032 3378 1086 Et
3425 1032 3651 1091 iterum
3688 1053 3699 1090 :

2056 1132 2081 1162 α
2110 1111 2265 1167 Nihil
2300 1113 2457 1168 enim
2491 1113 2633 1168 mihi
2669 1114 2851 1169 defuit
2878 1116 2949 1170 ab
2972 1115 3087 1183 his,
3110 1118 3209 1188 qui
3242 1136 3424 1191 supra
3453 1124 3694 1180 modum

2048 1206 2187 1256 sunt
2237 1202 2504 1273 apostoli,
2554 1202 2690 1257 licet
2739 1202 2881 1257 nihil
2933 1204 3043 1260 sim
3095 1207 3168 1276 (II
3204 1207 3328 1261 Cor.
3380 1227 3482 1281 x11,
3526 1212 3633 1283 tl).
3673 1235 3701 1263 ››

2048 1291 2253 1345 Petrus
2284 1290 2545 1362 loquitur
2575 1293 2646 1347 ad
2682 1292 3016 1360 Dominum,
3050 1294 3353 1366 signorum
3403 1301 3702 1373 magnitu-

2049 1378 2183 1434 dine
2212 1381 2594 1436 conturbatus
2629 1399 2640 1435 :
2677 1404 2704 1431 «
2738 1381 2959 1437 Recede
2990 1399 3023 1437 a
3054 1399 3165 1449 me,
3199 1385 3339 1455 quia
3368 1386 3543 1444 homo
3574 1406 3701 1461 pec-

2049 1474 2207 1523 cator
2232 1486 2362 1523 sum
2402 1471 2553 1538 (Luc.
2577 1488 2632 1537 v,
2676 1470 2751 1540 8).
2797 1471 2867 1524 Et
2904 1471 3189 1527 Dominus
3231 1474 3302 1529 ad
3336 1475 3694 1550 discipulos:

2034 1579 2076 1632 _«
2110 1557 2226 1629 Ego
2255 1574 2386 1612 sum
2421 1557 2553 1613 vitis
2585 1562 2641 1613 et
2671 1576 2773 1613 vos
2802 1560 2973 1626 rami,
3007 1561 3108 1633 qui
3167 1568 3363 1619 manet
3406 1565 3464 1620 in
3498 1584 3611 1636 me,
3645 1575 3702 1625 et

2048 1662 2151 1718 ego
2184 1646 2242 1700 in
2274 1663 2360 1711 eo,
2394 1646 2503 1702 iste
2535 1648 2701 1703 affert
2729 1650 2751 1682 ⁴
2781 1649 3036 1704 fructum
3071 1651 3320 1707 multum
3358 1670 3370 1707 :
3405 1655 3544 1727 quia
3574 1658 3702 1714 sine

2050 1750 2143 1789 me
2174 1734 2317 1789 nihil
2349 1735 2589 1807 potestis
2624 1737 2809 1793 facere
2838 1740 3014 1810 (Joan.
3047 1757 3138 1807 xv,
3183 1741 3259 1813 5).
3300 1764 3325 1789 η
3359 1743 3522 1800 Sicut
3553 1748 3701 1802 rami

2048 1829 2104 1878 et
2134 1823 2364 1896 ﬂagella
2392 1824 2597 1880 vitium
2631 1826 2787 1881 illico
2820 1829 3263 1897 contabescunt,
3298 1848 3432 1888 cum
3481 1834 3699 1893 fuerint

2048 1929 2081 1967 a
2112 1913 2352 1969 matrice
2383 1915 2643 1986 praecisa,
2679 1916 2759 1971 ita
2808 1917 3001 1972 omnis
3059 1918 3364 1976 hominum
3418 1923 3699 1981 fortitudo

2049 2002 2356 2057 marcescit
2401 2007 2457 2057 et
2507 2003 2751 2074 deperit,
2783 2005 2832 2059 si
2882 2022 2915 2059 a
2967 2006 3066 2061 Dei
3118 2009 3334 2065 auxilio
3378 2011 3699 2070 deseretur.

2049 2112 2077 2137 «
2111 2090 2312 2157 Nemo,
2342 2092 2553 2162 inquit,
2586 2096 2781 2162 potest
2835 2093 3029 2149 venire
3087 2096 3156 2149 ad
3219 2113 3331 2163 me,
3366 2100 3479 2155 nisi
3512 2101 3698 2171 Pater,

2050 2179 2149 2250 qui
2182 2179 2343 2234 misit
2374 2196 2485 2246 me,
2519 2181 2758 2260 anerit
2778 2197 2913 2236 eum
2937 2183 3112 2253 (Joan.
3147 2202 3222 2252 v1,
3259 2187 3370 2256 44).
3396 2210 3423 2236 ››
3458 2191 3699 2255 Quando

2049 2267 2211 2333 dicit,
2245 2268 2425 2323 Nemo
2457 2272 2647 2340 potest
2701 2268 2893 2325 venire
2924 2271 2994 2324 ad
3056 2288 3167 2337 me,
3229 2273 3446 2347 frangit
3494 2294 3703 2350 super-

2050 2355 2303 2412 bientem
2360 2356 2582 2411 arbitrii
2628 2356 2954 2413 libertatem
2988 2376 3001 2413 :
3036 2361 3189 2431 quod
3250 2362 3479 2419 etiamsi
3511 2367 3650 2423 velit
3678 2370 3699 2404 ⁵

2049 2448 2121 2504 ad
2150 2446 2447 2502 Christum
2478 2461 2734 2517 pergere,
2752 2445 2863 2502 nisi
2896 2448 2998 2502 ﬁat
3028 2447 3173 2504 illud
3206 2452 3358 2522 quod
3390 2455 3694 2525 sequitur;

2051 2560 2076 2586 ‹‹
2112 2535 2224 2590 nisi
2264 2535 2431 2589 Pater
2480 2551 2647 2590 meus
2698 2535 2949 2591 caelestis
3005 2539 3242 2594 traxerit
3299 2557 3457 2607 eum,
3500 2565 3530 2592 »
3598 2563 3702 2602 ne-

2050 2624 2373 2697 quidquam
2407 2623 2624 2694 cupiat,
2656 2628 2711 2679 et
2741 2624 2959 2681 frustra
3004 2626 3247 2683 nitatur.
3280 2630 3466 2686 Simul
3498 2637 3555 2689 et
3586 2634 3696 2691 hoc

2051 2713 2657 2780 animadvertendum,
2691 2714 2844 2785 quod
2878 2716 2977 2786 qui
3011 2716 3283 2786 trahitur,
3344 2737 3459 2776 non
3490 2728 3700 2795 sponte

2051 2804 2362 2871 currit,sed
2395 2806 2497 2857 aut
2526 2806 2845 2859 retrectans
2897 2808 2953 2859 et
2984 2806 3209 2874 tardus,
3232 2812 3333 2864 aut
3362 2810 3583 2871 invitus
3602 2815 3701 2869 ad-

2051 2893 2305 2948 ducitur.

2122 2983 2206 3036 10.
2240 2982 2323 3035 Ex
2349 2980 2616 3047 adductis,
2649 2982 2779 3036 locis
2826 2984 3031 3049 arguit.
3092 3015 3159 3025 —
3190 2986 3298 3052 Qui
3357 3005 3471 3044 non
3505 2996 3697 3063 potest

2049 3072 2173 3127 suis
2202 3071 2426 3126 viribus
2458 3075 2514 3126 et
2543 3070 2739 3127 labore
2780 3073 2974 3128 venire
3023 3074 3094 3128 ad
3141 3075 3366 3145 Jesum,
3398 3084 3693 3150 quomodo

2050 3165 2241 3233 potest
2270 3160 2468 3215 omnia
2499 3159 2675 3215 simul
2706 3165 2941 3231 peccata
2968 3163 3149 3219 vitare
3196 3169 3221 3217 .9
3284 3170 3340 3221 et
3396 3167 3578 3227 vitare
3637 3172 3697 3227 in

2047 3254 2412 3322 perpetuum,
2444 3253 2500 3305 et
2533 3250 2627 3305 Dei
2660 3248 2771 3305 sibi
2804 3250 3069 3321 potentias
3102 3270 3313 3310 nomen
3346 3273 3649 3316 assumere
3672 3263 3701 3316 ?

2044 3338 2100 3392 Si
2133 3339 2291 3393 enim
2323 3336 2419 3392 ille
2452 3337 2851 3412 ἀναμάρτητος,
2886 3345 2941 3395 et
2971 3358 3076 3413 ego
3117 3342 3524 3417 ἀναμάρτητος,
3562 3365 3692 3421 quis

2046 3427 2193 3483 inter
2224 3444 2316 3483 me
2348 3431 2404 3482 et
2433 3426 2617 3483 Deum
2669 3428 2778 3483 erit
2834 3429 3114 3486 distantia
3162 3437 3187 3488 Ρ
3253 3433 3443 3491 Unum
3501 3438 3693 3495 adhuc

2045 3533 2257 3588 ponam
2289 3516 2714 3584 testimonium,
2750 3535 2821 3573 ne
2852 3519 2955 3572 tibi
2996 3523 3053 3573 et
3107 3522 3473 3580 auditoribus
3530 3526 3693 3581 fasti-

2045 3605 2209 3660 dium
2239 3604 2727 3660 faciam.Assuero
2760 3622 2933 3677 quem
2982 3609 3364 3681 Septuaginta
3411 3613 3695 3685 interpre-

2044 3697 2130 3749 tes
2186 3691 2541 3768 Ἀρταξέρξην
2577 3696 2674 3765 [αἱ.
2736 3698 3107 3767 Artaxersen)
3166 3704 3392 3768 vocant,
3448 3717 3698 3758 somnus

2044 3783 2305 3837 aufertur
2333 3784 2403 3837 ab
2436 3783 2637 3849 oculis,
2661 3788 2724 3837 ut
2750 3784 3209 3841 Commentarios
3232 3787 3290 3842 in
3323 3804 3385 3844 se
3433 3789 3696 3848 ﬁdelium

2044 3871 2334 3943 replicans
2360 3870 2789 3939 ministrorum,
2822 3872 3078 3929 inveniat
3109 3875 3563 3947 Mardochaaum,
3598 3897 3697 3935 cu-

345 3964 401 4018 9.
422 3966 507 4019 Ex
532 3965 680 4019 Novo
713 3964 1061 4019 Testamento.
1096 3995 1161 4003 —
1201 3963 1519 4035 Apostolus
1550 3964 1766 4019 Paulus
1799 3982 1932 4021 cum
2036 3963 2137 4032 jus
2170 3960 2410 4015 indictio
2444 3960 2515 4014 de
2544 3959 2776 4016 insidiis
2807 3961 3089 4019 liberatus
3148 3968 3274 4033 est;
3311 3970 3374 4020 ut
3405 3972 3463 4023 et
3492 3969 3701 4025 Esther

274 4052 377 4108 Dei
409 4053 698 4108 beneﬁcia
729 4052 898 4109 celeri
930 4069 1198 4109 sermone
1266 4058 1581 4121 narrasset,
1644 4055 1715 4109 ad
1755 4059 1934 4111 extre‘

269 4159 434 4197 mum
472 4140 682 4197 intulit
713 4159 725 4196 :
761 4166 787 4191 ι(
822 4143 890 4197 Et
910 4143 981 4197 ad
1016 4142 1135 4196 haec
1167 4142 1300 4213 quis
1330 4142 1577 4197 idoneus
1605 4144 1682 4214 (Il
1710 4144 1830 4201 Cor.
1868 4162 1930 4214 11,

266 4232 353 4303 16)
376 4232 405 4285 ‘?
438 4256 466 4280 ι)
504 4230 669 4286 Unde
701 4234 757 4285 et
788 4230 845 4284 in
872 4230 983 4285 alio
1018 4231 1140 4285 loco
1169 4230 1309 4285 dicit
1378 4248 1388 4285 :
1444 4252 1471 4280 «
1504 4232 1804 4288 Fiduciam
1836 4251 1933 4287 au-

264 4326 382 4375 tem
416 4319 604 4375 talem
636 4319 923 4376 habemus
952 4336 1056 4393 per
1084 4320 1383 4377 Christum
1445 4321 1516 4375 ad
1576 4321 1781 4389 Deum,
1816 4340 1931 4378 non

266 4410 420 4479 quod
454 4408 825 4465 sufficientes
850 4410 1039 4465 simus
1082 4409 1335 4481 cogitare
1376 4408 1600 4481 aliquid
1651 4427 1684 4465 a
1738 4410 1928 4479 nobis,

2043 4047 2567 4105 commendabilior
2594 4050 2759 4104 ﬁeret
2789 4050 3003 4120 (Esther
3026 4054 3126 4123 VI),
3187 4058 3245 4108 et
3296 4060 3546 4112 cunctus
3602 4075 3699 4129 po-

2043 4137 2217 4210 pulus
2245 4138 2583 4193 Judaéorum
2617 4140 2765 4194 793
2800 4140 3205 4196 imminentem
3238 4142 3445 4199 vitaret
3472 4162 3694 4202 necem.

2043 4228 2206 4283 Certe
2238 4244 2336 4282 rex
2364 4226 2833 4299 potentissimus,
2868 4228 2968 4300 qui
3025 4230 3096 4286 ab
3160 4230 3323 4286 India
3383 4249 3571 4304 usque
3625 4237 3697 4291 ad

2044 4316 2505 4389 Septentrionem
2538 4320 2593 4371 et
2622 4316 2972 4389 Ethopiam,
3023 4324 3298 4376 cunctum
3357 4323 3699 4393 possidebat

2042 4406 2358 4473 Orientem,
2402 4410 2534 4477 post
2561 4404 2928 4477 largissimas
2986 4407 3189 4480 epulas
3248 4414 3306 4465 et
3363 4410 3524 4467 cibos
3577 4416 3697 4467 toto

264 4498 439 4570 quasi
471 4514 544 4553 ex
576 4498 769 4568 nobis,
802 4498 901 4554 sed
935 4497 1287 4553 sufﬁcientia
1318 4503 1513 4553 nostra
1544 4515 1612 4554 ex
1673 4499 1788 4555 Deo
1821 4504 1928 4563 est,
1960 4503 2006 4567 1)
2038 4496 2175 4551 orbe
2207 4495 2479 4567 quaesitos
2508 4495 2765 4551 dormire
2795 4496 3086 4568 cupiebat,
3112 4503 3169 4553 et
3228 4516 3433 4555 somno
3465 4502 3696 4573 requie-

266 4586 369 4658 qui
392 4592 449 4642 et
469 4588 719 4643 idoneos
742 4587 876 4643 fecit
899 4604 1004 4644 nos
1021 4587 1161 4641 Novi
1184 4587 1546 4642 Testamenti
1598 4588 1928 4655 ministros,

270 4691 391 4730 non
422 4676 640 4742 littera,
664 4677 768 4732 sed
799 4676 1031 4749 spiritu.
1066 4676 1279 4732 Littera
1301 4676 1458 4731 enim
1519 4678 1750 4745 occidit,
1780 4679 1929 4735 792

278 4762 522 4833 spiritus
548 4770 750 4821 autem
776 4765 1027 4821 viviﬁcat
1056 4766 1129 4835 (ll
1156 4767 1286 4821 Cor.
1344 4783 1427 4831 111,
1484 4767 1615 4835 4-6).
1665 4788 1694 4815 ››
1726 4766 1931 4823 Adhuc

271 4850 559 4909 audemus
582 4870 689 4926 per
720 4853 967 4910 liberum
990 4854 1299 4910 arbitrium
1332 4854 1655 4924 superbire,
1682 4860 1738 4910 et
1768 4856 1929 4911 abuti

261 4940 573 4998 beneﬁciis
606 4942 707 4997 Dei
734 4942 793 4998 in
817 4942 1233 4998 contumeliam
1258 4942 1551 5014 largitoris
1578 4946 1751 4998 Pcum
1777 4943 1930 5001 idem

336 5176 348 5207 ¹
382 5174 597 5245 Regia.
634 5192 745 5230 ms.
783 5192 916 5231 cum
946 5174 1121 5231 veteri
1154 5175 1315 5241 edit.,
1356 5174 1422 5228 Et
1452 5191 1562 5229 non
1593 5179 1784 5241 totum,
1817 5180 1929 5231 etc.

328 5247 354 5279 ²
388 5246 669 5302 Fortasse
698 5248 891 5302 verius
918 5263 1074 5303 unus
1100 5246 1309 5314 Vatic.,
1340 5262 1439 5301 nec
1478 5248 1536 5301 in
1575 5246 1789 5302 nullius
1818 5249 1931 5302 vir-

253 5318 503 5383 tutibus,
536 5322 649 5373 etc.

328 5390 353 5423 ³
402 5390 592 5444 Abest
622 5406 654 5443 a
686 5389 919 5461 Reginae
948 5406 1083 5461 gms.
1137 5392 1201 5443 ut
1238 5393 1305 5461 et
1353 5405 1385 5442 a
1434 5388 1613 5444 veteri
1654 5389 1792 5444 edit.
1826 5406 1933 5461 vox

252 5469 507 5542 nostros,
530 5477 660 5531 quae
697 5460 895 5542 .nec‘in
921 5460 1122 5542 Graeco
1154 5460 1421 5542 habetur,
1481 5476 1670 5542 neque
1703 5462 1761 5516 in
1792 5460 1929 5542 Yul-

251 5536 399 5603 gate
423 5533 767 5658 interprete.
791 5534 938 5590 Sunt
962 5538 1158 5590 autem
1181 5532 1241 5588 in
1266 5531 1458 5590 Graeco
1485 5531 1587 5605 qui
1618 5532 1929 5606 legendum

252 5608 481 5658 nutent
509 5623 581 5657 zz
637 5604 697 5658 ὲκ
716 5608 812 5658 τοῦ
843 5608 995 5658 Θεοῦ.
1596 5618 1601 5621 ‘

252 5608 481 5674 putent
509 5604 603 5658 καὶ
637 5604 697 5659 ἐκ
716 5608 812 5659 τοῦ
843 5608 995 5663 Θεοῦ.
1518 5604 1521 5605 ν
1596 5618 1601 5621 “

2042 4600 2222 4652 scere,
2285 4601 2349 4638 ac
2408 4584 2655 4639 liberum
2680 4585 2987 4641 arbitrium
3057 4586 3300 4659 implere
3348 4589 3695 4655 dormiendi,

2042 4672 2155 4728 nisi
2187 4673 2473 4729 Dominus
2512 4674 2774 4745 provisor
2801 4675 3089 4731 bonorum
3122 4678 3385 4732 omnium
3416 4678 3695 4749 impedis-

2041 4766 2129 4815 set
2160 4765 2377 4815 naturae
2409 4761 2697 4826 ordinem,
2753 4766 2819 4817 ut
2870 4768 3073 4818 contra
3131 4768 3406 4819 naturam
3463 4765 3693 4836 tyranni

2042 4849 2355 4905 crudelitas
2385 4850 2727 4906 vinceretur.
2762 4851 3024 4923 Longum
3057 4855 3147 4906 est
3204 4851 3252 4907 si
3286 4851 3520 4908 voluero
3551 4871 3695 4910 cun-

2041 4944 2132 4994 cta
2163 4942 2501 4995 sanctarum
2536 4937 2971 5009 Scripturarum
3005 4937 3269 5009 exempla
3298 4940 3697 5011 proferre.To-

2113 5174 2133 5205 δ
2158 5174 2428 5242 Servatus
2448 5168 2681 5242 Lupus,
2716 5169 2815 5242 qui
2838 5168 2995 5242 hunc
3016 5185 3083 5225 ex
3113 5169 3464 5242 Hieronymo
3495 5171 3695 5231 locum

2113 5184 2133 5205 ο
2158 5184 2428 5225 servatus
2462 5184 2681 5240 Lupus,
2716 5184 2815 5294 qui
2842 5184 2995 5223 nunc
3016 5185 3083 5225 ex
3113 5184 3464 5242 Hieronymo
3496 5184 3695 5231 locum

2042 5242 2246 5299 recitat
2268 5241 2332 5315 in
2362 5241 3001 5315 [.‘ollectaneoregtribus
3032 5243 3469 5315 quaestionibus,
3532 5244 3704 5315 legit,

2041 5316 2231 5386 afferet
2264 5313 2333 5386 in,
2350 5312 2548 5386 futuro
2583 5328 2596 5386 ς
2630 5316 2753 5366 tum
2783 5312 2927 5386 folia
2984 5314 3201 5379 vitium,
3263 5314 3462 5369 minus
3520 5312 3713 5383 recte,

2043 5383 2145 5457 pro
2175 5385 2394 5457 ﬂagella
2414 5400 2434 5445 ;
2467 5383 2717 5455 denique
2746 5383 2995 5440 alterum
3026 5387 3139 5439 nisi
3168 5388 3299 5441 ante
3338 5400 3555 5441 nomen
3598 5388 3720 5441 Pn-

2043 5455 2125 5512 ter
2151 5455 2385 5511 omittit.
3286 5470 3291 5475 ε

2112 5530 2132 5561 ⁵
2162 5528 2329 5595 Mss.,
2361 5525 2501 5599 quod
2529 5530 2700 5583 etiam
2728 5529 2824 5602 qui
2852 5528 3002 5597 velit,
3027 5531 3136 5583 etc.
