4082 6168
391 303 520 382 βοτ

393 445 494 500 tus
523 457 684 504 semo
714 441 1051 498 sanctorum
1099 436 1170 498 ad
1230 438 1414 497 Deum
1473 439 1660 497 oratio
1710 443 1798 496 est
1851 455 1862 493 :

393 532 583 596 oratio
596 537 652 586 et
673 529 1015 603 deprzncatio
1033 533 1336 602 extorquet
1352 529 1719 586 clementiam
1735 527 2044 594 Creatoris,

399 627 464 688 ut
494 620 594 693 qui
627 619 843 676 nostris
874 616 1095 674 viribus
1126 622 1182 676 et
1213 619 1407 674 studio
1439 617 1648 674 salvari
1689 634 1802 672 non
1836 633 2043 688 possu-

398 727 552 780 mus,
587 708 746 766 illius
777 707 1179 766 misericordia
1207 723 1641 763 conservemur.
1706 706 1813 762 Ubi
1847 709 2043 761 autem

396 798 795 856 misericordia
825 801 881 853 et
907 797 1098 869 gratia
1125 801 1233 862 est,
1266 796 1515 852 liberum
1547 812 1614 851 ex
1658 799 1822 867 parte
1847 798 2038 852 cessat

393 890 724 952 arbitrium,
759 887 910 958 quod
945 886 1002 940 in
1037 902 1102 940 eo
1133 889 1362 940 tantum
1397 890 1484 940 est
1517 885 1554 948 ί.
1592 889 1655 940 ut
1684 883 1934 941 velimus
1965 889 2044 938 at-

393 995 506 1051 que
535 978 928 1050 cupiamus,et
949 975 1181 1046 placitis
1203 975 1532 1032 tribuamus
1563 974 2040 1030 assensum.Jam

387 1067 448 1124 in
475 1066 705 1124 Domini
739 1065 1022 1138 potestate
1052 1067 1162 1130 est,
1197 1067 1261 1118 ut
1289 1064 1345 1119 id
1379 1064 1534 1135 quod
1567 1063 1861 1134 cupimus,
1881 1064 2039 1134 quod

391 1157 730 1214 laboramus
761 1171 826 1209 ac
858 1152 1123 1220 nitimur,
1146 1151 1304 1210 illius
1335 1169 1441 1224 ope
1471 1157 1528 1208 et
1557 1151 1768 1208 auxllio
1801 1151 2042 1224 implere

392 1245 710 1306 valeamus.

465 1335 549 1389 11.
585 1332 835 1402 Corporis
889 1333 1098 1386 sanitas
1143 1331 1346 1386 animus
1383 1331 1614 1386 sanitati
1668 1336 2035 1400 comparatur.

389 1455 458 1464 ——
491 1423 547 1478 C.
587 1424 706 1494 Ego
763 1419 1106 1496 simpliciter
1157 1420 1436 1486 dixeram,
1498 1435 1613 1474 non
1671 1419 1729 1472 in
1787 1417 2038 1490 singulis

387 1511 662 1584 operibus
693 1509 932 1575 nostris,
965 1510 1066 1565 sed
1095 1509 1156 1564 in
1187 1508 1374 1583 gratia
1405 1507 1754 1564 conditionis
1784 1513 1840 1562 et
1869 1506 2038 1579 legis,

383 1600 590 1666 sentiri
623 1599 905 1656 auxilium
937 1597 1058 1664 Dei,
1104 1614 1176 1654 ne
1205 1597 1455 1654 liberum
1489 1597 1853 1667 frangeretur
1882 1595 2034 1652 arbi-

382 1689 895 1752 triumatbterum
926 1689 1067 1742 sunt
1095 1684 1359 1756 plerique
1389 1688 1746 1751 nostrorum,
1780 1683 1880 1755 qui
1911 1700 2034 1739 om-

385 1778 487 1835 nia
515 1794 640 1850 quae
671 1775 902 1848 agimus
923 1773 1131 1830 .dicant
1157 1773 1283 1829 ﬁeri
1343 1771 1612 1844 praesidio
1668 1773 1790 1828 Dei.
1833 1773 1892 1828 A.
1926 1771 2033 1836 Qui
2063 1813 2066 1839 ρ

386 1867 497 1923 hoc
527 1865 688 1934 dicit,
718 1867 906 1922 vester
934 1879 1063 1920 esse
1089 1863 1342 1919 cessabit
1373 1863 1412 1930 ³,
1436 1865 1553 1917 Aut
1581 1877 1718 1934 ergo
1749 1865 1806 1917 et
1837 1866 1898 1916 tu
1922 1860 2036 1916 ista

385 1955 581 2022 dicito,
613 1958 677 2009 ut
705 1956 903 2010 noster
931 1968 1058 2008 esse
1089 1950 1355 2024 incipias,
1419 1955 1522 2007 aut
1578 1951 1628 2008 si
1687 1967 1802 2008 non
1861 1949 2030 2016 dicis,

383 2043 614 2102 alienus
634 2041 751 2106 eris
806 2057 940 2098 cum
974 2039 1067 2095 his
1125 2039 1225 2111 qui
1283 2041 1482 2095 nostra
1539 2054 1654 2094 non
1706 2038 1929 2096 dicunt.
1973 2038 2030 2093 C.

385 2135 695 2200 Tuusero,
729 2130 778 2188 si
810 2145 940 2185 mea
969 2129 1206 2196 dixeris,
1237 2128 1354 2182 imo
1384 2132 1446 2184 tu
1481 2144 1669 2198 meus,
1713 2128 1761 2182 si
1792 2127 2034 2182 adversa

383 2240 503 2282 non
533 2220 768 2282 dixeris.
826 2223 979 2275 Sana
1035 2233 1278 2289 corpora
1327 2216 1644 2282 conﬁteris,
1697 2221 1754 2272 et
1802 2216 2031 2282 animae,

385 2328 511 2384 qua
543 2310 746 2366 fortior
773 2312 880 2375 est,
913 2308 1166 2379 denegas
1217 2291 1550 2364 sanitatem.
1586 2305 1658 2360 Ut
1689 2304 1846 2360 enim
1879 2321 2032 2360 mor-

384 2401 583 2460 buset
607 2398 823 2456 vulnus
853 2396 912 2451 in
941 2411 1200 2474 corpore,
1233 2394 1316 2452 ita
1372 2401 1640 2468 pecatum
1693 2395 1752 2450 in
1811 2394 2030 2450 anima.

375 2490 493 2568 .Qui
523 2504 659 2560 ergo
689 2502 901 2544 sanum
932 2484 1252 2556 aliquando
1284 2484 1586 2540 hominem
1614 2483 1908 2541 conﬁteris
1965 2500 2034 2540 ex

383 2593 451 2647 ea
480 2581 642 2649 parte
673 2591 790 2647 qua
815 2590 948 2632 caro
998 2576 1106 2642 est,
1167 2589 1346 2645 quare
1377 2589 1493 2629 non
1541 2589 1752 2630 sanum
1785 2573 1944 2628 dicas
1975 2576 2033 2626 et

384 2682 452 2728 ex
481 2682 549 2722 ea
577 2681 695 2737 qua
724 2663 969 2735 spiritus
999 2665 1134 2718 est?
1163 2663 1224 2716 A.
1289 2661 1514 2732 Sequar
1569 2659 2028 2734 propositionem

381 2759 581 2818 tuam:
609 2776 635 2802 ‹‹
681 2756 994 2823 Nunquam
1039 2749 1210 2810 hodie
1239 2749 1736 2822 etl'ugies,veniam
1765 2765 2029 2821 quocun-

383 2859 497 2916 que
525 2840 768 2898 vocaris.
802 2863 829 2889 ››
866 2839 923 2895 C.
956 2839 1197 2896 Paratus
1241 2854 1375 2894 sum
1407 2837 1475 2893 ad
1535 2837 1906 2894 audiencum.
1965 2838 2025 2892 A.

381 2934 450 2988 Et
479 2933 594 3005 Ego
625 2931 697 2986 ad
744 2929 1104 3001 loquendum
1163 2927 1358 2982 surdis
1418 2927 1679 2981 auribus.
1744 2928 1895 2988 794
1926 2926 2029 2980 Re-

383 3021 681 3094 spondebo
723 3018 903 3093 igitur
932 3018 1002 3073 ad
1035 3016 1422 3089 propositum.
1456 3016 1534 3072 Ex
1564 3014 1762 3070 anima
1819 3021 1874 3069 et
1903 3030 2026 3069 cor-

383 3127 522 3184 pore
552 3107 863 3181 compacti,
887 3106 1198 3177 utriusque
1227 3103 1570 3162 substantias
1594 3107 1864 3160 naturam
1896 3119 2028 3158 con-

1630 299 1700 369 S.
1739 298 2055 370 EUSEBII
2091 302 2570 380 EIERONYMI.

1921 442 2043 494 tota
2069 438 2126 506 Α
2154 440 2393 514 peccati,
2441 442 2606 512 juxta
2663 439 2807 499 illud
2859 439 3265 516 propheticum

3679 302 3803 378 ωδ

3327 455 3340 498 :
3401 441 3612 500 Anima
3675 455 3799 520 qua

2155 532 2496 603 peccaverit,
2529 532 2657 604 ipsa
2687 531 2968 588 morietur
3015 532 3234 601 (Ezech.
3291 549 3451 599 XVIII,
3485 532 3561 602 4).
3597 552 3626 582 ››
3657 531 3806 590 Alio-

2154 621 2296 692 quin
2329 621 2479 678 hanc
2510 638 2883 678 communem
2917 625 3186 692 mortem,
3233 637 3353 694 qua
3400 625 3457 678 et
3487 621 3659 686 bruta
3688 622 3804 678 sol-

2152 715 2371 766 vuntur
2399 711 2698 780 animalia,
2731 710 2926 766 Enoeh
2965 717 3022 767 et
3066 711 3252 766 Eliam
3303 709 3566 774 nondum
3597 710 3809 770 vidisse

2151 801 2584 872 cognoscimus.
2619 801 2703 856 Da
2735 799 2878 855 mihi
2909 817 3122 872 corpus
3171 803 3324 872 quod
3351 815 3656 872 nunquam
3686 799 3808 857 lan-

2151 890 2362 963 gucrit,
2399 895 2500 946 aut
2530 890 2683 961 quod
2718 893 2849 961 post
2879 887 3221 961 languorem
3244 893 3526 960 perpetua
3556 889 3804 945 sanitate

2150 996 2424 1036 securum
2455 978 2531 1035 sit
2563 997 2575 1034 :
2611 983 2665 1034 et
2697 979 2845 1034 dabo
2876 977 2982 1034 tibi
3016 977 3278 1032 animam
3344 994 3473 1048 quas
3503 994 3810 1049 nunquam

2153 1069 2490 1141 peccaverit,
2542 1083 2648 1123 nec
2695 1071 2827 1139 post
2875 1067 3114 1123 virtutes
3155 1067 3429 1138 deinceps
3493 1072 3807 1138 peccatura

2151 1157 2247 1224 sit,
2281 1157 2602 1229 przesertim
2635 1172 2771 1212 cum
2803 1155 2992 1211 vicina
3021 1155 3140 1211 sint
3183 1155 3322 1211 vitia
3358 1155 3674 1222 virtutibus
3703 1175 3717 1224 ;
3750 1163 3809 1213 et

2149 1245 2199 1310 si
2248 1245 2553 1318 paululum
2604 1244 3006 1314 declinaveris,
3063 1249 3166 1300 aut
3221 1245 3537 1300 errandum
3571 1245 3674 1300 tibi
3707 1246 3806 1322 sit,

2149 1339 2250 1390 aut
2278 1334 2338 1389 in
2371 1350 2624 1407 prmceps
2655 1333 3002 1390 cadendum.
3039 1335 3334 1399 Quantum
3371 1333 3528 1390 enim
3562 1334 3715 1398 inter
3745 1351 3808 1390 se

2147 1422 2370 1480 distant
2399 1423 2718 1495 pertinacia
2747 1426 2805 1478 et
2832 1421 3283 1494 perseverantia,
3342 1421 3706 1493 parsimonia
3750 1428 3810 1479 et

2143 1509 2472 1582 frugalitas,
2514 1508 2833 1565 liberalitas
2863 1513 2921 1565 et
2950 1509 3229 1580 profusio,
3258 1508 3576 1582 prudentia
3603 1514 3658 1565 et
3691 1510 3807 1568 cal-

2145 1589 2364 1667 liditas,
2399 1598 2676 1654 fortitudo
2708 1603 2765 1653 et
2784 1597 3106 1666 temeritas,
3131 1598 3357 1654 cautela
3384 1604 3442 1654 et
3468 1599 3807 1668 timiditas?

2145 1705 2397 1762 quorum
2455 1687 2573 1743 alia
2631 1687 2702 1742 ad
2737 1687 2909 1752 bona,
2943 1685 3058 1742 alia
3117 1687 3450 1744 referuntur
3493 1689 3566 1746 ad
3625 1689 3808 1754 mala.

2143 1777 2306 1842 Quod
2336 1777 2574 1849 quidem
2607 1780 2663 1832 et
2713 1776 2772 1830 in
2823 1776 3166 1848 corporibus
3217 1775 3530 1844 invenitur.
3581 1778 3639 1834 Si
3681 1777 3809 1834 felli

2142 1865 2464 1938 provideris
2493 1865 2892 1937 temperando,
2937 1864 3153 1937 pituita
3182 1867 3516 1924 succrescit.
3549 1867 3608 1922 Si
3675 1867 3803 1924 hu-

2143 1972 2334 2011 mores
2362 1955 2579 2011 siccare
2612 1953 2872 2019 festines,
2906 1954 3224 2011 inardescit
3250 1955 3492 2026 sanguis
3536 1955 3650 2012 bile
3685 1956 3798 2029 [αι.

2143 2044 2267 2115 bili)
2299 2043 2553 2111 vitiatur,
2585 2047 2641 2098 et
2671 2041 2864 2098 luteus
2909 2042 3069 2099 color
3124 2060 3227 2099 ora
3255 2043 3568 2116 perfundit.
3626 2044 3804 2102 Certe

2141 2137 2206 2189 ut
2235 2136 2504 2194 cunctam
2536 2130 2896 2188 medicorum
2928 2131 3317 2189 adhibeamus
3345 2131 3709 2205 diligentiam
3723 2138 3807 2201 ,et

2142 2222 2442 2294 castigatis
2471 2221 2736 2276 vivamus
2765 2219 2934 2286 cibis,
2976 2224 3034 2276 et
3087 2221 3428 2277 morborum
3483 2220 3801 2276 fomitibus

2142 2327 2442 2368 careamus
2471 2313 2528 2366 et
2557 2309 2862 2378 cruditate,
2896 2307 3139 2365 occultis
3195 2309 3551 2381 quibusdam
3605 2312 3662 2364 et
3690 2309 3806 2364 soli

2142 2406 2256 2458 Deo
2286 2398 2534 2472 cognitis
2569 2399 2716 2456 795
2765 2397 2982 2462 causis,
3042 2395 3130 2452 vel
3188 2397 3402 2470 frigore
3447 2397 3807 2462 inhorresci-

2143 2507 2297 2558 mus,
2317 2488 2405 2544 vel
2440 2487 2596 2552 febre
2625 2485 3081 2553 exardescimus,
3112 2484 3198 2540 vel
3231 2485 3588 2550 torminibus
3618 2485 3806 2558 ejula-

2142 2596 2275 2640 mus
2299 2582 2355 2634 et
2375 2577 2491 2634 veri
2515 2575 2725 2634 medici
2747 2573 3063 2630 Salvatoris
3081 2573 3801 2646 imploramusauailium,

2141 2668 2512 2735 dicimusque
2543 2680 2676 2720 cum
2735 2662 3016 2736 apostolis
3046 2681 3058 2718 :
3099 2685 3126 2710 «
3160 2663 3457 2734 Magister,
3482 2679 3655 2730 savos
3686 2680 3801 2720 nos

2141 2757 2250 2825 fac,
2279 2754 2539 2829 perimus
2571 2751 2779 2824 (Matth.
2811 2769 2911 2806 VII.
2943 2752 3058 2823 85).
3088 2773 3115 2801 »

2211 2844 2298 2898 12.
2332 2840 2623 2913 Respondet
2654 2839 2870 2911 aliquot
2898 2855 2928 2894 e
2957 2838 3243 2912 Scriptura
3279 2840 3691 2912 objectionibus.
3730 2873 3804 2884 --

2133 2933 2198 2990 G.
2233 2933 2390 2999 Esto,
2424 2935 2490 2986 ut
2519 2927 2717 2986 nullus
2748 2929 3001 3000 potuerit
3053 2945 3226 2998 omne
3269 2929 3452 2997 vitare
3477 2934 3799 3006 peccatum

2137 3024 2198 3080 in
2230 3021 2496 3094 pueritia,
2527 3017 2922 3076 adolescentia
2951 3021 3008 3073 et
3056 3018 3366 3089 juventute
3423 3035 3435 3073 :
3501 3019 3801 3090 numquid

2139 3129 2350 3186 negare
2382 3113 2570 3182 potest
2601 3106 3103 3179 plurimosjustos
3157 3110 3220 3174 et
3275 3109 3508 3176 sanctos
3556 3105 3720 3177 viros
3780 3109 3804 3143 ³

380 3180 707 3268 sequimur.
731 3194 1031 3264 Quomodo
1052 3209 1266 3265 corpus
1297 3209 1506 3254 sanum
1538 3190 1773 3260 dicitur,
1795 3192 1844 3249 si
1869 3191 2028 3247 nullo

2142 3180 2273 3276 post
2299 3180 2437 3255 vitia
2467 3196 2625 3252 omni
2671 3213 2733 3262 sc
2776 3196 2847 3251 ad
2897 3195 3142 3252 virtutes
3199 3195 3395 3263 animo
3447 3195 3799 3264 contulisse,

383 3285 664 3356 languore
695 3287 950 3348 vexetur,
985 3283 1066 3337 ita
1095 3283 1293 3338 anima
1318 3282 1538 3352 absque
1569 3279 1730 3348 vitio,
1779 3281 1829 3336 si
1861 3279 2026 3334 nulla

381 3372 816 3447 perturbatione
844 3370 1161 3442 quatiatur.
1187 3370 1253 3426 Et
1288 3374 1482 3428 tamen
1515 3369 1783 3441 quamvis
1811 3386 2025 3441 corpus

377 3478 590 3520 sanum
619 3460 698 3517 sit
724 3459 1139 3532 integrumque
1167 3463 1225 3514 et
1253 3462 1542 3532 vegetum,
1592 3463 1649 3513 et
1678 3461 2022 3514 cunctorum

375 3565 658 3608 sensuum
685 3547 1018 3622 integritate
1047 3549 1374 3616 robustum,
1408 3551 1512 3603 aut
1542 3547 1901 3614 crebris,aut
1932 3565 2024 3602 ra-

375 3642 458 3706 ris
485 3637 928 3696 inﬁrmitatibus
957 3635 1331 3702 condolescit,
1382 3641 1439 3692 et
1493 3640 1556 3691 ut
1613 3635 2024 3700 firmissimum

377 3729 472 3796 sit,
507 3728 806 3785 interdum
830 3725 1051 3799 pituitae
1074 3723 1406 3788 molestiam
1429 3724 1682 3797 patitur;
1717 3726 1798 3781 ita
1826 3725 2025 3782 anima

375 3819 797 3893 cogitationum
816 3820 872 3874 et
893 3815 1401 3888 perturbationum
1422 3814 1680 3886 impetur
1701 3815 2023 3882 sustinens,

377 3914 442 3964 ut
472 3911 706 3978 superet
730 3905 1060 3978 naufragia,
1083 3921 1198 3960 non
1227 3904 1449 3976 absque
1479 3903 1735 3975 periculo
1766 3905 2021 3977 navigat,

376 3996 872 4066 consideransque
892 3993 1271 4067 fragilitatem
1293 4009 1726 4065 suam,semper
1742 3993 1814 4048 de
1837 3998 2024 4050 morte

375 4083 761 4154 sollicitaest,
794 4083 1120 4145 secundum
1153 4081 1298 4138 illud
1331 4083 1485 4155 quod
1545 4081 1828 4154 scriptum
1887 4087 1978 4138 est
2007 4099 2020 4137 :

381 4193 404 4225 ι
438 4173 700 4252 Quis-est
755 4171 930 4228 homo
961 4156 1062 4245 qui
1091 4170 1261 4242 vivet,
1293 4175 1352 4226 et
1382 4188 1496 4228 non
1526 4170 1744 4227 videbit
1773 4176 2022 4228 mortem

373 4264 548 4332 (Psat.
610 4279 877 4328 LXXXVIII,
940 4262 1028 4331 49)
1077 4261 1104 4316 ?
1168 4283 1196 4310 ››
1236 4277 1364 4332 quas
1414 4259 1642 4316 cunctis
1684 4260 1907 4318 intenta
1937 4266 2026 4316 est

373 4351 737 4420 mortalibus,
787 4368 904 4408 non
939 4355 1159 4408 natura;
1221 4348 1628 4415 dissolutione,
1688 4349 1789 4405 sed
1837 4355 2024 4406 morte

446 4497 460 4528 ¹
496 4493 734 4548 Initium
769 4493 1061 4565 quoddam
1095 4491 1257 4565 bona?
1303 4489 1623 4565 voluntatis
1679 4494 1736 4545 et
1789 4491 1922 4547 fidei
1955 4507 2024 4547 ex

2135 3296 2193 3346 et
2221 3306 2324 3362 per
2353 3287 2460 3343 has
2493 3285 2752 3343 caruisse
2781 3289 3016 3356 peccato
3049 3284 3075 3337 ?
3106 3284 3167 3338 Α.
3214 3284 3340 3339 Hoc
3371 3287 3462 3352 est
3493 3285 3647 3357 quod
3683 3285 3800 3341 tibi

2135 3380 2190 3434 in
2215 3375 2500 3451 principio
2532 3375 2814 3441 dixeram,
2849 3373 2908 3428 in
2940 3378 3143 3429 nostra
3167 3389 3297 3429 esse
3340 3373 3600 3446 positum
3624 3377 3798 3445 pote-

2132 3472 2300 3534 state,
2323 3465 2408 3522 vel
2432 3479 2688 3537 peccare,
2712 3460 2800 3517 vel
2824 3479 2938 3518 non
2963 3478 3218 3534 peccare,
3243 3466 3303 3517 et
3321 3461 3409 3517 vel
3435 3461 3506 3516 ad
3528 3461 3643 3517 bon
3654 3479 3789 3530 um,

2131 3556 2219 3614 vel
2251 3556 2324 3612 ad
2362 3553 2584 3612 malum
2642 3551 2951 3607 extendere
2986 3566 3248 3617 manum,
3282 3553 3347 3606 ut
3378 3549 3632 3606 liberum
3665 3567 3796 3607 ser-

2129 3649 2298 3702 vetur
2315 3641 2624 3699 arbitrium
2659 3656 2671 3694 :
2705 3640 2805 3696 sed
2837 3639 2945 3695 hoc
2976 3656 3081 3712 pro
3112 3639 3290 3712 mpdo
3343 3641 3402 3694 et
3435 3642 3705 3710 tempore
3738 3645 3799 3696 et

2133 3732 2465 3791 conditione
2495 3728 2828 3802 fragilitatis
2857 3728 3129 3785 humanae
3156 3746 3168 3795 ;
3201 3727 3650 3800 perpetuitatem
3687 3745 3800 3784 au-

2130 3828 2251 3880 tem
2281 3819 2644 3894 impecantia‘.
2683 3815 2790 3874 soli
2823 3817 3104 3874 reservari
3137 3816 3276 3882 Deo,
3310 3820 3368 3871 et
3424 3816 3475 3872 ei
3509 3815 3608 3888 qui
3641 3815 3796 3872 Ver-

2132 3912 2274 3967 bum
2325 3925 2457 3964 caro
2504 3907 2710 3973 factus,
2770 3905 2962 3961 carnis
3011 3905 3370 3970 detrimenta
3427 3909 3482 3960 et
3536 3910 3790 3976 peccata

2133 4016 2248 4056 non
2281 3995 2539 4072 pertulit.
2573 3996 2689 4050 Nec
2721 3993 2859 4067 quia
2884 3994 2956 4050 ad
2987 3994 3158 4058 breve
3188 4009 3453 4065 possum,
3487 4005 3656 4064 coges
3681 4008 3788 4049 me

2132 4092 2197 4142 ut
2226 4086 2448 4158 possim
2472 4083 2711 4156 jugiter.
2746 4085 2993 4137 Possum
3043 4082 3332 4154 jejunare,
3363 4080 3624 4154 vigilare,
3659 4097 3796 4140 am-

2131 4175 2355 4242 bulare,
2387 4174 2596 4246 legere,
2624 4169 2892 4243 psallere,
2927 4170 3150 4238 sedere,
3183 4171 3460 4238 dormire,
3493 4171 3800 4244 numquid

2132 4265 2189 4320 in
2225 4260 2621 4337 perpetuum?
2651 4259 2707 4314 C.
2764 4260 2832 4314 Et
2878 4275 3058 4330 quare
3085 4257 3146 4314 in
3215 4259 3534 4334 Scripturis
3565 4261 3810 4326 sanctis

2131 4353 2203 4409 ad
2229 4350 2544 4424 perfectam
2568 4347 2866 4418 justitiam
2899 4363 3304 4418 provocamur,
3345 4351 3410 4406 ut
3458 4352 3548 4406 est
3585 4347 3736 4404 illud
3784 4365 3798 4404 :

2132 4491 2436 4566 incipienti
2465 4490 2896 4566 incrementum
2928 4488 3113 4566 dabit,
3163 4512 3192 4538 »
3247 4493 3356 4566 etc.
3411 4489 3806 4566 Optatuslib.

375 4565 544 4643 nobis
595 4580 743 4631 esse,
785 4551 1028 4620 'videtur
1077 4562 1392 4643 praedicare
1450 4561 1838 4643 Hieronymus
1898 4567 2025 4643 tum
2049 4551 2103 4630 D
2135 4583 2176 4623 II
2210 4551 2285 4643 εξ(
2321 4564 2597 4643 Nostrum
2636 4567 2728 4643 est
2757 4551 3238 4643 velle,.nostrum
3268 4564 3360 4643 est
3388 4551 3644 4643 currere,
3676 4563 3811 4643 Dei

373 4635 495 4716 hic,
520 4640 648 4698 tum
677 4651 876 4716 supra,
931 4633 1095 4690 num.
1157 4635 1208 4688 1.
1267 4633 1377 4714 Qui
1437 4633 1736 4716 sententiae
1779 4634 2022 4716 ‘Arausi-

370 4707 498 4766 cani
529 4705 773 4770 secundi
802 4722 1054 4762 canones
1111 4705 1397 4777 praecipue
1453 4705 1692 4761 tertium
1741 4709 1797 4760 et
1826 4705 2024 4762 vicesi-

373 4796 538 4834 mum
571 4777 843 4850 quintum
875 4776 1190 4850 adversari,
1225 4776 1337 4830 nOn
1370 4780 1458 4832 est
1487 4777 1643 4850 quod
1670 4793 2017 4850 memorem.

371 4847 695 4908 Excusatur
724 4853 920 4904 tamen
952 4847 1199 4921 aliorum
1227 4847 1618 4921 quorumdam
1667 4849 1902 4921 Patrum
1930 4866 2022 4905 ex-

372 4923 588 4996 emplo,
623 4921 724 4996 qui
763 4925 895 4996 ante
936 4919 1325 4996 Pelagianam
1385 4919 1652 4996 heresim
1713 4920 2018 4991 scripsere,

371 4991 528 5067 quod
560 4991 822 5067 nondum
858 4991 1012 5067 dolis
1040 4991 1335 5067 omnibus,
1369 4997 1425 5047 et
1455 4991 1899 5067 Pelagianorum
1931 5009 2020 5049 ca-

415 5067 579 5121 tiosis
608 5065 836 5121 artibus
866 5063 1129 5127 detectis,
1191 5063 1366 5118 verbo
1411 5068 1584 5117 tenus
1620 5063 1890 5118 humana:
1921 5081 2020 5119 vo-

395 5137 581 5192 untati
615 5137 748 5208 plus
772 5140 934 5207 justo
966 5136 1231 5208 videatur
1260 5134 1612 5208 tribuere,ut
1644 5135 1817 5190 fidem
1849 5134 2019 5191 liberi

371 5207 872 5278 arbitrii’illtesam
901 5212 1106 5268 servet.
1157 5207 1290 5262 Erat
1331 5207 1488 5278 enim
1546 5209 1686 5260 tunc
1740 5208 2020 5278 temporis

373 5277 670 5350 quoddam
698 5278 873 5334 veluti
907 5278 1277 5349 proverbium
1308 5318 1321 5343 ,
1379 5277 1518 5332 Velle
1564 5281 1818 5350 nostrum
1868 5277 1973 5350 est,
2002 5296 2014 5332 :

374 5348 531 5421 unde
559 5354 616 5404 et
645 5348 701 5404 in
732 5348 1012 5406 anecd’otu
1043 5351 1300 5420 quodam
1349 5365 1614 5416 sermone
1643 5348 1714 5421 de
1743 5349 2018 5421 Symbolo

371 5421 432 5477 in
463 5420 896 5480 Veronensibus
949 5421 1309 5477 membranis
1345 5437 1358 5475 :
1392 5443 1419 5470 «
1454 5420 1692 5484 Etiamsi
1736 5420 1882 5477 velle
1913 5439 2017 5478 no-

375 5499 566 5549 strum
588 5497 698 5560 est,
728 5492 1002 5564 perficere
1054 5497 1247 5564 tamen
1294 5491 1418 5564 sine
1468 5491 1564 5547 illo
1596 5489 1753 5564 (Deo)
1789 5509 1901 5548 non
1936 5492 2019 5548 in-

373 5564 662 5621 venimus.
698 5586 727 5612 »
769 5563 1043 5629 Hilarius,
1105 5563 1164 5618 in
1197 5563 1368 5628 ‘Psal.
1415 5579 1591 5619 cvaII
1627 5579 1638 5619 :
1675 5587 1702 5613 «
1733 5563 2019 5622 Voluntas

374 5642 574 5695 nostra
601 5634 905 5710 proprium
929 5651 999 5692 ex
1027 5650 1090 5692 se
1120 5633 1335 5692 habere
1367 5633 1633 5706 debet,ut
1659 5637 1799 5693 velit
1826 5653 1839 5695 :
1863 5637 2028 5696 Deus

2134 4637 2434 4710 perficere,
2455 4655 2485 4710 »_
2514 4639 2628 4689 etc.
2663 4631 2924 4710 Denique
2941 4631 3070 4710 ipse
3087 4632 3405 4710 angustia.
3423 4632 3483 4710 in
3505 4633 3807 4710 Encht'gﬁd'

2131 4701 2183 4764 ὁ.
2213 4708 2304 4777 32,
2339 4701 2437 4778 qui
2473 4705 2624 4778 hanc
2656 4701 2908 4778 sentiam
2942 4701 3215 4760 miriﬁcev
3243 4701 3509 4778 eaplicat
3553 4721 3566 4758 :
3612 4701 3811 4778 «mo-

2131 4774 2533 4850 tum,’inquit,
2570 4776 2684 4832 Deo
2717 4774 2976 4831 dandum
3011 4778 3122 4850 est,
3158 4774 3546 4850 quihominis
3583 4774 3810 4850 volun-

2129 4845 2311 4907 tatem
2345 4845 2649 4929 bo'namhet
2679 4852 2970 4929 pragparat
2997 4845 3429 4929 adjuvandam,_
3460 4845 3802 4929 “adjuvat

2131 4926 2537 4996 praeparatam.
2567 4918 2848 4996 Pra'cedit
2872 4919 3030 4978 enim
3055 4919 3209 4996 bona
3234 4918 3506 4983 voluntas
3530 4918 3804 4996 hominis

2132 4989 2318 5064 inulta
2353 4992 2443 5064 Dei
2480 4993 2651 5064 dona,
2686 4991 2787 5064 sed
2820 5007 2939 5046 non
2994 4989 3230 5064 omnia;
3267 5007 3394 5063 qua
3443 4995 3640 5048 autem
3675 5008 3801 5050 non

2130 5061 2401 5144 prfecedit
2431 5063 2577 5144 ipsa,
2606 5062 2666 5118 in
2696 5062 2780 5117 eis
2812 5067 2904 5144 est
2930 5061 3171 5144 e'tnipsa.
3207 5083 3236 5111 ››

2200 5139 2220 5172 ²
2253 5136 2414 5192 Unus
2443 5133 2654 5206 Vatic.,
2678 5135 2926 5189 cessavit.
2951 5133 3178 5206 Vitiosa
3210 5137 3405 5190 autem
3431 5148 3611 5206 penes
3642 5133 3804 5192 Mar-

2129 5209 2277 5287 tian:
2308 5210 2430 5287 erat
2459 5222 2593 5287 cum
2627 5205 3031 5287 interrogandi
3058 5209 3216 5287 nota.

2198 5281 2220 5314 ³
2246 5280 2451 5342 Justos
2480 5283 2536 5342 et
2565 5281 2797 5350 sanctos
2834 5274 3009 5333 viros.
3070 5279 3218 5350 post
3261 5274 3403 5331 vitia
3447 5274 3790 5350 Virtutibus

2127 5351 2378 5421 deditos,
2415 5338 2688 5404 caruisse
2716 5351 2970 5421 peccato,
3024 5337 3330 5421 proprium
3353 5350 3489 5421 erat
3518 5337 3798 5421 Origenis

2127 5417 2454 5494 dogma,'_in
2487 5421 2642 5494 quod
2676 5417 2948 5494 Pelagius
2986 5417 3222 5494 quoque
3278 5418 3556 5494 delapsus
3595 5417 3794 5494 estin

2127 5435 2362 5494 dogma,
2396 5438 2454 5475 In
2487 5435 2642 5492 quon
2676 5435 2812 5475 P618.
2853 5436 2948 5476 Ius
3028 5437 3102 5490 uo
3150 5435 3222 5475 ue
3278 5435 3556 5491 delapsus
3606 5435 3694 5482 est
3720 5435 3794 5474 In

2127 5494 2357 5572 synodo
2380 5435 3063 5572 Diospolitanag’ideqS,
3081 5436 3525 5572 jugustinbm,
3560 5489 3660 5572 _de_
3692 5489 3798 5572 Gc-

2125 5563 2243 5624 stts.
2280 5563 2756 5638 interimiVatic”
2805 5564 3094 5638 Numquid
3147 5563 3345 5635 negari
3396 5566 3576 5636 potest
3603 5563 3798 5636 pluri-

2125 5653 2241 5730 mos
2258 5637 2457 5708 justas,
2490 5637 2604 5692 etc.
