4082 6168
1128 324 1517 417 manceps
1563 326 1873 393 coam
1915 323 2710 392 PELAGIANDS.—LIB.
2758 324 2865 392 III.

3557 334 3687 401 δυσ

275 490 303 516 α
335 458 497 522 Βεαῆ
527 466 756 521 mundo
786 467 980 531 corde,
1003 466 1285 538 quoniam
1304 465 1414 537 ipsi
1439 470 1620 521 Deum
1642 465 1923 520 videbunt
1950 465 2003 530 Α
2037 476 2255 534 quaero,
2323 466 2629 518 contentus
2695 478 2828 518 sum
2894 464 3174 519 beneflcio
3240 465 3395 538 quod
3455 471 3672 541 accepi,

270 557 477 626 (Matth.
513 573 570 623 v,
601 558 699 625 8(;
738 578 766 605 ››
797 560 854 611 et
880 570 899 611 ε’
930 578 957 604 ‹‹
990 556 1151 611 Beati
1182 554 1545 610 immaculati
1579 554 1635 608 in
1668 554 1780 615 via,
1824 552 1922 624 qui

278 644 591 700 ambulant
621 645 681 699 in
715 644 842 717 lege
873 644 1101 700 Domini
1129 644 1299 714 (Psal.
1326 659 1517 708 cxvm,
1558 645 1641 713 ι);
1676 664 1705 689 υ
1745 646 1803 696 et
1827 641 1925 695 Dei

274 732 573 805 loquentis
624 733 699 788 ad
756 731 1091 787 Abraham:
1144 754 1171 781 ‹‹
1222 735 1337 803 Ego
1397 744 1529 785 sum
1582 730 1737 784 Deus
1763 734 1924 795 tuus,

275 819 505 893 placeto
556 821 619 876 in
662 825 986 892 conspectu
1038 835 1188 887 meo,
1238 824 1295 874 et
1342 822 1464 874 esto
1509 818 1637 873 sine
1676 816 1925 880 macula,

278 908 371 965 vel
422 909 676 982 querela,
720 914 777 965 et
823 924 1037 982 ponam
1086 912 1503 965 testamentum
1536 923 1734 963 meum
1778 906 1929 961 inter

287 1010 385 1054 me
408 1002 465 1054 et
493 1003 567 1064 te,
592 1004 646 1052 et
668 997 1071 1070 multiplicabo
1094 1002 1149 1053 te
1171 997 1348 1052 nimis
1372 998 1528 1065 (Gen.
1555 1012 1693 1064 xvu,
1730 996 1832 1066 1,2)
1858 994 1869 1048 l
1898 1016 1925 1043 ›ι

288 1086 347 1139 Si
396 1085 546 1140 enim
597 1100 711 1139 non
752 1087 941 1157 potest
985 1085 1111 1141 fieri
1161 1085 1312 1156 quod
1334 1084 1632 1156 Scriptura
1662 1087 1925 1148 testatur,

293 1176 501 1229 frustra
532 1174 806 1246 praecepit
854 1179 920 1229 ut
967 1175 1153 1229 fieret.
1185 1176 1225 1227 A
1295 1174 1544 1229 Diversis
1574 1173 1930 1229 testimoniis

280 1261 717 1334 Scripturarum
750 1263 1017 1319 eamdem
1060 1263 1443 1334 quaestionem
1490 1262 1629 1318 teris
1677 1262 1737 1317 in
1768 1262 1930 1318 thea-

276 1351 459 1407 trales'
472 1350 822 1422 praestigias,
840 1367 965 1423 quae
988 1367 1174 1406 unum
1196 1351 1585 1422 eumdemque
1608 1350 1927 1416 hominem,

274 1450 670 1511 personarum
699 1440 978 1496 varietate
1009 1444 1253 1507 mutata,
1287 1440 1347 1494 in
1360 1443 1602 1495 Martem
1625 1440 1932 1495 Venerem-

276 1544 391 1600 que
419 1529 796 1599 producunt:
830 1531 896 1585 ut
927 1529 1027 1601 qui
1062 1529 1225 1601 prius
1246 1529 1472 1601 rigidus
1492 1529 1930 1584 ettruculentus

275 1618 621 1685 incesserat,
655 1622 859 1688 postea
890 1616 1218 1673 solvaturin
1253 1617 1557 1673 mollitiem
1580 1618 1929 1673 feminarum

278 1711 398 1762 Hoc
431 1707 590 1762 enim
625 1707 780 1778 quod
813 1722 967 1762 nunc
998 1708 1166 1779 quasi
1200 1723 1413 1762 novum
1446 1707 1683 1777 objicis:
1713 1730 1740 1757 «
1765 1707 1930 1764 Beati

279 1796 501 1851 mundo
516 1792 749 1862 corde,»
765 1796 1041 1863 et,«Beati
1062 1796 1424 1851 immaculati
1437 1796 1497 1851 in
1512 1796 1599 1851 via
1611 1838 1623 1861 ,
1635 1820 1655 1845 υ
1676 1802 1751 1863 et,
1763 1790 1930 1853 «Esto

280 1885 410 1940 sine
430 1883 689 1951 macula,
708 1906 735 1933 ››
758 1888 812 1939 et
842 1889 1047 1941 caetera
1067 1885 1496 1956 hujuscemodi,
1522 1885 1803 1956 Apostolo
1821 1902 1934 1941 res-

282 1975 580 2047 pendente
610 1973 941 2030 convictum
960 1979 1067 2043 est,
1092 1997 1120 2025 «
1139 1978 1207 2029 Et
1227 1990 1293 2029 ex
1317 1979 1478 2046 parte
1500 1976 1927 2053 cognoscimus,

290 2068 438 2119 etex
459 2066 623 2134 parte
642 2063 1086 2135 prophetamus;
1120 2086 1147 2113 ››
1187 2064 1336 2120 796
1361 2069 1438 2130 et,
1458 2086 1477 2112 ι
1505 2062 1671 2119 Nunc
1689 2081 1791 2136 per
1808 2078 1933 2136 spe-

289 2151 498 2207 culum
527 2150 790 2207 videmus
814 2150 873 2206 in
924 2151 1269 2223 aenigmate;
1305 2169 1435 2207 cum
1489 2157 1683 2208 autem
1712 2154 1935 2209 venerit

285 2241 449 2312 quod
482 2238 795 2311 perfectum
827 2245 935 2307 est,
987 2242 1043 2296 id
1091 2242 1245 2312 quod
1286 2256 1353 2296 ex
1396 2246 1561 2313 parte
1600 2242 1791 2297 fuerat
1828 2245 1931 2299 de-

281 2334 553 2386 struetur
580 2329 627 2400 (1
656 2330 776 2385 Cor.
824 2347 949 2397 xm,
982 2332 1035 2396 9,
1088 2330 1198 2402 lO).
1234 2352 1261 2379 »
1292 2331 1362 2385 Et
1421 2332 1709 2386 mundum
1754 2331 1933 2405 igitur

279 2435 404 2486 cor,
437 2419 595 2490 quod
620 2422 822 2490 postea
853 2419 931 2474 sit
966 2419 1231 2474 visurum
1264 2424 1469 2486 Deum,
1520 2424 1577 2475 et
1614 2420 1934 2476 beatitudi-

279 2525 418 2565 nem
443 2507 578 2563 vita
608 2508 1021 2573 immaculata,
1055 2512 1112 2563 et
1133 2507 1574 2564 immaculatum
1603 2526 1737 2565 cum
1759 2511 1936 2566 Abra-

278 2597 421 2653 ham
479 2596 693 2662 vivere,
750 2596 811 2651 in
869 2598 1081 2653 umbra
1136 2597 1508 2669 possidemus
1543 2604 1599 2653 et
1657 2599 1931 2671 imagine.

280 2684 567 2749 Quamvis
597 2686 816 2757 aliquis
847 2686 1180 2758 patriarcha
1210 2688 1307 2757 sit,
1333 2687 1599 2759 quamvis
1631 2689 1932 2760 propheta,

282 2775 558 2847 quamvis
590 2774 913 2845 apostolus,
965 2774 1180 2831 dicitur
1225 2776 1309 2831 eis
1357 2776 1416 2831 in
1468 2777 1715 2833 Domino
1740 2778 1934 2834 Salva-

282 2870 447 2919 tore:
487 2884 515 2911 «
548 2863 609 2918 Si
639 2879 741 2920 vos
792 2881 925 2919 cum
958 2864 1089 2920 sitis
1122 2864 1283 2933 mali,
1318 2865 1481 2921 scitis
1519 2867 1668 2921 bona
1700 2868 1838 2922 dare
1868 2869 1932 2922 fi-

284 2952 383 3009 liis
406 2952 642 3021 vestris,
676 2957 896 3025 quanto
929 2954 1117 3026 magis
1146 2958 1317 3010 Pater
1346 2960 1533 3011 vester
1564 2956 1663 3027 qui
1698 2956 1754 3010 in
1779 2956 1936 3012 caelis

293 3046 408 3107 est,
457 3042 625 3097 dabit
674 3044 828 3097 bona
874 3044 1209 3115 petentibus
1262 3060 1323 3098 se
1354 3045 1576 3115 (Matth.
1610 3063 1707 3112 v11,
1745 3046 1874 3116 ll)?
1906 3068 1932 3097 ››

284 3131 550 3203 Denique
581 3132 635 3186 et
661 3130 979 3196 Abraham,
1013 3132 1103 3185 cui
1164 3132 1385 3186 dictum
1418 3138 1542 3187 est:
1574 3154 1600 3181 ‹‹
1635 3133 1769 3188 Esto
1811 3135 1937 3189 sine

2035 552 2214 615 Quem
2283 552 2505 606 occulta
2571 552 2950 623 responsione
3015 568 3267 625 arguens
3333 556 3504 625 Deus,
3555 559 3671 614 ait:

2034 642 2234 694 Etiam.
2269 640 2335 693 Et
2366 644 2454 695 est
2486 656 2733 695 sensus:
2768 641 2889 694 Fiet
2914 642 3068 711 quod
3101 642 3398 699 existimas
3432 660 3544 701 non
3586 649 3677 702 fu-

2035 734 2257 783 turum.
2292 728 2435 783 Sara
2464 746 2606 783 uxor
2637 734 2739 784 tua
2768 730 2955 801 pariet
3003 730 3108 785 tibi
3156 731 3365 803 filium,
3419 739 3473 788 et
3512 742 3678 793 ante-

2037 833 2213 888 quam
2231 816 2341 871 ista
2364 817 2670 888 concipiat,
2692 818 3034 890 priusquam
3062 819 3157 876 ille
3178 827 3472 887 nascatur,
3500 838 3677 895 puero

2036 921 2248 961 nomen
2283 906 2603 977 imponam.
2642 908 2719 961 Ex
2745 923 2939 963 errore
2969 908 3125 963 enim
3178 913 3302 976 tuo,
3352 927 3467 983 quo
3498 912 3680 981 risisti

2037 993 2271 1059 tacitus,
2306 994 2463 1050 filius
2512 999 2650 1049 tuus
2696 997 2898 1061 Isaac‘,
2954 998 3100 1052 risus
3166 1015 3377 1054 nomen
3410 1001 3675 1073 accipiet.

2038 1083 2134 1137 Sin
2166 1087 2360 1139 autem
2394 1085 2466 1138 ab
2498 1084 2590 1140 his
2620 1084 2719 1155 qui
2752 1089 2891 1139 sunt
2914 1087 3136 1141 mundo
3166 1088 3337 1142 corde
3360 1089 3416 1143 in
3441 1090 3552 1145 hoc
3581 1106 3682 1146 sa-

2039 1171 2190 1236 culo,
2223 1176 2396 1243 putas
2425 1172 2604 1226 videri
2638 1172 2843 1239 Deum,
2880 1190 3060 1245 quare
3096 1176 3238 1230 797
3302 1176 3529 1249 Moyses
3578 1182 3681 1250 qui
3732 1208 3749 1225 ·ι

2040 1260 2202 1332 prius
2244 1261 2503 1316 dixerat:
2538 1284 2564 1310 ‹‹
2625 1262 2751 1316 Vidi
2786 1263 3102 1319 Dominum
3162 1264 3309 1319 facie
3340 1268 3409 1320 ad
3451 1268 3679 1335 faciem,

2039 1354 2095 1404 et
2126 1350 2285 1405 salva
2330 1351 2480 1405 facta
2526 1355 2616 1406 est
2663 1350 2859 1406 anima
2902 1368 3030 1407 mea
3081 1353 3235 1423 (Gen.
3285 1358 3616 1431 xxxu,’30),
3653 1380 3681 1405 »

2040 1444 2241 1510 postea
2270 1440 2636 1511 deprecatur,
2689 1446 2754 1494 ut
2799 1457 2932 1496 eum
2983 1441 3175 1498 videat
3222 1447 3685 1515 cognoscenter?

2041 1543 2216 1595 quem
2248 1527 2387 1599 quia
2436 1529 2658 1583 dixerat
2712 1546 2773 1584 se
2818 1530 3055 1597 vidisse,
3109 1533 3274 1587 audit
3333 1550 3365 1587 a
3394 1533 3679 1602 Domino;

2042 1640 2067 1665 ‹‹
2104 1617 2228 1671 Non
2263 1620 2425 1687 potes
2455 1617 2648 1672 videre
2677 1618 2882 1673 faciem
2908 1634 3116 1675 meam.
3143 1619 3266 1675 Non
3291 1622 3447 1677 enim
3468 1624 3686 1679 videbit

2043 1706 2217 1760 homo
2249 1704 2457 1761 faciem
2511 1722 2723 1771 meam,
2753 1711 2810 1761 et
2858 1707 3007 1761 vivet
3036 1708 3230 1777 (Exod.
3280 1726 3480 1777 xxxm,
3512 1713 3623 1781 20).
3656 1733 3684 1761 »

2044 1795 2203 1850 Unde
2251 1800 2308 1849 et
2367 1795 2679 1866 Apostolus
2711 1798 2756 1865 (Ι
2817 1797 2949 1850 Tim.
2983 1798 3023 1867 1)
3080 1797 3433 1855 invisibilem
3492 1800 3681 1857 solum

2046 1884 2255 1949 Deum,
2331 1884 2432 1954 qui
2509 1887 2565 1938 et
2636 1882 2827 1939 lucem
2857 1884 3689 1957 habitatminaccessibile,et

2043 1989 2215 2045 quem
2248 1973 2447 2027 nullus
2477 1972 2784 2027 hominum
2816 1973 3047 2039 viderit,
3080 1991 3267 2046 neque
3299 1977 3484 2048 possit
3529 1979 3687 2034 vide-

2044 2077 2123 2127 re,
2161 2060 2432 2133 appellat.
2498 2062 2565 2115 Et
2612 2063 2870 2118 Joannes
2919 2063 3284 2136 Evangelista
3334 2082 3501 2123 sacra
3550 2084 3687 2125 voce

2043 2154 2313 2216 testatur,
2367 2151 2603 2205 dicens:
2667 2174 2693 2201 ‹‹
2747 2151 2930 2206 Deum
2982 2168 3151 2213 nemo
3201 2153 3345 2208 vidit
3401 2173 3687 2228 unquam.

2046 2240 2389 2312 Unigenitus
2422 2239 2626 2306 Filius,
2659 2240 2759 2312 qui
2791 2240 2966 2295 estin
2999 2241 3133 2295 sinu
3166 2243 3377 2309 Patris,
3408 2244 3534 2315 ipse
3563 2263 3691 2302 nar-

2045 2328 2194 2383 ravit
2239 2330 2418 2398 (Joan.
2469 2346 2507 2394 1,
2562 2329 2670 2396 48).
2740 2352 2766 2377 ››
2816 2329 2924 2393 Qui
2975 2330 3149 2400 videt,
3200 2335 3257 2385 et
3302 2338 3519 2400 narrat,
3571 2351 3687 2390 non

2046 2422 2304 2490 quantus
2334 2421 2423 2473 est
2451 2416 2549 2472 ille
2581 2418 2678 2488 qui
2712 2418 2872 2473 visus
2904 2421 3011 2485 est,
3045 2433 3150 2473 nec
3202 2426 3488 2489 quantum
3530 2424 3692 2477 novit

1995 2520 2002 2530 '
2044 2507 2141 2562 ille
2190 2507 2289 2578 qui
2336 2509 2579 2562 narrat:
2634 2507 2735 2562 sed
2786 2510 3073 2579 quantum
3124 2513 3288 2579 potos
3349 2509 3687 2567 mortalium

2046 2612 2257 2651 sensus
2289 2595 2569 2666 accipere.

2120 2686 2206 2740 13.
2264 2687 2395 2739 Vera
2444 2686 2704 2756 perfectio
2764 2688 2824 2739 in
2879 2686 3182 2741 amfractibus
3241 2697 3570 2744 reservatur.
3620 2704 3690 2732 -‘-

2045 2774 2207 2838 Quod
2241 2778 2438 2829 autem
2471 2778 2644 2846 putas
2675 2776 2913 2830 beatum
2944 2791 3092 2842 esse,
3125 2775 3225 2847 qui
3249 2776 3325 2831 sit
3346 2777 3690 2835 immacula-

2044 2867 2140 2917 tus
2173 2862 2231 2917 in
2261 2862 2373 2927 via,
2406 2868 2463 2917 et
2515 2863 2775 2919 ambulet
2804 2864 2862 2917 in
2923 2863 3045 2935 lege
3101 2865 3250 2935 ejus,
3310 2882 3376 2920 ex
3417 2868 3693 2937 sequenti

2046 2968 2224 3007 sensu
2258 2951 2508 3022 priorem
2557 2951 2837 3023 intellige.
2881 2952 3079 3007 Multis
3129 2955 3480 3009 testimoniis
3512 2973 3691 3028 supra

2047 3039 2325 3105 didicisti,
2358 3040 2543 3113 legem
2577 3040 2806 3096 nullum
2856 3042 3117 3113 potuisse
3148 3043 3455 3115 complere.
3486 3046 3545 3100 Si
3576 3062 3687 3100 au-

2046 3132 2165 3185 tem
2196 3129 2514 3201 Apostolus
2562 3131 2633 3185 ad
2666 3130 3163 3202 comparationem
3212 3132 3412 3203 gratia:
3455 3133 3691 3200 Christi,

290 3219 550 3290 querela,
585 3223 641 3275 et
668 3220 793 3275 sine
853 3218 1104 3286 macula,
1139 3242 1167 3269 »
1200 3220 1557 3276 conscientia
1604 3220 1936 3293 fragilitatis
1967 3210 2009 3276 C
2049 3235 2173 3289 quae
2206 3219 2367 3289 prius
2426 3218 2588 3273 lucra
2638 3220 3034 3275 arbitrabatur
3094 3219 3152 3273 in
3210 3220 3354 3291 lege,
3408 3222 3699 3293 reputavit

294 3325 417 3362 suae
474 3308 685 3363 cecidit
742 3324 965 3380 pronus
1023 3309 1081 3363 in
1143 3313 1379 3363 terram.
1414 3314 1673 3380 Cumque
1710 3310 1939 3367 loculus

294 3401 453 3453 esset
480 3396 531 3452 ei
583 3402 775 3452 Deus:
815 3418 844 3447 ‹‹
901 3398 1066 3453 Sarai
1123 3414 1266 3453 uxor
1322 3403 1423 3454 tua
1478 3416 1591 3454 non
1640 3400 1941 3455 vocabitur

294 3485 454 3541 ultra
482 3486 668 3553 Sarai,
702 3488 804 3542 sed
837 3492 977 3542 Sara
1006 3488 1119 3542 erit
1150 3503 1361 3543 nomen
1392 3489 1541 3559 ejus,
1576 3494 1634 3543 et
1654 3489 1804 3544 dabo
1834 3490 1938 3544 tibi

295 3590 367 3628 ex
394 3590 465 3627 ea
494 3574 700 3639 ﬁlium,
733 3580 789 3630 et
845 3576 1186 3632 benedicam
1217 3577 1267 3631 ei
1296 3576 1335 3645 ⁸,
1367 3580 1423 3632 et
1469 3577 1578 3631 erit
1622 3576 1681 3632 in
1714 3584 1937 3650 gentes,

296 3665 361 3729 et
390 3676 558 3732 reges
589 3663 837 3733 gentium
872 3681 941 3719 ex
970 3665 1097 3737 ipso
1128 3670 1320 3733 erunt,
1357 3688 1385 3715 »
1427 3667 1627 3721 statim
1657 3667 1937 3722 infertur:

300 3748 582 3804 «Cecidit
623 3752 912 3808 Abraham
958 3754 1015 3807 in
1070 3754 1278 3810 faciem
1337 3770 1529 3823 suam,
1580 3755 1845 3827 risitque,
1886 3760 1943 3811 et

295 3838 446 3893 dixit
478 3838 536 3894 in
598 3846 789 3896 mente
838 3858 983 3896 sua:
1011 3842 1070 3898 Si
1104 3843 1438 3899 centenario
1461 3848 1732 3899 nascetur
1763 3844 1938 3913 filius,

290 3933 349 3983 et
408 3927 634 3983 siSara
688 3930 1007 4003 nonaginta
1063 3948 1352 3987 annorum
1388 3932 1620 4003 pariet?
1676 3932 1943 4005 Dixitque

292 4016 590 4073 Abraham
651 4019 724 4072 ad
783 4023 1005 4075 Deum:
1070 4020 1279 4075 lsmael
1335 4021 1490 4076 vivat
1518 4021 1574 4075 in
1627 4028 1942 4093 conspectu

294 4110 417 4161 tuo.
445 4105 549 4160 Cui
584 4107 890 4177 respondit
919 4107 1110 4163 Deus:
1160 4109 1367 4164 Etiam.
1426 4110 1570 4166 Ecce
1628 4111 1770 4165 Sara
1801 4128 1945 4165 uxor

286 4198 388 4250 tua
418 4197 607 4267 pariet
686 4196 790 4249 tibi
866 4196 1078 4261 filium,
1156 4202 1213 4252 et
1263 4199 1498 4254 vocabis
1572 4215 1785 4255 nomen
1816 4201 1945 4271 ejus

288 4284 471 4351 Isaac,
508 4306 538 4333 ››
599 4289 658 4339 et
714 4284 939 4358 reliqua
997 4285 1149 4356 (Gen.
1210 4304 1350 4353 xvn,
1390 4291 1453 4343 15
1508 4305 1653 4360 seqq.
1688 4289 1730 4361 ).
1780 4290 1944 4345 Certe

285 4372 556 4429 audierat
588 4389 620 4428 a
653 4372 808 4442 Deo;
842 4398 870 4425 ‹‹
904 4379 1018 4447 Ego
1052 4392 1185 4432 sum
1217 4376 1371 4432 Deus
1404 4381 1564 4445 tuus,
1618 4377 1841 4450 placeto
1881 4379 1942 4433 in

283 4467 609 4535 conspectu
670 4478 820 4530 meo,
880 4468 937 4520 et
983 4470 1108 4521 esto
1169 4466 1296 4521 sine
1351 4466 1583 4522 macula
1613 4468 1769 4539 (Ibid.
1803 4468 1877 4537 l),
1914 4490 1941 4517 ››

282 4558 468 4643 quare
500 4568 621 4643 non
651 4553 901 4609 credidit
932 4554 1087 4625 quod
1116 4555 1273 4643 Deus
1334 4556 1688 4627 repromisit,
1722 4557 1822 4612 sed
1868 4556 1943 4610 ri-
1977 4580 2023 4643 Β

283 4639 356 4693 sit
385 4640 449 4695 in
480 4641 681 4705 corde,
715 4645 930 4713 putans
954 4658 1015 4698 se
1047 4641 1234 4698 celare
1280 4643 1485 4711 Deum,
1533 4649 1589 4699 et
1638 4649 1835 4717 aperte
1861 4644 1936 4699 ri-

284 4728 421 4783 dere
451 4746 571 4783 non
633 4731 908 4786 audens?
968 4732 1227 4803 Denique
1269 4750 1477 4789 causas
1515 4733 1943 4789 incredulitatis

288 4830 588 4887 exponens
619 4818 762 4874 dicit
790 4820 850 4875 in
882 4821 1056 4876 corde
1087 4837 1193 4876 suo
1219 4839 1231 4875 :
1268 4823 1565 4886 Quomodo
1584 4826 1773 4894 potest
1797 4822 1941 4889 ﬁeri,

296 4908 362 4959 ut
410 4906 774 4962 centenarius
821 4909 891 4963 de
941 4909 1337 4982 nonagenaria
1384 4928 1560 4966 uxore
1609 4918 1845 4983 generet
1876 4912 1938 4967 fi-

285 4992 521 5050 lium“?
553 5019 579 5043 «
615 4996 803 5067 Vivat,
860 5000 1063 5069 inquit,
1124 4998 1331 5055 Ismael
1364 5000 1422 5053 in
1484 5005 1792 5070 conspectu
1842 5005 1941 5055 tuo

286 5084 439 5151 (Gen.
477 5100 619 5155 xvn,
658 5088 767 5156 18),
807 5110 834 5135 ››
866 5102 1044 5158 quem
1065 5087 1242 5144 semel
1264 5088 1500 5144 dedisti.
1528 5088 1803 5143 Difﬁcilis
1825 5106 1940 5145 non

354 5230 373 5260 ¹
408 5227 727 5297 Victorius,
768 5238 823 5284 et
880 5230 1197 5286 benedicam
1237 5234 1313 5298 ei,
1343 5234 1393 5286 et
1445 5231 1583 5287 dabo
1611 5232 1715 5285 tibi
1771 5248 1840 5287 ea:
1877 5250 1942 5289 ea

285 5297 488 5422 ﬁliuni,
522 5307 576 5354 et
624 5301 942 5355 benedioam
992 5305 1062 5369 ei,
1126 5319 1251 5385 quae
1295 5297 1498 5375 priora
1553 5303 1665 5357 tria
1696 5305 1871 5358 verba
1911 5321 1941 5359 e

333 5372 579 5422 nxmnis
610 5388 756 5422 mss.
806 5374 1089 5422 rennsnit.
1126 5375 1317 5422 iismm
1375 5374 1552 5422 renati
1588 5375 1941 5422 henndintin-

333 5370 579 5446 rixianis
606 5388 756 5446 mss.
806 5374 1089 5443 reposuit,
1124 5370 1320 5446 iisque
1375 5374 1553 5446 repeti
1587 5375 1941 5430 benedictio-

285 5456 390 5519 nes
423 5442 481 5496 in
515 5444 1045 5519 ltebrseisquoque
1076 5442 1380 5519 codicibus
1410 5442 1657 5519 cbnstat,
1692 5464 1941 5519 quarum

284 5513 478 5589 prima
499 5514 664 5589 Sara
692 5513 841 5587 ipsi,
862 5513 1044 5589 altera
1075 5517 1194 5572 ﬁlio
1226 5519 1355 5589 ejus
1388 5513 1770 5587 promittitur.

354 5586 375 5618 ²
410 5586 472 5660 in
499 5584 810 5660 hucusque
832 5588 1015 5660 editis
1065 5584 1274 5660 pariat'
1303 5584 1507 5660 ﬁlium,
1557 5590 1942 5649 renuentibus

284 5652 583 5739 plerisque
612 5652 757 5717 mss.
792 5658 926 5716 Mox
952 5652 1162 5735 Vatia,
1198 5652 1465 5733 Difﬁcilis
1492 5652 1545 5719 et
1586 5678 1791 5741 magna
1827 5678 1938 5723 non

2050 3308 2220 3378 quasi
2252 3312 2531 3373 stercora,
2582 3312 2647 3363 ut
2693 3308 2991 3363 Christum
3040 3308 3426 3373 lucrifaceret,
3477 3316 3695 3381 quanto

2050 3397 2239 3468 magis
2271 3412 2377 3452 nos
2409 3398 2559 3451 scire
2582 3397 2886 3464 debemus,
2920 3398 3047 3453 ideo
3078 3397 3294 3453 Christi
3320 3404 3376 3453 et
3401 3399 3696 3472 Evangelii

2049 3486 2297 3557 gratiam
2330 3486 2708 3551 successisse,
2741 3487 2881 3558 quia
2910 3487 2970 3541 in
3002 3487 3129 3558 lege
3178 3504 3351 3543 nemo
3382 3489 3696 3558 justificari

2051 3574 2284 3646 potuit?
2312 3576 2369 3628 Si
2402 3578 2595 3630 autem
2631 3576 2727 3645 [αἱ.
2759 3576 2919 3647 ergo]
2951 3576 3011 3630 in
3042 3576 3167 3646 lege
3190 3574 3695 3646 nullusjustifioa‘c

2048 3668 2165 3730 tur,
2226 3665 2518 3734 quomodo
2582 3665 2652 3718 ad
2712 3664 3034 3734 perfectum
3098 3664 3189 3729 [αἱ.
3260 3666 3695 3735 perfectionem]

2048 3751 2469 3808 immaculatus
2498 3756 2586 3808 est
2616 3753 2675 3805 in
2709 3754 2819 3821 via,
2853 3753 2954 3823 qui
2987 3752 3179 3807 adhuc
3204 3753 3486 3820 ambulat,
3531 3764 3589 3808 et
3618 3756 3693 3809 ad

2053 3840 2267 3897 calcem
2317 3840 2514 3896 venire
2565 3841 2847 3896 festinat?
2898 3845 3059 3896 Certe
3103 3843 3204 3911 qui
3252 3841 3311 3895 in
3360 3858 3535 3897 cursu
3583 3848 3693 3914 est,

2052 3930 2196 3985 etin
2228 3929 2320 3985 via
2349 3929 2634 4001 graditur,
2677 3930 2871 3984 minor
2912 3935 3001 3985 est
3062 3946 3127 3985 eo
3184 3931 3283 4002 qui
3334 3932 3592 4002 pervenit
3622 3934 3694 3988 ad

2052 4021 2250 4075 ﬁnem.
2280 4018 2345 4074 Si
2361 4035 2497 4091 ergo
2519 4018 2936 4074 immaculatus
2961 4024 3050 4074 est
3070 4017 3166 4074 ille
3188 4024 3361 4092 atque
3383 4023 3693 4093 perfectus,

2053 4109 2152 4180 qui
2186 4108 2376 4163 adhuc
2407 4107 2670 4163 ambulat
2702 4109 2759 4163 in
2792 4108 2905 4174 via,
2939 4114 2997 4163 et
3014 4109 3280 4180 graditur
3304 4110 3362 4163 in
3386 4110 3530 4181 lege,
3554 4110 3694 4182 quid

2053 4196 2185 4270 plus
2218 4197 2455 4253 habebit
2484 4196 2602 4266 ille,
2636 4198 2735 4268 qui
2784 4197 2852 4251 ad
2912 4186 3230 4252 terminum
3282 4198 3382 4251 viae
3432 4198 3697 4270 legisque

2054 4286 2356 4359 pervenit?
2388 4287 2551 4341 Unde
2593 4290 2649 4341 et
2693 4285 3006 4357 Apostolus
3046 4286 3117 4340 de
3166 4286 3408 4341 Domino
3439 4285 3699 4357 loquitur

2053 4378 2273 4447 (Ephes.
2324 4394 2380 4445 v,
2431 4377 2547 4446 27),
2599 4375 2752 4446 quod
2804 4375 2864 4429 in
2914 4376 3029 4430 ﬁne
3077 4375 3304 4441 mundi,
3366 4379 3423 4430 ct
3469 4376 3527 4429 in
3559 4390 3694 4430 con-

2054 4466 2448 4521 summatione
2522 4464 2805 4520 virtutum
2883 4464 3153 4519 exhibeat
3244 4463 3355 4519 sibi
3432 4468 3695 4520 sanctam

2053 4554 2397 4619 Ecclesium,
2430 4570 2544 4610 non
2601 4553 2911 4609 habentem
2974 4552 3317 4621 maculam‘,
3378 4566 3567 4626 neque
3599 4570 3697 4609 ru-

2054 4660 2209 4715 gam,
2243 4660 2420 4715 quam
2452 4660 2553 4698 vos
2584 4643 2807 4714 putatis
2831 4644 2958 4713 jam
3008 4643 3067 4698 in
3102 4643 3212 4698 ista
3259 4656 3433 4698 carne
3464 4638 3697 4698 mortali

2052 4738 2109 4786 et
2138 4732 2500 4803 corruptibili
2551 4748 2681 4787 esse
2716 4733 3054 4804 perfectam,
3076 4737 3131 4787 et
3161 4732 3362 4786 audire
3392 4731 3699 4787 moremini

2053 4837 2185 4875 cum
2218 4820 2570 4875 Corinthiis:
2611 4842 2637 4868 «
2668 4821 2801 4875 Jam
2834 4821 3071 4893 perfecti
3116 4821 3280 4887 estis,
3334 4822 3457 4891 jam
3492 4818 3699 4874 divites

2052 4909 2187 4963 facti
2220 4908 2399 4964 estis:
2436 4909 2559 4963 sine
2591 4909 2760 4964 nobis
2792 4909 3051 4981 regnetis
3092 4910 3190 4979 [αι.
3242 4907 3576 4979 regnastis],
3611 4912 3699 4962 at-

2053 5015 2164 5071 que
2196 4999 2421 5053 utinam
2454 4998 2798 5069 regnaretis,
2820 5002 2885 5052 ut
2906 5003 2961 5053 et
2983 5015 3089 5053 nos
3111 5012 3493 5068 regnaremus
3514 4996 3701 5052 vobis-

2052 5105 2185 5143 cum
2217 5090 2264 5156 (I
2289 5090 2413 5143 Cor.
2451 5104 2525 5153 IV,
2549 5087 2650 5157 8);
2698 5110 2724 5134 ››
2777 5087 2929 5142 798
2980 5102 3111 5141 cum
3170 5101 3307 5141 vera
3358 5091 3413 5140 et
3480 5083 3704 5157 absque

2053 5247 2452 5359 qufiftb’culam
2486 5306 2539 5357 et
2569 5319 2712 5357 mss.
2749 5302 2993 5367 addunt,
3045 5317 3075 5356 e
3129 5302 3346 5373 quibus
3397 5319 3551 5359 unus
3590 5302 3698 5359 Re-

2052 5375 2199 5457 ginae
2234 5391 2443 5457 nomen
2488 5379 2647 5457 Isaac:
2700 5389 2813 5455 non
2863 5374 3146 5446 agnoscit.
3197 5374 3387 5438 Adito,
3438 5375 3486 5429 si
3535 5375 3695 5445 libet,

2052 5444 2400 5517 interpretes
2432 5444 2612 5515 hujus
2636 5444 2767 5517 loci.

2123 5520 2144 5591 τ’
2175 5516 2385 5591 Iisdem
2420 5533 2567 5591 pene
2597 5516 2788 5591 verbis
2830 5517 2981 5574 hanc
3012 5517 3222 5574 refellit
3254 5516 3697 5591 Pelagianorum

2051 5589 2409 5647 calumniam
2441 5589 2500 5645 S.
2533 5588 2926 5664 Augustinus.
