4104 6162
442 291 569 351 ιι
1276 345 1278 348 .
1419 264 1436 274 ’
1637 287 1703 351 s.
1748 285 2062 351 EUSEBII
2108 286 2572 352 HIEHONYMI.

406 421 567 478 omni
623 423 791 478 sorde
848 421 1128 494 perfectio
1187 421 1246 476 in
1304 421 1643 478 coelestibus
1709 423 2054 487 reservetur,
2086 420 2141 486 Α
2171 436 2305 476 cum
2339 438 2502 478 servo
2533 425 2634 476 tuo
2664 421 2814 490 (Psal
2842 437 3010 490 cxmr,
3043 421 3136 492 2);
3173 443 3202 470 ››

3686 286 3806 352 οιι

3249 424 3327 488 et,
3362 442 3392 471 ‹‹
3439 419 3568 477 Non
3589 419 3806 490 justiﬁ-

407 511 643 584 quando
704 528 959 584 sponsus
1016 509 1292 583 loquetur
1343 511 1415 566 ad
1480 526 1796 582 sponsam:
1833 531 1860 558 ‹‹
1913 509 2058 563 Tota
2167 510 2396 566 cabitur
2425 512 2481 566 in
2511 517 2822 583 conspectu
2854 515 2954 566 tuo
2987 510 3181 567 omnis
3225 509 3442 566 vivens
3480 509 3639 580 (Ibid.
3674 509 3750 580 4).
3782 529 3808 558 ››

403 599 651 672 pulchra
679 616 762 667 es,
823 599 1012 655 amica
1043 616 1192 666 mea,
1259 603 1316 654 et
1350 599 1582 654 macula
1638 615 1754 653 non
1787 601 1875 653 est
1913 595 1973 650 in
2001 601 2056 652 te

405 688 701 759 (Gant.1v,
734 688 809 759 7).
875 711 902 737 »
944 688 1119 744 Juxta
1169 689 1323 759 quod
1382 692 1439 742 et
1491 686 1634 741 illud
1667 684 2050 758 intelligitur:

405 799 433 828 «
466 778 540 834 Ut
569 777 698 834 sitis
731 776 1273 850 irreprehensibiles
1326 779 1383 832 et
1412 775 1711 847 simplices
1769 773 1921 829 sicut
1949 773 2052 828 ﬁlii

401 866 502 922 Dei
523 865 899 941 immaculati
929 867 1196 938 (Philipp.
1237 883 1305 931 ιι,
1341 867 1429 932 15)
1457 882 1470 932 ;
1504 887 1532 913 ››
1565 865 1720 935 quod
1755 881 1867 918 non
1901 862 2052 918 dixe-

399 955 478 1010 rit
507 955 606 1026 [αἱ.
640 956 801 1022 dixit]
835 957 989 1021 estis,
1020 956 1122 1011 sed
1165 957 1308 1022 sitis,
1343 955 1401 1008 in
1453 953 1718 1008 futurum
1752 952 2050 1019 differens,

401 1060 519 1098 non
549 1043 610 1098 in
642 1043 912 1115 praesenti
959 1059 1088 1099 esse
1131 1046 1486 1108 contestans,
1539 1046 1606 1097 ut
1655 1041 1749 1096 hic
1781 1041 1946 1096 labor
1977 1041 2053 1096 sit

399 1137 575 1204 atque
624 1131 939 1197 contentio,
985 1131 1068 1186 ibi
1119 1131 1337 1187 laboris
1386 1131 1740 1202 virtutisque
1784 1131 2046 1202 praemia.

396 1221 657 1292 Denique
685 1225 942 1276 Joannes
968 1221 1207 1276 scribit:
1245 1245 1270 1270 «
1333 1219 1734 1286 Dilectissimi,
1796 1219 1900 1274 ﬁlii
1948 1219 2048 1274 Dei

398 1326 628 1377 sumus,
663 1313 720 1365 et
749 1310 1011 1364 nondum
1044 1311 1320 1382 apparuit
1348 1310 1489 1381 quid
1519 1311 1761 1365 erimus.
1794 1309 2047 1379 Scimus,

397 1398 537 1469 quia
566 1414 700 1454 cum
732 1399 1090 1471 apparuerit,
1119 1398 1343 1454 similes
1391 1398 1442 1454 ei
1485 1398 1726 1466 erimus,
1767 1397 2045 1469 quoniam

396 1501 532 1544 eum
561 1487 896 1543 videbimus
947 1488 1123 1544 sicuti
1170 1492 1260 1543 est
1299 1488 1348 1558 (Ι
1372 1489 1529 1544 Joan.
1563 1505 1647 1555 ιιι,
1679 1487 1757 1559 2).
1791 1507 1821 1538 ι)
1854 1489 2048 1552 Quan-

397 1591 572 1647 quam
605 1591 742 1647 ergo
775 1574 878 1630 ﬁlii
930 1576 1033 1631 Dei
1065 1577 1276 1644 simus,
1303 1580 1502 1631 tamen
1523 1574 1848 1632 similitudo
1869 1575 1968 1631 Dei
1992 1580 2051 1631 et

395 1680 530 1720 vera
551 1665 964 1736 contemplatio
987 1669 1128 1720 tunc
1151 1665 1320 1721 nobis
1343 1666 1790 1737 repromittitur,
1814 1667 2046 1736 quando

395 1752 734 1824 apparuerit
762 1753 821 1806 in
856 1753 1119 1810 claritate
1150 1770 1279 1810 sua.

466 1841 551 1898 44.
588 1842 813 1914 Pelagii
849 1844 1109 1913 superbia
1137 1845 1197 1898 in
1236 1845 1396 1915 epist.
1430 1843 1499 1898 ad
1525 1844 1827 1899 lulianum.
1864 1875 1930 1882 —
1961 1843 2041 1899 De

392 1931 504 1986 hoc
547 1931 833 2003 superbia
862 1935 1092 1988 tumore
1123 1937 1181 1988 et
1210 1931 1311 1988 illa
1341 1933 1546 1988 orandi
1577 1933 1909 2005 prorumpit
1938 1950 2041 1988 au-

392 2020 580 2090 dacia,
612 2036 731 2092 qua
759 2021 1022 2076 scribens
1053 2021 1125 2076 ad
1174 2021 1465 2090 viduam‘,
1517 2023 1811 2093 quomodo
1856 2023 2039 2077 sancti

391 2109 642 2169 debeant
669 2126 856 2177 orare,
888 2110 1253 2182 pronuntias.
1288 2133 1314 2160 ‹‹
1343 2109 1442 2165 Ille
1472 2111 1650 2175 enim,
1675 2110 1893 2182 inquis,
1928 2128 2044 2166 me-

390 2198 502 2254 rito
533 2198 605 2254 ad
665 2199 850 2254 Deum
911 2198 1136 2256 extollit
1191 2217 1424 2268 manus,
1494 2199 1590 2254 ille
1643 2216 1842 2271 preces
1889 2200 2042 2256 bona

390 2288 747 2344 conscientia
804 2287 1018 2354 fundit,
1082 2289 1181 2360 qui
1241 2293 1434 2360 potest
1489 2289 1714 2346 dicere:
1749 2289 1830 2344 Tu
1884 2288 2039 2344 enim

391 2377 566 2444 nosti,
621 2376 885 2445 Domine,
935 2394 1113 2450 quam
1164 2381 1399 2445 sanctae,
1455 2395 1636 2449 quam
1676 2377 2038 2443 innocentes,

391 2481 569 2537 quam
603 2482 759 2537 purae
788 2466 906 2522 sint
935 2468 1006 2522 ab
1039 2466 1197 2522 omni
1239 2467 1462 2532 fraude,
1509 2472 1565 2522 et
1596 2467 1834 2537 injuria,
1868 2471 1927 2522 et
1949 2485 2040 2523 ra-

389 2553 546 2625 pina,
618 2570 766 2625 quas
824 2554 896 2608 ad
955 2559 1010 2610 te
1043 2555 1305 2625 expando
1366 2571 1615 2611 manus:
1651 2572 1828 2627 quam
1853 2557 2038 2626 justa,

391 2659 570 2714 quam
601 2641 984 2698 immaculata
1010 2642 1186 2708 labia,
1220 2649 1276 2700 et
1324 2645 1396 2699 ab
1427 2645 1586 2699 omni
1635 2644 1940 2701 mendacio
1970 2643 2040 2698 li-

388 2731 548 2802 bera,
583 2731 798 2802 quibus
828 2733 962 2799 tibi,
997 2737 1062 2788 ut
1091 2733 1235 2788 mihi
1270 2733 1621 2801 miserearis,
1678 2750 1876 2805 preces
1907 2733 2036 2787 fun-

389 2820 482 2876 do.
518 2841 546 2870 »
579 2819 897 2876 Christiani
927 2827 1016 2877 est
1045 2821 1186 2890 haec,
1215 2839 1287 2876 an
1310 2821 1587 2878 Pharisaei
1639 2821 2036 2894 superbientis

388 2909 572 2966 oratio
594 2910 621 2964 ?
651 2910 750 2982 qui
785 2911 960 2967 etiam
984 2910 1044 2966 in
1064 2910 1372 2983 Evangelio
1393 2911 1777 2982 loquebatur:
1804 2934 1830 2960 ‹‹
1859 2911 2032 2978 Deus,

390 3000 611 3071 gratias
640 3016 749 3072 ago
781 3000 907 3067 tibi,
941 3000 1041 3072 qui
1075 3017 1189 3055 non
1250 3017 1382 3056 sum
1417 3000 1569 3056 sicut
1621 3001 1810 3055 caeteri
1841 2999 2034 3055 homi-

391 3105 518 3158 nes,
552 3093 838 3161 raptores,
869 3089 1094 3160 injusti,
1127 3089 1400 3157 adulteri,
1432 3095 1490 3145 et
1519 3089 1669 3144 sicut
1699 3089 1793 3143 hic
1839 3088 2032 3161 publi-

2163 598 2248 652 Tu
2283 604 2551 655 sanctum
2574 604 2630 655 et
2661 600 3029 655 innocentem
3075 605 3133 655 et
3183 616 3398 672 purum
3445 603 3500 655 te
3548 599 3811 669 essejac-

2163 691 2276 754 tas,
2308 693 2364 744 et
2421 689 2670 744 mundas
2716 690 2789 744 ad
2849 690 3033 744 Deum
3081 690 3366 761 expandis
3424 705 3656 744 manus.
3699 687 3812 743 Nec

2164 777 2384 832 sufﬁcit
2410 777 2515 832 tibi
2561 777 2621 831 in
2679 779 2909 833 cunctis
2953 777 3230 850 operibus
3279 777 3540 850 gloriari,
3593 776 3707 832 nisi
3737 776 3806 832 ab

2161 865 2322 920 omni
2371 865 2659 922 sermonis
2703 865 2939 937 orisque
2988 871 3223 939 peccato
3275 855 3565 922 mundum
3595 881 3724 921 esse
3752 869 3805 920 te

2161 954 2343 1022 dicas,
2375 955 2631 1011 inferens
2661 972 2840 1028 quam
2868 957 3046 1026 justa,
3088 972 3266 1027 quam
3315 953 3700 1010 immaculata
3723 953 3803 1010 1a-

2161 1043 2258 1098 bia
2287 1047 2344 1098 et
2375 1044 2445 1098 ab
2471 1045 2632 1099 omni
2662 1045 2966 1100 mendacio
2998 1045 3200 1100 libera.
3233 1044 3332 1100 Ille
3361 1044 3555 1100 canit:
3602 1043 3806 1100 Omnis

2158 1136 2353 1187 autem
2385 1131 2560 1188 homo
2613 1134 2865 1188 mendax
2915 1134 3082 1205 (Psat.
3143 1151 3271 1202 cxv,
3302 1133 3380 1204 2),
3412 1156 3440 1183 »
3487 1137 3545 1188 et
3575 1133 3680 1188 hoc
3710 1133 3803 1205 ip-

2159 1237 2291 1276 sum
2324 1221 2634 1277 conﬁrmat
2680 1222 2998 1294 apostolica
3042 1222 3376 1290 auctoritas,
3429 1225 3494 1277 ut
3545 1222 3621 1278 sit
3650 1221 3804 1278 Deus

2156 1325 2329 1364 verax
2358 1310 2529 1380 (Rom.
2563 1326 2647 1377 ιιι,
2681 1312 2755 1381 4),
2790 1311 2981 1367 omnis
3013 1315 3208 1367 autem
3231 1311 3405 1367 homo
3427 1311 3714 1378 mendax;
3751 1315 3807 1365 et

2157 1402 2221 1453 tu
2252 1399 2324 1454 ab
2358 1399 2517 1454 omni
2547 1401 2852 1456 mendacio
2885 1399 3266 1459 immaculata
3291 1401 3525 1470 etjusta
3544 1404 3602 1455 et
3623 1398 3807 1456 libera

2159 1487 2428 1558 possides
2460 1487 2635 1548 labia.
2673 1489 2852 1544 Isaias
2875 1488 3135 1560 plangit:
3173 1511 3201 1538 ‹‹
3233 1492 3358 1544 Heu
3391 1487 3535 1543 mihi
3565 1487 3802 1556 misero,

2159 1576 2435 1647 quoniam
2470 1583 2862 1649 compunctus
2892 1594 3047 1643 sum,
3081 1578 3221 1649 quia
3269 1593 3400 1632 cum
3453 1576 3565 1632 sim
3607 1576 3802 1646 homo,

2157 1669 2214 1720 et
2243 1665 2551 1721 immunda
2580 1665 2735 1722 labia
2782 1666 3052 1734 habeam,
3090 1667 3150 1720 in
3202 1666 3393 1721 medio
3437 1681 3670 1737 quoque
3701 1683 3802 1738 po-

2075 1789 2123 1853 B
2155 1753 2281 1853 puli
2311 1754 2622 1811 immunda
2641 1755 3261 1853 flabia‘haben-tisego
3321 1755 3519 1853 habito
3551 1756 3800 1853 (Isa.nvr,

2153 1843 2226 1910 5),
2263 1865 2289 1891 ››
2322 1847 2379 1898 et
2407 1847 2610 1914 postea
2639 1843 2946 1915 Seraphim
2973 1845 2994 1877 θ
3034 1843 3287 1914 ignitum
3337 1842 3648 1898 carbonem
3684 1843 3802 1898 for-

2153 1933 2280 2004 cipe
2307 1931 2800 2005 comprehensum
2834 1933 3018 1988 defert
3048 1932 3121 1987 ad
3153 1931 3445 2004 propheta
3473 1931 3624 1987 labia
3649 1949 3801 2004 pur-

2150 2022 2362 2092 ganda,
2396 2038 2510 2077 non
2537 2019 2902 2092 utloqueris,
2940 2020 3305 2093 jarrogantis,
3356 2021 3457 2075 sed
3511 2037 3615 2076 sua
3657 2021 3801 2076 vitia

2150 2110 2503 2166 conﬁtentis.
2536 2110 2716 2165 Juxta
2762 2109 2906 2166 illud
2961 2111 3115 2182 quod
3165 2110 3224 2164 in
3272 2108 3506 2165 Psalmo
3535 2110 3798 2165 dicitur:

2151 2222 2176 2248 ‹‹
2207 2199 2353 2262 Quid
2385 2199 2628 2255 debetur
2656 2198 2783 2264 tibi,
2816 2203 2916 2254 aut
2947 2199 3086 2271 quid
3117 2203 3445 2270 apponatur
3469 2198 3575 2253 tibi
3597 2200 3667 2254 ad
3691 2198 3804 2254 lin-

2149 2305 2324 2360 guam
2357 2287 2662 2343 dolosam?
2694 2287 2927 2360 Sagittae
2961 2287 3213 2360 potentis
3261 2290 3439 2342 acuta:
3490 2303 3626 2341 cum
3671 2304 3804 2342 car-

2150 2377 2403 2434 bonibus
2463 2376 2833 2433 desolatoriis
2887 2378 3059 2448 (Psai.
3115 2393 3265 2442 cxxx,
3311 2376 3365 2442 3,
3401 2377 3475 2448 4).
3509 2398 3536 2425 ››
3573 2377 3641 2431 Et
3671 2381 3807 2447 post

2148 2471 2376 2522 tantum
2412 2471 2725 2531 tumorem,
2759 2466 3101 2538 orantisque
3124 2465 3471 2536 jactantiam
3521 2469 3578 2520 et
3617 2466 3800 2520 conﬁ-

2151 2555 2408 2611 dentiam
2442 2553 2792 2623 sanctitatis,
2827 2554 2997 2626 quasi
3029 2554 3246 2610 stultus
3306 2552 3504 2609 stultis
3554 2569 3800 2624 persua-

2149 2645 2286 2699 dere
2315 2644 2566 2711 conaris,
2601 2647 2664 2698 ut
2693 2643 2753 2698 in
2784 2647 3046 2698 extremo
3094 2642 3287 2699 dicas:
3323 2641 3546 2705 Quibus
3589 2641 3697 2697 tibi
3732 2646 3799 2697 ut

2149 2733 2291 2787 mihi
2339 2732 2675 2788 miserearis
2729 2748 2927 2805 preces
2972 2732 3174 2786 fundo.
3232 2731 3290 2786 Si
3339 2734 3580 2786 sanctus
3629 2746 3714 2799 es,
3745 2733 3796 2786 si

2148 2822 2450 2888 innocens,
2483 2821 2532 2876 si
2563 2823 2634 2876 ab
2673 2822 2833 2877 omni
2865 2821 3034 2877 sorde
3085 2824 3388 2892 purgatus,
3421 2818 3471 2875 si
3532 2835 3636 2874 nec
3666 2835 3798 2876 ser-

2147 2926 2338 2978 mone,
2375 2927 2479 2964 nec
2529 2927 2702 2982 opere
2746 2910 3022 2982 peccasti,
3063 2911 3290 2967 dicente
3334 2909 3572 2981 Jacobo,
3605 2932 3629 2959 ς(
3674 2908 3792 2973 Qui

2146 3000 2205 3054 in
2249 2999 2424 3054 verbo
2471 3015 2584 3054 non
2636 3005 2854 3070 peccat,
2906 2999 3017 3054 iste
3065 2999 3357 3070 perfectus
3414 2996 3517 3069 [οτι.
3557 2997 3794 3070 justus]

2144 3093 2233 3144 est
2253 3088 2338 3142 vir
2368 3089 2505 3158 (Jac.
2532 3106 2617 3158 III,
2653 3091 2743 3155 2);
2780 3111 2806 3136 ››
2837 3093 2894 3143 et
2927 3110 2954 3138 «
2986 3089 3166 3143 Nemo
3198 3091 3392 3160 potest
3421 3087 3520 3160 [αι.
3555 3090 3795 3158 potens]

388 3193 570 3232 canus
596 3158 842 3248 :ijejuno
873 3158 963 3232 bis
996 3176 1054 3231 in
1087 3177 1641 3244 sabbato,’decimas
1671 3179 1744 3233 do
1766 3158 2029 3234 omnium
2064 3158 2104 3223 (ἶ
2147 3177 2435 3232 refrenare
2465 3175 2728 3249 linguam
2762 3194 2932 3232 suam
2979 3177 3136 3248 (Ibid.
3169 3158 3247 3247 8),
3275 3200 3300 3225 ››
3350 3158 3646 3248 quomodo
3677 3177 3794 3230 mi-

386 3281 516 3336 quze
573 3265 846 3336 possideo
904 3266 1051 3336 (Luc.
1086 3282 1246 3332 xvm,
1310 3268 1411 3337 11).
1447 3289 1467 3317 ι
1503 3267 1606 3323 Ille
1658 3267 1779 3339 agit
1815 3268 2034 3340 gratias
2143 3266 2520 3322 sericordiam
2553 3266 2908 3338 deprecaris,
2941 3271 3005 3320 ut
3024 3265 3290 3320 videlicet
3338 3265 3585 3337 plangas
3625 3269 3706 3331 te,
3735 3269 3799 3320 et

385 3357 520 3420 Deo,
553 3352 691 3423 quia
720 3351 907 3424 ipsius
940 3353 1342 3410 misericordia
1372 3371 1486 3410 non
1518 3356 1594 3411 sit
1652 3357 1806 3411 sicut
1843 3356 2032 3412 caeteri
2142 3355 2354 3410 fundas
2408 3371 2628 3426 preces,
2665 3355 2803 3426 quia
2843 3359 3082 3411 sanctus
3128 3359 3185 3410 et
3207 3371 3394 3426 purus
3444 3371 3506 3409 es
3534 3357 3592 3408 et
3621 3353 3800 3410 inno-

385 3440 677 3512 homines,
711 3446 952 3513 peccata
983 3442 1301 3512 detestans,
1355 3460 1468 3499 non
1527 3461 1832 3500 assumens
1854 3446 2031 3516 justi-

383 3530 548 3586 tiam.
583 3531 671 3585 Tu
703 3530 882 3586 dicis:
924 3551 944 3578 α
974 3531 1238 3598 Domine,
1270 3537 1335 3588 tu
1381 3534 1533 3589 nosti
1585 3551 1760 3605 quam
1795 3539 2029 3601 sanctae,

385 3635 560 3692 quam
593 3619 952 3688 innocentes,
987 3637 1161 3692 quam
1193 3638 1350 3693 puris
1383 3622 1502 3678 sint
1519 3623 1590 3678 ab
1613 3623 1772 3678 omni
1806 3623 2026 3693 fraude,

384 3707 603 3780 injuria
631 3714 689 3764 et
719 3710 944 3782 rapina,
977 3727 1124 3781 quas
1155 3713 1224 3766 ad
1257 3717 1312 3768 te
1333 3714 1598 3784 expando
1622 3729 1854 3769 manus.
1883 3735 1910 3761 »
1930 3711 2028 3768 Ille

386 3794 478 3851 bis
507 3795 567 3850 in
613 3796 856 3852 sabbato
905 3812 966 3852 se
1003 3798 1273 3868 jejunare
1322 3800 1483 3867 dicit,
1534 3803 1598 3855 ut
1653 3799 1873 3873 afﬂigat
1903 3817 2026 3855 car-

386 3901 522 3939 nem
552 3883 711 3940 vitiis
740 3884 1155 3954 lascivientem,
1188 3891 1247 3943 et
1290 3889 1482 3944 omnis
1533 3888 1875 3944 substantiae
1907 3907 2028 3945 suae

384 3973 486 4028 dat
515 3972 793 4028 decimas.
829 3996 856 4022 ‹‹
891 3975 1232 4046 Redemptio
1280 3977 1437 4032 enim
1476 3977 1684 4032 animze
1732 3978 1859 4048 viri,
1894 3996 2024 4050 pro-

383 4059 525 4133 priis
551 4060 762 4116 divitiae
794 4063 975 4133 (Prov.
1009 4081 1133 4132 χιιι,
1165 4066 1240 4136 8).
1277 4089 1304 4115 ››
1336 4067 1424 4121 Tu
1473 4082 1607 4122 cum
1639 4067 1870 4123 diabolo
1909 4067 2026 4140 glo-

383 4150 556 4206 riaris
587 4150 854 4208 dicente:
901 4176 928 4202 ‹‹
977 4157 1162 4225 Super
1192 4155 1384 4210 sidera
1443 4157 1776 4221 ascendam,
1809 4173 2023 4227 ponam

381 4239 442 4294 in
481 4240 630 4296 799
661 4240 802 4296 coelo
832 4240 1109 4297 thronum
1142 4259 1358 4308 meum,
1395 4248 1451 4299 et
1475 4260 1572 4299 ero
1624 4243 1834 4300 similis
1854 4243 2025 4301 Altis-

383 4328 535 4385 simo
565 4329 694 4399 (lsa.
725 4347 839 4399 xw,
878 4331 962 4399 13,
1005 4332 1108 4402 14).
1147 4352 1174 4380 ››
1209 4332 1388 4386 David
1420 4331 1716 4403 loquitur:
1757 4354 1783 4384 α
1816 4333 2023 4390 Lumbi

383 4417 497 4474 mei
530 4417 755 4490 impleti
817 4424 956 4474 sunt
985 4418 1362 4476 illusionibus
1421 4421 1592 4490 (Psat.
1627 4439 1842 4489 xxxvn,
1874 4424 1966 4494 8);
1995 4447 2020 4473 ››

2140 3460 2277 3500 cens
2308 3443 2818 3515 immaculatisque
2849 3443 3044 3511 labiis,
3077 3449 3134 3499 et
3163 3444 3235 3499 ab
3266 3444 3426 3500 omni
3456 3443 3604 3497 liber
3631 3459 3800 3499 men-

2139 3534 2325 3601 dacio,
2357 3533 2458 3589 Dei
2489 3532 2700 3588 similis
2730 3533 3047 3604 potestati?
3077 3533 3168 3588 Sic
3217 3532 3482 3589 Christus
3514 3532 3704 3587 oravit
3733 3533 3795 3588 in

2138 3639 2339 3678 cruce:
2380 3646 2398 3670 σι
2440 3624 2588 3678 Deus
2651 3622 2807 3677 Deus
2867 3639 3054 3693 meus,
3117 3625 3182 3676 ut
3231 3620 3371 3693 quid
3420 3620 3796 3693 dereliquisti
3832 3658 3847 3676 .

2139 3711 2274 3767 me?
2303 3711 2474 3782 longe
2506 3729 2540 3767 a
2587 3710 2776 3766 salute
2827 3728 2975 3780 mea,
3026 3711 3200 3767 verba
3247 3709 3592 3765 delictorum
3627 3726 3798 3765 meo-

2137 3817 2267 3856 rum
2301 3800 2472 3870 (Psal.
2503 3817 2620 3867 χχι,
2651 3803 2724 3864 2;
2761 3800 2966 3856 Matth.
3000 3817 3174 3866 xxvu,
3205 3799 3332 3869 1:6):
3371 3820 3397 3848 ››
3429 3803 3487 3854 et
3517 3814 3785 3859 rursum.

2205 3890 2375 3945 Pater
2405 3889 2464 3943 in
2497 3904 2709 3944 manus
2739 3893 2874 3944 tuas
2904 3888 3251 3944 commendo
3269 3887 3544 3959 spiritum
3575 3903 3783 3942 meum

2132 3979 2280 4035 Psal.
2315 3995 2445 4044 xxx,
2475 3980 2545 4047 6;
2580 3980 2711 4034 Luc.
2746 3995 2906 4046 χχιιι,
2940 3978 3028 4048 46)
3057 3996 3068 4045 ;
3103 4000 3130 4028 ››
3157 3981 3232 4043 et,
3268 4000 3295 4025 ‹‹
3333 3976 3498 4032 Pater
3536 3975 3782 4048 ignosce

2133 4069 2240 4133 eis,
2272 4066 2427 4138 quod
2458 4067 2613 4121 enim
2646 4065 2884 4130 faciunt,
2919 4065 3188 4121 nesciunt
3218 4065 3366 4135 (Luc.
3399 4081 3536 4130 χχιι,
3571 4064 3662 4131 34)
3690 4080 3704 4130 ;
3757 4084 3792 4116 ει

2133 4157 2286 4213 800
2317 4154 2534 4227 quipro
2557 4155 2726 4210 nobis
2748 4171 2927 4228 agens
2939 4154 3158 4228 gratias
3172 4152 3425 4209 dixerat:
3451 4176 3479 4202 ‹‹
3494 4151 3798 4210 Conﬁteor

2131 4246 2256 4313 tibi,
2309 4245 2550 4300 Domine
2587 4245 2756 4301 Pater
2802 4243 2927 4300 coeli
2960 4249 3016 4300 et
3065 4249 3228 4300 terra:
3261 4243 3479 4315 (Matth.
3513 4259 3594 4310 χι,
3623 4242 3722 4314 25)
3756 4266 3788 4293 η

2204 4337 2289 4389 15.
2351 4336 2430 4388 Ea:
2478 4333 2732 4390 Oratione
2785 4335 3092 4390 Dominica.
3135 4364 3200 4374 -—
3260 4333 3354 4388 Sic
3413 4331 3612 4387 docuit
3641 4347 3792 4404 apo-

2131 4422 2310 4478 stolos
2342 4438 2482 4478 suos
2513 4422 2720 4491 (Matth.
2757 4439 2834 4487 v1,
2863 4424 2898 4476 9
2922 4425 3118 4493 seqq.),
3158 4426 3222 4476 ut
3273 4420 3531 4492 quotidie
3563 4419 3624 4474 in
3657 4435 3794 4475 cor-

381 4510 459 4573 et,
493 4528 520 4555 ‹‹
552 4507 1050 4578 Computruerunt
1077 4508 1374 4565 cicatrices
1419 4525 1558 4565 mea:
1619 4528 1653 4565 a
1710 4511 1854 4567 facie
1882 4511 2022 4568 insi-
2055 4530 2102 4594 D
2135 4512 2291 4581 poris
2319 4509 2480 4566 illius
2529 4511 2816 4567 sacriﬁcio
2850 4513 2876 4546 ³
2928 4513 3230 4568 credentes
3281 4510 3536 4565 audeant
3586 4507 3792 4580 loqui:

382 4594 615 4666 pientiae
643 4611 782 4650 meae
811 4596 968 4668 (Ibid.
1001 4597 1053 4668 6)
1085 4615 1097 4665 ;
1132 4621 1159 4647 ››
1190 4602 1264 4665 et,
1297 4620 1324 4648 ‹‹
1358 4598 1438 4654 Ne
1461 4598 1642 4655 intres
1664 4600 2022 4672 injudicium

454 4759 472 4792 ³
502 4760 636 4813 Haec
664 4756 840 4813 vidua
867 4756 1105 4813 Juliana
1136 4764 1245 4824 est,
1292 4759 1670 4816 Demetriadis
1717 4765 1922 4828 mater,
1954 4763 2025 4818 de

381 4844 499 4906 qua
527 4829 681 4884 infra
710 4828 945 4906 la_tius._
963 4829 1202 4906 Interim
1235 4830 1373 4906 haec,
1412 4849 1554 4906 quae
1611 4849 1644 4888 a
1677 4832 2024 4906 Hieronymo

381 4849 499 4900 qua
528 4849 681 4884 intra
710 4849 907 4884 ianus.
963 4849 1202 4885 interim
1237 4849 1373 4898 haec,
1426 4849 1554 4957 quae
1611 4849 1644 4888 a
1677 4849 2021 4906 Hieronymo

380 4899 722 4974 recitantur,
758 4901 886 4974 ipsa
911 4900 1123 4974 Pelagii
1157 4903 1329 4958 verba
1352 4902 1424 4974 ivi
1472 4909 1644 4958 entur
1687 4920 1852 4960 esse:
1889 4923 2021 4961 nam

381 4918 722 4969 recitantur,
758 4918 886 4974 ipsa
911 4918 1123 5029 relegi:
1157 4918 1329 4958 verna
1373 4918 1644 4958 Videntur
1687 4920 1852 4960 esse:
1889 4923 2021 4961 nam

381 4973 591 5048 tradit
617 4974 1002 5048 Augustinus,
1086 4974 1162 5048 ib.
1220 4974 1285 5028 de
1309 4973 1506 5048 __Gest_is
1539 4976 1807 5048 gPelagii,
1871 4977 2022 5048 quod

381 5042 468 5118 illi
499 5042 793 5115 objectum
825 5047 998 5118 fuerit
1026 5062 1060 5100 a
1096 5044 1504 5118 Diospolitanis
1537 5042 1825 5115 Patribus,
1869 5042 2023 5118 quod

383 5063 468 5097 un
499 5063 793 5115 onJectum
825 5063 998 5102 luerit
1026 5063 1060 5100 a
1096 5063 1226 5101 U108
1270 5063 1504 5101 omanis
1538 5063 1825 5115 ratrinus,
1869 5063 2020 5118 quoa

383 5115 598 5186 docens
630 5117 1125 5186 quemadmodum
1159 5063 1408 5173 debeant
1458 5118 1639 5172 sancti
1691 5135 1874 5184 orare,
1907 5120 2020 5175 ait:

381 5207 410 5233 «
444 5184 545 5240 Ille
575 5184 663 5240 ad
679 5192 861 5243 Deum
893 5189 1067 5255 digne
1096 5188 1281 5244 elevat
1311 5205 1545 5255 manus,
1577 5191 1897 5246 orationem
1930 5191 2026 5246 bo-

382 5271 456 5310 na
498 5257 867 5338 conscientia
922 5257 1189 5327 effundit,
1247 5260 1346 5338 qui
1405 5266 1594 5338 potest
1639 5261 1878 5317 dicere:
1941 5267 2024 5317 'I‘u

381 5326 561 5401 nosti,
618 5326 882 5401 Domine,
946 5347 1122 5400 quam
1176 5326 1424 5401 sanctae,
1465 5336 1521 5388 et
1575 5331 1937 5400 innocentes,
1970 5337 2026 5389 et

381 5399 617 5476 munda:
651 5398 769 5452 sint
801 5401 888 5476 _ab
921 5398 1080 5456 omni
1128 5402 1351 5476 malitia
1381 5398 1438 5458 et
1487 5403 1815 5476 iniquitate,
1851 5409 1906 5460 et
1926 5398 2024 5462 ra-

381 5470 543 5552 pina,
579 5487 726 5552 quas
749 5472 923 5552 ωηο.
956 5473 1199 5552 extendo
1237 5490 1483 5552 manus,
1528 5470 2024 5552 quemadmodum

374 5542 543 5621 justa
570 5545 627 5596 et
661 5542 1086 5621 mundalabia,
1114 5549 1170 5598 et
1200 5545 1271 5621 ab
1302 5546 1461 5601 omni
1492 5542 1797 5621 mendacio
1824 5549 2027 5621 libera,

377 5612 597 5700 quibus
627 5612 804 5674 otfero
834 5614 943 5674 tibi
973 5614 1464 5692 deprecationem,
1491 5622 1558 5676 ut
1585 5619 1733 5679 mihi
1760 5612 2033 5681 miserea-

2142 4622 2163 4651 ι
2194 4605 2364 4657 Pater
2398 4605 2614 4669 noster,
2669 4601 2771 4673 qui
2825 4617 2886 4656 es
2918 4601 2978 4656 in
3029 4600 3210 4666 caelis,
3245 4598 3643 4656 sanctiﬁcatur
3679 4613 3788 4652 no-

2136 4761 2249 4817 ris:
2288 4784 2314 4808 ››
2346 4777 2473 4832 qua:
2527 4777 2594 4815 ex
2622 4760 2836 4816 Graecis
2889 4759 3272 4833 Diospolitani
3305 4757 3535 4815 concilii
3583 4757 3792 4813 Latine

2135 4833 2406 4888 videntur
2431 4848 2727 4888 conversa.

2180 4905 2228 4937 ’²
2255 4903 2545 4959 Victorius
2605 4904 2879 4975 Seraphin
2908 4902 3047 4975 legi,
3077 4901 3202 4958 vult
3249 4901 3463 4956 minori
3508 4917 3790 4970 numero,

2137 4977 2294 5046 quod
2322 4992 2478 5031 unus
2509 4973 2818 5040 indicetur,
2852 4973 2976 5030 non
2997 4973 3215 5046 plures.

2206 5048 2227 5081 ³
2260 5047 2423 5113 Mss.,
2457 5051 2811 5102 sacramento.
2846 5043 3256 5118 rApostolicam
3297 5043 3790 5118 consuetudinem

2140 5119 2451 5174 Dominicis
2511 5117 2790 5174 orationis
2842 5113 3138 5173 in'Missa
3214 5113 3792 5172 recitandaeJaudat

2136 5189 2195 5271 ξ.
2231 5205 2464 5271 quoque
2496 5189 2810 5271 Gregorius
2842 5188 3327 5271 lib.vn_,epist.64
3347 5185 3785 5271 :«Drationem

2137 5258 2740 5333 Dominicamidcirco
2766 5277 2898 5333 mox
2929 5265 3059 5333 post
3075 5258 3304 5332 precem
3330 5258 3608 5333 dicimus,
3643 5259 3792 5333 quia

2137 5349 2263 5404 mos
2298 5331 2692 5404 apostolorum
2723 5332 2850 5399 fuit,
2885 5329 2949 5387 ut
2969 5334 3039 5388 ad
3066 5329 3250 5404 ipsam
3281 5329 3603 5404 orationem
3628 5329 3791 5404 obla-

2135 5400 2626 5459 tionis—hostiam
2684 5400 3109 5460 consecrarent'.
3148 5425 3174 5451 ››
3230 5403 3296 5458 Et
3326 5401 3422 5456 illo
3482 5400 3790 5472 antiquior

2136 5475 2384 5547 Optatus
2417 5475 2644 5530 Milevit.
2706 5474 2806 5530 lib.
2840 5493 2917 5530 ιιι
2955 5497 2982 5523 ‹‹
3029 5475 3113 5530 Ad
3146 5474 3326 5529 altare
3377 5475 3651 5547 conversi
3680 5478 3790 5529 Do-

2138 5544 2420 5603 m‘inicam
2477 5547 2800 5606 orationem
2861 5548 3210 5620 prmmittere
3268 5562 3381 5603 non
3441 5544 3712 5618 potestis,
3760 5567 3789 5598 υ
