4082 6168
319 294 443 374 eis

325 531 500 599 est,in
532 548 597 588 se
614 531 969 587 sanetiﬁcari
1000 532 1249 604 cupiunt
1276 550 1295 592 ;
1324 536 1388 586 tu
1420 532 1566 586 dicis
1600 548 1612 585 :
1649 532 1981 597 «Nosti,Do-

328 620 507 689 mine,
543 636 725 693 quam
759 622 993 687 sanctas,
1027 624 1085 675 et
1115 636 1289 692 quam
1324 621 1684 687 innocentes,
1716 626 1772 676 et
1802 639 1980 692 quam

326 726 487 782 purae
520 725 737 765 manus
770 725 911 763 mea:
943 708 1115 764 sint.»
1153 708 1243 763 Illi
1294 708 1601 769 inferunt:
1638 732 1665 758 ‹‹
1700 710 1985 765 Adveniat

328 815 587 871 regnum
615 802 782 853 tuum
820 815 833 864 ;
870 819 897 845 ››
930 814 1093 869 spem
1127 798 1291 869 regni
1321 797 1517 853 futuro
1550 802 1811 869 tempore
1842 814 1982 869 prai-

340 886 650 957 stolantes,
698 889 763 940 ut
810 891 1091 957 regnante
1161 885 1386 941 Christo
1453 903 1822 958 nequaquam
1895 904 1982 943 re-

342 979 484 1047 gnet
510 979 807 1046 peccatum
839 975 895 1029 in
933 974 1162 1030 mortali
1193 990 1395 1030 eorum
1428 976 1983 1047 eorpore,jungunt-

348 1080 458 1135 que
488 1080 502 1118 :
542 1084 561 1111 ι
592 1063 716 1119 Fiat
734 1062 1002 1119 volunias
1027 1063 1309 1131 tua,sieut
1329 1062 1387 1118 in
1422 1063 1562 1119 coelo
1592 1068 1649 1119 et
1680 1064 1739 1118 in
1772 1068 1983 1132 terra,»

346 1157 408 1207 ut
436 1152 702 1207 imitetur
724 1153 963 1223 angelos
994 1152 1255 1206 humana
1286 1150 1590 1223 fragilitas,
1632 1157 1688 1207 et
1716 1152 1986 1209 voluntas

340 1241 569 1296 Domini
605 1240 976 1313 compleatur
1014 1241 1071 1294 in
1122 1244 1296 1307 terra,
1357 1242 1443 1295 Tu
1477 1240 1625 1297 dicis
1659 1256 1671 1297 :
1706 1264 1733 1290 «
1794 1242 1989 1296 Potest

336 1330 514 1385 homo
547 1330 596 1385 si
628 1331 877 1385 voluerit
894 1330 1053 1385 omni
1085 1346 1279 1385 carere
1311 1334 1604 1401 peccato.»
1637 1361 1704 1370 —
1739 1330 1986 1386 «Panem

333 1418 776 1490 quotidianum,
812 1441 839 1467 ››
874 1418 1014 1484 sive,
1049 1440 1076 1469 α
1106 1434 1284 1489 super
1311 1435 1515 1473 omnes
1564 1418 1983 1485 substantias,»

333 1511 653 1562 venturum
681 1506 925 1579 apostoli
958 1508 1367 1578 deprecantur,
1418 1513 1483 1562 ut
1516 1506 1679 1579 digni
1730 1507 1849 1563 sint
1895 1524 1985 1563 as-

336 1597 676 1668 sumptione
709 1596 968 1667 corporis
1026 1595 1260 1666 Christi,
1314 1597 1383 1651 Et
1430 1613 1532 1651 vos
1582 1613 1683 1667 per
1734 1596 1987 1651 nimiam

334 1685 713 1739 sanctitatem
749 1700 1133 1756 securamque
1155 1684 1451 1755 justitiam
1502 1685 1779 1740 audacter
1824 1685 1987 1740 vobis

335 1772 601 1829 ecelestia
631 1773 788 1828 dona
816 1772 1143 1829 vindicatis.
1179 1774 1455 1845 Sequitur
1487 1790 1500 1828 :
1542 1797 1562 1823 ι
1594 1773 1831 1829 Dimitte
1883 1792 1990 1830 no-

337 1861 429 1917 bis
457 1861 659 1937 dehita
690 1866 912 1928 nostra,
947 1860 1101 1916 sicut
1130 1866 1186 1916 et
1216 1878 1321 1917 nos
1357 1861 1713 1917 dimittimus
1767 1863 1989 1918 debito-

336 1950 504 2006 ribus
527 1950 771 2006 nostris.
806 1972 835 1998 »
867 1950 947 2005 De
978 1950 1354 2022 baptismatis
1387 1952 1545 2007 fonte
1576 1956 1906 2025 surgentes,
1940 1960 1994 2006 et

346 2038 668 2110 regenerati
702 2037 762 2091 in
787 2036 1102 2092 Dominum
1152 2036 1530 2105 Salvatorem,
1583 2038 1821 2109 impleto
1870 2037 1990 2104 illo,

351 2125 510 2196 quod
541 2125 609 2179 de
636 2141 697 2180 se
728 2124 1020 2195 scriptum
1052 2130 1138 2179 est
1163 2140 1174 2177 :
1198 2148 1224 2174 ‹‹
1259 2125 1419 2180 Beati
1449 2141 1700 2196 quorum
1734 2126 1992 2182 remissa:

353 2218 496 2268 sunt
539 2213 898 2285 iniquitates,
952 2217 1009 2269 et
1059 2230 1312 2285 quorum
1362 2218 1515 2269 tecta
1555 2220 1694 2269 sunt
1760 2220 1995 2287 peccata

349 2302 525 2372 (Psal.
577 2303 863 2372 xxx1,1),
898 2324 925 2350 ››
971 2302 1171 2357 statim
1222 2303 1281 2356 in
1332 2302 1522 2374 prima
1578 2304 1993 2359 communione

337 2391 607 2463 corporis
636 2391 850 2447 Christi
886 2391 1092 2446 dicunt
1123 2408 1137 2447 :
1177 2413 1203 2441 «
1238 2393 1305 2446 Et
1334 2392 1565 2447 dimitte
1596 2392 1770 2447 nubis
1801 2393 1994 2448 debita

341 2484 572 2544 nostra,
606 2503 633 2528 ››
667 2479 944 2551 quasillis
987 2480 1218 2535 luerent
1261 2479 1321 2533 in
1367 2479 1578 2535 Christi
1627 2481 1992 2537 confessione

338 2568 593 2623 dimissa
626 2585 639 2634 ;
675 2572 731 2622 et
759 2580 819 2625 tu
851 2571 1201 2639 arroganset
1234 2568 1524 2639 superbus
1555 2568 1625 2623 de
1652 2574 1990 2624 sanctarum

337 2657 600 2727 puritate
646 2672 931 2710 manuum
996 2659 1053 2710 et
1100 2656 1389 2712 munditia
1437 2656 1650 2729 eloquii
1699 2657 1989 2730 gloriaris.

338 2744 625 2808 Quamvis
670 2743 747 2799 sit
791 2744 1048 2800 hominis
1092 2745 1349 2816 perfecta
1398 2746 1719 2812 conversio,
1768 2752 1825 2802 et
1861 2752 1994 2818 post

332 2835 482 2889 vitia
509 2838 689 2904 atque
716 2838 956 2905 peccata
980 2833 1264 2888 virtutum
1296 2833 1467 2905 plena
1501 2835 1782 2906 possesio,
1819 2851 1990 2890 num-

339 2923 486 2995 quid
516 2926 769 2995 possunt
799 2922 883 2977 sic
914 2938 1041 2978 esse
1073 2921 1199 2978 sine
1226 2923 1386 2989 vitio,
1424 2924 1717 2993 quomodo
1750 2922 1857 2993 illi,
1889 2925 1989 2994 qui

338 3012 543 3068 statim
577 3012 650 3066 de
680 3010 895 3066 Christi
923 3010 1080 3067 fonte
1128 3012 1503 3083 procedunt?
1535 3014 1603 3067 Et
1649 3019 1844 3069 tamen
1890 3014 1989 3085 ju-

337 3102 556 3157 bentur
586 3100 778 3155 dicere
811 3116 824 3154 :
861 3122 887 3148 «
926 3100 1160 3155 Dimitte
1192 3101 1359 3156 nobis
1382 3101 1579 3156 debita
1610 3102 1991 3169 nostra,sicut

1172 306 1563 374 DIALOGUS
1609 306 1923 372 CONTRA
1967 301 2484 377 PELAGIANOS.
2518 344 2596 360 —
2626 306 2779 376 LIB.
2823 313 2930 376 III.

330 460 464 499 men
495 446 691 498 tuum.
728 464 756 491 »
791 434 875 497 Illi
898 459 1110 497 nomen
1144 442 1268 509 Dei,
1301 444 1455 515 quod
1487 460 1590 514 per
1618 460 1678 499 se
1707 447 1976 499 sanctum
2008 448 2058 512 Α

2021 1817 2069 1881 Β

3617 311 3735 377 614

2163 447 2926 518 16.Pelagianasuperbia,-—
2959 445 3153 501 Oratio
3171 460 3307 517 ergo
3328 449 3427 501 tua
3459 446 3737 503 Pharisaei

2091 533 2271 588 vineit
2294 536 2655 606 superbiam,
2682 542 2737 590 et
2770 533 3069 606 publicani
3102 536 3536 605 comparatione
3567 538 3735 594 dam-

2092 626 2267 675 natur
2300 640 2313 689 ;
2341 623 2438 693 qui
2473 623 2544 676 de
2573 622 2744 694 longe
2789 626 2974 686 stans,
3021 620 3221 676 oculos
3270 623 3339 676 ad
3393 625 3568 680 Deum
3621 644 3736 682 non

2098 710 2351 765 audebat
2402 710 2686 777 attollere,
2725 712 2822 766 sed
2882 709 3243 782 percutiebat
3290 716 3493 781 pectus
3538 731 3735 781 suum,

2092 797 2292 853 dicens
2348 815 2360 865 ;
2409 820 2435 847 ‹‹
2488 799 2663 864 Deus,
2711 799 3000 870 propitius
3066 803 3190 852 esto
3238 798 3381 853 mihi
3454 804 3737 871 peccatori

2092 887 2413 955 (an,xvm,
2446 887 2557 955 44).
2595 912 2616 938 ι
2674 888 2837 942 Unde
2886 888 3178 959 profertur
3226 888 3457 943 Domini
3510 896 3741 946 senten-

2094 974 2173 1028 tia
2206 992 2217 1028 :
2255 998 2280 1023 ‹‹
2317 975 2453 1030 Dico
2484 975 2669 1038 vobis,
2705 976 3006 1031 descendit
3040 975 3133 1029 hic
3154 977 3516 1046 justificatus
3546 979 3604 1033 in
3636 981 3743 1035 do-

2096 1079 2257 1117 mum
2300 1080 2467 1118 suam
2524 1064 2657 1135 plus
2690 1063 3005 1135 quamille.
3064 1064 3269 1119 Omnis
3300 1066 3455 1121 enim
3515 1069 3615 1138 qui
3682 1086 3744 1125 se

2095 1150 2329 1217 exaltat,
2364 1151 2794 1218 humiliabitur,
2828 1157 2885 1207 et
2915 1152 3012 1224 qui
3049 1168 3111 1207 se
3143 1151 3439 1224 humiliat,
3471 1156 3747 1212 exaltabi-

2096 1246 2194 1294 tur
2234 1240 2392 1308 (Ibid.
2444 1241 2553 1311 44).
2607 1263 2634 1289 ››
2684 1240 2947 1311 Apostoli
2999 1240 3412 1307 humiliantur,
3466 1248 3531 1298 ut
3584 1246 3743 1301 exal-

2094 1332 2312 1383 tentur.
2348 1327 2630 1400 Discipuli
2665 1329 3086 1397 tuielevantur,
3114 1333 3177 1383 ut
3209 1336 3507 1389 corruant.
3540 1334 3743 1390 Eidem

2099 1417 2348 1472 adulans
2400 1418 2585 1472 viduae
2630 1435 2743 1472 non
2800 1418 3096 1473 erubescis
3144 1419 3332 1475 dicere
3389 1421 3744 1491 pietatem‘,

2100 1522 2227 1577 quae
2274 1523 2567 1577 nusquam
2622 1506 2945 1578 reperiatur
2987 1506 3045 1561 in
3094 1512 3269 1575 terra,
3318 1517 3371 1563 et
3417 1510 3743 1577 veritatem,

2099 1611 2224 1665 qua:
2258 1594 2477 1665 ubique
2509 1594 2813 1665 peregrina
2846 1595 3009 1661 sit,in
3045 1594 3148 1650 illa
3178 1597 3554 1667 potissimum
3587 1616 3740 1654 com-

2100 1683 2338 1749 morari,
2376 1699 2477 1737 nec
2503 1683 2826 1738 recordaris
2859 1683 3017 1738 illius
3050 1685 3353 1739 sententiae
3388 1703 3401 1739 :
3432 1708 3459 1737 ‹‹
3488 1688 3746 1758 Populus

2100 1787 2287 1837 meus,
2322 1772 2420 1843 qui
2454 1772 2689 1827 beatum
2723 1777 2778 1826 te
2808 1772 3031 1839 dicunt,
3085 1773 3377 1828 seducunt
3415 1779 3490 1843 te,
3544 1782 3600 1830 et
3657 1794 3750 1832 se-

2104 1859 2276 1914 mitas
2307 1860 2522 1931 pedum
2556 1877 2797 1915 suorum
2826 1862 3219 1933 supplantant
3256 1864 3382 1932 (Isa.
3442 1881 3527 1929 ιιι,
3572 1864 3682 1935 42).
3720 1889 3747 1915 ››

2102 1948 2425 2019 laudasque
2455 1965 2583 2004 eam
2611 1949 2846 2004 vocibus
2878 1954 2935 2004 et
2984 1951 3130 2005 dicis
3169 1952 3190 1985 ²
3224 1968 3237 2005 :
3278 1974 3305 2001 ‹‹
3340 1957 3384 2007 Ο
3414 1957 3468 2007 te
3521 1953 3748 2009 felicem

2103 2037 2374 2092 nimium.
2407 2055 2438 2093 ο
2469 2038 2722 2105 beatam,
2758 2039 2805 2094 si
2838 2039 3066 2108 iustitia
3112 2057 3239 2111 quas
3280 2056 3408 2096 esse
3447 2042 3575 2112 jam
3628 2060 3743 2099 non

2103 2124 2214 2179 nisi
2252 2126 2308 2179 in
2341 2127 2482 2181 emlo
2513 2128 2773 2181 creditur
2800 2129 2954 2198 apud
3011 2132 3066 2182 te
3098 2128 3284 2184 solam
3330 2130 3661 2187 inveniatur
3686 2133 3745 2187 in

2101 2213 2273 2268 terris
2306 2215 2317 2268 Σ
2356 2236 2383 2263 ››
2412 2216 2620 2271 Docere
2651 2221 2741 2269 est
2772 2216 2898 2283 hoc,
2943 2233 3015 2271 an
3062 2218 3323 2272 occidere
3353 2218 3380 2271 ?
3410 2219 3621 2275 Levare
3676 2221 3746 2274 de

2101 2306 2275 2371 terra,
2304 2319 2377 2356 an
2410 2303 2771 2374 praecipitare
2802 2305 2873 2359 de
2904 2304 3064 2371 ccelo,
3119 2305 3175 2359 id
3226 2305 3583 2361 muliercula:
3638 2308 3744 2362 tri-

2101 2390 2297 2445 buere.
2339 2391 2491 2461 quod
2526 2390 2712 2463 angeli
2738 2408 2853 2446 non
2886 2393 3140 2446 audeant
3172 2410 3456 2464 usurpare
3484 2395 3511 2449 ‘l
3542 2394 3596 2448 Si
3646 2411 3749 2450 au-

2101 2483 2218 2533 tem
2253 2480 2467 2551 pietas,
2502 2480 2720 2535 veritas
2753 2484 2927 2552 atque
2951 2481 3184 2551 justitia
3206 2499 3320 2537 non
3375 2483 3753 2540 inveniuntur

2102 2566 2160 2619 in
2194 2564 2384 2631 terris,
2417 2566 2530 2621 nisi
2556 2567 2615 2621 in
2651 2583 2765 2621 una
2796 2566 3059 2636 muliere,
3112 2569 3210 2624 ubi
3253 2574 3426 2624 erunt
3459 2571 3606 2641 justi
3652 2574 3739 2627 tui

2101 2672 2248 2726 quos
2281 2657 2503 2727 absque
2536 2660 2768 2728 peccato
2801 2657 2861 2711 in
2893 2658 3066 2712 terris
3099 2674 3226 2713 esse
3261 2660 3527 2730 jactsbas
3556 2660 3583 2715 ‘l
3612 2661 3746 2724 Quae

2100 2744 2215 2799 duo
2267 2743 2525 2815 capitula
2576 2744 2857 2799 orationis
2905 2753 2958 2799 et
3017 2743 3210 2800 laudis
3260 2746 3412 2802 soles
3461 2764 3595 2803 eum
3635 2751 3753 2807 tuis

2098 2834 2294 2903 jurare
2325 2832 2632 2904 discipulis
2664 2850 2778 2888 non
2805 2849 2932 2889 esse
2974 2839 3097 2901 tua,
3141 2851 3273 2890 cum
3329 2838 3634 2909 perspicue
3684 2841 3743 2894 in

2100 2921 2185 2975 eis
2216 2919 2349 2992 styli
2383 2920 2468 2975 tui
2513 2920 2788 2991 splendor
2835 2920 3081 2990 eluceat,
3135 2923 3288 2980 802
3352 2928 3409 2978 et
3457 2929 3619 2981 tanta
3676 2928 3755 2981 sit

2099 3014 2375 3065 venustos
2408 3008 2623 3080 eloquii
2656 3009 2931 3079 Tulliani,
2984 3016 3050 3066 ut
3096 3013 3431 3068 testudineo
3472 3014 3752 3071 incedens

2101 3099 2307 3170 gradu,
2346 3115 2473 3170 quae
2506 3102 2726 3154 secreto
2758 3100 2953 3168 doces,
2986 3099 3291 3171 mittisque
3332 3102 3578 3171 venalia,
3631 3121 3740 3175 pu-

336 3195 391 3244 et
419 3205 530 3244 nos
571 3188 933 3243 dimittimus
954 3189 1316 3244 debitoribus
1362 3189 1576 3245 nostris
1611 3208 1624 3257 ;
1661 3214 1687 3238 »
1722 3207 1837 3245 non
1882 3191 1989 3246 hu-
2024 3186 2066 3252 C
2107 3186 2256 3242 blice
2283 3204 2398 3242 non
2431 3188 2648 3243 audeas
2679 3188 2934 3259 profiteri
2959 3189 3056 3259 (al,
3090 3190 3376 3261 proferri).
3429 3189 3472 3245 Ο
3526 3195 3579 3245 te
3630 3192 3753 3246 feli-

336 3276 607 3333 militatis
636 3276 962 3342 mendacio,
996 3280 1060 3330 ut
1090 3282 1151 3331 tu
1184 3277 1612 3348 interpretaris,
1647 3279 1746 3333 sed
1781 3295 1997 3349 pavore

347 3364 678 3438 fragilitatis
702 3365 975 3420 humanae
1008 3382 1178 3419 suam
1209 3366 1632 3421 conscientiam
1678 3367 1996 3422 formidan-

349 3455 447 3510 tis.
485 3452 570 3507 llli
600 3455 806 3509 dicunt
838 3468 851 3507 :
886 3476 912 3502 «
952 3454 1033 3508 Ne
1064 3470 1172 3509 nos
1202 3453 1447 3509 inducas
1495 3454 1552 3508 in
1607 3455 1991 3511 tentationem

2107 3293 2255 3342 cem,
2304 3276 2475 3346 cujus
2523 3280 2730 3348 praeter
2777 3276 3069 3348 dicipulos
3114 3294 3284 3331 nemo
3331 3278 3650 3334 conscribit
3683 3279 3752 3334 li-

2107 3367 2263 3432 bros,
2300 3372 2365 3419 ut
2422 3364 2710 3436 quidquid
2754 3364 2968 3421 videris
3017 3364 3347 3437 displicere,
3400 3383 3513 3422 non
3562 3372 3753 3435 tuum,

2105 3455 2204 3509 sed
2239 3453 2494 3509 alienum
2527 3470 2655 3509 esse
2687 3454 3029 3509 contendas.
3064 3454 3130 3507 Et
3162 3453 3294 3525 quis
3326 3454 3423 3509 ille
3468 3455 3613 3510 tanti
3647 3456 3757 3511 erit

344 3547 414 3596 tu
446 3558 581 3596 cum
608 3542 912 3597 Joviniano
942 3542 1221 3613 loqueris,
1255 3559 1354 3599 eos
1391 3543 1491 3614 qui
1524 3542 1853 3615 plena80|
1884 3544 1997 3598 fide
2104 3542 2345 3614 ingenii,
2370 3546 2436 3597 ut
2475 3542 2731 3614 leporem
2781 3542 2867 3596 tui
2910 3543 3199 3597 sermonis
3252 3543 3437 3613 possit
3481 3544 3695 3599 imitari
3729 3546 3757 3599 ?

312 3630 653 3701 rbaptisma
695 3632 985 3688 consecuti
1035 3636 1193 3698 sunt,
1246 3632 1458 3688 tentari
1507 3632 1663 3687 ultra
1729 3638 1786 3688 et
1860 3650 1991 3704 pec-

353 3733 489 3773 care
533 3735 644 3773 non
694 3736 877 3791 posse.
936 3720 1026 3775 Ad
1084 3724 1410 3776 extremum
1460 3721 1755 3776 inferunt:
1790 3745 1816 3770 ‹‹
1882 3721 1991 3776 Sed

343 3807 534 3863 libera
565 3824 667 3863 nos
698 3824 730 3862 a
774 3808 949 3864 malo.
997 3830 1024 3856 »
1076 3808 1224 3873 Quid
1272 3814 1585 3880 precantur
1632 3827 1665 3864 a
1727 3809 1989 3876 Domino,

342 3898 501 3969 quod
534 3896 753 3953 habent
784 3899 843 3952 in
877 3898 1043 3953 liberi
1076 3898 1301 3953 arbitrii
1329 3903 1616 3970 potestate
1645 3899 1672 3952 ?
1700 3902 1744 3953 Ο
1797 3899 1990 3965 homo,

340 4001 499 4040 nunc
531 3986 793 4041 mundus
818 3986 1005 4042 factue
1036 3991 1125 4042 est
1149 3985 1535 4054 inlavacro,et
1566 3988 1636 4042 de
1668 3992 1724 4042 te
1755 3988 1989 4042 dicitur:

340 4096 359 4121 -
398 4074 531 4136 Quae
564 4079 657 4129 est
695 4076 831 4142 ista,
890 4092 1014 4147 quae
1071 4076 1336 4131 ascendit
1392 4076 1683 4146 dealbata,
1735 4077 1989 4132 innitens

330 4178 511 4234 super
541 4163 882 4219 fratruelem
928 4181 1103 4219 suum
1156 4165 1336 4233 (Cant.
1390 4183 1513 4235 vm,
1547 4168 1600 4237 5)
1638 4170 1660 4221 Ρ
1692 4189 1719 4215 ››
1752 4170 1817 4221 ut
1871 4165 1990 4220 lota

327 4250 574 4323 quidem
607 4252 706 4317 sit,
739 4252 841 4307 sed
883 4253 1177 4308 custodire
1227 4271 1343 4309 non
1400 4253 1590 4309 valeat
1645 4254 1986 4327 puritatem,

326 4340 439 4395 nisi
474 4356 508 4394 a
542 4339 793 4395 Domino
842 4345 957 4396 Deo
1015 4346 1399 4398 sustentetur.
1461 4343 1761 4406 Quomodo
1822 4343 1988 4415 cupis

327 4428 424 4483 Dei
457 4427 871 4484 misericordia
899 4428 1155 4498 liberari,
1190 4430 1292 4501 qui
1338 4429 1509 4501 paulo
1542 4435 1675 4485 ante
1705 4429 1989 4486 liberatus

325 4532 385 4571 es
416 4534 452 4572 ο.
482 4517 771 4589 peccatis,
792 4517 904 4573 nisi
936 4517 1045 4573 hac
1075 4519 1300 4575 ratione
1322 4536 1439 4591 qua
1466 4518 1747 4585 diximus,
1775 4523 1985 4574 utcum

330 4604 535 4660 omnia
568 4605 905 4673 fecerimus,
938 4623 1043 4663 nos
1075 4607 1314 4663 inutiles
1346 4623 1475 4663 esse
1505 4608 1823 4663 fateamur?

334 4764 553 4840 quibus
583 4763 685 4840 alii
716 4765 940 4840 passim
974 4774 1299 4823 consonant
1326 4771 1546 4840 Patres.
1594 4768 1986 4840 Hieronymus

338 4836 531 4911 ipsam
562 4838 688 4911 ejus
721 4836 1004 4911 orationis
1037 4840 1435 4911 praefationem
1468 4839 1563 4894 hie
1595 4836 1834 4907 indicat,
1872 4856 1987 4911 qua

336 4904 398 4959 in
444 4904 740 4983 plerisque
784 4904 1065 4983 omnibus,
1110 4910 1367 4983 liturgiis
1410 4912 1682 4983 sacerdos
1731 4927 1792 4966 se
1822 4904 1986 4965 Vin'di-

332 4993 516 5052 gnum
550 4981 884 5052 confitetur,
920 4982 1074 5052 quod
1105 4981 1317 5037 audeat
1348 4983 1530 5037 Denm
1566 4982 1789 5036 Patrem
1822 4998 1983 5037 com-

332 5050 572 5121 pellare.
602 5051 733 5124 Vid.
769 5050 1145 5124 cardeona,
1173 5056 1371 5109 Rerum
1402 5054 1735 5124 Lilurgicar.
1782 5053 1884 5107 Lib.
1922 5068 1982 5120 ιι,

334 5137 464 5196 cap.
500 5125 591 5177 15.
625 5123 912 5178 Ceterum
963 5123 1222 5179 solemne
1262 5131 1352 5179 est
1402 5123 1690 5193 Patribus,
1736 5130 1793 5179 et
1842 5141 1985 5196 prae-

329 5194 502 5268 gipue
548 5195 881 5268 Augustino
931 5200 1133 5252 contra
1199 5196 1540 5268 Pelagianos
1588 5212 1655 5250 ex
1727 5194 1986 5251 oratione

330 5264 642 5337 Dominiea
656 5264 1089 5337 argumentari.

400 5337 417 5369 ¹
450 5336 701 5391 Julianae
735 5336 1052 5405 scilicet,ut
1080 5354 1259 5409 supra
1288 5337 1985 5409 adnotamus,Demetria-

332 5406 423 5481 dis
452 5409 654 5481 matri,
685 5409 756 5463 ad
790 5425 968 5481 quam
1003 5406 1318 5481 scrip—serat
1361 5408 1653 5481 Pelagius,
1704 5411 1767 5463 ut
1816 5410 1987 5481 docet

330 5478 550 5553 Marius
583 5478 872 5553 Mereatur
900 5480 958 5535 in
992 5478 1465 5553 Commonitorio
1505 5478 1702 5553 super
1746 5480 1984 5536 nomine

332 5551 552 5624 palesti
588 5568 600 5605 :
640 5573 667 5624 ᾳ
700 5551 961 5624 Denique
991 5551 1225 5608 libellus
1255 5556 1345 5607 est
1374 5553 1501 5621 ejus
1534 5551 1981 5624 (Pklagn'quem

332 5620 708 5695 habemusin
751 5620 1047 5694 manibus,
1109 5625 1181 5680 ad
1213 5620 1548 5695 quamdam
1594 5620 1917 5680 Liv—auiam.
1954 5646 1983 5674 »

333 5692 422 5754 Ita
440 5694 673 5756 vocavit
700 5712 808 5773 pro
833 5692 1068 5764 Juliana
1092 5695 1184 5757 vel
1212 5692 1279 5755 ut
1323 5694 1640 5758 consilium
1688 5712 1864 5757 suum
1888 5712 1983 5755 oo-

2178 3632 2259 3686 17.
2290 3631 2558 3699 Quomodo
2586 3631 2824 3700 infantes
2856 3633 2975 3686 sine
2999 3635 3215 3702 peccato
3245 3633 3374 3685 sint.
3410 3663 3479 3671 -
3531 3634 3586 3687 C.
3626 3634 3751 3688 Non

2104 3737 2347 3791 possum
2375 3718 2530 3774 ultra
2560 3720 2791 3775 differre
2826 3738 2838 3787 ;
2874 3720 3066 3776 omnis
3086 3720 3340 3774 vincitur
3361 3721 3641 3791 patientia
3663 3739 3754 3777 ve-

2101 3813 2357 3863 strorum
2390 3808 2699 3878 iniquitate
2728 3808 3180 3879 yerborum.0ro
3211 3807 3433 3879 te,quid
3469 3808 3747 3864 infantuli

2104 3912 2411 3968 peccavere
2443 3895 2470 3949 ?
2502 3912 2605 3951 nec
2638 3896 2990 3951 conscientia
3010 3896 3095 3953 eis
3124 3896 3318 3952 delicti
3343 3897 3619 3970 imputari
3652 3916 3752 3971 po-

2101 3990 2215 4040 test
2240 4002 2343 4040 nec
2376 3984 2728 4057 ignorantia,
2785 3985 2881 4055 qui
2929 3986 3097 4056 juxta
3144 3986 3352 4041 Jonam
3405 3987 3751 4059 prophetam

2103 4091 2342 4129 manum
2375 4075 2673 4128 dexteram
2706 4074 2973 4128 nesciunt
3002 4080 3059 4129 et
3084 4074 3385 4130 sinistram
3419 4078 3560 4147 (Jan.
3596 4079 3747 4146 ult).

2101 4162 2345 4217 Peceare
2372 4178 2485 4216 non
2510 4164 2777 4233 possunt,
2812 4168 2864 4215 et
2894 4166 3142 4233 possunt
3175 4162 3361 4233 perire
3396 4180 3408 4229 ;
3446 4163 3640 4219 henua
3672 4163 3753 4219 la-

2100 4251 2265 4317 bant,
2299 4249 2530 4323 vagitus
2561 4250 2734 4305 verba
2764 4266 2876 4304 non
2910 4249 3227 4320 explicant,
3270 4250 3605 4306 balbutiens
3635 4251 3746 4306 lin-

2101 4356 2216 4411 gua
2242 4340 2466 4395 ridetur
2492 4340 2535 4406 3,
2569 4344 2625 4393 et
2656 4343 2879 4393 aeternae
2910 4337 3159 4393 miseria:
3192 4338 3488 4394 cruciatus
3520 4338 3751 4395 miseris

2097 4427 2684 4499 praeparantur.A.Ah
2720 4429 2730 4481 !
2765 4427 3014 4482 nimium
3048 4427 3306 4482 disertus
3335 4444 3463 4482 esse
3496 4426 3750 4499 coepisti,

2099 4521 2165 4571 ut
2194 4533 2309 4571 non
2333 4518 2521 4572 dicam
2540 4515 3163 4588 eloquens,postquam
3191 4516 3461 4587 discipuli
3488 4517 3571 4572 tui
3597 4510 3751 4572 versi

2096 4607 2329 4662 suntin
2380 4608 2712 4678 magistros.
2763 4604 3048 4660 Antonius
3095 4608 3291 4659 orator
3346 4605 3634 4677 egregius,
3692 4606 3749 4660 in

2095 4763 2461 4829 cultaret,vel
2492 4766 2645 4835 quod
2674 4766 2831 4821 sicut
2853 4766 3063 4821 Iuliam
3094 4782 3160 4819 ac
3188 4766 3401 4819 Liviam
3425 4764 3751 4834 promiscue

2096 4837 2213 4892 fere
2244 4836 2515 4891 dicebant
2541 4841 2791 4904 veteres,
2848 4836 2931 4890 ita
2974 4838 3233 4892 Livania.
3258 4852 3361 4906 pro
3399 4837 3623 4890 Juliana
3664 4850 3752 4890 so-

2095 4907 2239 4962 leret
2260 4908 2394 4961 dici.
2429 4913 2717 4979 Craterum
2752 4904 3475 4979 Augustinus,de_Ge.siisA
3507 4907 3747 4974 Pelagii,

2097 4980 2153 5035 id
2190 4978 2272 5059 illi
2303 4980 2359 5032 in
2397 4977 2797 5059 Diospolitana
2815 4977 3035 5059 synodo
3064 4978 3362 5059 _obj-ectu.n_1
3390 4977 3747 5059 refert,quod

2097 5052 2358 5106 scribens
2392 5051 2462 5105 ad
2495 5047 2754 5114 viduam,
2787 5047 3112 5104 adulatorie
3139 5047 3349 5101 dixerit
3383 5064 3393 5101 :
3429 5070 3455 5096 ‹‹
3490 5047 3751 5105 Inveniat

2097 5123 2249 5203 apud
2267 5122 2561 5203 tepietas,
2595 5138 2719 5191 qua:
2754 5136 3047 5203 nusquam
3081 5119 3301 5203 invenit
3332 5118 3546 5203 locum.
3582 5121 3746 5177 Inve-

2097 5190 2221 5248 niat
2252 5190 2469 5263 ubique
2502 5193 2561 5247 in
2595 5190 3061 5264 peregrinatione
3093 5190 3289 5264 sedem
3316 5191 3555 5264 justitia
3586 5214 3606 5260 ,-
3649 5209 3745 5248 ve-

2096 5266 2259 5332 ritas,
2294 5262 2472 5335 quam
2497 5262 2622 5335 jam
2656 5262 2827 5335 nemo
2871 5262 3189 5335 cognoscit,
3252 5262 3577 5335 domestica
3635 5265 3747 5320 tibi

2095 5342 2153 5408 et
2202 5333 2391 5408 amica
2437 5333 2576 5401 fiat;
2611 5340 2667 5389 et
2697 5334 2785 5408 lex
2838 5333 2933 5389 Dei
2953 5333 3091 5405 quae
3131 5333 3517 5408 abomnibus
3563 5351 3743 5408 prope

2096 5407 2434 5462 hominibus
2468 5406 2882 5471 contemnitur,
2915 5423 2948 5460 a
2978 5402 3033 5460 te
3064 5403 3187 5460 sola
3212 5402 3612 5461 honoreturf»

2166 5481 2186 5512 ²
2234 5478 2396 5534 Unus
2444 5478 2573 5533 Vat.
2625 5479 2759 5533 Eam
2807 5478 2905 5532 Dei
2952 5477 3172 5534 vocibus
3219 5476 3435 5546 laudas,
3484 5486 3537 5533 et
3583 5476 3740 5547 dicis,

2095 5554 2204 5606 etc.
2586 5594 2589 5595 ν

2162 5623 2184 5655 ³
2212 5620 2393 5677 Vetus
2439 5621 2578 5679 edit.
2610 5620 2777 5679 ridet.
2811 5623 2937 5676 tum
2985 5622 3115 5678 Vat.
3148 5622 3198 5678 et
3227 5621 3428 5683 κιενηί
3456 5619 3737 5681 cruciatus

2093 5694 2331 5764 miseris,
2362 5696 2473 5756 etc.
3716 5693 3737 5708 '
