4104 6162
378 298 500 362 6ιῦ

1630 295 1696 360 S.
1743 289 2065 360 EUSEDIl
2100 289 2568 356 HIERONYMI.

3645 287 3802 364 -ϐιᾶ

381 432 554 502 cujus
585 429 861 488 laudibus
890 427 1120 486 Tullius
1152 432 1442 501 pertonat,
1474 429 1724 486 disertos
1747 444 1810 484 se
1841 428 1924 482 ait
1952 426 2032 481 vi-
2061 427 2115 493 Α
2144 431 2316 498 gatus
2335 427 2362 481 ‘I
2390 428 2454 482 A.
2487 425 2578 481 Me
2605 421 2949 496 interrogasl
3010 419 3407 496 Resp'ondebit
3451 421 3561 480 tibi
3610 438 3790 480 evan-

381 520 541 577 disse
586 519 828 587 multos,
877 518 1249 591 eloquentem
1303 518 1494 575 adhus
1540 517 1859 575 neminem.
1907 515 2036 571 Noli
2144 514 2334 587 gelica
2362 515 2524 582 tuba;
2559 514 2770 570 Doctor
2798 513 3085 586 gentium,
3126 529 3228 570 vas
3271 527 3518 569 aureum
3560 511 3623 568 in
3670 513 3790 574 toto

381 623 518 682 ergo
549 609 696 665 mihi
725 611 1024 664 oratorum
1075 614 1132 664 et
1179 625 1292 664 non
1345 608 1466 664 tuis
1517 607 1761 664 ﬂoribus
1810 605 2032 672 ludere,

379 714 484 770 per
513 715 661 770 quos
684 696 874 753 solent
895 697 1308 769 imperitorum
1327 702 1505 769 atque
1527 711 1842 767 puerorum
1864 702 2035 750 aures

381 786 593 858 decipi,
626 786 728 842 sed
777 785 1125 858 simpliciter
1175 785 1268 841 dic
1317 785 1463 840 mihi
1512 785 1654 857 quid
1702 783 1942 840 sentias.
1973 783 2030 838 C.

379 875 496 931 Hoc
527 875 678 943 dico,
710 875 996 931 concedas
1027 874 1173 930 mihi
1205 873 1415 930 saltem
1445 891 1544 930 eos
1573 887 1703 930 esse
1731 872 1858 928 sine
1898 887 2031 945 pec-

380 965 543 1026 cato,
564 962 664 1034 qui
696 978 934 1033 peccare
966 979 1079 1018 non
1108 965 1379 1035 possunt,
1409 963 1473 1017 A.
1514 961 1838 1018 Concedam
1889 959 1939 1015 si
1969 959 2028 1015 in

379 1050 608 1106 Christo
663 1051 880 1107 fuerint
927 1049 1228 1123 baptizati,
1277 1066 1382 1106 nec
1429 1049 1582 1105 illico
1613 1052 1631 1085 ¹
1663 1066 1757 1105 me
1804 1047 2030 1104 tenebis

378 1140 438 1194 in
471 1156 780 1196 assensum
816 1140 1114 1195 sententiae
1145 1143 1282 1207 tute,
1315 1155 1431 1210 qua
1468 1137 1666 1194 dixisti
1715 1153 1886 1210 posse
1923 1136 2027 1192 ho—

386 1227 606 1284 minem
649 1228 774 1284 sine
823 1232 1059 1299 peccato
1101 1243 1230 1284 esse
1277 1227 1326 1283 si
1355 1226 1492 1283 velit
1523 1245 1536 1294 ;
1569 1226 1667 1282 isti
1715 1227 1872 1282 enim
1923 1242 2028 1282 nec

376 1319 644 1386 possunt,
680 1331 784 1371 nec
813 1315 1019 1371 volunt
1052 1332 1064 1370 :
1099 1316 1202 1371 sed
1235 1315 1360 1372 sine
1389 1314 1508 1372 ullo
1528 1319 1763 1387 peccato
1792 1331 1896 1386 per
1929 1314 2029 1370 Dei

375 1389 626 1476 gratiam
660 1408 819 1472 sunt,
853 1421 1030 1476 quam
1065 1404 1126 1458 in
1175 1403 1469 1476 baptismo
1517 1406 1924 1474 susceperunt.
1967 1402 2024 1460 C.

374 1491 547 1565 Cogis
578 1509 691 1564 me,
723 1496 790 1547 ut
816 1493 890 1548 ad
922 1491 1280 1548 invidiosum
1313 1491 1459 1548 illud
1493 1491 1719 1548 veniam
1749 1493 1805 1546 et
1834 1489 2026 1546 dicam

372 1579 483 1635 tibi
517 1598 530 1636 :
564 1581 711 1646 Quid
745 1580 901 1636 enim
923 1580 1355 1653 peccaverunt?
1387 1585 1453 1636 ut
1484 1579 1682 1636 statim
1716 1579 1773 1634 in
1809 1596 1901 1634 me
1923 1595 2024 1652 po-

373 1667 650 1740 pulorum
682 1667 907 1739 lapides
955 1669 1255 1740 conjicias,
1313 1674 1371 1724 et
1417 1685 1593 1741 quem
1632 1668 1858 1724 viribus
1905 1684 2022 1724 non

2145 604 2285 659 orbe
2317 603 2727 676 rcsplendens:
2746 625 2773 652 «
2804 603 3089 675 Regnavit
3109 619 3269 658 mors
3289 603 3359 658 ab
3381 602 3568 658 Adam
3590 615 3783 673 usque

2145 693 2216 749 ad
2247 695 2483 766 Moysen
2518 709 2530 748 :
2566 691 2740 748 etiam
2769 691 2830 748 in
2859 689 2979 759 eos,
3015 689 3114 764 qui
3147 708 3264 748 non
3295 692 3704 765 peccaverunt,
3725 689 3788 746 in

2142 781 2598 837 similitudinem
2627 779 3119 853 praevaricationis
3144 779 3462 855 Adam,qui
3491 783 3584 836 est
3602 778 3792 836 forma

2142 870 2324 926 futuri
2357 871 2530 942 (Rom.
2563 888 2622 936 ν,
2651 869 2767 941 Ui).
2803 892 2830 919 »
2865 869 3027 934 Quod
3072 868 3122 924 si
3171 868 3457 940 objeceris
3512 866 3630 924 dici
3661 882 3790 926 esse

2140 957 2370 1031 aliquos
2400 960 2443 1025 ³,
2473 960 2576 1031 qui
2607 974 2721 1014 non
2753 961 3156 1031 peccaverunt,
3189 956 3451 1030 intcllige
3495 972 3595 1012 eos
3641 955 3787 1012 illud

2139 1065 2255 1104 non
2287 1064 2559 1120 peccasse
2588 1051 2916 1120 peccatum,
2942 1047 3098 1118 quod
3130 1046 3395 1120 peccavit
3421 1045 3608 1102 Adam
3639 1061 3787 1118 pra-

2135 1137 2450 1193 varicando
2481 1137 2542 1192 in
2589 1136 2863 1210 paradiso
2909 1139 3266 1209 praceptum
3318 1135 3442 1191 Dei.
3499 1134 3784 1192 Caeterum

2136 1243 2341 1282 omnes
2370 1226 2664 1294 homines,
2696 1229 2797 1281 aut
2842 1225 3074 1297 antiqui
3118 1224 3532 1298 propagatoris
3570 1224 3781 1293 Adam,

2137 1319 2238 1372 aut
2284 1332 2390 1371 suo
2439 1315 2675 1371 nomine
2725 1317 2999 1370 tenentur
3058 1313 3311 1382 obnoxii,
3353 1312 3462 1378 Qui
3506 1313 3784 1386 parvulus

2136 1409 2247 1472 est,
2287 1405 2547 1476 parentis
2576 1404 2681 1458 ‘in
2729 1402 3021 1475 baptismo
3069 1403 3302 1460 vinculo
3359 1401 3626 1460 solvitur.
3675 1402 3786 1466 Qui

2135 1495 2264 1564 ejus
2295 1493 2484 1549 aetatis
2515 1497 2627 1558 est,
2657 1508 2787 1564 quae
2815 1493 3009 1565 potest
3036 1507 3264 1564 sapere,
3292 1495 3350 1548 et
3379 1490 3570 1548 alieno
3596 1494 3656 1548 et
3675 1507 3783 1550 suo

2134 1582 2350 1638 Christi
2376 1581 2662 1655 sanguine
2693 1581 2992 1638 liberatur.
3047 1581 3205 1638 θοι
3245 1582 3325 1637 Ac
3356 1597 3430 1637 ne
3474 1596 3570 1637 me
3612 1584 3784 1654 putes

2135 1670 2403 1727 haeretica
2435 1688 2612 1727 sensu
2639 1670 2748 1726 hoc
2777 1669 3124 1743 intelligere,
3173 1669 3382 1727 beatus
3424 1674 3647 1743 martyr
3673 1671 3783 1743 Cy-

374 1760 560 1830 potes,
592 1757 888 1814 voluntate
919 1759 1256 1815 interﬁcias.
1303 1761 1366 1814 Α.
1409 1758 1508 1814 Ille
1559 1759 1897 1864 hfreticum
1944 1757 2023 1811 in-
2053 1797 2102 1864 B
2134 1759 2570 1832 prianus,cujus
2601 1764 2658 1816 te
2685 1759 2737 1815 ie
2767 1760 3209 1832 Scripturarum
3239 1759 3601 1816 testimoniis
3629 1759 3786 1833 dige-

372 1848 602 1916 terficit,
633 1847 732 1907 qui
765 1863 894 1904 esse
934 1846 1273 1902 haereticum
1321 1847 1562 1918 patitur.
1605 1845 1890 1900 Caeterum
1923 1862 2024 1901 no-

371 1941 496 1994 stra
545 1937 832 2009 correptio
880 1935 1193 1991 vivificatio
1250 1940 1339 1991 est
1371 1951 1384 1989 :
1418 1940 1483 1991 ut
1511 1935 1715 1990 haeresi
1747 1934 2023 2001 moriens,

370 2016 530 2081 vivas
562 2024 859 2082 catholicae
892 2025 1050 2092 ﬂdei,
1107 2025 1163 2080 C.
1197 2023 1254 2079 Si
1313 2041 1421 2080 nos
1478 2023 1642 2080 scitis
1699 2022 2024 2088 hzereticos,

370 2132 475 2171 cur
515 2132 630 2171 non
662 2114 954 2171 accusatis
985 2115 1012 2169 ‘?
1044 2120 1108 2170 Α.
1142 2114 1290 2181 Quia
1309 2113 1626 2186 Apostolus
1658 2114 1779 2184 (Tit.
1814 2113 1898 2185 Ill)
1931 2128 2024 2168 me

371 2205 538 2261 docet
565 2205 728 2260 808
777 2203 1116 2260 heereticum
1162 2206 1295 2276 post
1351 2220 1532 2259 unam
1589 2207 1647 2258 et
1704 2202 2022 2258 secundam

371 2293 797 2366 correptionem
828 2293 1168 2361 vitare,non
1199 2307 1494 2360 accusare,
1518 2291 1712 2347 sciens
1732 2290 1872 2363 quia
1902 2305 2026 2362 per-

368 2396 572 2437 versus
603 2380 681 2436 sit
709 2385 768 2436 et
797 2397 904 2437 suo
927 2380 1152 2452 judicio
1184 2378 1770 2452 damnatus.A1ioqui
1802 2379 2024 2436 stultis-

369 2470 590 2526 simum
622 2474 730 2537 est,
764 2486 941 2543 super
972 2470 1085 2525 fide
1116 2486 1248 2526 mea
1275 2471 1318 2539 ',
1350 2486 1445 2526 me
1482 2486 1551 2525 ex
1592 2468 1834 2525 alterius
1881 2485 2025 2540 pen-

370 2560 506 2616 dere
527 2557 774 2630 judicio.
810 2557 958 2624 Quid
989 2558 1146 2614 enim
1190 2559 1239 2614 si
1271 2562 1327 2614 te
1367 2557 1520 2615 alius
1549 2557 1900 2614 catholicum
1934 2557 2020 2612 di-

368 2647 539 2716 xerit,
572 2647 848 2703 statimne
891 2663 1201 2703 assensum
1237 2646 1494 2703 tribuam
1526 2647 1553 2701 ?
1579 2647 1923 2718 Quicunque
1965 2649 2022 2702 te

373 2735 718 2805 defenderit,
777 2739 834 2791 et
891 2751 1164 2806 perversa
1210 2735 1540 2791 credentem
1600 2734 1749 2790 bene
1805 2734 2021 2790 sentire

376 2823 604 2892 dixerit,
635 2841 749 2880 non
782 2824 890 2880 hoc
923 2825 1063 2896 agit,
1098 2830 1164 2880 ut
1193 2829 1250 2880 te
1276 2823 1520 2880 infamia
1567 2823 1791 2889 liberet,
1825 2823 1925 2878 sed
1960 2828 2022 2878 ut

368 2930 431 2970 se
457 2913 702 2969 infamet
719 2912 1312 2986 perfidiaeMultitudo
1337 2913 1626 2969 sociorum
1647 2928 2020 2984 nequaquam

368 3007 427 3058 te
456 3001 836 3070 catholicum,
869 3002 970 3058 sed
1004 3001 1340 3058 hiereticum
1393 3017 1522 3057 esse
1571 3000 2016 3057 demonstrabit.

367 3091 583 3145 Verum
615 3090 734 3145 haec
763 3089 1158 3146 ecclesiastico
1190 3091 1491 3146 calcentur
1518 3090 1686 3162 pede,
1727 3107 1798 3145 ne
1847 3089 2017 3162 quasi

2133 1848 2332 1906 rendis
2356 1849 2634 1904 aemulum
2667 1847 2957 1922 gloriaris,
2989 1849 3049 1903 in
3079 1847 3328 1921 epistola
3356 1865 3533 1921 quam
3577 1847 3786 1904 scribit

2134 1938 2206 1994 ad
2257 1939 2600 2011 episcopum
2652 1938 2861 1994 Fidum
2915 1937 2990 1994 de
3036 1937 3363 1994 infantibus
3413 1937 3784 2010 baptizandis

2133 2025 2256 2081 haec
2287 2030 2574 2081 memorat
2604 2041 2618 2080 :
2654 2048 2682 2075 ‹‹
2715 2029 2893 2080 Porro
2924 2029 3120 2081 autem
3170 2025 3220 2080 si
3277 2024 3459 2082 etiam
3507 2025 3784 2097 gravissi-

2133 2113 2246 2169 mis
2275 2113 2680 2179 delictoribus,
2713 2117 2770 2168 et
2798 2113 2857 2169 in
2889 2117 3072 2169 Deum
3095 2113 3283 2170 multo
3313 2114 3334 2147 ⁵
3363 2118 3498 2169 ante
3528 2129 3778 2186 peccau-

2131 2204 2311 2272 tibus,
2337 2218 2472 2258 cum
2505 2204 2709 2274 postea
2728 2201 3382 2268 crediderint,remissie
3405 2205 3782 2274 peccatorum

2132 2292 2324 2358 datur,
2357 2295 2414 2347 et
2442 2309 2476 2347 a
2492 2289 2782 2362 baptismo
2805 2293 2983 2362 atque
3007 2289 3200 2362 gratia
3220 2305 3392 2346 nemo
3412 2290 3781 2362 prohibetur,

2133 2385 2354 2454 quanto
2412 2380 2605 2451 magis
2662 2378 2957 2452 prohiberi
3016 2395 3132 2434 non
3191 2379 3364 2435 debet
3407 2378 3625 2447 infans,
3673 2378 3779 2450 qui

2131 2486 2334 2526 recens
2365 2473 2544 2525 natus
2567 2467 2714 2524 nihil
2747 2467 3028 2539 peccavit,
3079 2468 3198 2524 nisi
3236 2468 3392 2540 quod
3441 2467 3778 2523 secundum

2130 2560 2312 2616 Adam
2343 2557 2658 2614 carnaliter
2687 2561 2864 2612 natus
2895 2557 3236 2630 contagium
3272 2557 3481 2612 mortis
3519 2555 3780 2628 antique

2130 2648 2323 2721 prima
2363 2646 2664 2703 nativitate
2710 2646 2999 2703 contraxit
3046 2647 3075 2701 Ἰ
3110 2646 3212 2718 qni
3244 2646 3316 2701 ad
3364 2645 3780 2703 remissionem

2129 2740 2500 2810 peccatorum
2531 2734 3071 2808 accipiendam,hoc
3099 2735 3226 2807 ipso
3254 2734 3486 2790 facilius
3531 2735 3779 2805 accedit,

2130 2827 2285 2898 quod
2315 2823 2402 2880 illi
2443 2824 2825 2881 remittuntur
2851 2843 2968 2881 non
3001 2823 3256 2897 propria,
3285 2824 3390 2879 sed
3421 2822 3612 2879 aliena
3640 2840 3780 2896 pec-

2129 2919 2258 2971 cata
2290 2915 2301 2968 l
2331 2915 2403 2969 Et
2454 2913 2692 2982 idcirco,
2749 2915 2926 2971 frater
2983 2912 3350 2980 charissime,
3387 2912 3509 2968 haec
3553 2913 3666 2968 fuit
3709 2914 3777 2968 in

2128 3003 2372 3060 concilio
2405 3007 2605 3058 nostra
2634 3002 2943 3070 sententia,
2977 3020 3010 3059 a
3040 3001 3333 3074 baptismo
3383 3005 3559 3073 atque
3585 2999 3779 3074 gratia

2127 3092 2251 3160 Dei,
2275 3091 2374 3163 qui
2400 3090 2676 3147 omnibus
2722 3092 3054 3148 misericors
3104 3095 3162 3147 et
3200 3089 3493 3162 benignus
3535 3095 3592 3146 et
3636 3090 3776 3162 pius

370 3178 628 3250 parvulis
657 3179 1172 3234 ﬂentibustristior
1218 3179 1485 3250 quaedam
1509 3179 1702 3251 imago
1725 3183 2010 3235 monstre-
2043 3169 2087 3236 C
2125 3186 2232 3251 est,
2267 3181 2560 3237 neminem
2583 3197 2685 3252 per
2708 3196 2816 3236 nos
2846 3180 3054 3237 debere
3085 3178 3399 3251 prohiberi.
3423 3179 3586 3243 Quod
3629 3195 3770 3236 cum

369 3271 486 3321 tur.
520 3266 638 3321 Hoc
672 3267 837 3321 nobis
868 3271 1100 3338 praestet
1125 3267 1225 3323 Dei
1267 3267 1463 3332 timor,
1500 3273 1562 3323 ut
1613 3285 1817 3324 omnes
1873 3267 2019 3324 alios

370 3357 816 3409 contemnamus
845 3355 1106 3411 timores.
1155 3356 1402 3411 Proinde
1446 3361 1547 3412 aut
1585 3356 1830 3413 defende
1861 3358 2015 3430 quod

370 3441 584 3509 credis,
633 3445 734 3496 aut
771 3440 1037 3514 relinque
1087 3444 1241 3515 quod
1292 3445 1602 3500 defendere
1631 3446 1768 3514 {non
1829 3451 2012 3518 potes.

372 3532 791 3602 Quemcunque
834 3531 894 3586 in
935 3532 1334 3588 defensionem
1381 3534 1466 3589 tui
1513 3533 1848 3602 adduxeris,
1897 3551 2014 3590 non

367 3623 703 3692 patronum,
735 3620 837 3676 sed
869 3620 1095 3676 socium
1123 3621 1476 3678 nominabis.

440 3711 530 3766 18-
558 3714 744 3780 Quare
771 3712 1014 3782 infantes
1045 3712 1391 3767 babtizentur
1420 3730 1433 3767 :
1465 3716 1518 3768 et
1550 3714 1824 3784 Cypriani
1870 3715 2014 3769 testi-

367 3801 633 3855 monium.
677 3799 733 3855 C.
771 3800 886 3868 Dic,
921 3816 1137 3872 quaiso,
1169 3804 1226 3856 et
1274 3817 1368 3856 me
1421 3800 1581 3857 omni
1631 3802 1814 3857 libera
1853 3820 2014 3875 quae-

370 3888 576 3954 stione,
629 3905 810 3960 quare
863 3888 1138 3945 infantuli
1197 3890 1566 3961 baptizentur
1610 3891 1639 3945 ?
1687 3893 1750 3947 A.
1799 3891 1875 3947 Ut
1931 3892 2014 3949 eis

369 3980 606 4049 peccata
635 3977 692 4031 in
725 3977 1076 4050 baptismate
1106 3978 1498 4046 dimittantur,
1550 3980 1606 4035 C.
1659 3980 1804 4046 Quid
1855 3982 2012 4037 enim

368 4080 765 4122 commeruere
794 4066 1012 4138 peccati
1046 4067 1056 4120 l
1088 4066 1508 4139 Quisquamme
1521 4067 1909 4143 solviturjnon
1939 4069 2014 4125 li-

439 4241 454 4274 ¹
485 4239 696 4296 Vocem
728 4243 880 4298 illico
901 4259 971 4298 ex
1003 4244 1115 4299 fide
1145 4259 1290 4300 mss.
1325 4245 1687 4302 suffecimus.

439 4313 460 4346 ²
491 4313 556 4368 In
611 4313 795 4389 Vatic.
830 4319 914 4389 _et
967 4320 1144 4389 veter.
1197 4316 1360 4389 edit,
1421 4317 1662 4373 Stultum
1713 4325 1792 4374 est
1843 4319 2010 4389 ﬁdem

365 4400 547 4457 meam
572 4399 642 4438 ea:
670 4385 899 4440 alterius
925 4386 1168 4456 pdndere
1187 4387 1419 4457 judicio.

438 4454 462 4489 ³
493 4455 653 4537 idem
685 4454 1062 4540 Vat._{liei‘hic
1085 4454 1200 4514 esse
1224 4461 1456 4540 aliquos.
1491 4462 1674 4515 Vetus
1705 4460 1839 4516 edit.
1874 4478 2008 4519 cum

370 4527 604 4597 Regina:
638 4542 773 4594 ms.,
806 4527 918 4583 dici
947 4529 1044 4612 hoc
1072 4545 1206 4610 esse,
1239 4527 1345 4585 etc.
1426 4578 1433 4584 .

442 4598 463 4630 ⁴
489 4596 722 4672 _Vocem
767 4605 1020 4672 parentis
1068 4600 1264 4656 Vaticr
1310 4617 1424 4656 non
1468 4603 1751 4672 agnoscit,
1793 4608 1850 4659 et
1875 4604 2017 4672 legit

368 4666 543 4744 paulo
576 4673 708 4744 post
737 4666 923 4744 alieno
939 4675 999 4744 et
1027 4688 1122 4726 suo
1149 4681 1365 4743 peccato
1397 4666 1602 4728 Christi
1629 4666 1900 4744 sanguine
1931 4666 2013 4734 7i-

372 4739 612 4816 teratur.
650 4740 880 4816 Reginae
912 4741 1012 4800 lib.
1040 4739 1221 4800 alieno
1267 4746 1363 4800 aut
1405 4761 1501 4800 suo
1553 4739 1770 4816 peccato
1801 4751 2016 4804 tenetur

371 4811 578 4868 Christi
599 4811 888 4884 sanguine.
921 4818 1030 4878 etc,
1091 4877 1096 4882 l

439 4885 460 4917 ⁸
515 4885 684 4958 apud
735 4885 927 4956 ipsum
992 4885 1344 4958 Cyprianum
1383 4887 1618 4942 multum
1677 4891 1734 4944 et
1788 4893 2016 4946 remissa

368 4970 504 5032 cum
537 4956 803 5032 Vatic.‘et
832 4956 1006 5032 veteri
1038 4956 1200 5025 edit.,
1233 4961 1360 5012 tum
1392 4965 1555 5032 atque
1576 4963 1809 5032 aggratia
1840 4962 2014 5017 etiam

369 5026 543 5082 infra.
570 5028 782 5084 deinde
830 5030 904 5085 De
969 5045 1064 5089 ape
1109 5037 1298 5084 nostra
1349 5046 1412 5083 ac
1459 5026 1523 5084 de
1578 5026 1769 5087 divina
1800 5035 2015 5089 miseri-

366 5099 578 5171 cordia,
615 5099 1124 5171 quemadmodum
1176 5101 1352 5156 etiam
1405 5100 1558 5171 apud
1618 5101 1770 5157 Hier.
1819 5121 2016 5160 emen-

370 5169 648 5247 dandum:
683 5171 940 5247 vid_etur,_
978 5173 1376 5247 hlartianaeus
1411 5169 1789 5247 posteriorem
1839 5175 2016 5247 hujus

371 5237 741 5315 locigpartem
773 5243 1040 5315 Cypriani
1061 5261 1190 5300 esse
1222 5261 1336 5299 non
1364 5237 1666 5299 intellexit.

442 5309 464 5344 ⁸
494 5309 663 5388 Hunc
693 5309 903 5388 locu'm_
920 5315 1247 5388 respicitS.
1275 5316 1510 5388 Doctor.
1563 5316 1733 5388 epist.
1785 5315 1907 5387 134,
1942 5318 2013 5374 ad

368 5380 641 5462 August,
676 5399 784 5462 ηε)
819 5402 832 5440 :
866 5380 1035 5462 Certe
1061 5392 1134 5462 _et
1159 5386 1221 5442 in
1259 5385 1541 5462 _Dialogo,
1593 5380 1768 5458 quem
1831 5380 2018 5462 nuper

371 5451 547 5529 edidi,
580 5456 694 5526 tuae
725 5454 1130 5529 Beatitudinis,
1164 5451 1487 5529 utdignum
1519 5451 1727 5526 fuerat,
1752 5451 2014 5518 recorda-

369 5526 469 5579 tus
501 5539 656 5591 sum,
695 5546 721 5572 »
753 5528 860 5580 etc.

445 5595 466 5630 ⁸
521 5593 741 5669 Vitiose
789 5597 1164 5655 Martiauaeus
1235 5600 1536 5669 Heraclini,
1608 5599 1794 5662 Vatic.
1845 5607 2013 5664 Hera-

368 5665 556 5750 tleant
583 5682 598 5728 :
628 5669 798 5730 vetus
828 5669 970 5731 edit.
1003 5670 1148 5729 satis
1175 5669 1323 5729 bene
1368 5665 1733 5736 Heraclianw.
1788 5676 1852 5737 In
1885 5676 2016 5739 aliis

2128 3272 2282 3327 circa
2302 3270 2608 3325 universos
2636 3268 3066 3325 observandum
3089 3269 3166 3324 sit
3185 3271 3362 3340 atque
3372 3268 3774 3338 retinendum,

2124 3365 2252 3416 tum
2286 3357 2473 3431 magis
2503 3358 2660 3413 circa
2686 3357 2940 3414 infantes
2969 3357 3130 3430 ipsos
3159 3361 3218 3413 et
3246 3373 3447 3413 recens
3478 3361 3650 3414 natos
3674 3357 3780 3414 ob-

2125 3449 2475 3506 servandum
2508 3452 2669 3520 puta,
2719 3447 2818 3518 qui
2852 3447 2961 3503 hoc
3011 3447 3140 3519 ipso
3187 3447 3259 3502 de
3308 3461 3417 3518 ope
3453 3449 3654 3502 nostra
3695 3447 3776 3501 ad

2125 3538 2383 3594 divinam
2434 3537 2898 3593 misericordiam
2952 3534 3088 3608 plus
3139 3539 3458 3599 merentur,
3507 3534 3665 3606 quod
3711 3534 3778 3591 in

2125 3627 2314 3698 primo
2359 3626 2558 3683 statim
2611 3624 2932 3680 nativitatis
2993 3641 3110 3680 suae
3166 3627 3297 3679 ortu
3355 3622 3652 3694 plorantes
3705 3640 3778 3679 ac

2123 3717 2349 3782 ﬂentes,
2401 3713 2548 3769 nihil
2580 3711 2738 3768 aliud
2785 3711 3028 3779 faciunt,
3071 3728 3250 3784 quam
3294 3712 3706 3783 deprecantur.
3739 3734 3773 3763 υ

2193 3804 2282 3860 49.
2315 3803 2530 3858 Laudat
2561 3801 2616 3856 S.
2648 3803 3034 3873 Augustinum.
3063 3831 3133 3842 —-
3160 3799 3404 3873 Scripsit
3424 3801 3654 3856 dudum
3681 3801 3778 3858 vir

2123 3897 2363 3950 sanctus
2392 3896 2449 3948 et
2477 3891 2758 3962 eloquens
2788 3891 3099 3962 episcopus
3129 3888 3492 3962 Augustinus
3508 3889 3578 3944 ad
3609 3888 3772 3944 Mar-

2123 3981 2423 4046 cellinum,-
2453 3980 2553 4052 qui
2576 3983 2777 4051 postea
2797 3979 2907 4035 sub
2930 3979 3149 4034 invidia
3168 3978 3494 4051 tyrannidis
3519 3978 3542 4012 °
3567 3976 3773 4035 Hieru-

2121 4070 2295 4127 cliani
2325 4071 2344 4105 ⁷
2373 4069 2445 4125 ab
2477 4067 2763 4124 haereticis
2794 4068 3074 4123 innocens
3107 4082 3288 4123 caesus
3329 4070 3440 4135 est,
3491 4065 3644 4122 duos
3693 4065 3769 4122 li-

2121 4249 2290 4305 libris
2319 4246 2598 4304 scribitur
2626 4245 2937 4302 Heradiani
2999 4249 3051 4300 et
3083 4245 3283 4301 Heradi
3325 4243 3415 4316 vel
3445 4243 3642 4316 Erudit
3662 4259 3771 4316 pro

2077 4340 2083 4345 ·
2123 4321 2454 4377 Heracliam)
2483 4321 2585 4374 aut
2633 4317 2872 4372 Eraclio.
2924 4317 3097 4373 Porro
3148 4332 3222 4372 ne
3276 4315 3412 4372 facti
3460 4314 3770 4372 historiam

2435 4393 2752 4458 reeteream,
2785 4387 3167 4444 Heraclianus
3189 4387 3297 4442 iste
3325 4386 3535 4458 Africae
3551 4387 3768 4458 comes,

2441 4459 2641 4517 onorio
2689 4459 2956 4531 dificiens
3010 4475 3146 4515 cum
3202 4458 3431 4531 ingenti
3488 4457 3684 4531 classe
3713 4457 3769 4513 in

2120 4393 2358 4448 omnino

2120 4479 2254 4520 cum
2286 4463 2357 4518 ab

2044 4541 2092 4607 ι)
2125 4534 2355 4607 Italiam
2387 4537 2562 4605 atque
2591 4531 2662 4607 ad
2697 4530 2934 4607 [_erem_
2960 4529 3352 4596 contenderet,
3411 4529 3622 4607 Marini
3679 4544 3769 4586 cod

2125 4606 2286 4661 mitis
2318 4601 2561 4661 occursu
2595 4604 2666 4658 ad
2716 4601 3043 4658 Utriculum
3095 4607 3434 4674 superatus,
3481 4601 3625 4673 fuga
3676 4617 3769 4658 ar-

2125 4681 2307 4751 repta,
2341 4674 2775 4751 Carthaginem,
2779 4674 2993 4751 _rediit,
3027 4674 3127 4729 ubi
3156 4673 3416 4751 domum
3459 4677 3672 4744 captus
3717 4675 3774 4727 et

2125 4743 2315 4826 capite
2347 4743 2615 4826 minutus
2636 4750 2744 4826 est.
2779 4747 2937 4826 Tum.
2975 4762 3133 4826 vero-
3155 4743 3572 4826 Marcellinus,
3594 4757 3772 4826 quem

2124 4814 2427 4877 tribunum
2447 4820 2505 4874 et
2521 4817 2813 4873 notarium
2835 4815 3073 4872 miserat
3087 4814 3378 4871 Honorius
3398 4815 3458 4869 in
3492 4814 3748 4871 Africam

2151 4856 2166 4875 ι
2184 4856 2427 4876 manu...
2447 4856 2505 4874 υυ
2523 4856 2813 4873 “manu...
2835 4856 3272 4872 .....................
3289 4856 3378 4870 ων
3400 4856 3458 4869 ...
3601 4856 3747 4871 μω...

2131 4856 2197 4948 ut
2228 4893 2538 4972 sequester
2559 4893 2721 4972 esset
2759 4887 3100 4972 Collationis
3155 4887 3309 4972 inter
3360 4884 3694 4972 catholicos
3723 4856 3776 4943 el

2126 4956 2484 5034 Donatistae,
2515 4959 2659 5016 falso
2685 4958 2918 5034 delatus
2949 4960 3014 5014 ab
3044 4959 3443 5034 hqrcticigut
3489 4956 3772 5034 Hierony-

2125 5053 2260 5092 mus
2290 5028 2478 5099 vocat,
2500 5032 2731 5104 proprie
2778 5035 2973 5104 autem
3001 5048 3050 5104 Aa
3107 5028 3454 5104 Donatistis,
3512 5028 3769 5104 quorum

2126 5108 2325 5163 odium
2357 5100 2636 5172 subierat,
2670 5102 2824 5174 quod
2877 5119 2937 5158 se
2996 5101 3055 5157 in
3103 5100 3536 5174 catholicorum
3599 5101 3777 5174 causa

2127 5194 2408 5254 perquam
2451 5167 2705 5254 strenue.
2732 5174 3030 5254 gessisset,
3094 5177 3390 5254 tanquam.
3419 5167 3776 5254 Heracliaua';

2125 5243 2538 5323 perduellioois
2569 5243 2783 5323 socius,
2817 5243 3081 5323 ejusdem
3131 5243 3340 5323 Marini
3365 5244 3543 5323 jussu
3573 5243 3771 5322 securi

2125 5313 2452 5395 percutitur
2481 5334 2614 5373 cum
2647 5313 2920 5398 Aptingio
2953 5316 3150 5383 fratre,
3182 5313 3510 5397 Septembri
3541 5313 3772 5381 mense,

2125 5411 2220 5448 an.
2254 5391 2376 5448 413.
2409 5389 2636 5454 Confer,
2666 5405 2715 5444 ει
2747 5387 2930 5456 lubet,
2961 5388 3206 5461 August.
3239 5385 3561 5461 epist315_l,
3584 5385 3781 5461 et‘Noe

2209 5435 2220 5447 ι
2254 5428 2376 5448 ἰιυο
2411 5428 2636 5454 υυιιιισι,
2666 5428 2715 5444 οι
2747 5428 2930 5456 ιιι-νυν,
2961 5428 3206 5456 (lubt-ut.
3239 5428 3410 5456 Uti-uva.
3440 5428 3561 5451 μνη,

2125 5464 2333 5520 risinm
2363 5465 2656 5527 noetrum,
2684 5462 2891 5531 Hister.
2916 5455 3217 5531 Pelailib.
3248 5455 3350 5531 _1,c.
3381 5455 3417 5513 5
3448 5463 3459 5512 :
3495 5455 3771 5531 Orosius:

2125 5535 2227 5591 lib.
2260 5551 2361 5602 vn,
2386 5550 2519 5604 cap.
2569 5533 2656 5604 42,
2691 5554 2719 5583 ‹‹
2765 5527 3075 5600 Marinusf
3097 5529 3310 5604 inquit,
3342 5600 3352 5604 Α
3382 5533 3583 5604 comes
3617 5527 3779 5603 apud

2125 5600 2536 5682 Carthaginem
2588 5600 2898 5682 (ingertun
2943 5605 3064 5682 _est,
3113 5600 3234 5659 zelo
3281 5600 3674 5682 stimulatusf
3702 5619 3782 5666 au

2125 5695 2269 5743 auro
2301 5672 2635 5761 cdrruptus)
2665 5675 2726 5737 S.
2749 5673 3158 5743 Marcellinum,
3187 5672 3420 5754 cecidit,
3440 5693 3483 5736 ,η
