4082 6168
286 323 414 394 σιτ-ί

1667 342 1672 350 τ
1771 321 2163 390 ΑΡΡΒΒΒῘΧ
2175 364 2194 381 .

3563 324 3710 394 οη

287 456 422 513 bros
451 454 527 512 de
556 454 885 511 infantibus
915 452 1282 526 baptizandis
1311 458 1515 510 contra
1543 452 1812 508 haeresim
1841 467 1932 508 ve-
1961 455 2016 526 Α
2045 453 2160 508 fluo
2187 469 2198 507 :
2232 457 2334 508 aut
2361 451 2407 508 si
2444 467 2592 509 nova
2618 453 2978 510 voluerimus
3010 455 3221 522 dicere,
3271 473 3307 512 a
3349 453 3686 514 clarissimo

285 549 488 613 stram,
518 560 628 616 per
656 559 836 616 quam
864 543 1044 600 vultis
1072 559 1352 609 asserere,
1375 541 1658 614 baptizari
1676 542 1930 598 infantes

285 634 490 691 nonin
521 633 937 695 remissionem
983 635 1374 704 peccatorum,
1425 634 1524 687 sed
1574 631 1635 685 in
1684 647 1931 702 regnum

285 715 582 789 calorum,
599 723 774 792 juxta
814 719 962 776 illud
1006 721 1161 792 quod
1207 719 1490 791 scriptum
1539 725 1632 775 est
1660 719 1718 774 in
1750 720 1932 774 Evan-

287 811 470 885 gelia:
496 832 526 860 κ
551 808 674 867 Nisi
695 807 838 881 quis
852 813 1093 864 renatus
1130 807 1307 864 fuerit
1341 824 1410 864 ex
1435 825 1589 882 aqua
1627 812 1684 863 et
1713 806 1930 879 Spiritu

291 903 520 965 sancto,
562 915 674 954 non
718 903 910 970 potest
959 896 1178 954 intrare
1235 897 1294 952 in
1351 913 1595 970 regnum
1653 895 1931 952 caelorum

297 987 482 1058 (Joan.
515 1002 596 1053 iu,
625 985 702 1056 3).
736 1006 768 1034 ››
795 983 1060 1039 Tertium
1092 999 1325 1056 quoque
1355 985 1428 1039 ad
1476 983 1747 1040 eumdem
1781 983 1932 1040 Mar-

299 1074 572 1132 celiinum
613 1076 820 1128 contra
849 1088 956 1128 eos
983 1072 1135 1128 δοῦ
1185 1071 1286 1144 qui
1338 1071 1546 1128 dicunt
1590 1073 1744 1128 idem
1776 1073 1930 1144 quod

299 1181 416 1231 vos,
448 1177 618 1235 posse
645 1163 664 1197 ¹
697 1161 997 1218 hominem
1037 1161 1164 1217 sine
1213 1165 1448 1233 peccato
1494 1178 1642 1227 esse,
1694 1162 1743 1217 si
1772 1161 1930 1230 velit,

293 1253 522 1324 absque
543 1250 643 1306 Dei
682 1250 889 1323 gratia.
920 1249 991 1304 Et
1011 1254 1289 1321 quartum
1312 1266 1500 1321 nuper
1518 1250 1590 1306 ad
1614 1249 1934 1309 Hilarium”

285 1347 488 1397 contra
504 1339 837 1396 doctrinam
871 1343 1059 1404 tuam,
1082 1336 1270 1393 multa
1291 1353 1560 1409 perversa
1591 1339 1929 1411 fingentem.

279 1429 444 1485 Alios
514 1443 752 1501 quoque
824 1424 1156 1499 specialiter
1226 1432 1328 1485 tuo
1421 1427 1643 1484 nomini
1721 1429 1934 1484 cudere

283 1517 528 1585 dicitur,
584 1516 690 1589 qui
735 1515 988 1572 necdum
1043 1514 1104 1569 in
1145 1519 1379 1571 nostras
1431 1533 1638 1572 venere
1696 1533 1929 1572 manus.

281 1608 448 1664 Unde
471 1604 980 1679 supersedendum
1021 1603 1159 1660 huic
1197 1603 1381 1660 labori
1419 1620 1647 1670 censeo,
1680 1621 1752 1660 ne
1776 1605 1934 1661 dica-

283 1702 386 1752 tur
412 1695 564 1751 mihi
595 1693 745 1749 illud
773 1691 1033 1749 Horatii:
1067 1715 1095 1743 ‹‹
1132 1694 1196 1748 In
1244 1691 1450 1748 silvam
1507 1710 1579 1749 ne
1625 1693 1785 1766 ligna
1815 1694 1929 1767 (lib.

287 1802 326 1852 ι,
356 1789 465 1842 ω.
500 1784 610 1856 1ο).
636 1805 666 1835 ››
696 1783 810 1839 Aut
845 1782 1003 1838 enim
1041 1781 1243 1838 eadem
1283 1781 1610 1838 diceremus
1639 1799 1708 1838 ex
1728 1799 1932 1856 super-

321 1987 326 1991 λ
358 1966 378 2001 ε
409 1963 690 2020 Servatus
720 1962 918 2031 Lupus
955 1960 1017 2015 in
1058 1960 1394 2016 Collectaneo
1441 1961 1512 2016 de
1556 1960 1734 2015 tribus
1764 1963 1931 2031 Quas-

280 2031 1505 2104 slianibushancexliieronymopericopem
1537 2031 1667 2104 fuse
1706 2031 1930 2099 recitat,

282 2107 554 2182 legitqge
573 2121 700 2182 cum
731 2102 1085 2182 impressis;
1098 2102 1246 2182 Mss:
1290 2102 1486 2182 autem
1519 2102 1657 2169 duo,
1680 2119 1933 2182 quorum

288 2173 448 2250 alter
458 2173 706 2250 'Reginaa
726 2173 845 2250 est,
864 2174 915 2250 al
925 2179 1024 2250 ter
1047 2173 1433 2250 Corbeiensis,
1479 2190 1656 2250 penes
1673 2173 1936 2250 ABenedi-

287 2248 489 2305 cti‘nos
527 2245 589 2303 Si
607 2245 911 2313 Augustini
936 2245 1208 2309 editores,
1242 2246 1348 2313 Qui
1374 2245 1584 2309 dicunt,
1625 2245 1683 2299 id
1713 2250 1794 2300 est
1823 2261 1932 2310 vos,

279 2334 461 2392 posse,
512 2322 620 2374 etc.
681 2317 847 2374 Unus
887 2318 1070 2372 Vatic.
1130 2317 1278 2371 Idem
1336 2333 1444 2372 vos.
1501 2318 1788 2371 Caeterum
1817 2318 1934 2372 Non

279 2393 490 2448 absone
515 2391 620 2446 Dei
647 2391 839 2448 gratia
863 2387 1132 2448 Pelagius
1172 2386 1337 2443 dixit.

777 2406 839 2444 ta.-
864 2404 1132 2444 PBIBEIUS
1172 2404 1337 2443 αικιι.

278 2404 842 2537 “$13131:
864 2404 1337 2537 Γὲἓῗξέἓεῒᾷὲ.
1367 2457 1472 2537 ille
1523 2457 1770 2537 antistes
1823 2462 1936 2524 est,

280 2535 462 2606 cujus
520 2535 684 2606 extat
753 2528 1004 2606 epistola
1057 2531 1178 2598 156,
1226 2529 1392 2606 inter
1448 2528 1934 2606 Augustinianas,

281 2599 468 2678 quam
500 2603 720 2676 saepius
759 2599 1152 2669 laudavimus,
1185 2605 1242 2656 et
1288 2601 1360 2656 ad
1410 2599 1588 2672 quam
1623 2599 1935 2674 Augustini

1963 1837 2014 1902 B

2041 540 2275 612 ingenio
2307 547 2589 613 occupata
2620 547 2761 598 sunt
2796 543 3056 598 meliora.
3104 548 3222 600 Hoc
3249 561 3438 604 unum
3464 544 3685 610 dicam,

2042 635 2107 684 ut
2131 630 2368 685 tandem
2399 629 2638 686 finiatur
2673 632 2879 697 oratio,
2931 637 3034 686 aut
3080 649 3293 688 novum
3341 649 3442 689 vos
3474 633 3683 694 debere

2040 718 2374 792 symbolum
2415 720 2665 790 tradere,
2725 721 2888 778 808
2944 725 3010 778 ut
3062 725 3196 792 post
3246 722 3477 780 Patrem
3505 726 3562 776 et
3591 720 3681 776 Fi-

2044 807 2189 862 lium
2234 810 2293 862 et
2319 807 2607 879 Spiritum
2660 814 2932 866 sanctum
2983 810 3292 882 haptizetis
3342 809 3593 872 infantes
3622 808 3682 868 in

2041 913 2287 969 regnum
2319 895 2621 966 oculorum,
2648 902 2749 954 aut
2794 898 2845 954 si
2903 917 3086 954 unum
3146 904 3202 954 et
3249 899 3309 954 in
3343 897 3600 971 parvulis
3629 902 3687 956 et

2041 985 2100 1040 in
2129 985 2361 1057 magnis
2392 985 2619 1042 habetis
2647 985 2966 1058 baptisma,
2997 987 3208 1047 etiam3
3236 987 3494 1046 infantes
3519 986 3578 1042 in
3600 1000 3687 1042 re-

2041 1073 2384 1130 missionem
2415 1079 2782 1145 peccatorum
2826 1075 3210 1146 baptizandos
3260 1075 3319 1130 in
3351 1074 3688 1132 similitudi-

2041 1179 2174 1218 nem
2206 1163 2694 1234 praevaricationis
2723 1165 2929 1222 Adam.
2973 1165 3136 1231 Quod
3177 1165 3226 1219 si
3266 1164 3494 1235 injuste.
3519 1163 3686 1220 vobis

2038 1251 2271 1306 videtur
2299 1250 2622 1306 alienorum
2657 1252 2926 1308 remissio
2974 1257 3368 1323 peccatorum,
3421 1268 3540 1324 qua
3567 1268 3689 1310 non

2040 1339 2266 1412 indiget
2296 1339 2396 1411 qui
2431 1355 2670 1411 peccare
2701 1357 2816 1398 non
2864 1340 3074 1412 potuit,
3129 1341 3373 1398 transite
3419 1341 3491 1396 ad
3523 1356 3684 1396 ama-

2041 1429 2197 1484 sium
2225 1433 2486 1483 vestrum
2524 1427 2902 1500 (Origenem),
2951 1428 3053 1501 qui
3085 1429 3378 1501 praeterita
3424 1428 3487 1484 in
3523 1427 3690 1485 caelis

2041 1520 2098 1572 et
2125 1516 2368 1587 antiqua
2392 1514 2604 1572 delicta
2625 1515 2768 1571 solvi
2791 1516 2932 1572 dicit
2954 1518 3014 1572 in
3061 1517 3380 1589 baptismo,
3424 1522 3490 1572 ut
3513 1518 3689 1588 cuius

2042 1605 2103 1660 in
2133 1603 2354 1660 caeteris
2383 1604 2733 1660 auctoritate
2763 1605 3070 1673 ducimini,
3103 1605 3283 1663 etiam
3309 1607 3370 1661 in
3388 1605 3499 1662 hac
3522 1609 3688 1678 parte

2042 1709 2297 1750 errorem
2337 1692 2727 1764 sequamini‘.

2041 1960 2344 2034 responsio
2415 1960 2712 2031 scribitur,
2790 1962 2960 2034 epist.
3034 1961 3162 2030 457,

2041 2033 2452 2104 Hieronymus.

2111 2104 2132 2137 ³
2163 2102 2452 2158 Victorius
2483 2102 2646 2160 addit
2675 2104 2923 2168 credatis,
2957 2119 3074 2174 qua
3121 2104 3246 2159 sine
3293 2120 3428 2161 voce
3459 2104 3689 2161 nullum

2041 2191 2172 2230 esse
2203 2174 2486 2230 orationis
2515 2190 2755 2229 sensum
2807 2174 3126 2230 contendit.
3169 2176 3310 2230 Mss.
3363 2180 3561 2232 autem
3593 2193 3697 2232 ne.

2044 2246 2172 2310 slri,
2203 2251 2304 2300 aut
2334 2262 2482 2316 quos
2510 2245 2608 2300 alii
2640 2246 3004 2309 consuluere,
3030 2263 3143 2300 non
3177 2253 3525 2314 agnoscunt.

2113 2317 2134 2350 ⁴
2170 2317 2270 2371 Hic
2299 2317 2570 2388 'addens:
2621 2318 2857 2388 Explicit
2895 2317 3152 2388 Dialogus
3199 2319 3522 2388 Hieronymi
3562 2333 3690 2388 pre-

2041 2387 2265 2458 sbyteri,
2289 2387 2538 2442 Vallars.
2573 2387 2774 2443 subdit
2804 2387 3106 2444 notulam:
3149 2411 3176 2436 «
3213 2389 3274 2444 In
3308 2387 3510 2444 multis
3542 2387 3688 2444 mss.

2044 2457 2318 2540 subditur
2348 2458 2961 2540 Hieronymianobuic
3005 2458 3235 2540 dialogo
3268 2460 3448 2540 Orosii
3472 2461 3690 2540 presby-

2045 2531 2149 2604 teri
2179 2530 2738 2604 liber_Apologet_icus,
2795 2531 2865 2585 de
2907 2545 3022 2601 quo
3067 2530 3322 2586 diximus
3370 2531 3426 2585 in
3460 2531 3693 2604 praefixa

2043 2601 2473 2656 Admonitione.
2512 2623 2540 2648 ››
2574 2601 2735 2656 Enrr.

3255 1979 3434 2035 quam
3495 1963 3693 2020 innuit

277 2751 2952 2788 mm

498 2903 1365 3044 THEODORI
1455 2903 2568 3028 MOPSUESTEN
2578 2907 2633 3027 Ι
2720 2907 3483 3032 EPISCOPI

1486 3167 2506 3302 FRAGMENTA.

1111 3529 1134 3586 Ι

293 3619 374 3675 ne
385 3616 628 3674 secundo
647 3617 818 3676 codice
840 3619 854 3652 ¹
887 3616 1006 3668 libri
1024 3618 1200 3680 quarti
1220 3617 1348 3667 folio
1368 3616 1784 3680 decimo,contra
1803 3630 1954 3665 sanc-

364 3683 485 3744 tum
515 3680 898 3744 augustinum'
945 3679 1323 3744 defendentem
1367 3679 1622 3744 originale
1656 3683 1947 3744 peccatum,

365 3745 422 3814 et
449 3740 624 3814 Adam
651 3743 1218 3814 per‘trangressionem
1249 3740 1526 3792 mortalem
1549 3740 1744 3791 factum
1771 3742 1952 3790 catho-

326 3844 338 3848 -
365 3804 473 3860 lica
500 3802 868 3858 disserentem.

370 3883 530 3944 801
565 3905 596 3933 ιι
651 3883 852 3942 Tantis
920 3883 1285 3946 exstantibus
1362 3900 1488 3954 quae
1547 3884 1952 3947 demonstrent

299 3972 493 4038 Adam
521 3970 610 4028 sic
637 3987 706 4031 ex
730 3976 894 4028 terra
915 3972 1256 4036 formatum,
1290 3980 1353 4028 ut
1401 3971 1668 4034 mortalis
1710 3988 1951 4044 prorsus

298 4062 600 4128 existeret,
651 4077 790 4133 erga
835 4061 1032 4126 cibum
1081 4061 1384 4133 proprium
1423 4061 1610 4118 voluit
1667 4076 1953 4133 occupare

295 4165 658 4220 sermonem,
694 4165 801 4214 nec
819 4149 1029 4210 exinde
1048 4148 1249 4210 valens
1263 4150 1286 4188 ³
1305 4150 1602 4208 advertere
1627 4149 1949 4215 veritatem,

296 4254 410 4312 pro
433 4239 717 4319 dogmate
753 4254 909 4306 vero,
945 4238 1276 4300 seductorio
1301 4254 1371 4298 ex
1419 4237 1746 4302 mendacio,
1779 4238 1951 4293 advo-

296 4328 941 4400 cationem‘jungens:
976 4343 1093 4391 non
1115 4328 1198 4388 ait
1244 4326 1396 4395 (Gen.
1447 4344 1510 4393 ιι,
1542 4330 1653 4394 17,)
1696 4328 1952 4384 Mortales

297 4418 476 4486 eritis,
509 4416 618 4474 sed
670 4419 845 4476 Marte
897 4417 1234 4483 moriemini,
1268 4431 1512 4487 prorsus
1564 4415 1957 4476 existentibus

298 4510 510 4561 natura
570 4503 922 4560 mortalibus
980 4504 1191 4559 inferre
1257 4503 1463 4559 mortis
1535 4505 1950 4575 experientiam

298 4583 721 4659 cemminatus,
764 4608 940 4664 quam
987 4591 1164 4647 etiam
1208 4592 1378 4662 juxta
1436 4607 1657 4673 morem
1708 4592 1954 4662 propriae

300 4681 690 4754 benignitatis
720 4681 799 4736 ad.
824 4681 1098 4736 affectum
1142 4681 1462 4752 perducere
1510 4674 1760 4738 distulit.
1793 4680 1956 4736 Sicut

303 4770 470 4828 enim
496 4786 630 4830 cum
663 4769 837 4827 dicit:
872 4771 987 4841 Qui
1015 4769 1269 4842 eﬂuderit
1315 4769 1558 4825 hominis
1605 4772 1952 4840 sanguinem,

382 4927 396 4961 ¹
427 4925 706 5002 Excerpta
725 4946 796 4985 ex
811 4927 993 5002 libris
1012 4928 1301 5002 Theodori
1329 4929 1721 5002 Mopsuesteni
1755 4934 1958 4986 contra

299 5000 620 5067 Hiramum,
650 5001 771 5057 sive
809 5000 1246 5069 Hieronymum,
1272 5001 1387 5056 huc
1427 5000 1652 5056 adscita
1682 5017 1751 5056 ex
1777 5002 1956 5057 Mario

300 5072 716 5148 Mercatura}
733 5089 858 5148 quo
891 5072 1098 5148 Latine
1114 5072 1346 5128 reddita
1365 5075 1526 5148 sunt,
1550 5089 1784 5148 suoque
1799 5073 1957 5148 Operi

300 5143 530 5216 inserta
557 5144 618 5198 in
652 5142 964 5216 Baluziana
994 5143 1179 5216 redit"?
1235 5160 1367 5215 pag.
1416 5142 1542 5198 339.
1593 5142 1957 5216 Et'prim‘um

339 5215 545 5270 uidem
579 5215 737 5270 edita
766 5220 910 5270 sunt
955 5215 1027 5269 ab
1070 5215 1440 5270 eminentiss.
1491 5215 1727 5271 concive
1760 5221 1958 5270 nostro

354 5285 560 5343 enrico
590 5286 823 5358 Norisio
846 5288 906 5342 in
934 5287 1074 5358 Hist.
1105 5287 1429 5358 Pelagiana,
1474 5285 1624 5342 libro
1657 5304 1694 5352 1,
1729 5302 1856 5358 cap,
1885 5289 1956 5341 9:

303 5358 407 5414 sed
438 5358 652 5414 eadem
681 5357 771 5414 bis
791 5357 972 5414 edidit
990 5357 1307 5413 Garnerius
1334 5373 1588 5428 quoque,
1614 5359 1754 5429 quia
1782 5359 1958 5428 perti-

305 5430 687 5559 rﬁenttgartim
709 5429 780 5485 ad
806 5429 1103 5502 negotium
1125 5429 1367 5501 Pelagii,
1385 5429 1598 5500 partim
1627 5431 1696 5484 ad
1721 5445 1959 5486 causam

362 5517 428 5558 es
497 5517 591 5556 ω.

362 5499 591 5558 estorii.

374 5573 398 5612 ³
427 5571 716 5634 Rescribe
761 5572 1175 5646 Hieronymum,
1226 5574 1285 5629 et
1332 5569 1520 5630 recole
1557 5588 1684 5652 qua
1730 5571 1792 5630 in
1822 5588 1964 5650 pra-

633 5699 908 5769 Panos.
951 5697 1175 5769 XXIII.

1971 3529 2013 3595 C
2055 3529 2348 3600 sanguinis
2375 3529 2492 3600 ejus
2534 3544 2636 3600 pro
2686 3545 2747 3583 eo
2801 3529 3063 3600 fundetur
3119 3528 3272 3600 (Gen.
3333 3547 3411 3599 1x,
3471 3530 3526 3602 6)
3582 3547 3699 3587 non

2063 3615 2172 3673 hoc
2204 3617 2347 3672 dicit
2368 3618 2509 3688 quia
2529 3617 2628 3688 qui
2652 3617 2928 3672 occiderit
2943 3618 3263 3684 hominem,
3283 3619 3394 3673 erit
3413 3619 3716 3685 mortalis,

2062 3706 2162 3761 sed
2195 3706 2334 3776 quia
2366 3705 2583 3776 dignus
2604 3709 2692 3760 est
2714 3705 3055 3774 hujusmodi
3080 3710 3265 3760 morte
3286 3705 3551 3764 damnari
3579 3724 3592 3773 ;
3617 3707 3704 3761 sic

2061 3792 2204 3848 etin
2241 3794 2684 3865 praesentiarum
2738 3793 2919 3848 dixit:
2972 3793 3134 3848 Morte
3180 3795 3533 3860 moriemini;
3587 3811 3702 3849 non

2060 3882 2218 3954 quod
2249 3886 2389 3936 tunc
2419 3881 2696 3937 mortales
2724 3881 2948 3948 ﬁerent,
2982 3883 3081 3937 sed
3114 3882 3269 3954 quod
3316 3883 3478 3955 digni
3508 3887 3706 3950 essent

2061 3971 2161 4045 qui
2194 3971 2399 4026 mortis
2449 3970 2800 4025 sententiam
2853 3988 2956 4042 pro
3007 3972 3505 4044 transgressione5
3537 3973 3708 4027 refer-

2061 4061 2207 4114 rent.
2243 4059 2353 4114 Sed
2385 4063 2442 4114 et
2467 4059 2724 4114 divinam
2767 4059 3142 4127 sententiam,
3184 4076 3362 4131 quam
3413 4064 3544 4132 post
3574 4077 3707 4133 pec-

2061 4153 2258 4204 catum
2293 4149 2443 4202 Deus
2480 4148 2614 4203 Adae
2642 4147 2856 4205 inferre
2876 4149 3126 4216 videtur,
3157 4151 3403 4204 adverte.
3429 4150 3520 4204 Sic
3550 4150 3706 4203 enim

2060 4236 2238 4292 dicit:
2275 4238 2414 4304 Quia
2455 4237 2666 4292 audisti
2712 4255 2892 4294 vocem
2939 4241 3130 4292 uxoris
3174 4241 3301 4305 tuae,
3348 4241 3399 4292 et
3427 4237 3712 4293 comedisti

2062 4326 2128 4381 de
2158 4327 2304 4398 ligno
2333 4326 2398 4381 de
2439 4342 2540 4397 quo
2591 4343 2964 4399 prmceperam
3021 4327 3124 4382 tibi
3178 4325 3243 4381 de
3300 4327 3398 4382 hoc
3451 4327 3568 4382 solo
3596 4341 3708 4381 non

2060 4415 2354 4481 comedere,
2396 4432 2466 4470 ex
2517 4433 2576 4471 eo
2617 4416 2921 4483 comedisti,
2970 4415 3260 4471 maledicta
3304 4418 3454 4472 terra
3497 4417 3555 4469 in
3585 4430 3707 4487 ope-

2061 4504 2218 4559 ribus
2247 4506 2379 4572 tuis,
2412 4505 2471 4558 in.
2501 4507 2733 4561 tristitia
2763 4505 3002 4561 comedes
3049 4521 3170 4560 eam
3225 4505 3477 4561 omnibus
3523 4503 3711 4558 diebus

2061 4594 2196 4649 vitae
2215 4595 2358 4655 tum;
2384 4594 2575 4664 spinas
2596 4598 2648 4648 et
2673 4594 2906 4650 tribulos
2929 4595 3174 4666 proferet
3221 4595 3342 4657 tibi,
3395 4601 3445 4648 et
3474 4589 3714 4649 comedes

2062 4686 2252 4751 fenum
2281 4683 2426 4749 agri,
2458 4685 2598 4738 etin
2638 4683 2833 4740 sudore
2873 4684 3059 4738 vultus
3109 4683 3194 4738 tui
3234 4683 3472 4738 comedes
3515 4698 3714 4754 panem

2063 4772 2240 4835 tuum,
2270 4769 2439 4824 donec
2468 4773 2764 4827 revertaris
2803 4773 2864 4826 in
2904 4780 3108 4831 terram
3157 4770 3311 4844 (Gen.
3361 4787 3445 4838 III,
3497 4768 3710 4840 47-19).

1987 4898 2030 4962 D
2068 4930 2182 4985 lixa
2211 4928 2665 5002 Hieronymiano
2697 4930 2937 5002 Dialogo
2989 4929 3397 4986 Admonitione
3427 4927 3710 5002 diximus,

2066 5016 2231 5073 num.
2263 5001 2316 5054 3.
2345 4999 2478 5073 Quae
2503 4999 2946 5073 subsequuntur
2981 5003 3417 5067 Adnotationes,
3443 5017 3512 5055 ex
3541 4999 3712 5056 Baln-

2067 5072 2154 5127 zio
2187 5072 2600 5126 describimus.

2141 5144 2163 5176 ³
2192 5143 2474 5198 Henricus
2491 5144 2562 5198 de
2584 5143 2752 5198 Noris
2781 5142 2962 5198 edidit
2993 5144 3197 5208 volens,
3228 5147 3294 5197 ut
3323 5147 3411 5198 est
3439 5142 3495 5197 in
3521 5142 3717 5204 codice

2069 5214 2376 5282 Vaticano,
2411 5232 2527 5285 quo
2559 5214 2611 5268 is
2645 5231 2789 5268 usus
2820 5219 2927 5269 est.

2141 5285 2574 5358 ‘Idemuhabct
2619 5287 3070 5353 adminationem,
3132 5285 3437 5350 nimirum,
3482 5287 3712 5358 opinor,

2072 5361 2309 5431 prepter
2338 5356 2438 5431 illa
2468 5373 2592 5427 quae
2617 5361 2971 5428 sequuntur,
2995 5358 3203 5428 inferre
3219 5360 3414 5413 mortis
3433 5356 3714 5431 experien-

2073 5429 2206 5483 tiam
2227 5430 2611 5483 comminatus.

2143 5500 2165 5536 ⁵
2189 5499 2382 5569 Neris,
2395 5515 2496 5573 per
2519 5500 3015 5574 transgressionem,
3038 5504 3099 5557 ut
3119 5498 3179 5557 in
3198 5499 3394 5559 codice
3411 5500 3712 5575 Vaticano,

3319 5701 3399 5770 90
