4082 6168
342 300 462 371 619

343 543 736 585 mrumnosam
782 526 965 584 vitam
1007 527 1316 585 habiturus
1365 531 1571 595 esset‘,
1621 545 1756 585 cum
1787 527 1985 585 labore

343 604 618 690 deinceps
633 617 858 673 fructus
873 616 944 673 de
955 621 1110 674 terra
1122 622 1488 691 sumpturus,
1505 618 1720 689 quibus
1736 616 1991 673 aleretur

344 709 521 779 atque
551 706 919 773 subsisteret,
956 722 1330 779 nequaquam
1362 706 1609 776 habens,
1641 712 1706 761 ut
1736 705 1984 778 pridem,

341 798 569 852 tantam
600 794 960 868 propositam
986 794 1338 867 largitatem,
1383 800 1604 867 quanta
1631 811 1700 851 ex
1729 795 1985 867 paradisi

345 884 514 958 copia
558 883 879 940 fruebatur.
928 882 1054 939 Non
1100 884 1259 940 enim
1307 884 1533 956 operari
1600 887 1813 939 terram
1880 900 1986 956 pro

345 971 639 1047 supplicio
669 972 830 1028 dedit
857 977 1031 1040 Deus,
1067 972 1237 1045 quasi
1284 990 1354 1028 ex
1406 972 1727 1029 immortali
1776 976 1988 1027 natura

345 1062 407 1119 in
427 1061 846 1119 mortalitatem
868 1060 1138 1118 homines
1156 1063 1535 1131 transferens,
1554 1061 1708 1117 808
1730 1061 1923 1132 quand
1933 1077 1988 1116 o-

345 1152 583 1226 quidem
615 1155 672 1208 et
700 1151 1039 1225 paradisum
1072 1151 1145 1222 ei,
1177 1156 1244 1207 ut
1271 1156 1609 1223 operaretur
1637 1154 1694 1205 et
1723 1151 1986 1206 custodi-

344 1244 454 1313 ret,
466 1239 694 1296 indixit.
727 1240 834 1296 Pro
863 1243 1026 1296 tanta
1052 1255 1185 1295 vero
1216 1239 1468 1311 pristina
1505 1239 1774 1311 largitate
1804 1244 1861 1294 et
1889 1256 1985 1295 vo-

342 1330 564 1403 luptate
594 1327 872 1402 paradisi,
921 1344 1313 1385 mrumnosam
1362 1329 1490 1400 ejus
1524 1327 1643 1383 fore
1691 1332 1983 1383 sustenta-

341 1420 562 1476 tionem
585 1418 656 1474 de
674 1420 841 1473 terras
870 1416 1162 1472 fructibus
1200 1416 1611 1472 comminatur.
1644 1416 1789 1470 Nam
1820 1433 1982 1488 pror-

340 1522 445 1566 sus
474 1512 540 1563 ut
567 1504 833 1562 mortalis
865 1506 1104 1573 factus”,
1137 1508 1195 1560 et
1226 1509 1365 1560 tunc
1408 1504 1664 1576 paradisi
1697 1505 1983 1561 fructibus

339 1596 663 1669 indigebat,
686 1594 838 1649 sicut
853 1598 996 1649 tunc
1012 1597 1180 1649 terrae
1230 1593 1458 1648 fructus
1494 1592 1765 1663 inquirit,
1792 1597 1849 1649 et
1870 1610 1975 1665 pro

340 1683 631 1758 supplicio
644 1682 911 1755 pristinis
928 1682 1233 1738 fraudatus
1246 1680 1606 1747 deliciis,hac
1619 1683 1987 1738 aerumnosis-

342 1774 497 1831 sima
550 1770 1133 1842 laboriosissimaque
1202 1772 1636 1826 conversatione
1699 1775 1981 1826 mutatur.

343 1863 508 1919 Unde
526 1862 597 1917 ad
620 1862 980 1933 postremum
995 1864 1417 1930 consequenter
1437 1859 1650 1930 adjecit
1674 1876 1685 1915 :
1714 1861 1819 1929 Qui
1839 1865 1987 1915 terra

341 1968 417 2022 es,
440 1956 494 2008 et
523 1950 815 2007 reverteris
844 1950 905 2003 in
931 1956 1138 2003 terram
1167 1946 1321 2019 (Gen.
1354 1965 1437 2017 ιιι,
1474 1934 1583 2019 19),
1616 1947 1754 2004 hinc
1777 1949 1988 2005 etiam3

343 2038 763 2098 mortalitatem
811 2040 1033 2094 natura
1081 2035 1444 2109 significans.
1500 2038 1625 2092 Non
1666 2037 1824 2093 enim
1874 2038 1985 2092 im-

343 2127 576 2187 mortali
632 2130 691 2184 et
747 2142 904 2182 nunc
958 2125 1217 2198 primum
1284 2125 1584 2198 incipienti
1634 2126 1985 2182 sententiam

344 2218 552 2276 mortis
598 2216 881 2289 excipere,
941 2215 1096 2271 sicut
1163 2214 1581 2288 sapientissimi
1651 2215 1989 2271 defensores

342 2305 567 2383 peccati
600 2302 925 2379 originalis,
977 2304 1095 2359 imo
1134 2305 1333 2376 potius
1379 2308 1573 2376 patres
1622 2304 1843 2376 peccati
1877 2304 1985 2359 mi-

343 2394 579 2463 rabiles,
610 2397 964 2455 asseverant.
997 2392 1345 2449 vocabulum
1377 2393 1515 2449 huic
1549 2398 1713 2448 terrae
1753 2409 1987 2464 compo-

343 2485 538 2553 suit‘;
569 2485 672 2541 sed
698 2486 765 2539 ut
792 2482 866 2538 ab
898 2481 1133 2537 exordio
1164 2480 1510 2537 naturaliter
1530 2482 1734 2538 effecto
1757 2480 1990 2538 mortali

344 2572 798 2648 appellationem
866 2570 1018 2625 hanc
1078 2586 1397 2644 congruere
1444 2571 1732 2643 judicavit
1794 2570 1992 2628 divina

345 2662 669 2736 Scriptura,
693 2660 803 2718 hoc
824 2660 895 2715 de
932 2658 1273 2715 hominibus
1297 2658 1647 2715 vocabulum
1692 2659 1762 2715 ad
1796 2664 1991 2715 osten-

351 2752 578 2810 sionem
620 2746 1020 2823 corruptibilis
1057 2752 1115 2805 et
1145 2749 1507 2806 resolubilisIs
1536 2766 1736 2805 eorum
1770 2754 1991 2805 natura:

356 2842 572 2916 saepius
618 2856 949 2897 assumens.
995 2862 1018 2890 ι
1079 2840 1226 2896 Nam
1282 2838 1605 2895 Recordatus
1658 2842 1758 2906 est,
1806 2839 1997 2909 inquit

363 2935 495 3009 quia
515 2931 921 3006 pulvissumus
949 2946 964 2986 :
995 2929 1172 3000 homo,
1202 2930 1345 2985 sicut
1370 2931 1561 3000 fenum
1607 2928 1721 2984 dies
1777 2930 1914 3000 ejus,
1944 2938 1997 2985 et

360 3028 503 3082 sicut
527 3022 626 3093 ﬂos
668 3020 810 3092 agri,
860 3021 940 3075 ita
976 3018 1208 3090 ﬂorebit,
1257 3020 1395 3090 quia
1440 3018 1669 3090 spiritus
1710 3026 1996 3089 pertrans-

362 3116 467 3172 ivit
494 3114 552 3168 in
583 3126 666 3179 eo,
695 3117 748 3165 et
775 3125 886 3165 non
921 3110 1027 3165 erit
1072 3108 1309 3179 amplius
1359 3108 1506 3164 locus
1551 3108 1667 3179 ejus
1699 3108 1868 3179 (Psal.
1896 3124 1992 3176 cu,

350 3204 462 3275 14).
494 3198 633 3255 Vult
653 3174 855 3255 autem
878 3197 1069 3254 dicere
1090 3174 1243 3268 quod
1267 3174 1673 3268 corruptibiles
1695 3174 1752 3251 et
1772 3174 1990 3261 resolu-L
2024 3174 2066 3242 (ἶ

347 3291 499 3348 biles
520 3303 726 3344 omnes
747 3302 955 3341 sumus
973 3285 1030 3340 in
1055 3285 1294 3340 modum
1318 3285 1434 3340 feni
1458 3301 1772 3357 parumper
1788 3285 1993 3341 ﬂoren-

346 3375 855 3451 tispereuntisque
889 3372 1518 3446 postpaululum.Nam
1553 3374 1625 3430 ad
1661 3375 1835 3431 breve
1858 3374 1991 3446 qui-

346 3468 482 3525 dem
504 3472 739 3537 tempus
759 3463 938 3519 vitain
975 3462 1321 3531 ducimus“;
1358 3462 1431 3518 ad
1468 3479 1582 3518 non
1622 3463 1991 3519 existendum

342 3573 480 3615 vero
501 3554 780 3627 deinceps
800 3551 1138 3619 omnimodo
1162 3552 1550 3623 pervenimus.
1590 3552 1681 3608 Sic
1714 3558 1772 3609 et
1809 3557 1992 3613 Abra-

343 3645 504 3715 ham,
532 3646 641 3716 Ego
668 3659 814 3708 sum,
838 3640 1049 3714 inquit,
1101 3644 1248 3696 terra
1286 3645 1337 3696 et
1382 3641 1546 3708 cinis,
1597 3659 1700 3714 pro
1749 3661 1815 3701 eo
1842 3663 1907 3702 ac
1939 3649 1989 3704 si

342 3737 559 3794 diceret
588 3751 602 3790 :
632 3731 757 3789 Non
789 3747 922 3787 sum
954 3730 1171 3803 dignus
1192 3747 1326 3786 cum
1359 3732 1554 3786 tanto7
1575 3731 1691 3788 Deo
1713 3733 1988 3808 colloqui,

341 3825 519 3883 homo
549 3824 738 3879 factus
766 3837 798 3876 e
844 3824 1019 3887 terra,
1068 3823 1125 3875 et
1172 3820 1527 3876 omnimodis
1577 3820 1684 3877 hoc
1732 3822 1986 3881 futurus.

342 3913 529 3987 Magis
576 3928 714 3985 ergo
757 3910 950 3966 dicere
995 3907 1231 3965 debuit:
1283 3909 1422 3977 Quia
1470 3917 1618 3965 terra
1669 3914 1801 3980 eris,
1848 3917 1899 3969 et
1928 3916 1985 3969 in

340 4006 551 4060 terram
591 4002 922 4057 reverteris:
970 3996 1262 4072 siquidem
1317 4015 1472 4054 nunc
1523 3998 1776 4071 primum
1823 4002 1989 4060 fieret

341 4098 553 4152 natura
577 4088 861 4148 mortalis.
894 4111 915 4139 ι

1326 304 1428 368 AD
1472 305 1884 393 DIALOGUM
1925 302 2240 369 CONTRA
2282 304 2795 403 PELAGIANQS.

342 440 460 495 Hoc
491 441 691 495 autem
730 452 834 511 per
862 436 984 494 haec
1014 439 1215 496 omnia
1244 440 1637 496 comminatus
1685 443 1793 508 est,
1827 439 1982 511 quod
2012 440 2070 506 Α

2887 438 2949 486 ll.

2887 438 2906 486 Ι
2934 473 2949 486 .

2095 520 2170 569 Ex
2199 520 2437 570 secundo
2466 519 2665 579 codice,
2695 518 2830 569 libro
2859 438 3036 583 telrtio,
3070 521 3193 568 ante
3217 520 3448 583 quatuor
3472 517 3600 569 folia
3620 517 3739 570 finis

2850 581 2991 630 libri.

2169 680 2320 736 809
2353 703 2380 729 ‹‹
2423 680 2531 735 Sed
2582 678 2729 735 nihil
2778 678 2987 734 horum
3032 678 3363 751 prospicere
3407 678 3598 751 potuit
3628 678 3737 734 mi-

2096 768 2298 824 rabilis
2342 770 2561 840 peccati
2610 767 2910 841 originalis
2958 771 3233 836 assertor,
3282 766 3500 840 quippe
3548 768 3649 839 qui
3678 768 3737 823 in

2095 857 2310 913 divinis
2356 857 2675 929 Scripturis
2724 872 3097 928 nequaquam
3142 856 3317 912 fuerit
3361 856 3735 925 exercitatus,

2096 962 2200 1001 nec
2231 946 2302 1001 ab
2333 944 2598 1012 infantia,
2624 945 2795 1014 juxta
2842 944 2995 1001 beati
3045 944 3207 1000 Pauli
3253 961 3455 1001 vocem
3502 946 3576 1014 (II
3602 946 3735 1002 Tim.

2094 1050 2181 1104 ιιι,
2217 1036 2329 1105 15),
2360 1051 2558 1091 sacras
2586 1034 2854 1089 didicerit
2880 1033 3120 1089 litteras.
3155 1033 3266 1089 Sed
3318 1034 3438 1089 sive
3468 1033 3541 1089 de
3582 1034 3737 1090 Scri-

2095 1128 2278 1197 ptura:
2311 1123 2604 1190 sensibus,
2636 1122 2756 1178 sive
2776 1123 2847 1178 de
2884 1123 3156 1194 dogmate
3185 1138 3339 1194 saepe
3368 1121 3732 1190 declamans,

2096 1213 2283 1268 multa
2304 1212 2637 1283 frequenter
2665 1211 2863 1282 inepta
2898 1210 3129 1283 proprie
3176 1211 3638 1269 communiterve
3666 1213 3736 1268 de

2095 1301 2240 1373 ipsis
2262 1300 2579 1373 Scripturis
2603 1299 3095 1372 dogmatibusqne
3116 1298 3410 1371 plurimus
3431 1300 3738 1373 impuden-

2092 1393 2181 1445 ter
2199 1388 2610 1461 exprompsit“.
2634 1388 2781 1443 Nam
2812 1388 3081 1460 potentiae
3111 1392 3305 1444 metus
3344 1387 3572 1444 nullum
3597 1405 3734 1446 con-

2092 1484 2184 1533 tra
2205 1477 2432 1534 sinebat
2458 1478 2639 1544 effari,
2674 1478 2776 1532 sed
2824 1477 3235 1533 tantummodo
3283 1476 3465 1545 taciti,
3516 1477 3619 1549 qui
3650 1478 3738 1533 di-

2090 1566 2360 1622 vinarum
2391 1566 2827 1638 Scripturarum
2876 1565 3172 1621 habebant
3217 1565 3509 1634 notitiam,
3542 1567 3737 1623 detra-

2092 1654 2333 1711 hebant.
2367 1654 2693 1710 Novissime
2726 1671 2859 1709 vero
2907 1653 2966 1708 in
3018 1653 3168 1709 hanc
3212 1654 3506 1727 dogmatis
3537 1655 3739 1712 recidit

2093 1744 2431 1808 novitatem,
2464 1760 2583 1815 qua
2630 1744 2848 1798 diceret
2893 1743 3049 1814 quod
3099 1743 3159 1797 in
3207 1742 3295 1799 ira
3340 1747 3516 1815 atque
3545 1744 3739 1801 furore

2097 1833 2251 1888 Deus
2280 1832 2463 1887 Adam
2503 1830 2809 1886 mortalem
2849 1847 2979 1887 esse
3026 1832 3387 1904 praeceperit,
3420 1837 3478 1888 et
3505 1838 3740 1906 propter

2096 1923 2227 1993 ejus
2256 1937 2440 1975 unum
2471 1920 2753 1975 delictum
2785 1927 3024 1976 cunctos
3054 1919 3232 1976 etiam
3286 1921 3535 1977 necdum
3565 1925 3737 1977 natos

2095 2010 2365 2065 homines
2404 2012 2591 2063 morte
2638 2007 2991 2064 multaverit.
3044 2006 3138 2063 Sic
3185 2013 3381 2064 autem
3424 2008 3736 2081 disputans

2096 2116 2212 2155 non
2242 2100 2493 2163 veretur,
2527 2112 2632 2151 nec
2681 2095 3064 2152 confunditur
3113 2112 3181 2152 ea
3233 2097 3450 2153 sentire
3499 2097 3569 2153 de
3595 2096 3739 2166 Deo,

2097 2204 2223 2259 quae
2255 2201 2359 2242 nec
2381 2186 2452 2240 de
2490 2184 2835 2240 hominibus
2878 2201 3091 2240 sanum
3144 2184 3511 2258 sapientibus
3540 2189 3598 2241 et
3630 2185 3740 2241 ali-

2098 2291 2275 2348 quam
2324 2272 2569 2345 justitiae
2627 2290 2829 2329 curam
2886 2274 3225 2345 gerentibus
3284 2290 3549 2346 unquam
3605 2274 3738 2347 quis

2098 2362 2714 2419 mstimare'tentavit.
2776 2361 2887 2417 Sed
2945 2376 3051 2417 nec
3108 2361 3272 2417 illius
3327 2362 3538 2419 divina:
3584 2364 3740 2419 vocis

2099 2452 2440 2508 recordatus
2469 2455 2579 2515 est,
2612 2450 2763 2519 Quod
2797 2466 2910 2505 non
2938 2450 3210 2506 diceretur
3228 2451 3493 2506 ulteerius
3519 2453 3628 2507 ista
3639 2467 3746 2524 pa-

2098 2542 2291 2597 rabola
2323 2542 2383 2595 in
2414 2540 2619 2595 Israel:
2666 2544 2855 2594 Patres
2901 2539 3371 2595 manducaverunt
3401 2556 3566 2595 uvam
3592 2556 3746 2617 acer-

2102 2632 2245 2696 bam,
2290 2639 2340 2685 et
2396 2630 2642 2700 ﬁliorum
2690 2628 2873 2683 dentes
2928 2628 3317 2701 obstupuerunt
3358 2629 3421 2695 1°,
3471 2631 3605 2701 quia
3634 2628 3749 2685 haec

2101 2719 2236 2774 dicit
2271 2717 2484 2773 Adonai
2533 2718 2838 2772 Dominus:
2886 2718 3081 2772 Dentes
3135 2732 3323 2772 eorum
3369 2719 3465 2789 qui
3508 2719 3745 2773 mandu-

2102 2814 2361 2862 caverunt
2433 2822 2599 2861 uvam
2670 2805 2945 2871 acerbam,
3020 2805 3450 2877 obstupescent“
3526 2807 3743 2878 (Ezech.

2103 2911 2265 2961 xvm,
2297 2895 2375 2966 2),
2406 2893 2720 2950 ostendens
2752 2910 2853 2967 per
2881 2894 3003 2949 haec
3050 2894 3206 2965 quod
3257 2893 3503 2950 alterum
3534 2911 3640 2967 pro
3665 2895 3748 2952 al-

2106 2989 2249 3050 tero,
2290 2984 2461 3054 juxta
2509 2981 2899 3054 quorumdam
2958 2999 3233 3051 errorem,
3290 2983 3446 3039 Deus
3502 2985 3747 3041 omnino

2106 3088 2219 3128 non
2235 3071 2455 3143 puniat,
2474 3071 2572 3126 sed
2589 3069 2996 3143 unusquisque
3022 3087 3124 3143 pro
3140 3070 3367 3127 delictis
3393 3072 3518 3127 suis
3548 3073 3746 3129 reddi-

2103 3165 2273 3216 turus
2316 3165 2406 3217 est
2454 3158 2761 3215 rationem.
2814 3159 2916 3214 His
2973 3176 3230 3216 consona
3275 3160 3480 3216 beatus
3511 3177 3749 3234 quoque

2105 3248 2318 3304 Paulus
2350 3248 2628 3303 annectit.
2656 3248 2816 3312 Deus,
2850 3246 3061 3319 inquit,
3093 3250 3192 3319 qui
3225 3248 3414 3305 reddet
3439 3252 3749 3323 unicuique

2098 3338 2393 3395 secundum
2434 3353 2597 3409 opera
2624 3352 2727 3391 sua
2758 3337 2930 3408 (Rom.
2968 3354 3029 3402 ιι,
3076 3337 3175 3407 6);
3223 3341 3311 3393 et:
3366 3339 3749 3413 Unusquisque

2098 3429 2349 3483 nostrum
2396 3441 2539 3481 onus
2578 3442 2743 3480 suum
2784 3425 3024 3497 portabit
3075 3424 3218 3497 (Gal.
3268 3444 3346 3483 v1.
3378 3428 3476 3497 5);
3538 3433 3633 3484 et:
3671 3431 3747 3485 Tu

2100 3516 2233 3588 quid
2280 3515 2491 3580 iudicas
2536 3514 2778 3588 fratrem
2815 3517 2974 3569 tuum
3002 3516 3028 3567 .9
3060 3518 3154 3569 aut
3205 3524 3261 3570 tu
3305 3531 3479 3587 quare
3527 3520 3748 3590 spernis

2098 3608 2327 3676 fratrem
2376 3603 2577 3657 tuum?
2626 3618 2810 3658 omnes
2856 3604 3001 3658 enim
3041 3604 3343 3659 astabimus
3389 3608 3517 3661 ante
3556 3607 3750 3663 tribu-

2097 3694 2193 3749 nal
2228 3692 2433 3748 Christi
2461 3692 2635 3763 (Rom.
2669 3708 2782 3759 xiv,
2817 3692 2927 3761 10).
2953 3690 3060 3747 Sed
3085 3691 3173 3747 vir
3193 3691 3481 3750 mirabilis
3508 3700 3751 3768 propter

2098 3799 2282 3838 unum
2311 3784 2610 3853 peccatum
2634 3780 2704 3836 de
2724 3783 2887 3835 tanto
2912 3780 3102 3836 furore
3122 3784 3481 3837 commotum
3504 3783 3750 3840 arbitra-

2098 3875 2193 3925 tus
2224 3873 2313 3925 est
2344 3873 2546 3933 Deum,
2581 3872 2645 3922 ut
2688 3866 2857 3922 illum
2908 3868 3349 3925 atrocissimas“
3394 3864 3577 3942 pcenie’
3604 3872 3746 3927 sub-

2098 3958 2279 4024 deret,
2313 3961 2370 4012 et
2398 3958 2469 4013 ad
2500 3956 2807 4011 universos
2838 3972 3043 4012 omnes
3075 3961 3338 4029 posteros
3379 3960 3507 4030 ejus
3534 3974 3743 4031 parem

2098 4046 2449 4103 sententiam
2476 4044 2894 4117 promulgaret.
2927 4050 2985 4101 et
3013 4045 3166 4101 inter
3195 4061 3344 4118 quos
3373 4048 3576 4119 quanti
3588 4048 3746 4120 justi

2096 4135 2313 4192 fuerint
2342 4151 2457 4191 non
2490 4133 2658 4189 facile
2688 4149 3000 4189 numerare
3045 4134 3181 4206 quis
3219 4136 3448 4207 poterit.
3496 4138 3579 4193 Ex
3608 4138 3745 4211 qni-

2095 4225 2209 4281 bus
2266 4240 2401 4279 eum
2453 4223 2706 4279 maxime
2754 4221 3125 4279 considerare
3164 4230 3530 4295 convenerat,
3582 4229 3744 4299 quod

2092 4312 2259 4369 valde
2283 4312 2577 4367 videretur
2594 4311 3005 4384 incongruum,
3029 4312 3167 4380 Noe,
3207 4314 3522 4385 Abraham,
3553 4309 3743 4373 David

2094 4402 2334 4474 Moysen
2364 4400 2520 4456 810
2549 4403 2605 4455 et
2639 4398 2898 4471 reliquos
2925 4399 3386 4460 innumerabiles
3412 4405 3611 4476 jnstos
3641 4406 3748 4461 ob-

409 4550 426 4584 ¹
457 4548 519 4604 [ιι
549 4547 747 4619 codice
778 4545 1057 4619 Vaticano
1094 4542 1344 4617 legitur:
1377 4544 1491 4600 Hoc
1517 4548 1715 4619 autem~
1739 4561 1834 4619 per
1865 4544 1981 4603 haec
2010 4548 2057 4613 D
2160 4544 2181 4579 ⁶
2213 4544 2372 4601 Idem
2404 4560 2509 4618 pro
2558 4545 2727 4599 vitam
2783 4543 3036 4601 ducimus
3091 4533 3286 4616 habet,
3318 4550 3378 4602 ut
3433 4549 3558 4619 jam
3585 4547 3743 4605 dixi-

332 4620 523 4675 omnia
553 4618 715 4674 datus
753 4626 833 4674 est
875 4617 1015 4689 quod
1062 4631 1430 4689 arumnosam
1478 4618 1649 4671 vitam
1696 4617 1983 4674 habiturus

330 4695 490 4748 esset.
525 4690 593 4746 Et
621 4689 839 4761 quibus
868 4686 1022 4743 idem
1053 4688 1148 4761 vir
1172 4688 1379 4743 doctus
1410 4686 1565 4743 hunc
1606 4704 1847 4745 sensum
1886 4688 1983 4744 eli-

329 4762 487 4819 cuit:
523 4759 690 4818 Homo
738 4762 922 4832 autem
972 4759 1240 4832 peri/two
1294 4761 1483 4814 omnia
1531 4763 1698 4832 natus
1728 4764 1806 4815 est
1841 4762 1982 4832 quod

326 4849 522 4890 verum
566 4849 702 4889 mox
756 4830 1027 4887 ambitum
1081 4830 1371 4885 habiturus
1425 4838 1577 4885 esset.
1612 4831 1728 4887 Nos
1786 4830 1979 4887 veram

327 4904 636 4963 lectionem
687 4901 1062 4976 reposuimus
1115 4918 1184 4957 ex
1231 4900 1642 4968 Bellovacensi,
1675 4903 1830 4974 quod
1890 4920 1980 4960 se-

329 4977 574 5050 quentia
603 4974 840 5049 quoque
868 4974 1136 5047 probant.

398 5067 422 5101 ²
449 5070 537 5121 Ita
571 5070 797 5121 veteres
845 5062 1003 5118 libri.
1037 5062 1354 5119 Garnerius
1411 5062 1612 5117 omisit
1667 5077 1865 5117 vocem
1897 5068 1975 5130 ut,

330 5136 525 5196 Neris.
553 5153 682 5192 eam
717 5134 1045 5191 mutavitin
1077 5136 1174 5190 ita.

398 5224 643 5279 3Noris.
701 5224 819 5280 haec
883 5224 1071 5292 etiam,
1151 5227 1207 5278 et
1286 5221 1418 5293 polo
1477 5226 1610 5294 post
1665 5224 1980 5294 signiﬁcant

328 5294 804 5369 prosigniﬁcans.
838 5295 947 5369 Sed
983 5294 1132 5349 hanc
1164 5300 1519 5366 postremum
1542 5293 1847 5350 lectionem
1882 5311 1974 5350 ac-

328 5366 485 5439 cepit
511 5382 580 5421 ex
609 5366 738 5421 cod.
774 5366 956 5420 Vatic.

397 5457 420 5491 ⁴
448 5454 638 5511 Noris.
674 5456 961 5526 Imposuit.

324 5619 359 5677 ὁ
395 5546 417 5581 ⁵
446 5544 577 5602 Haec
605 5547 658 5674 ἴε
686 5518 1019 5609 resolubilis,
1050 5542 1390 5600 exciderunt
1422 5544 1480 5601 in
1528 5518 1785 5601 editione
1815 5546 1971 5618 ejus-

366 5633 461 5677 em
490 5633 545 5676 ν.
573 5632 604 5673 c
637 5657 650 5674 .

366 5633 461 5678 em
490 5633 545 5676 ν.
573 5632 650 5674 αι.

2091 4633 2233 4672 mus.

2163 4689 2182 4723 ⁷
2215 4688 2280 4742 Et
2309 4686 2428 4742 haec
2452 4702 2684 4758 quoque
2712 4704 2818 4742 vox
2849 4689 2996 4742 tanto
3022 4687 3233 4743 excidit
3261 4687 3319 4742 in
3353 4688 3490 4747 edit.
3515 4689 3736 4747 Italica.

2161 4759 2181 4793 ⁸
2212 4759 2401 4833 Noris.
2437 4759 2747 4833 Proposuit,
2797 4761 3079 4833 contraria
3124 4759 3374 4833 videlicet
3419 4763 3556 4833 ipsis
3585 4761 3740 4818 Scri-

2085 4838 2267 4906 ptura:
2295 4829 2661 4901 dogmatibus,
2694 4846 2815 4902 quw
2832 4830 3089 4901 pluribus
3112 4829 3453 4902 impudenter
3478 4848 3742 4906 exprom-
3792 4830 3797 4837 ’

2124 4904 2216 4959 sit.

2085 4917 2216 4973 psit.

2159 4974 2181 5008 θ
2211 4972 2387 5028 Idem.
2421 4973 2755 5029 At‘stimarel.

2159 5044 2318 5121 1°_lta
2349 5046 2527 5121 codex
2578 5043 3021 5121 Bellovacensis.
3083 5046 3270 5104 Vatic.
3327 5048 3735 5121 obstipuerunt.

2089 5115 2279 5173 Noris.
2315 5116 2717 5187 obstupescunt.

2160 5188 2201 5224 ιι
2233 5186 2361 5241 Vati
2369 5204 2418 5241 c.
2453 5186 2826 5257 Obstipescent.

2158 5260 2202 5292 ¹²
2231 5258 2466 5313 Veteres
2516 5258 2649 5313 libri
2697 5259 2781 5312 sic
2829 5258 3066 5328 habent,
3114 5262 3196 5316 uti
3250 5279 3356 5318 nos
3410 5263 3736 5320 edidimus.

2087 5329 2371 5385 Henricus
2400 5330 2471 5385 de
2502 5330 2670 5384 Noris
2711 5331 3005 5399 reposuit:
3054 5338 3353 5389 Peccatum
3401 5335 3530 5391 Adae
3559 5338 3739 5391 Deum

2084 5405 2237 5475 tanta
2283 5403 2470 5472 furore
2538 5403 2858 5475 commotum
2928 5402 3229 5475 arbitratus
3294 5410 3393 5475 est,
3454 5413 3515 5461 ut
3564 5408 3738 5464 vellet

2085 5473 2645 5548 illumatrocissimse
2704 5488 2875 5543 pavus
2924 5473 3171 5530 subdere.
3224 5473 3541 5532 Garn’erius
3569 5494 3734 5548 vero,

2080 5544 2370 5618 Peccatum
2401 5551 2548 5618 tanto
2599 5545 2788 5616 furore
2831 5549 3157 5603 commotum
3206 5549 3505 5606 arbitratus
3543 5554 3646 5618 est,
3677 5544 3735 5609 et

2081 5615 2243 5677 illum
2270 5614 2649 5689 atrocissimas,
2690 5620 2802 5675 etc.
