4104 6162
295 283 407 349 621

1729 276 2155 343 APPENDIX.

3579 282 3699 350 622

296 417 501 473 noxios
524 430 708 489 pinna:
740 413 999 471 redditos
1020 416 1092 471 ob
1110 416 1273 486 ejus1
1307 413 1585 470 delictum
1619 417 1675 469 et
1728 431 1933 481 unum,
1968 414 2022 480 Α
2051 411 2435 484 expiationem
2468 411 2849 485 reliquorum,
2875 420 2929 468 et
2959 420 3226 488 mortem,
3258 423 3456 491 utpote
3526 426 3696 477 natu-

295 512 471 579 atque
502 522 574 561 ex
594 508 773 577 gustu
830 504 1056 560 arboris
1114 504 1521 577 approbatum,
1556 507 1612 558 et
1661 505 1815 575 quod
1865 504 1949 558 sic

294 596 448 651 ultra
480 595 727 649 modum
751 594 995 665 justitize
1028 594 1172 649 iram
1196 610 1365 649 suam
1398 598 1547 648 Deus
1604 593 1945 659 extenderit,

292 685 377 740 ita
406 689 474 739 ut
508 687 597 739 tot
649 684 989 752 justorum’
1043 683 1285 738 virtutes
1344 686 1585 738 cunctas
1648 681 1945 752 abjiceret,

299 788 518 844 eosque
544 775 782 844 propter
807 772 986 827 unius
1031 776 1335 843 peccatum
1394 772 1526 825 Adae
1586 774 1748 825 tanto
1807 785 1945 839 sup-

306 861 478 934 plicio
510 860 888 931 manciparet.

380 974 407 999 ‹‹
436 950 575 1005 Nam
606 948 716 1005 etsi
746 947 890 1003 nihil
926 947 1107 1011 aliud,
1167 948 1371 1004 saltem
1432 948 1503 1003 de
1558 945 1697 1002 Abel
1752 948 1946 1001 mente

305 1038 669 1111 perpendens
696 1037 1106 1092 convenienter
1133 1038 1423 1093 testimare
1471 1037 1750 1091 debuerat
1785 1053 1797 1102 ;
1845 1033 1945 1106 qui

298 1129 528 1201 primus
552 1128 759 1197 justus
788 1125 1094 1193 exsistens,
1120 1127 1348 1198 primus
1397 1130 1662 1180 mortuus
1715 1129 1821 1179 est.
1876 1125 1947 1178 Et

292 1216 595 1289 siquidem
616 1219 865 1270 mortem
911 1215 1063 1270 Deus
1123 1215 1195 1269 ad
1230 1231 1460 1286 poenam
1510 1218 1793 1269 statuerat
1844 1213 1943 1267 ho-

288 1307 550 1372 minum,
585 1304 876 1375 quomodo
906 1320 1021 1358 non
1050 1303 1368 1375 impietatis
1397 1308 1521 1358 erat
1549 1307 1814 1358 extremae
1858 1301 1948 1355 vi-

286 1409 424 1448 vere
458 1393 704 1464 quidem
738 1408 868 1446 eum
924 1392 1024 1462 qui
1080 1393 1187 1446 fuit
1239 1408 1418 1447 causa
1466 1391 1706 1463 peccati,
1759 1390 1946 1444 vivere

286 1483 472 1537 etiam
506 1498 646 1536 cum
681 1480 779 1535 illo
806 1484 863 1535 et
892 1482 1068 1535 Evam
1101 1479 1340 1536 malitiae
1384 1480 1752 1551 repertricem
1779 1479 1943 1550 (prae-

285 1569 556 1625 termitto
580 1574 775 1625 autem
809 1569 1108 1625 diabolum
1142 1569 1200 1623 in
1243 1567 1617 1624 immortalite
1665 1568 1946 1623 hactenus

284 1658 769 1732 perdurantem),
792 1658 1047 1729 primum
1066 1674 1199 1713 vero
1214 1658 1444 1727 justum
1477 1661 1947 1729 repertoremque

282 1746 527 1802 virtutis
561 1746 940 1817 primumque
969 1746 1147 1800 divini
1174 1746 1366 1801 cultus
1390 1763 1589 1801 curam
1648 1748 1945 1816 gerentem

287 1842 429 1893 ante
462 1851 672 1891 omnes
704 1851 848 1906 pene
881 1835 1247 1907 peccantium
1269 1836 1290 1869 3
1327 1835 1506 1889 fuisse
1565 1833 1901 1906 perculsum
1923 1833 1950 1885 7

286 1926 611 1998 Opertebat
630 1929 825 1979 autem
847 1923 1351 1995 sapientissimum
1370 1924 1559 1978 virum
1583 1923 1720 1978 etde
1734 1921 1949 1988 Enoeh,

295 2014 403 2086 qui
436 2031 553 2069 non
584 2018 675 2069 est
696 2017 986 2079 mortuus,
1047 2011 1361 2085 diligenter
1418 2012 1762 2085 expendere.
1822 2011 1949 2065 Non

302 2103 472 2158 enim
502 2105 658 2157 tanta
685 2101 902 2156 virtute
931 2100 1017 2156 vel
1041 2101 1253 2172 pietate
1277 2102 1556 2173 praeditus
1577 2101 1705 2168 luit,
1744 2103 1805 2154 ut
1836 2116 1951 2154 me-

295 2190 417 2245 lior
445 2190 717 2246 omnibus
747 2189 1070 2256 exsisteret,
1103 2190 1301 2262 Moyse
1329 2190 1478 2257 dico,
1539 2194 1597 2245 et
1653 2188 1951 2260 prophetis

289 2278 722 2352 apostolisque,
780 2277 865 2333 vel
924 2278 1165 2350 reliquis
1215 2278 1511 2344 omnibus,
1584 2279 1654 2333 de
1734 2276 1949 2348 quibus

284 2369 376 2422 ait
406 2366 797 2423 beatissimus
854 2366 1095 2433 Paulus,
1163 2369 1363 2438 quibus
1416 2367 1619 2436 dignus
1668 2382 1776 2421 non
1832 2374 1951 2420 erat

282 2455 989 2527 mundus(Hebr.x1,38),
1047 2455 1127 2511 ita
1177 2461 1259 2523 ut,
1320 2455 1436 2510 illis
1496 2455 1764 2522 mortuis,
1826 2454 1951 2525 ipse

282 2545 457 2601 solus
491 2544 622 2600 sine
655 2545 860 2600 mortis
891 2544 1247 2616 experientia
1279 2546 1639 2616 perduraret.
1685 2544 1796 2599 Sed
1825 2544 1946 2613 jam

282 2637 363 2691 ab
383 2634 559 2690 initio
602 2634 756 2690 Deus
784 2634 893 2689 hoc
927 2634 1131 2689 habuit
1176 2636 1328 2706 apud
1380 2651 1439 2689 se
1497 2631 1824 2701 definitum,
1887 2642 1951 2691 ut

284 2724 559 2796 primum
612 2723 849 2794 quidem
919 2722 1194 2778 mortales
1269 2724 1491 2789 tierent,
1572 2726 1949 2795 postmodum

283 2830 423 2869 vero
458 2811 910 2867 immortalitate
962 2813 1323 2884 gauderent:
1386 2812 1468 2867 sic
1514 2813 1584 2867 ad
1639 2814 1949 2870 utilitatem

284 2908 564 2959 nostram
601 2900 725 2956 fieri
758 2900 883 2972 ipse
904 2900 1241 2972 disponens.
1279 2923 1307 2949 »
1340 2901 1406 2955 Et
1431 2907 1564 2972 post
1620 2902 1946 2974 paululum,

360 3016 383 3041 ι
423 2989 825 3055 Manifestius,
858 2988 1069 3061 inquit,
1103 2990 1223 3044 haec
1254 2990 1456 3045 eadem
1490 2995 1637 3045 Deus
1696 2994 1952 3047 ostendit

286 3097 425 3137 cum
516 3079 801 3134 transfert
886 3078 1103 3146 Enoch,
1193 3084 1250 3132 et
1330 3079 1723 3134 immortalem
1813 3082 1949 3136 facit

2058 520 2131 555 re:
2164 502 2462 568 tributam,
2487 507 2781 572 postremo
2813 503 3149 574 suscipitmt
3170 510 3489 564 secundum
3510 509 3696 582 legem

2058 589 2327 645 humanae
2362 596 2580 644 naturae
2610 591 2885 655 moriens,
2920 598 2976 645 et
3006 609 3039 646 a
3069 597 3316 649 mortuis
3348 598 3541 652 divina
3587 599 3698 652 vir-

2059 685 2541 750 tutcresurgens,
2596 680 3117 747 initiumrcunctis
3176 682 3535 753 hominibus,
3594 688 3694 757 qui

2056 774 2299 825 mortem
2331 769 2653 823 secundum
2689 770 2984 839 propriam
3037 775 3304 826 naturam
3346 774 3694 845 suscipiunt,

2058 858 2241 922 ﬁeret,
2275 862 2401 911 uta
2458 858 2708 910 mortuis
2756 862 3018 929 surgant,
3078 863 3135 913 et
3173 861 3242 914 ad
3304 861 3695 917 immortalem

2056 945 2442 1001 substantiam
2476 951 2930 1002 commutentur.
2966 947 3125 1001 Sicut
3156 950 3310 1004 enim
3370 951 3699 1007 conformes

2054 1038 2187 1090 Adin
2218 1036 2537 1090 secundum
2572 1040 2785 1089 statum
2836 1042 3178 1106 priesentem
3228 1056 3436 1095 sumus
3493 1057 3699 1097 omnes

2054 1125 2261 1193 et‘l‘ecti,
2295 1125 2377 1179 sic
2402 1124 2629 1179 Christo
2656 1123 2898 1179 Domino
2922 1127 3090 1194 juxta
3120 1143 3348 1183 carnem
3372 1131 3699 1187 conformes

2054 1214 2376 1268 et‘ticiemur
2406 1212 2461 1266 in
2496 1213 3461 1285 posterum.Transtiguravitenim
3485 1234 3697 1290 corpus

2055 1300 2404 1355 humilitatis
2438 1306 2648 1355 nostrre
2666 1303 2991 1355 conformes
3028 1303 3147 1356 fieri
3194 1306 3451 1376 corporis
3499 1306 3695 1377 gloria:

2055 1390 2442 1461 suze(Philipp.
2479 1408 2562 1457 ιιι,
2597 1391 2710 1458 21),
2745 1395 2800 1444 et
2832 1389 3023 1461 qualis
3081 1396 3363 1461 terrenus,
3430 1396 3576 1450 tales
3639 1402 3697 1452 et

2056 1478 2289 1543 terreni,
2325 1484 2381 1533 et
2410 1478 2603 1549 qualis
2648 1477 2915 1541 caelestis,
2968 1478 3116 1533 tales
3176 1486 3232 1534 et
3290 1482 3593 1550 cmlestes;
3640 1490 3698 1539 et

2057 1567 2209 1622 sicut
2238 1567 2593 1637 portavimus
2616 1566 2931 1637 imaginem
2945 1569 3486 1640 terreni,portemus
3519 1573 3695 1628 etiam

2057 1655 2371 1725 imaginem
2404 1655 2654 1710 caelestis
2686 1656 2731 1725 (I
2765 1657 2883 1710 Cor.
2918 1672 3009 1722 xv,
3044 1656 3131 1722 48,
3193 1658 3304 1727 49),
3362 1661 3697 1731 ostendens,

2058 1745 2235 1815 quod,
2270 1746 2440 1816 primi
2467 1748 2653 1799 status
2677 1744 2810 1797 Adae
2844 1745 3152 1816 participes
3184 1747 3320 1801 facti
3372 1750 3699 1805 necessario

2059 1833 2234 1887 etiam
2270 1832 2512 1887 secundi
2542 1833 2675 1886 Adze
2707 1832 2919 1887 Christi
2954 1833 3182 1887 Domini
3226 1838 3552 1893 secundum
3584 1855 3703 1894 car-

2060 1938 2191 1978 nem
2228 1922 2405 1976 futuri
2437 1925 2625 1976 status
2646 1921 3024 1993 participium
3057 1924 3701 1999 consequimur,utpote

2060 2011 2158 2082 qui
2200 2026 2267 2065 ex
2299 2011 2405 2065 hac
2440 2011 2644 2065 eadem
2669 2014 2878 2064 natura
2917 2016 3411 2079 constetcxortus,
3454 2019 3510 2070 et
3557 2032 3700 2071 cun-

2059 2104 2152 2153 cta
2182 2116 2309 2170 quae
2337 2102 2565 2153 luerant
2592 2103 2809 2153 natura:
2841 2100 3183 2170 susceperit,
3216 2106 3274 2155 et
3329 2102 3458 2157 ideo
3517 2106 3703 2160 susti-

2060 2189 2258 2242 nuerit
2290 2192 2559 2256 mortem,
2593 2191 2657 2241 ut
2678 2189 2925 2242 mortem
2958 2192 3178 2242 naturae
3202 2190 3553 2261 suscipiens,
3579 2198 3635 2247 et
3668 2211 3703 2250 a

2060 2276 2307 2330 mortuis
2338 2280 2950 2347 resurgens,naturam
2973 2274 3215 2332 liberam
3252 2284 3436 2333 morte
3469 2282 3703 2350 perfice-

2060 2369 2163 2420 ret.
2211 2365 2278 2419 Et
2308 2368 2550 2418 mortem
2569 2364 2805 2434 quidem
2838 2368 3143 2434 propterea
3193 2366 3468 2437 suscepit,
3503 2384 3701 2438 pecca-

2059 2459 2182 2508 tum
2216 2470 2346 2508 vero
2380 2469 2775 2523 nequaquam,
2803 2453 2902 2508 sed
2925 2453 2996 2507 ab
3028 2452 3136 2507 hoc
3168 2454 3701 2515 immunisomnino

2061 2542 2402 2615 permansit.
2437 2541 2596 2604 Quod
2628 2542 2782 2595 enim
2816 2546 2938 2596 erat
2960 2546 3199 2611 natura,
3236 2544 3293 2598 id
3336 2551 3424 2599 est
3446 2551 3694 2603 mortem

2061 2631 2466 2686 indubitanter
2522 2630 2889 2701 assumpsit:
2950 2636 3252 2702 peccatum
3308 2649 3463 2701 vero,
3543 2636 3699 2707 quod

2062 2736 2175 2774 non
2206 2723 2330 2773 erat
2360 2724 2604 2785 naturae,
2641 2720 2740 2773 sed
2773 2717 3114 2787 voluntatis,
3146 2720 3307 2775 nullo
3341 2728 3508 2793 pacto
3566 2741 3698 2779 sus-

2060 2808 2230 2879 cepit.
2265 2808 2423 2871 Quod
2459 2807 2507 2861 si
2544 2808 2739 2862 fuisscl
2797 2807 2852 2860 in
2914 2812 3121 2861 natura
3164 2814 3488 2880 peccatum,
3533 2814 3701 2881 juxta

2061 2896 2478 2968 sapientissimi
2513 2896 2689 2966 hujus
2708 2896 3023 2967 eloquium,
3050 2902 3347 2969 peccatum
3385 2899 3443 2954 in
3491 2906 3702 2958 natura

2061 3003 2299 3058 prorsus
2331 2986 2614 3040 exsistens
2649 2984 2973 3041 necessario
3021 2988 3395 3058 suscepisset.
3432 3011 3459 3037 ››

2818 3086 2915 3141 ΙΙΙ.

286 3170 440 3225 Nam
476 3168 526 3224 si
558 3184 665 3240 per
685 3171 988 3238 peccatum
1022 3183 1200 3222 causa
1229 3166 1503 3239 supplicii
1555 3172 1705 3223 Deus
1753 3169 1950 3224 intulit
1979 3152 2021 3218 (ἶ
2064 3177 2135 3225 De
2165 3174 2339 3227 codice
2368 3176 2619 3233 secundo,
2653 3189 2711 3223 ex
2743 3175 2875 3244 libro
2908 3176 3224 3233 tertio,folio
3255 3177 3461 3228 decimo
3483 3185 3703 3229 octavo:

292 3264 571 3324 mortem,
603 3271 710 3312 nec
740 3256 881 3312 olim
915 3256 1242 3311 definitium
1274 3256 1383 3311 hoc
1416 3256 1621 3311 habuit
1660 3261 1811 3329 apud
1866 3276 1949 3325 se,

295 3344 674 3401 inelfabiliter
698 3361 803 3416 pro
853 3344 1022 3399 nobis
1047 3344 1213 3413 juxta
1260 3344 1554 3415 propriam
1604 3346 1952 3417 sapientiam

300 3439 517 3490 cuncta
545 3434 918 3506 dispensans,
946 3449 1319 3505 nequaquam
1348 3433 1538 3488 Enoch
1572 3435 1807 3505 quidem
1852 3436 1948 3490 im-

311 3522 584 3576 mortalis
614 3523 937 3589 exsisteret,
987 3522 1277 3577 Dominus
1326 3526 1522 3577 autem
1571 3523 1838 3579 Christus
1885 3525 1956 3579 ad

317 3609 527 3665 mortis
558 3610 963 3681 experientiam
1018 3610 1359 3682 perveniret.
1398 3633 1425 3659 »
1461 3612 1530 3666 Et
1571 3616 1700 3684 post
1756 3612 1960 3685 paulu-

311 3697 476 3753 lum:
510 3698 801 3767 «Idcirco,
834 3699 1050 3771 inquit,
1096 3700 1379 3755 Dominus
1446 3707 1648 3755 auctor
1694 3700 1957 3757 omnium

301 3788 595 3844 bonorum
650 3788 990 3845 hominibus
1042 3789 1231 3844 factus
1290 3793 1398 3855 est,
1452 3794 1517 3843 ut
1573 3789 1726 3844 sicut
1778 3791 1959 3845 Adam

2142 3274 2157 3290 ο·
2188 3260 2267 3324 Si,
2304 3256 2515 3328 inquit,
2551 3259 2928 3327 peccaturum
2956 3261 3103 3311 Deus
3128 3258 3424 3313 nesciebat
3453 3260 3473 3293 δ
3496 3261 3704 3325 Adam,

2064 3348 2140 3402 sit
2166 3347 2374 3402 borum
2409 3346 2695 3417 sapientia
2725 3345 3292 3416 sapientissimorum
3316 3348 3469 3404 812
3510 3354 3567 3403 et
3595 3350 3708 3404 ista

2066 3435 2389 3507 responsio,
2424 3434 2578 3506 quod
2610 3434 2717 3488 hoc
2749 3433 3195 3489 insanissimum
3228 3441 3314 3490 est
3363 3436 3450 3490 vel
3507 3438 3565 3492 in
3613 3454 3710 3493 co-

2068 3525 2345 3597 gitatione
2377 3524 2690 3595 percipere.
2727 3522 3100 3576 Manifestum
3135 3525 3396 3595 estquod
3428 3530 3484 3579 et
3511 3542 3710 3597 pecca-

2068 3617 2265 3667 turum
2290 3628 2422 3666 eum
2458 3615 2715 3679 noverat,
2749 3615 2804 3663 et
2834 3615 3065 3681 propter
3114 3610 3222 3665 hoc
3280 3610 3495 3682 procul
3536 3614 3714 3668 dubio

2074 3702 2421 3756 moriturum
2480 3699 2779 3761 Quomodo
2811 3716 2946 3770 ergo
2988 3716 3100 3753 non
3159 3704 3244 3754 est
3291 3704 3563 3756 extremae
3617 3704 3713 3757 de-

2074 3788 2303 3846 mentiae
2328 3789 2559 3843 credere
2589 3788 2743 3858 quod
2778 3787 3052 3857 primitus
3086 3804 3219 3842 eum
3270 3790 3572 3846 mortalem
3594 3792 3612 3825 τ
3658 3791 3717 3846 in

296 3877 476 3949 primi
520 3882 583 3933 et
613 3876 881 3932 mortalis
910 3881 1099 3933 status
1131 3876 1350 3932 exstitit
1400 3876 1724 3946 inchoator,
1778 3877 1860 3933 ita
1909 3884 1967 3934 et

302 3966 431 4039 ipse
461 3967 716 4023 secundi
749 3970 806 4021 et
837 3965 1102 4021 mortalis
1124 3971 1314 4021 status
1345 3966 1609 4021 initiator
1654 3967 1963 4035 exsistens,

304 4055 587 4128 primitus
632 4055 767 4110 Adae
818 4055 1028 4127 prioris
1087 4054 1383 4110 naturalia
1434 4056 1775 4121 custodiret,
1826 4057 1966 4111 dum

298 4145 577 4201 nascitur
609 4160 679 4199 ex
694 4143 958 4209 muliere,
992 4144 1132 4199 dum
1165 4144 1376 4216 pannis
1409 4144 1802 4211 involvitur,et
1823 4163 1969 4218 pau-

299 4232 471 4289 latim
505 4231 702 4288 aetatis
732 4232 1094 4288 incrementa
1117 4233 1360 4289 sortitur
1391 4234 1563 4306 (Jesus
1596 4234 1751 4289 enim
1777 4234 1797 4268 ‘
1818 4237 1973 4305 (Luc.

299 4339 363 4389 ιι,
399 4324 495 4391 52,
518 4321 744 4393 inquit,
788 4322 1110 4393 proﬁciebat
1165 4322 1308 4378 8H
1377 4332 1533 4378 artata
1587 4329 1638 4379 et
1697 4326 1973 4396 sapientia
2083 4325 2240 4397 quia,
2275 4323 2322 4378 si
2357 4340 2486 4379 eum
2522 4320 2913 4376 immortalem
2937 4338 3065 4377 esse
3119 4321 3421 4390 voluisset,
3478 4341 3581 4379 nec
3639 4324 3728 4379 in-

302 4420 355 4465 et
391 4413 586 4482 gratia
616 4419 803 4465 c‘oram
830 4412 935 4467 Deo
964 4419 1017 4465 et
1048 4410 1361 4466 hominibus
1381 4412 1445 4482 ⁵),
1480 4412 1618 4466 dum
1669 4412 1971 4467 circumci-
2084 4404 2717 4483 tercedensipeccatum
2754 4410 2844 4465 Dei
2882 4411 3230 4467 sententiam
3263 4417 3721 4469 commutasset:

301 4501 541 4556 sionem
579 4499 1003 4572 suscipit,dum
1030 4502 1201 4571 juxta
1229 4499 1472 4572 legalem
1494 4501 1975 4557 consuetudinem
2007 4522 2053 4585 D
2085 4502 2225 4575 quia
2256 4518 2361 4556 nec
2392 4501 2689 4556 diabolum
2728 4500 2859 4555 fecit
2915 4516 2981 4554 ex
3032 4500 3347 4557 immortali
3403 4503 3729 4571 mortalem,

304 4588 431 4644 Deo
453 4588 732 4645 astititin
768 4587 1011 4660 templo,
1040 4588 1499 4660 parentibusque
1530 4590 1863 4661 subjicitur,
1922 4594 1978 4645 et
2087 4598 2137 4646 et
2165 4589 2380 4662 quiden
2430 4595 2775 4645 cunctorum
2832 4588 3121 4645 malorum
3167 4590 3507 4647 cxistentcm
3568 4590 3732 4664 prin-

313 4676 753 4733 conversationi
786 4676 1059 4750 legitimae
1086 4677 1473 4750 mancipatur.
1517 4679 1609 4734 Sic
1658 4680 1853 4747 etiam,
1906 4679 1975 4734 ad
2088 4679 2328 4751 cipium.
2368 4702 2393 4727 υ

2075 3896 2175 3935 sex
2204 3878 2363 3932 horis
2389 3877 2584 3932 fecerit
2615 3878 2772 3948 (nam
2807 3880 2978 3931 tanta:
3029 3878 3264 3933 fuerunt
3320 3897 3352 3934 a
3388 3880 3721 3938 conditione

2076 3970 2203 4041 ejus
2254 3984 2441 4039 usque
2500 3967 2570 4021 ad
2635 3966 3172 4033 commissionem“,
3242 3970 3720 4041 quandoquidem

2078 4074 2213 4113 sexo
2234 4057 2325 4111 die
2358 4057 2587 4110 factuse
2621 4059 2793 4119 terra,
2847 4059 2903 4109 et
2950 4056 3261 4111 comedens
3308 4064 3510 4113 contra
3568 4059 3718 4113 divi-

2080 4164 2221 4201 num
2253 4145 2620 4209 mandatum,
2652 4143 2723 4197 de
2746 4143 3015 4213 paradiso
3048 4144 3255 4215 pulsus
3277 4145 3724 4216 est),mortalem

2079 4253 2211 4292 vero
2228 4240 2358 4308 post
2387 4238 2688 4305 peccatum
2717 4232 3169 4287 monstraverit?
3193 4233 3426 4288 Certum
3455 4240 3544 4290 est
3569 4236 3725 4292 enim

2162 4855 2342 4910 6Haec
2392 4855 2559 4911 lectio
2610 4857 2874 4911 codicum
2936 4856 3099 4911 Marii
3174 4855 3526 4912 Mercatoris.
3589 4854 3730 4911 Gar-

2094 4928 2291 4983 nerius
2315 4934 2533 4994 tamen,
2567 4930 2663 4999 qui
2701 4929 2758 4981 in
2791 4929 2979 4998 prima
3000 4933 3160 4999 parte
3176 4928 3359 4982 edidit
3388 4944 3514 4983 rere
3535 4930 3735 4983 sciebat

2094 5000 2151 5054 in
2186 5000 2444 5054 secunda
2472 5000 2766 5067 nesciebat,
2799 4999 2972 5053 isthic
3006 5004 3201 5053 monet
3224 5000 3278 5052 in
3313 5001 3509 5054 codice
3549 5000 3734 5056 Bello-

2092 5071 2324 5126 vacensi
2361 5071 2643 5139 scriptum
2679 5087 2807 5124 esse
2848 5084 2971 5124 vere
3011 5070 3232 5123 sciebat.

2166 5145 2184 5177 ⁷
2220 5145 2334 5214 Ego
2368 5158 2479 5196 non
2513 5142 2738 5214 dubito,
2764 5141 2901 5214 quin
2931 5142 3272 5214 emendutio
3329 5142 3586 5197 virorum
3636 5144 3741 5198 do-

2096 5212 2517 5279 ctissimorum,
2549 5213 2647 5284 qui
2678 5212 2770 5265 hic
2815 5212 3122 5284 ediderunt
3181 5230 3299 5267 eum
3361 5214 3745 5280 immortalem,

2096 5286 2249 5340 bona
2280 5288 2373 5339 sit.
2410 5283 2618 5338 Verum
2654 5300 2858 5338 omnes
2887 5283 3018 5338 libri
3040 5290 3390 5355 repugnant.

2168 5359 2291 5410 8lta
2337 5356 2512 5410 codex
2572 5355 2932 5429 Vaticanus,
2961 5353 3518 5429 AtHBell'ovacencis
3570 5353 3755 5429 habet

2097 5429 2554 5482 commistionem.
2590 5427 2874 5482 Henricus
2905 5428 2975 5481 de
3031 5428 3203 5483 Noris
3246 5434 3465 5497 putans
3500 5420 3764 5497 Antiqunid

2098 5499 2303 5553 deesse
2335 5498 2389 5553 in
2425 5498 2534 5553 hoc
2558 5497 2704 5563 loco,
2734 5498 2958 5554 addidit
2990 5516 3187 5555 vocem
3225 5487 3453 5569 peccati.
3496 5494 3620 5560 Ego
3681 5487 3769 5539 fit:

2098 5569 2208 5633 cile
2239 5570 2588 5635 crediderim
2621 5570 2932 5657 legendum
2965 5586 3093 5631 esse
3111 5569 3539 5641 comestionmm

403 4856 417 4889 ³
452 4856 509 4911 ld
532 4861 650 4923 est,
684 4857 843 4924 Adae,
879 4857 1006 4928 ejus
1031 4855 1296 4928 hominis
1328 4873 1503 4928 quem
1557 4858 1704 4912 Deus
1765 4858 1983 4912 forma-

307 4945 381 4984 ve
395 4928 680 4984 rat.Hanc
695 4927 1005 4984 lectionem
1026 4927 1245 4983 habent
1260 4927 1460 4983 omnes
1482 4929 1616 4983 libri
1638 4928 1985 4995 ;Garnerius

306 5006 374 5055 et
410 5000 592 5055 Noris
616 5004 1009 5071 reposuerunt
1040 4999 1103 5054 ob
1135 5002 1323 5054 unius.

384 5073 409 5105 ²
445 5072 582 5126 Haec
640 5070 730 5126 est
786 5070 955 5126 lectio
1014 5071 1362 5141 exemplaris
1423 5070 1868 5125 Bellovacensis.
1922 5071 1982 5125 In

302 5142 611 5198 Vaticano
644 5142 930 5213 scriptum
967 5147 1056 5197 est
1086 5144 1246 5197 totius
1276 5159 1526 5213 quorum.
1554 5143 1631 5196 Ex
1663 5158 1778 5213 quo
1818 5142 1984 5198 Noris

301 5215 518 5270 eti‘ecit
547 5223 912 5283 posterorum.

382 5286 407 5321 ³
444 5287 536 5340 Ita
565 5290 765 5340 vetera
797 5283 1172 5356 exemplaria.
1207 5285 1279 5338 At
1310 5283 1485 5337 iidem
1512 5284 1616 5338 viri
1674 5283 1983 5340 clarissimi

300 5362 728 5430 reposuerunt
753 5373 939 5427 pama,
966 5355 1094 5429 qua:
1147 5355 1478 5411 emendatio
1516 5356 1667 5411 bona
1722 5357 1987 5412 fortassis

300 5435 437 5486 est.

382 5504 411 5537 ι
452 5498 607 5556 Male
638 5499 697 5553 in
723 5499 974 5555 editione
998 5496 1199 5555 Italica
1225 5515 1237 5552 :
1264 5498 1438 5552 Lcuas
1467 5500 1630 5555 enim.

388 5574 413 5615 ⁸
443 5571 581 5632 Haec
614 5571 956 5631 exciderunt
977 5570 1039 5631 in
1072 5570 1275 5629 eadem
1310 5569 1578 5629 editione.
