4082 6168
335 323 452 393 625

1126 324 1358 393 LIBER
1400 326 1502 392 DE
1546 326 1755 395 VIRIS
1797 324 2334 397 ILLUSTRIBUS.
2370 364 2447 380 --
2488 328 2952 400 ADMONITIO.

3620 316 3740 394 626

336 460 710 521 dividebatur
738 479 873 521 cum
920 469 1276 534 nasceretur,
1322 463 1584 537 loquenti
1633 464 1982 537 conjunctus
2012 466 2593 534 Aimmortalitatem
2655 473 2713 525 et
2766 466 3301 526 immutabilitatem
3370 459 3570 526 omnia
3625 465 3735 524 du-

335 558 390 611 et
418 570 703 627 praesens,
739 553 797 609 in
829 554 956 625 ejus
986 554 1213 610 actibus
1256 570 1654 627 perseverans,
1698 560 1872 627 atque
1901 554 1982 611 ibi

330 660 501 703 suam
537 642 961 700 connexionem
992 643 1118 701 sine
1150 649 1386 716 peccato
1419 644 1774 700 custodiens.
1807 665 1834 693 ››

1112 743 1205 798 VI.

543 832 617 881 Ex
644 830 782 881 libro
813 831 999 895 quinto
1027 834 1040 866 ι
1068 831 1367 881 Commenti
1396 831 1462 881 de
1496 835 1758 881 creatura.

411 934 440 961 ‹‹
471 912 586 967 Nec
613 911 791 984 igitur
822 916 1070 967 mortem
1104 928 1217 967 non
1252 915 1459 983 sponte
1497 916 1553 967 et
1584 914 1790 983 praeter
1815 911 1980 967 Judi-

339 1001 495 1057 cium
525 1017 692 1056 suum
722 999 920 1054 intulit
949 1000 1310 1067 hominibus,
1354 1016 1543 1071 neque
1588 1004 1822 1071 peccato
1854 1000 1983 1055 adi-

339 1096 463 1149 tum
492 1090 563 1144 ad
594 1088 816 1144 nullam
846 1088 1163 1144 utilitatem
1195 1090 1373 1156 dedit,
1409 1106 1513 1143 nec
1545 1088 1701 1143 enim
1722 1088 1832 1144 hoc
1856 1089 1981 1144 ﬁeri

336 1178 555 1244 noiens,
600 1194 714 1233 non
765 1182 1029 1248 poterat:
1090 1179 1190 1233 sed
1247 1179 1525 1250 quoniam
1577 1178 1799 1233 sciebat
1838 1178 1981 1233 utile

327 1284 455 1325 esse
487 1266 681 1335 nobis,
712 1267 902 1339 magis
934 1271 1131 1322 autem
1182 1267 1458 1322 omnibus
1507 1266 1975 1332 rationabilibus,

322 1358 489 1429 prius
518 1355 762 1428 quidem
799 1354 1090 1411 malorum
1114 1360 1171 1410 et
1203 1356 1560 1411 deteriorum
1585 1355 1708 1409 ﬁeri
1730 1354 1986 1423 aditum,

321 1448 529 1517 postea
558 1450 760 1500 autem
788 1443 967 1499 deleri
1002 1443 1241 1517 quidem
1285 1444 1426 1511 haec,
1462 1444 1751 1500 introduci
1786 1448 1980 1499 autem

323 1532 607 1590 meliora:
644 1532 773 1587 ideo
806 1532 865 1587 in
919 1533 1067 1587 duos
1116 1537 1306 1588 status
1340 1533 1537 1588 divisit
1567 1533 1720 1588 Deus
1751 1536 1979 1588 creatu-

319 1639 472 1690 ram,
523 1626 873 1695 praesentem
926 1627 982 1677 et
1036 1622 1333 1690 futuram;
1387 1623 1446 1676 in
1495 1621 1595 1677 illo
1627 1622 1864 1693 quidem
1906 1623 1977 1678 ad

389 1766 409 1799 ¹
442 1764 576 1820 stc
607 1781 715 1820 nos
746 1764 1073 1834 adjecimus
1104 1780 1173 1819 ex
1200 1765 1422 1836 synodo
1454 1782 1487 1818 v
1518 1763 1709 1832 collat,
1736 1766 1787 1830 4,
1823 1765 1978 1836 quod

320 1837 555 1893 Norisio
584 1837 711 1891 visa
740 1838 858 1891 sint
888 1853 957 1891 ex
989 1837 1191 1891 eodem
1242 1836 1527 1891 Theodori
1571 1852 1743 1907 opere
1774 1841 1976 1891 contra

319 1908 745 1980 Hieronymum
778 1911 1035 1980 excepta.
1068 1907 1285 1980 Verum
1340 1924 1472 1962 cum
1522 1908 1579 1980 id
1623 1924 1820 1980 usque
1837 1908 1979 1962 adeo

321 1978 691 2051 exploratum
746 1994 860 2033 non
909 1978 1007 2045 sit,
1060 1983 1123 2033 ut
1166 1978 1335 2033 aliter
1389 1978 1605 2035 sentire
1639 1996 1755 2033 non
1789 1978 1977 2048 liceat,

2093 560 2315 623 cturus,
2348 557 2407 612 in
2439 559 2711 629 praesenti
2754 574 2888 614 vero
2936 560 3262 614 creaturam
3310 556 3371 613 in
3403 561 3650 614 mortem
3683 559 3740 613 et

2092 646 2546 703 mutabilitatem
2578 648 2817 704 interim
2867 646 3207 704 dimittens:
3260 664 3396 703 nam
3443 647 3736 719 siquidem

2090 734 2289 791 statim
2322 736 2393 790 ab
2424 735 2587 791 initio
2619 736 2981 792 immortales
3013 753 3120 792 nos
3152 736 3351 792 fecerit
3380 739 3437 792 et
3464 736 3740 792 immuta-

2089 823 2255 891 biles,
2290 823 2514 880 nullam
2559 826 2943 881 differentiam
2995 826 3066 880 ad
3100 823 3521 881 irrationabilia
3559 824 3736 881 habe-

2090 928 2310 979 remus,
2359 914 2662 984 proprium
2720 914 3047 971 nescientes
3100 915 3342 970 bonum.
3398 914 3738 987 Ignorantes

2088 1001 2244 1056 enim
2277 1002 2753 1069 mutabilitatem,
2787 1002 3290 1059 immutabilitatis
3320 1003 3739 1075 ignorabamus

2091 1090 2309 1145 bonum
2336 1108 2349 1158 ;
2374 1091 2702 1147 nescientes
2726 1097 2991 1161 mortem,
3020 1091 3482 1148 immortalitatis
3508 1090 3739 1147 lucrum

2091 1178 2531 1247 nesciebamus;
2558 1179 2895 1252 ignorantes
2919 1180 3377 1252 corruptionem,
3400 1196 3515 1235 non
3538 1179 3741 1236 lauda-

2090 1267 2301 1322 bamus
2332 1268 2832 1340 incorruptionem
2858 1293 2871 1336 ;
2898 1270 3222 1325 nescientes
3242 1269 3585 1341 passionum
3611 1285 3740 1342 gra-

2089 1372 2319 1423 vamcn,
2344 1356 2879 1428 impassibilitatem
2904 1375 3019 1413 non
3044 1358 3426 1413 mirabamur.
3451 1357 3739 1429 Compen-

2091 1446 2252 1501 diose
2334 1446 2545 1513 dicere,
2628 1462 2697 1501 ne
2780 1446 3020 1519 longum
3076 1462 3405 1503 sermonem
3485 1445 3733 1503 faciam:

2090 1533 2418 1589 nescientes
2451 1532 2740 1589 malorum
2773 1534 3261 1606 experimentum,
3291 1535 3580 1591 bonorum
3611 1532 3737 1590 illo-

2091 1639 2218 1678 rum
2253 1639 2368 1676 non
2401 1625 2736 1694 poteramus
2769 1622 3074 1679 scientiam
3106 1622 3335 1679 mereri.
3372 1646 3400 1673 »

2089 1763 2209 1836 haec
2235 1766 2465 1836 tantum
2487 1763 2550 1836 in
2585 1764 2839 1836 speciem
2872 1764 3245 1830 adduximus,
3278 1768 3345 1819 ut
3371 1764 3439 1836 si
3485 1767 3618 1836 quis
3649 1784 3738 1824 re-

2088 1834 2408 1959 liqua-ejus
2438 1834 2572 1889 libri
2606 1834 2916 1905 desideret,
2948 1836 3135 1907 possit
3180 1852 3249 1891 ex
3279 1834 3739 1914 eadem—synodi

2090 1923 2153 1959 co
2182 1906 2400 1959 latione
2429 1924 2463 1959 a
2495 1922 2739 1959 numero
2763 1908 2831 1959 57
2864 1908 2935 1959 ad
2969 1923 3155 1959 usaue
3184 1907 3245 1959 7i
3272 1911 3549 1959 repetere.

2090 1906 2400 1962 collatione
2429 1924 2463 1962 a
2495 1922 2739 1962 numero
2763 1908 2831 1962 57
2864 1906 3155 1980 adusque
3184 1907 3245 1963 7i
3272 1911 3549 1980 repetere.

1074 2211 1145 2265 IN
1186 2211 1338 2277 SEQ.
1383 2211 1651 2267 LIBRUM
1691 2211 1781 2267 DE
1821 2212 2011 2267 VIRIS
2051 2210 2524 2267 ILLUSTRIBUS
2569 2210 2993 2267 ADMONITIO.

396 2436 517 2492 Hoc
545 2433 695 2490 libro
725 2434 798 2489 De
828 2432 1142 2488 Illustribus
1180 2433 1318 2487 Viris
1368 2431 1485 2488 sive
1535 2433 1689 2504 apud
1729 2432 1922 2504 ipsum
1975 2431 2418 2504 Hieronymum,
2468 2433 2588 2489 sive
2644 2434 2798 2505 apud
2843 2432 2989 2490 alios
3030 2438 3251 2490 veteres
3282 2434 3614 2507 scriptores,
3647 2432 3735 2489 ni-

313 2525 407 2582 nil
439 2525 625 2579 ferme
655 2520 990 2593 praeclarius
1021 2525 1109 2576 est
1138 2537 1204 2575 ac
1235 2520 1543 2575 celebrius.
1578 2525 1655 2575 De
1685 2520 1876 2592 operis
1909 2520 2161 2577 utilitate
2212 2523 2337 2593 ipse
2383 2522 2497 2578 sibi
2540 2522 2833 2593 placuisse
2862 2523 3275 2579 sanctissimus
3306 2528 3510 2579 auctor
3537 2523 3738 2579 videa-

314 2620 443 2681 tur,
476 2611 633 2684 quod
659 2611 719 2665 in
750 2609 936 2677 libris,
972 2626 1120 2681 quos
1153 2608 1404 2663 subinde
1430 2609 1815 2675 elucubravit,
1868 2609 2183 2666 mentionis
2235 2611 2305 2666 de
2346 2610 2444 2666 illo
2494 2612 2825 2683 injicienda;
2869 2613 3183 2669 lectoribus
3214 2613 3339 2668 suis
3370 2612 3736 2670 occasionem

311 2701 548 2759 nullam
577 2716 694 2755 non
726 2698 1055 2769 arripuerit.
1090 2698 1301 2753 Statim
1335 2698 1406 2751 ab
1439 2714 1505 2752 eo
1537 2697 1775 2769 scripsit
1822 2702 2025 2753 contra
2072 2699 2472 2769 Jovinianum,
2521 2717 2775 2772 cumque
2826 2702 2897 2757 dc
2934 2702 3158 2758 Joanne
3188 2717 3380 2758 sermo
3410 2701 3738 2770 incidisset,

314 2791 478 2865 quod
510 2804 700 2861 usque
732 2788 803 2842 ad
836 2786 1071 2857 Trajani
1100 2786 1308 2841 vixerit
1338 2786 1673 2857 imperium,
1708 2786 1765 2840 id
1798 2792 1887 2841 est
1933 2792 2064 2857 post
2111 2789 2447 2859 passionem
2496 2788 2728 2844 Domini
2778 2792 3141 2862 sexagesimo
3187 2795 3385 2847 octavo
3418 2807 3571 2847 anno
3602 2791 3736 2847 dor-

317 2879 543 2944 mierit,
578 2900 605 2926 «
638 2876 756 2931 Hoc
786 2881 843 2930 et
873 2892 998 2942 nos,
1033 2875 1244 2946 inquit,
1278 2874 1336 2928 in
1369 2874 1517 2930 libro
1552 2876 1624 2929 De
1650 2877 1963 2930 Illustribus
1997 2876 2140 2931 Viris
2180 2877 2430 2933 breviter
2458 2877 2931 2949 perstrinximus.
2966 2902 2995 2929 »
3027 2878 3208 2935 Paulo
3256 2885 3406 2952 post,
3439 2880 3610 2952 epist.
3643 2881 3735 2948 47,

318 2970 394 3026 ad
425 2965 798 3024 Desiderium
826 2981 836 3018 :
873 2987 900 3015 «
932 2964 1146 3035 Scripsi
1177 2962 1393 3018 librum
1442 2965 1515 3018 De
1566 2964 1873 3019 Illustribus
1929 2966 2066 3020 Viris
2115 2965 2186 3020 ab
2226 2966 2519 3037 Apostolis
2570 2985 2756 3040 usque
2787 2968 2857 3023 ad
2891 2972 3152 3023 nostram
3184 2972 3436 3037 aetatem,
3466 2967 3734 3024 imitatus

317 3054 742 3128 Tranquillum
776 3053 1155 3124 Graecumque
1184 3051 1556 3123 Apollonium
1584 3070 1595 3107 :
1629 3056 1685 3108 et
1714 3058 1844 3124 post
1875 3053 2203 3126 catalogum
2254 3054 2663 3125 plurimorum,
2717 3073 2808 3112 me
2857 3074 3091 3129 quoque
3137 3056 3197 3111 in
3229 3056 3385 3112 ealce
3416 3055 3734 3112 voluminis

320 3145 494 3221 quasi
528 3142 860 3199 abortivum
893 3146 947 3196 et
979 3141 1291 3195 minimum
1323 3141 1586 3195 omnium
1623 3141 2086 3197 Christianorum
2119 3145 2287 3215 posui
2318 3160 2329 3199 :
2366 3145 2463 3200 ubi
2500 3145 2643 3199 mihi
2678 3162 2913 3202 necesse
2961 3146 3071 3200 fuit
3099 3162 3286 3217 usque
3333 3146 3406 3201 ad
3437 3145 3730 3201 decimum

320 3239 601 3310 quartum
633 3248 855 3287 annum
880 3230 1189 3285 Theodosii
1240 3229 1519 3302 principis
1572 3229 1711 3301 quid
1765 3230 2121 3303 scripserim,
2174 3233 2426 3288 breviter
2474 3238 2768 3289 annotare.
2812 3258 2838 3284 ››
2891 3235 3060 3290 Paria
3096 3234 3274 3307 habet
3301 3233 3360 3288 in
3398 3233 3732 3289 Prsefatione

320 3319 887 3381 Commentariorum
917 3319 975 3372 in
1006 3318 1255 3373 Jonam:
1290 3318 1349 3372 in
1381 3318 1529 3373 libro
1578 3323 1773 3374 autem
1822 3321 2079 3374 secundo
2124 3324 2333 3376 Contra
2375 3323 2648 3377 Ruﬁnum
2700 3340 2841 3378 sane
2888 3323 3248 3378 luculenter:
3296 3344 3324 3371 «
3367 3324 3515 3377 Ante
3546 3338 3731 3378 annos

326 3413 505 3468 ferme
533 3411 735 3465 decem
768 3424 902 3462 cum
932 3406 1139 3462 Dexter
1168 3406 1394 3462 amicus
1439 3424 1626 3474 meus,
1679 3409 1779 3479 qui
1829 3409 2231 3479 praefecturam
2282 3411 2716 3468 administravit
2763 3412 3037 3484 praetorii,
3086 3428 3179 3466 me
3226 3414 3490 3482 rogasset
3535 3413 3601 3465 ut
3631 3427 3735 3465 au-

320 3504 549 3556 ctorum
581 3503 788 3553 nostra:
820 3495 1118 3568 religionis
1149 3496 1199 3550 ei
1232 3496 1485 3551 indicem
1516 3502 1793 3563 texerem,
1828 3498 1980 3553 inter
2009 3503 2247 3555 caeteros
2278 3505 2621 3557 tractatorcs
2653 3501 2819 3573 posui
2847 3506 2903 3556 et
2931 3501 3090 3556 hunc
3122 3500 3338 3555 librum
3371 3517 3404 3555 a
3433 3498 3737 3572 Pamphilo

328 3589 555 3644 editum
567 3631 580 3655 ,
607 3609 637 3636 ι)
669 3591 774 3642 etc.

408 3676 462 3727 2.
494 3673 689 3744 Ipsam
716 3690 887 3745 quam
921 3673 1150 3728 fecisset
1182 3672 1334 3729 libro
1364 3673 1828 3745 inscriptionem,
1887 3691 2085 3744 quaeve
2135 3676 2263 3746 ejus
2314 3682 2469 3732 esset
2516 3677 2950 3748 quodammodo
2998 3675 3246 3744 indoles,
3288 3675 3490 3732 sedulo
3520 3675 3593 3730 ad
3622 3676 3743 3732 Au-

340 3762 644 3835 gustinum
671 3762 910 3834 epistola
940 3763 1044 3817 142
1072 3763 1402 3819 rescribens
1434 3763 1636 3817 docet:
1674 3786 1699 3811 ‹‹
1735 3762 1892 3817 Dicis
1924 3762 2216 3835 accepisse
2247 3768 2301 3818 te
2330 3764 2548 3819 librum
2580 3781 2779 3819 meum
2816 3781 2849 3819 a
2880 3764 3131 3835 quodam
3156 3764 3352 3830 fratre,
3378 3764 3480 3834 qui
3502 3761 3742 3819 titulum

339 3868 452 3907 non
486 3850 743 3919 haberet,
775 3851 836 3905 in
869 3867 982 3922 quo
1014 3850 1326 3921 scriptores
1356 3849 1781 3906 ecclesiasticos
1813 3855 1934 3905 tam
1975 3855 2202 3907 Graecos
2233 3869 2410 3923 quam
2462 3852 2698 3908 Latinos
2747 3851 3247 3908 enumeraverim:
3284 3843 3538 3924 cumque
3575 3851 3647 3907 ab
3677 3867 3746 3907 eo

341 3956 659 4013 quaereres,
692 3944 758 3994 ut
779 3940 900 3995 tuis
946 3939 1138 3995 verbis
1189 3944 1339 4008 utar,
1391 3956 1495 3994 cur
1541 3938 1832 3994 liminaris
1882 3941 2096 4012 pagina
2141 3958 2256 3997 non
2303 3946 2455 3997 esset
2493 3942 2797 4014 inscripta,
2846 3941 2932 3997 vel
2980 3958 3095 4013 quo
3124 3944 3461 3997 censeretur
3489 3939 3747 4008 nomine,

345 4028 729 4102 respondisse
758 4028 1035 4101 appellari
1068 4028 1443 4101 Epitaphium,
1477 4032 1532 4083 et
1563 4029 1990 4100 argumentaris
2018 4030 2173 4101 quod
2205 4034 2357 4085 recte
2407 4030 2491 4085 sic
2528 4037 2847 4099 vocaretur,
2894 4030 2942 4085 si
2991 4047 3192 4085 eorum
3224 4033 3454 4086 tantum
3485 4029 3573 4085 vel
3599 4029 3752 4085 vitae

330 4118 423 4173 vel
454 4118 683 4189 scripta
714 4117 792 4172 ibi
826 4117 1090 4189 legisses,
1125 4117 1222 4188 qui
1248 4118 1374 4187 jam
1404 4117 1663 4172 defuncti
1688 4122 1920 4184 essent;
1955 4134 2087 4172 cum
2127 4134 2261 4173 vero
2311 4118 2631 4173 multorum
2664 4123 2721 4174 et
2751 4136 2814 4174 eo
2846 4125 3107 4191 tempore
3139 4135 3253 4190 quo
3285 4119 3670 4185 scribebatur,
3698 4121 3756 4173 et

329 4224 492 4262 nunc
524 4222 714 4277 usque
744 4205 1063 4260 viventium
1095 4211 1633 4261 commemorentur
1661 4204 1962 4277 opuscula,
1996 4206 2194 4262 mirari
2224 4212 2280 4262 te
2310 4224 2415 4262 cur
2462 4207 2515 4262 ei
2562 4207 2719 4262 hunc
2762 4208 3002 4263 titulum
3044 4206 3450 4278 imposuerim.
3484 4206 3627 4261 Puto
3658 4205 3754 4260 in-

328 4294 601 4367 telligere
631 4294 1005 4366 prudentiam
1037 4298 1222 4363 tuam,
1260 4294 1415 4365 quod
1447 4310 1514 4347 ex
1545 4311 1717 4365 opere
1752 4294 1877 4365 ipso
1908 4294 2146 4349 titulum
2207 4295 2470 4367 potueris
2524 4295 2868 4368 intelligere.
2918 4296 3133 4368 Legisti
3164 4296 3320 4350 enim
3354 4298 3411 4349 et
3439 4294 3667 4350 Graecos
3696 4297 3756 4349 et

327 4384 599 4449 Latinos,
629 4383 729 4454 qui
758 4383 907 4438 vitas
938 4382 1195 4438 vivorum
1228 4382 1549 4437 illustrium
1585 4382 2045 4453 descripserunt,
2080 4384 2235 4454 quod
2260 4376 2568 4455 'nunquam
2602 4384 2958 4455 Epitaphium
2978 4383 3113 4438 huic
3136 4382 3294 4455 operi
3324 4380 3754 4454 inscripserint,

330 4474 436 4530 sed
470 4477 558 4528 De
590 4472 903 4527 Illustribus
939 4474 1099 4537 Viris,
1131 4472 1290 4526 verbi
1318 4472 1525 4544 gratia,
1554 4471 1834 4541 Ducibus,
1866 4472 2261 4545 Philosophis,
2293 4474 2657 4538 Oratoribus,
2690 4472 3015 4537 Historicis,
3050 4471 3234 4528 Poetis
3265 4470 3465 4545 epicis,
3495 4469 3757 4543 tragicis,

326 4562 601 4620 comicis.
635 4562 992 4633 Epitaphium
1024 4566 1219 4617 autem
1252 4560 1486 4633 pr0prie
1517 4560 1795 4616 scribitur
1827 4566 2216 4631 mortuorum,
2255 4563 2410 4634 quod
2444 4564 2681 4633 quidem
2732 4562 2790 4616 in
2840 4562 3192 4617 dormitione
3223 4565 3436 4617 sancta:
3462 4558 3757 4615 memorias

326 4650 651 4723 Nepotiani
684 4649 1009 4722 presbyteri
1041 4649 1181 4705 olim
1215 4649 1415 4705 fecisse
1448 4667 1540 4705 me
1568 4651 1721 4705 novi.
1755 4651 1903 4723 Ergo
1935 4651 2028 4704 hic
2059 4635 2207 4705 liber
2234 4651 2319 4706 vel
2352 4653 2429 4706 De
2475 4653 2783 4707 Illustribus
2827 4653 2985 4719 Viris,
3034 4650 3118 4706 vel
3160 4651 3389 4723 proprie
3420 4651 3495 4704 De
3523 4649 3761 4720 Scripto-

330 4743 497 4797 ribm
525 4740 931 4801 ecclesiasticis,
960 4739 1345 4812 appellandus
1392 4744 1516 4794 est:
1580 4738 1713 4794 licet
1772 4757 1805 4793 a
1856 4738 2151 4810 plerisque
2204 4741 2682 4795 emendatoribus
2741 4740 3029 4811 imperitis
3058 4741 3132 4796 De
3162 4739 3490 4795 Auctoribus
3533 4737 3764 4792 dicatur

332 4830 691 4903 inscriptus.
727 4852 754 4878 n
790 4832 921 4883 Jam
952 4828 1148 4900 itaque
1178 4828 1316 4883 audi
1346 4827 1485 4898 quid
1517 4828 1884 4899 Augustinus
1916 4833 2192 4900 praeterea
2240 4829 2310 4882 ab
2360 4845 2425 4883 eo
2479 4829 2805 4899 praestitum
2856 4829 3137 4884 voluisset
3164 4827 3345 4899 Epist.
3378 4827 3529 4879 inter
3558 4823 3765 4879 Hiero-

337 4918 659 4992 nymianas
682 4919 791 4972 67:
826 4939 853 4966 ‹‹
892 4918 951 4971 In
982 4916 1152 4984 libro,
1187 4916 1397 4987 inquit,
1433 4933 1547 4986 quo
1582 4920 1845 4982 cunctos,
1896 4934 2145 4988 quorum
2199 4917 2539 4971 meminisse
2588 4917 2855 4988 potuisti,
2907 4917 3222 4988 scriptores
3253 4912 3678 4970 ecclesiasticos
3708 4914 3767 4966 et

336 5024 554 5065 eorum
586 5006 807 5079 scripta
838 5006 1333 5071 commemorasti,
1368 5005 1757 5071 commodius,
1795 5010 1855 5059 ut
1887 5006 2157 5071 arbitror,
2184 5006 2364 5075 ﬁeret,
2391 5006 2460 5072 si,
2489 5005 2803 5060 nominatis
2825 5006 2898 5059 iis
2928 5021 3075 5075 quos
3106 5003 3442 5058 haeresiotas
3463 5017 3591 5056 esse
3612 4998 3769 5055 costi

339 5096 612 5171 (quando
635 5112 706 5149 ne
737 5096 894 5167 ipsos
926 5095 1165 5166 quidem
1199 5092 1636 5164 prretermittere
1666 5093 1966 5164 volueris,)
1998 5095 2389 5167 subjungeres
2439 5095 2613 5149 etiam
2665 5094 2725 5149 in
2774 5094 2989 5164 quibus
3041 5092 3283 5147 cavendi
3315 5093 3549 5146 essent:
3582 5106 3769 5161 quan-

339 5202 528 5260 quam
565 5183 881 5240 nonnullos
911 5182 1085 5238 etiam
1119 5182 1489 5254 praeterieris,
1521 5182 1677 5253 quod
1711 5182 1859 5237 scire
1906 5200 2179 5254 cuperem
2231 5201 2345 5255 quo
2387 5182 2630 5237 consilio
2676 5183 2891 5237 factum
2937 5181 3034 5235 sit.
3083 5184 3199 5234 Aut
3228 5179 3277 5235 si
3319 5178 3464 5234 illud
3496 5177 3770 5233 volumen

339 5270 499 5333 forte
531 5287 775 5329 onerare
808 5270 1070 5337 noluisti,
1105 5278 1189 5338 ut,
1237 5270 1709 5326 commemoratis
1768 5271 2079 5339 hiereticis,
2140 5290 2254 5328 non
2313 5274 2575 5337 adderes,
2639 5272 2695 5324 in
2756 5270 2973 5342 quibus
3029 5285 3128 5325 eos
3159 5267 3444 5324 catholica
3471 5265 3775 5323 damnavit

338 5363 712 5421 auctoritas:
748 5364 879 5433 peto
911 5378 982 5416 ne
1011 5378 1182 5434 grave
1214 5362 1289 5417 sit
1321 5360 1572 5415 litterato
1628 5358 1813 5415 labori
1862 5366 1985 5431 tuo,
2034 5378 2148 5433 quo
2201 5380 2313 5416 non
2365 5360 2736 5416 mediocriter
2784 5375 2887 5430 per
2914 5358 3143 5414 Domini
3176 5359 3277 5414 Dei
3308 5358 3490 5414 nostri
3522 5356 3773 5429 gratiam

339 5455 408 5510 in
445 5452 661 5508 Latina
683 5450 890 5522 lingua
918 5457 1254 5506 sanctorum
1289 5450 1486 5505 studia
1515 5454 1571 5503 et
1602 5450 1915 5505 accendisti
1950 5456 2005 5505 et
2037 5451 2335 5523 adjuvisti,
2392 5450 2449 5504 id
2496 5450 2649 5521 quod
2700 5449 2805 5503 tibi
2860 5464 2962 5520 per
3005 5448 3401 5503 humilitatem
3430 5461 3623 5502 meam
3658 5445 3775 5500 fra-

341 5546 521 5600 terna
552 5540 810 5597 Charitas
842 5540 1067 5608 indicit,
1102 5545 1187 5609 ut,
1221 5540 1269 5594 si
1303 5538 1712 5609 occupationes
1770 5544 1882 5595 tua:
1945 5541 2167 5607 sinunt,
2225 5540 2492 5595 omnium
2554 5539 2960 5595 haereticorum
3014 5553 3283 5609 perversa
3335 5538 3629 5609 dogmata,
3672 5532 3775 5603 qui

345 5630 775 5689 rectitudinem
806 5630 941 5686 fidei
972 5629 1315 5687 Christianae
1348 5628 1550 5700 utique
1582 5628 1651 5684 ad
1705 5628 1814 5685 hoc
1861 5634 2097 5701 tempus
2144 5628 2232 5685 vel
2279 5628 2664 5701 impudentia,
2716 5627 2803 5685 vel
2851 5626 3166 5700 imperitia,
3207 5626 3292 5683 vel
3328 5623 3648 5698 pertinacia
3674 5621 3774 5678 de-
