4104 6162
334 257 455 338 ear
1107 322 1114 327 .
1577 269 1640 336 s.
1684 271 1996 338 unseen
2039 271 2507 341 HIERONYMI.
3615 278 3766 364 eis,

275 453 282 459 ,
338 411 579 491 pravare
609 398 799 491 conati
833 407 989 472 sunt,
1024 421 1140 462 uno
1171 404 1367 463 libello
1402 404 1653 464 breviter
1682 407 1910 482 digesta
1940 409 2080 466 edas
2111 407 2170 465 in
2201 411 2468 468 notitiam
2499 428 2722 482 eorum,
2755 413 2971 489 quibus
3002 417 3106 473 aut
3136 431 3251 474 non
3299 417 3467 473 vacat
3503 418 3740 491 propter

337 484 452 541 alia
483 489 732 560 negotia,
757 497 859 547 aut
889 510 1004 548 non
1033 494 1224 551 valent
1255 501 1490 568 propter
1519 496 1770 553 alienam
1801 497 2063 570 linguam
2094 503 2215 556 tam
2250 501 2434 558 multa
2460 501 2648 575 legere
2680 484 2857 576 atq—ue
2888 521 3256 578 cognoscere.
3297 527 3316 554 ι

410 631 462 684 3.
492 631 686 698 Porro,
721 633 966 692 aliorum
998 638 1332 695 testimonia
1361 657 1700 710 percensere
1749 639 1798 694 si
1846 640 2045 706 velim,
2095 640 2320 713 longior
2368 643 2501 700 sim.
2554 644 2890 702 Gennadius
2937 647 3208 702 eumdem
3240 646 3498 703 laborem
3531 648 3602 704 ad
3633 665 3740 705 sua

336 723 598 808 tempora
630 731 975 793 persecutus
1016 729 1361 800 cognomine
1391 729 1538 784 libro
1572 746 1694 799 cap.
1731 731 1782 794 1,
1831 729 1902 786 de
1956 731 2172 786 Jacobo
2231 733 2507 789 Nisibeno
2560 750 2761 806 agens,
2794 758 2821 785 «
2851 736 3036 803 Hunc,
3069 737 3284 808 inquit,
3313 735 3504 792 virum
3537 737 3739 792 beatus

337 806 723 881 Hieronymus
754 813 811 867 in
845 813 990 870 libro
1023 820 1296 888 Χρονικῶν
1328 817 1488 872 velut
1519 835 1866 890 magnarum
1898 820 2184 875 virtutum
2218 821 2518 877 hominem
2549 823 2855 888 nominat;
2889 841 2995 879 cur
3026 824 3083 879 in
3133 806 3390 894 (latalago
3421 824 3742 881 Scribarum

337 912 453 950 non
495 900 772 968 posuerit,
804 901 968 958 facile
999 905 1391 970 excusabitur,
1426 929 1452 954 ››
1485 911 1616 970 etc.,
1646 924 1772 978 qua
1801 907 1955 963 infra
1985 926 2090 964 suo
2122 908 2246 965 loco
2279 911 2697 982 expendemus.
2732 912 3036 968 Facundus
3075 913 3519 969 Hermianensis
3551 913 3651 969 lib.
3685 931 3742 969 v1

336 983 700 1074 I_)efensionis
729 991 903 1044 trium
937 993 1336 1064 Capitulorum
1369 1012 1494 1066 cap.
1526 999 1596 1052 2:
1654 1016 1674 1044 α
1711 996 2095 1069 Hieronymus
2143 1002 2360 1066 noster,
2411 999 2500 1054 vir
2549 1001 2867 1057 admodum
2918 1002 3146 1068 doctus,
3197 1002 3298 1074 qui
3347 1002 3520 1057 etiam
3569 1005 3742 1058 tanta

338 1072 526 1129 fuerat
553 1074 839 1145 lectionis,
877 1085 940 1134 ut
970 1098 1194 1150 omnes,
1228 1087 1330 1138 aut
1359 1101 1503 1156 pene
1533 1102 1756 1153 omnes,
1793 1085 1914 1142 sive
1961 1086 2020 1142 in
2069 1088 2285 1155 Graeco,
2337 1088 2458 1144 sive
2511 1090 2570 1144 in
2626 1089 2829 1146 Latino
2859 1090 3090 1163 eloquio
3121 1072 3452 1146 divinarum
3481 1090 3742 1162 Scriptu-

338 1177 536 1216 rarum
567 1168 908 1223 tractatores
940 1168 1174 1241 legeret,
1207 1172 1442 1244 scripsit
1472 1173 1690 1230 librum
1723 1175 1892 1246 cujus
1922 1181 2011 1231 est
2039 1176 2245 1232 titulus
2275 1179 2348 1233 De
2384 1179 2525 1233 Viris
2553 1179 2886 1246 Illustribus,
2910 1179 2971 1234 in
2993 1196 3107 1250 quo
3129 1196 3244 1236 non
3267 1178 3459 1235 solum
3490 1178 3742 1235 Catholi-

338 1264 456 1318 cos,
480 1253 579 1307 sed
612 1254 786 1310 etiam
820 1257 1117 1315 haereticos
1167 1262 1529 1326 memoravit,
1582 1263 1684 1334 qui
1731 1264 1801 1318 de
1847 1264 2166 1337 Scripturis
2215 1267 2433 1322 sanctis
2483 1265 2541 1321 in
2594 1270 2841 1337 utraque
2883 1266 3086 1339 lingua
3115 1266 3337 1339 aliquid
3373 1267 3773 1340 conscripset

338 1347 511 1397 runt:
541 1360 654 1398 non
688 1346 868 1401 tacuit
898 1347 997 1418 qui
1023 1348 1311 1405 haresum
1344 1351 1560 1406 fuerint
1589 1352 1940 1422 conditores,
1973 1353 2143 1425 quive
2195 1358 2536 1424 assertores,
2586 1354 2675 1410 vel
2726 1354 2826 1426 qui
2876 1355 3054 1411 etiam
3087 1372 3121 1411 a
3148 1355 3502 1427 quibusdam
3533 1360 3600 1412 ut
3626 1355 3741 1412 Ιιωτ

338 1431 496 1486 retici
555 1440 990 1495 accusarentur.
1052 1437 1182 1492 aliis
1239 1444 1440 1495 contra
1495 1441 1963 1497 defendentibus.
2026 1465 2052 1492 ››
2115 1443 2372 1516 Denique
2429 1443 2813 1500 Cassiodorus
2871 1446 3127 1500 Divinar.
3187 1446 3367 1501 lnstit.
3439 1461 3566 1518 cap.
3627 1445 3742 1502 l7:

337 1543 365 1570 «
403 1522 548 1594 Lege
579 1522 796 1579 librum
827 1526 899 1580 De
935 1527 1074 1582 Viris
1102 1528 1415 1584 Illustribus
1441 1530 1498 1586 S.
1532 1531 1886 1603 Hieronymi,
1921 1532 2023 1587 ubi
2052 1533 2313 1589 diversos
2343 1532 2574 1589 labores
2618 1537 2792 1605 atque
2843 1534 3129 1606 opuscula
3175 1549 3382 1590 eorum
3409 1534 3659 1591 breviter
3687 1539 3746 1591 et

340 1610 648 1667 honoravit
676 1619 731 1668 et
759 1614 970 1687 tetigit.
1009 1639 1028 1665 η
1062 1617 1286 1681 Quibus
1335 1619 1483 1674 adde
1533 1620 1590 1674 S.
1626 1621 1914 1676 Isidorum
1961 1621 2387 1694 Hispalensem,
2439 1624 2730 1694 Originum
2778 1622 2880 1678 lib.
2915 1641 2988 1691 νι,
3023 1622 3211 1695 capite
3237 1625 3311 1691 6;
3341 1623 3743 1680 Marcellinum

341 1699 620 1756 Comitem
651 1702 709 1757 in
739 1702 1041 1772 Chronico,
1089 1706 1378 1764 Joannem
1427 1707 1913 1768 Sarisberiensem
1962 1710 2132 1784 epist.
2184 1712 2308 1780 {72,
2355 1711 2618 1787 aliosque
2671 1712 2888 1770 secutis
2930 1711 3295 1785 temporibus
3341 1728 3521 1785 prope
3565 1712 3742 1771 innu-

343 1803 558 1845 meros.

412 1935 463 1989 4.
497 1934 734 1991 Factum
764 1953 834 1992 ex
861 1938 970 1994 hac
1001 1939 1130 2012 ipsa
1158 1940 1348 2012 operis
1379 1941 1732 2014 celebritate,
1765 1948 1830 1999 ut
1860 1944 2095 2002 meliore
2125 1946 2302 2002 etiam
2334 1947 2567 2002 fortuna
2597 1961 2775 2018 quam
2808 1943 3018 2018 reliqui
3068 1959 3273 2001 omnes
3303 1942 3739 2015 Hieronymiani

337 2018 472 2076 libri
505 2027 766 2080 uteretur
795 2026 923 2092 iste,
956 2026 1248 2099 siquidem
1277 2030 1452 2086 variis
1481 2033 1844 2103 temporibus
1874 2033 2070 2106 plures
2109 2034 2391 2092 litteratos
2435 2035 2590 2090 viros
2639 2033 2881 2100 invenit,
2933 2049 3186 2106 quorum
3236 2048 3412 2104 opera
3458 2030 3639 2104 magis
3663 2047 3734 2088 ac

337 2110 526 2181 magis
556 2114 888 2183 recognitus
919 2122 1095 2188 atque
1128 2117 1478 2188 illustratus,
1513 2121 1684 2177 modo
1731 2121 1996 2189 scorsim,
2049 2124 2221 2179 modo
2273 2139 2407 2179 cum
2459 2122 2591 2179 aliis
2637 2122 2914 2195 operibus
2963 2121 3022 2177 in
3071 2121 3262 2177 lucem
3295 2120 3734 2192 produceretur.

336 2197 689 2271 Insigniores
721 2220 788 2259 ex
816 2205 889 2261 iis
920 2211 1058 2262 sunt
1089 2208 1387 2274 Erasmus,
1419 2210 1730 2277 Victorius,
1782 2212 2052 2280 Gravius,
2110 2211 2400 2268 Suﬂ‘ridus
2457 2211 2630 2276 Petri,
2678 2211 2936 2267 Joannes
2965 2227 3000 2265 a
3031 2209 3270 2276 Fuchte,
3301 2209 3594 2264 Aubertus
3623 2207 3741 2264 Mi-

335 2303 505 2356 rzeus,
538 2291 819 2349 Ernestus
839 2295 1212 2364 Tentzellius,
1248 2298 1521 2355 Salomon
1555 2300 1897 2372 Cyprianus,
1930 2301 2320 2368 Martianazus,
2353 2305 2527 2372 atque
2559 2299 2824 2355 omnium
2878 2297 3193 2355 novissime
3233 2297 3508 2354 Albertus
3537 2296 3739 2352 Fabri-

334 2375 479 2443 cius,
515 2380 614 2450 qui
648 2383 792 2438 satis
825 2389 1106 2441 accuratar
1140 2405 1257 2442 suae
1289 2389 1613 2445 recensioni
1645 2389 1891 2446 aliorum
1923 2407 2156 2462 quoque
2185 2390 2475 2446 editorum
2532 2388 2756 2445 scholia
2803 2393 2978 2461 atque
3017 2387 3424 2443 aunotationes
3456 2387 3737 2442 adtexuit.

333 2473 549 2528 Verum
601 2473 762 2528 nulla
804 2480 892 2529 est
939 2492 1113 2545 opera
1161 2475 1448 2549 insignior
1491 2478 1611 2546 illa,
1658 2495 1835 2550 quam
1884 2478 2241 2550 Sophronius
2291 2479 2533 2551 quidam
2591 2478 2898 2550 impendit,
2949 2476 3051 2549 qui
3099 2480 3288 2532 totum
3333 2475 3490 2530 hunc
3519 2474 3741 2530 librum

335 2562 527 2618 Graece
560 2563 810 2617 refudit:
845 2564 916 2618 de
948 2582 1061 2636 quo
1092 2565 1328 2620 homine
1359 2571 1413 2622 et
1440 2567 1703 2623 versione
1733 2568 1861 2640 ipsa
1903 2585 2035 2623 cum
2069 2567 2255 2623 multa
2289 2567 2345 2622 in
2381 2571 2690 2639 utramque
2735 2571 2960 2639 partem
3011 2565 3304 2621 disserant
3331 2563 3568 2632 eruditi,
3599 2581 3748 2619 non-

334 2650 476 2706 nihil
511 2651 680 2706 nobis
711 2652 1023 2708 dicendum
1057 2657 1164 2709 est.
1198 2656 1497 2722 Erasmus,
1531 2655 1623 2710 cui
1656 2655 1920 2712 omnium
1954 2657 2142 2728 primo
2172 2660 2493 2720 vetustum,
2517 2661 2582 2711 ut
2603 2657 2729 2728 ipse
2751 2661 2874 2720 aut,
2899 2660 3072 2726 atque
3091 2654 3470 2710 emandatum
3494 2652 3744 2725 Sophro-

336 2739 522 2794 nianaa
553 2739 836 2796 versionis
867 2741 1164 2813 exemplar
1191 2732 1450 2799 nancisci
1483 2744 1744 2815 contigit,
1778 2745 1997 2816 quique
2026 2761 2161 2800 eum
2193 2744 2378 2800 secuti
2408 2748 2547 2800 sunt
2575 2744 2828 2799 editores
2858 2742 3142 2814 plerique,
3199 2758 3314 2797 non
3355 2740 3537 2796 alium
3571 2740 3644 2796 ab
3675 2757 3743 2797 eo

334 2828 661 2900 Sophronio
691 2845 816 2884 esse
850 2846 1196 2900 persuasum
1229 2831 1466 2913 habent,
1499 2848 1672 2903 quem
1707 2832 2094 2905 Hieronymus
2142 2839 2340 2889 noster
2387 2850 2436 2888 c.
2485 2833 2589 2888 434
2635 2831 2940 2902 bujusmet
2985 2829 3239 2902 Catalogi
3286 2829 3505 2897 laudat,
3538 2833 3744 2901 utpote

335 2934 578 2972 suorum
611 2917 836 2989 aliquot
865 2918 1282 2989 opusculorum
1317 2921 1388 2976 de
1420 2921 1623 2976 Latino
1654 2921 1712 2975 in
1740 2921 2005 2977 Graecum
2037 2921 2287 2994 eleganti
2320 2937 2589 2977 sermone
2615 2921 3013 2992 interpretem.
3047 2918 3265 2973 Horum
3299 2917 3589 2973 sententia
3610 2917 3744 2988 ipsa

336 3007 593 3078 primum
625 3007 758 3062 libri
791 3009 1170 3080 inscriptione
1203 3009 1432 3074 nititur,
1466 3009 1674 3065 deinde
1701 3014 2100 3082 praeconcepta
2127 3027 2194 3066 ex
2223 3009 2556 3082 Hieronymi
2599 3007 2935 3064 testimonio
2984 3007 3287 3062 doctorum
3333 3005 3606 3077 opinione
3635 3005 3746 3062 ho-

334 3096 560 3150 minum
593 3097 990 3152 confirmatur.
1027 3101 1236 3154 Contra
1264 3098 1360 3152 alii
1395 3116 1496 3170 pro
1530 3115 1749 3170 nupero
1780 3100 2058 3170 scriptore
2090 3098 2325 3161 habent,
2360 3096 2462 3169 qui
2490 3096 2802 3168 Sophronii
2845 3097 2993 3167 ejus,
3027 3094 3358 3166 Hieronymi
3410 3093 3747 3162 familiaris,

335 3199 644 3254 personam
675 3185 1012 3253 mentiatur,
1048 3203 1153 3241 nec
1193 3186 1376 3242 defuit
1421 3187 1660 3258 quidam
1713 3192 1918 3242 czetera
1965 3187 2174 3242 doctus
2223 3189 2397 3256 atque
2446 3184 2712 3240 eruditus
2762 3183 3056 3255 (Vossium
3090 3182 3264 3252 dico,)
3297 3181 3396 3254 qui
3427 3181 3748 3239 Erasmum

331 3269 528 3342 ipsum
561 3271 711 3327 hanc
743 3274 1122 3343 supposuisse
1157 3275 1490 3345 suspicatus
1524 3275 1620 3341 sit,
1651 3280 1804 3331 certe
1834 3275 1906 3330 ab
1937 3275 2065 3345 ejus
2097 3274 2198 3329 aevi
2249 3273 2511 3330 Grmculo
2561 3273 2851 3328 nebulone
2897 3269 3094 3343 aliquo
3141 3271 3459 3343 profectam
3493 3275 3752 3326 conten-

329 3359 499 3414 derit.
535 3361 612 3414 Ex
643 3376 708 3416 eo
740 3365 934 3416 autem
966 3367 1469 3432 argumentantur,
1504 3363 1660 3434 quod
1693 3363 1895 3420 multis
1924 3363 1983 3418 in
2018 3363 2162 3418 locis
2196 3379 2300 3418 nec
2349 3362 2542 3417 Graeca
2589 3361 2683 3426 sit,
2730 3377 2837 3432 nec
2885 3357 3224 3431 Hieronymi
3256 3361 3511 3414 mentem
3545 3359 3750 3431 expri-

326 3453 468 3514 mat,
502 3450 604 3504 sed
633 3466 700 3504 ex
731 3456 1002 3522 corrupto
1032 3451 1234 3506 Latino
1281 3452 1596 3524 exemplari
1648 3470 1920 3524 expressa
1965 3453 2248 3508 videatur.
2302 3451 2516 3508 Deinde
2565 3451 2719 3522 quod
2771 3449 2830 3503 in
2882 3448 3045 3504 nullo
3091 3464 3354 3520 unquam
3384 3446 3562 3502 veteri
3590 3446 3753 3506 libro

324 3539 725 3610 manuscripto
757 3537 917 3593 illam
946 3540 1199 3610 reperire
1229 3540 1306 3595 sit
1333 3540 1392 3596 in
1448 3541 1838 3609 bibliothecis,
1883 3559 2030 3613 quas
2084 3541 2423 3610 hujusmodi
2463 3539 2788 3594 litterarum
2839 3536 3087 3594 studiosi
3130 3535 3412 3592 hactenus
3461 3551 3749 3592 excusse-

321 3625 460 3681 rint.
499 3628 655 3682 lnter
684 3628 826 3683 adeo
858 3628 1096 3683 dissitas
1128 3628 1431 3700 opiniones
1490 3631 1702 3696 media,
1759 3647 1936 3701 quam
1991 3629 2398 3702 prudentiores
2441 3627 2547 3682 viri
2606 3627 2836 3694 Bosius,
2891 3626 3158 3693 Huetius,
3206 3624 3422 3696 aliique
3454 3623 3747 3696 probant,

321 3712 491 3787 longe
520 3721 609 3771 est
638 3716 814 3770 etiam
845 3716 1268 3772 verosimilior:
1303 3717 1452 3784 dico,
1486 3718 1879 3790 Sophronium
1911 3719 2146 3790 quidem
2183 3717 2348 3772 illum
2382 3716 2714 3788 Hieronymi
2763 3715 3042 3782 amicum,
3095 3714 3187 3769 cui
3218 3713 3390 3786 vulgo
3421 3712 3741 3783 tribuitur,

320 3804 659 3876 neutiquam
693 3805 820 3875 ejus
851 3808 1148 3859 auctorem
1184 3821 1350 3872 esse;
1385 3810 1448 3860 ut
1477 3810 1673 3861 autem
1706 3807 1776 3861 ab
1803 3809 2044 3862 Erasmo
2089 3811 2191 3861 aut
2240 3807 2312 3860 ab
2362 3806 2490 3876 ejus
2538 3804 2640 3858 aevi
2698 3803 3016 3875 impostore
3071 3802 3268 3874 aliquo
3326 3801 3574 3856 conficta
3624 3801 3737 3869 sit,

317 3891 559 3947 minime
590 3893 744 3946 credi
777 3909 964 3963 posse.
995 3893 1260 3948 Primum
1291 3895 1498 3950 suadet
1525 3895 1714 3967 stylus
1744 3894 1890 3966 ipse,
1925 3894 2024 3966 qui
2057 3896 2385 3966 sequiorem
2415 3894 2777 3949 Graecitatem
2806 3891 3067 3948 redolere
3098 3908 3213 3946 non
3245 3889 3536 3945 immerito
3556 3889 3734 3946 visus

313 3983 436 4034 est:
468 3997 692 4036 errores
720 3997 951 4052 quoque
983 3987 1038 4036 et
1069 3982 1225 4037 falsa:
1253 3982 1548 4050 lectiones,
1581 4001 1729 4054 quze,
1779 3984 1914 4040 licet
1951 4000 2067 4038 non
2110 3983 2454 4051 innumerae,
2475 3988 2539 4038 ut
2581 3983 2826 4038 Vossius
2868 3985 3197 4053 exaggerat,
3230 3981 3359 4051 ejus
3389 3981 3578 4034 tamen
3617 3994 3733 4050 ge-

313 4068 469 4123 neris
501 4073 658 4138 sunt,
691 4074 756 4124 ut
785 4086 852 4124 ex
881 4071 1197 4126 recentiore
1249 4071 1451 4127 Latino
1499 4072 1815 4144 exemplari
1864 4073 2207 4128 adornatam
2256 4071 2703 4129 translationem
2753 4070 3164 4142 persuadeant,
3219 4069 3456 4141 quando
3495 4068 3738 4126 sensim

311 4156 548 4214 inducta
573 4156 858 4220 barbarie,
892 4158 1218 4213 scribarum
1250 4160 1575 4226 oscitantia,
1609 4165 1712 4215 aut
1741 4159 2078 4215 criticorum
2109 4159 2407 4216 temeritas
2440 4159 2624 4213 bonos
2681 4156 2862 4214 libros
2915 4161 3270 4229 pervaserat.
3305 4155 3553 4212 Maxime
3582 4171 3741 4214 vero

307 4244 787 4316 interpolationes
818 4245 887 4300 de
918 4245 1220 4317 apostolis,
1253 4251 1353 4301 aut
1381 4247 1513 4303 aliis
1545 4247 1800 4319 antiquis
1832 4248 2126 4316 Patribus,
2160 4248 2260 4320 qui
2294 4246 2441 4303 nihil
2471 4245 2711 4302 omnino
2742 4246 3134 4318 scripserunt,
3177 4261 3366 4317 neque
3414 4244 3484 4300 ab
3517 4243 3744 4302 Hiero-

308 4350 480 4405 nymo
513 4333 661 4389 inter
690 4333 1114 4389 ecclesiasticos
1146 4335 1458 4407 scriptores
1489 4335 1653 4391 relati
1684 4336 1934 4401 fuerant,
1965 4336 2268 4409 ingenium
2302 4336 2504 4407 utique
2537 4334 2777 4406 sapiunt
2807 4333 3066 4389 hominis
3097 4351 3131 4388 a
3161 4331 3474 4405 Sophronii
3507 4330 3630 4386 ﬁde
3668 4350 3745 4389 ac

305 4422 607 4478 nobilitate
638 4421 1089 4478 alienissimum.
1125 4422 1385 4478 Alterum
1421 4423 1584 4479 facile
1613 4423 1888 4479 evincunt
1918 4425 2268 4496 scriptorum
2319 4423 2676 4493 testimonia,
2708 4422 2808 4494 qui
2848 4422 3068 4477 nedum
3099 4439 3217 4477 uno
3249 4424 3352 4476 aut
3380 4419 3583 4486 altero,
3623 4423 3742 4478 sed

304 4510 508 4565 multis
542 4515 674 4565 ante
705 4512 1012 4566 Erasmum
1048 4511 1274 4566 saeculis
1305 4513 1568 4567 ﬂoruere.
1603 4512 1816 4568 Suidas
1847 4511 2050 4568 multis
2081 4513 2138 4567 in
2172 4513 2316 4568 locis
2347 4511 2676 4568 versionem
2712 4509 2864 4566 hanc
2897 4509 3119 4574 laudat,
3150 4525 3217 4564 ac
3248 4508 3494 4564 totidem
3524 4509 3742 4566 verbis

301 4597 580 4654 describit
609 4597 666 4651 in
699 4598 935 4661 Basilio,
969 4598 1235 4664 Czesario,
1261 4599 1556 4672 Gregorio,
1592 4600 1860 4667 Damaso,
1895 4601 2240 4673 Epiphanio,
2267 4600 2514 4656 Eusebio
2547 4598 3145 4671 Pamphili,Justino,
3167 4597 3339 4653 Justo
3364 4595 3730 4664 Tiberiensi,

295 4687 571 4760 Josepho,
606 4687 915 4750 Methodio,
949 4687 1213 4757 Origene,
1249 4688 1581 4760 Polycarpo,
1616 4689 1876 4745 Philone.
1912 4692 2003 4755 At,
2055 4689 2308 4760 inquies,
2355 4689 2587 4743 incertae
2638 4691 2842 4742 auctor
2891 4687 3080 4742 {etatis
3111 4690 3203 4742 est
3233 4685 3361 4757 ipse
3389 4683 3634 4752 Suidas,
3669 4689 3734 4741 et

302 4777 402 4847 qui
433 4795 512 4832 x11
545 4775 755 4832 saeculo
785 4776 996 4830 vixisse
1027 4776 1311 4841 videatur,
1345 4778 1816 4849 quandoquidem
1851 4795 1920 4832 ex
1950 4776 2226 4834 Michaele
2261 4775 2466 4843 Psello,
2502 4776 2601 4848 qui
2632 4775 2742 4832 sub
2773 4774 2973 4830 Alexio
3006 4779 3301 4830 Comneno
3334 4773 3554 4840 floruit,
3591 4772 3729 4830 loca

304 4867 568 4934 quaedam
604 4867 674 4920 ab
708 4864 804 4920 illo
837 4865 1230 4919 adducuntur.
1267 4866 1350 4920 Ita
1382 4883 1541 4934 sane,
1575 4867 1674 4922 sed
1705 4883 1773 4921 ex
1803 4866 2027 4936 aliquot
2054 4865 2318 4931 vocibus,
2352 4881 2499 4935 quas
2535 4863 2820 4935 posterior
2852 4879 3060 4918 manus
3111 4861 3412 4932 adjecerit,
3463 4862 3535 4917 de
3585 4863 3724 4933 ejus

299 4957 462 5009 aetate
494 4973 608 5010 non
639 4971 767 5010 esse
789 4953 1178 5025 judicandum
1211 4971 1380 5009 nemo
1410 4955 1723 5021 inficietur,
1755 4960 1932 5025 utque
1959 4953 2195 5010 difﬁcile
2251 4954 2409 5008 dictu
2469 4953 2569 5018 sit,
2629 4968 2744 5023 quo
2788 4953 3024 5006 tandem
3057 4966 3212 5005 anno
3243 4954 3451 5005 auctor
3477 4949 3719 5019 vixerit,

296 5042 671 5098 vetustiorem
705 5049 895 5098 tamen
929 5059 1056 5098 esse
1082 5061 1256 5114 quam
1290 5043 1460 5114 vulgo
1492 5043 1767 5109 creditur,
1801 5043 1988 5097 doctis
2021 5042 2158 5096 viris
2191 5042 2501 5113 probatum
2533 5045 2641 5095 est.
2673 5039 2786 5094 Nec
2836 5044 3028 5094 tamen
3087 5054 3272 5092 unum
3304 5036 3413 5092 hoc
3444 5037 3718 5093 testimo-

297 5126 456 5181 nium
493 5147 692 5201 urgeo.
729 5133 826 5186 Est
857 5131 1016 5186 aliud
1049 5131 1605 5188 luculentissimum.
1639 5131 1899 5198 Photius,
1931 5130 2028 5203 qui
2061 5135 2216 5186 certe
2243 5134 2377 5185 ante
2406 5145 2627 5184 annum
2659 5128 2764 5183 850
2793 5126 3212 5204 Bibliothecam
3262 5143 3432 5182 suam
3485 5126 3714 5193 emisit,

293 5212 442 5268 hanc
474 5216 659 5285 ipsam
695 5218 948 5274 Graecam
980 5219 1518 5291 interpretationem
1551 5220 1710 5293 legit,
1739 5223 1792 5274 et
1824 5219 2081 5290 plurium
2113 5236 2182 5274 ex
2212 5235 2280 5274 ea
2311 5234 2586 5273 versuum
2621 5215 2892 5270 laciniam
2938 5215 3244 5270 derivavit.
3278 5213 3352 5270 Ut
3381 5213 3464 5269 rei
3495 5213 3714 5270 veritas

293 5307 540 5365 constet,
578 5305 775 5358 confer
803 5307 873 5360 ad
912 5308 1239 5380 llieronymi
1293 5313 1467 5381 caput
1523 5311 1613 5378 61,
1672 5309 1743 5364 de
1799 5307 2104 5380 Hippolyto
2163 5306 2557 5378 Sophronium
2603 5305 2795 5361 Graece
2853 5308 3175 5360 vertentem
3224 5319 3359 5359 cum
3392 5302 3487 5358 his
3517 5301 3714 5359 Photii

292 5390 420 5446 00d.
480 5391 579 5446 421
635 5410 646 5444 :
699 5393 928 5466 Αοὶγετπιι
991 5392 1046 5448 δὲ
1104 5397 1192 5449 καὶ
1253 5397 1409 5460 οὗτος
1470 5396 1832 5470 (Ἱππόλυτος)
1889 5394 2246 5471 προσομιλεῖν
2305 5400 2382 5467 τῷ
2439 5392 2558 5466 λαῷ
2613 5394 2750 5447 κατά
2808 5391 3041 5465 μίμησιν
3102 5391 3435 5466 Ὠριγένους,
3496 5389 3556 5444 οὗ
3616 5381 3719 5446 καὶ

293 5481 529 5549 συνήθης
586 5479 674 5532 καὶ
751 5479 976 5553 ἐραστὴς
1047 5489 1151 5536 τῶν
1235 5483 1414 5559 λόγων
1497 5489 1762 5563 ὑπῆργεν,
1849 5487 1924 5548 ὡς
2001 5486 2089 5540 καὶ
2165 5485 2565 5559 προτρέψασθαι
2633 5481 2798 5542 αὐτὸν
2864 5482 2960 5549 τήν
3039 5479 3185 5535 θείαν
3256 5480 3713 5552 ὑπομνηματέσαι

288 5569 551 5647 Γραφήν,
613 5568 1012 5645 ἐγκαταστήσας
1072 5571 1214 5644 αὐτῴ
1270 5575 1358 5629 καὶ
1423 5577 1766 5656 ὑπογραφέας
1842 5576 1974 5632 ἑπτὰ
2047 5573 2429 5653 ταχυγράφους
2487 5572 2577 5627 καὶ
2637 5571 2850 5646 ἑτέρους
2906 5567 3200 5633 τοσούτους
3250 5569 3554 5648 γράφοντας
3623 5570 3710 5634 εἰς
