4082 6168
289 338 427 410 133

1389 336 1623 404 LIBER
1663 335 1768 403 DE
1808 330 2020 403 vms
2059 330 2594 402 lLLUSTRlBUS.

3592 328 3714 398 63d

307 478 447 535 πάνυ
501 469 1053 551 διδασκαλικώτερος,
1082 472 1469 550 Ἀριστόξενος,
1506 472 1781 548 μουσικός,
1813 472 1959 547 παρὰ

2081 488 2203 539 nus,
2232 475 2289 527 et
2317 472 2388 527 ad
2420 471 2590 543 cujus
2612 484 2718 527 nos
2730 460 3060 542 exemplum
3081 480 3381 542 provocas.
3404 465 3713 543 Tranquil-

309 566 367 626 δὲ
448 568 568 630 τοῖς
643 566 936 640 Ῥωμαίοις
1016 563 1263 641 Βάρρων,
1349 564 1629 637 Σάντρας,
1719 562 1953 630 Νέπως,

308 656 541 733 ’Υγῗνος,
598 657 691 711 καὶ
750 655 812 709 οὗ
873 654 950 716 είς
1007 650 1313 728 ὑπόδειγμα
1364 652 1513 727 ᾑμᾶς
1570 648 1958 725 προκαλεῖσθαι

310 753 525 831 βούλει,
552 750 927 829 Τράγκυλλος.
962 748 1116 807 Ἀλλ’
1149 744 1247 806 ούκ
1276 744 1420 805 ἔστιν
1448 750 1542 823 μὲν
1574 751 1701 824 γὰρ,
1722 746 1959 809 παλαιὰς

309 844 559 917 ἱστορίας
612 842 698 896 καὶ
755 842 823 895 τά
892 840 1119 894 ἑκάστου
1194 834 1346 901 ἔτους
1405 836 1786 899 ἀνακυλίοντες
1842 857 1960 891 συν-

318 942 589 1015 τάγματα,
640 935 969 1008 ὶδυνήθησαν
1022 936 1216 990 ὠσανεὶ
1270 936 1329 991 έκ
1388 933 1630 1010 μεγάλου
1688 932 1961 1007 λειμῶνος

324 1026 605 1103 ἰλάχιστον
663 1030 793 1101 γοῦν
824 1030 920 1079 τοῦ
974 1024 1177 1079 οἰκείου
1218 1016 1383 1099 ἔργου
1442 1024 1696 1101 στέφανον
1746 1020 1956 1093 πλέξαι.

327 1127 434 1200 ἐγὼ
476 1124 531 1180 δὲ
573 1124 625 1179 τί
683 1122 1072 1198 διαπράξομαι,
1128 1124 1427 1199 ἡγουμένῳ
1456 1122 1723 1195 ἑπόμενος
1762 1117 1960 1189 οὐδενὶ,

319 1212 445 1267 ἀλλ’
490 1213 719 1286 ἐμαυτὸν
770 1212 1044 1280 κάκιστον,
1095 1214 1170 1274 ὡς
1219 1214 1247 1267 ὁ
1294 1210 1462 1285 λόγος
1509 1212 1664 1288 φησὶ,
1715 1208 1962 1265 διδάσκα-

316 1300 412 1355 λον
469 1296 612 1376 ἔχων
640 1320 655 1370 ;
684 1301 731 1356 εί
773 1302 864 1355 καὶ
910 1301 977 1354 τά
1032 1297 1269 1373 μάλιστα
1322 1293 1579 1361 Εὐσέϐιος
1611 1300 1640 1354 ὁ
1668 1297 1962 1377 Παμφίλου

192 1460 199 1469 ε
312 1398 390 1460 εἷς
478 1396 606 1454 δέκα
676 1406 779 1467 τῆς
853 1394 1338 1467 Ἐκκλησιαστικῆς
1391 1398 1649 1472 Ἱστορίας
1734 1390 1962 1471 βίϐλους

315 1486 582 1561 μεγίστην
626 1487 763 1561 ᾐμῖν
811 1484 1114 1562 παρέσχετο
1178 1485 1451 1560 βοῂθειαν,
1484 1487 1573 1540 καὶ
1618 1487 1685 1540 τά
1706 1486 1959 1554 ἑκάστου,

310 1576 435 1648 περὶ
493 1576 568 1629 ὧν
627 1576 953 1650 συγγράφειν
1025 1571 1329 1648 μέλλομεν,
1389 1574 1585 1652 τεύχη,
1656 1576 1788 1648 ὑπὲρ
1851 1580 1959 1630 τῶν

313 1664 529 1719 οἰκείων
586 1662 687 1737 τῂν
750 1663 1045 1738 μαρτυρίαν
1106 1665 1394 1737 παρέξουσι
1450 1664 1685 1739 χρόνων.
1734 1669 1961 1739 Τοιγαρ-

313 1756 403 1807 οῦν
462 1756 561 1806 τοῦ
617 1750 817 1827 Κυρίου
872 1746 1033 1825 ήμῶν
1087 1757 1270 1822 Ἰησοῦ
1330 1757 1564 1827 Χριστοῦ
1622 1749 1837 1825 δέομαι,
1891 1750 1962 1805 ’ίν’

313 1845 445 1924 ὅπερ
478 1851 508 1905 ὁ
558 1850 650 1911 σὸς
696 1850 957 1924 Κικέρων,
1008 1850 1037 1904 ὁ
1077 1850 1132 1903 ὶν
1181 1854 1260 1904 τῶ
1314 1846 1466 1922 ἄκρῳ
1508 1857 1611 1919 τῆς
1656 1855 1968 1923 Ῥωμαϊκῆς
1997 1839 2044 1905 Β

316 1936 655 2014 εὐγλωττίας
728 1938 1014 2010 ἱστάμενος
1047 1982 1063 2007 ,
1139 1945 1359 2013 ροιῆσαι
1434 1938 1533 1993 οὐκ
1608 1939 1911 2010 ἀπηξίωσεν
1951 1984 1965 2008 ,

318 2030 473 2087 82³
519 2027 596 2089 είς
642 2031 899 2099 Βροῦτον,
946 2027 1037 2081 τὸν
1091 2030 1198 2081 τῶν
1258 2026 1507 2103 ρητόρων
1562 2031 1631 2101 τῇ
1688 2032 1966 2102 Ῥωμαϊκῇ

321 2117 546 2191 γλώττῃ
611 2116 914 2169 συντάττων
977 2113 1308 2190 κατάλογον,
1380 2120 1541 2170 τοῦτο
1617 2115 1726 2190 ἐγὼ
1778 2116 1831 2171 ἐν
1890 2120 1969 2187 τῷ

324 2212 794 2287 ᾇπαριθμῄσασθαι
853 2212 986 2275 τοὺς
1059 2215 1404 2291 συγγραφέας
1478 2220 1579 2282 τῆς
1632 2212 1797 2267 αὐτοῦ
1853 2219 1968 2268 Ἐκ-

320 2299 556 2370 κλησίας
586 2298 930 2377 ἐκπληρώσω
977 2303 1067 2355 νιὰ
1108 2308 1209 2369 τῆς
1262 2308 1363 2370 σῆς
1411 2308 1749 2375 προτροπῆς.
1801 2302 1863 2357 El
1911 2299 1969 2357 δέ

315 2411 461 2453 τινες
514 2390 578 2445 ὶκ
622 2395 730 2444 τῶν
790 2388 924 2465 ἄχρι
980 2391 1221 2462 τήμερον
1282 2392 1787 2464 συγγεγραμμένων
1846 2397 1970 2464 παρ’

317 2480 456 2552 ἐμοῦ
513 2480 567 2534 έν
621 2475 762 2549 τῷδε
835 2482 914 2550 τῷ
972 2477 1161 2554 τεύχει
1234 2476 1700 2554 παρελείφθησαν,
1757 2478 1970 2541 έαυτοίς

321 2566 540 2641 μᾶλλον
687 2566 811 2639 ἐμοὶ
862 2565 1323 2644 έπιγραφέτωσαν.
1396 2564 1534 2621 Οὐδὲ
1586 2568 1689 2641 γάρ
1739 2569 1972 2642 ἀποκρυ-

316 2666 563 2721 πτόντων
601 2663 775 2719 αὐτῶν
826 2666 893 2717 τὰ
942 2661 1062 2718 ἴδια
1117 2665 1543 2738 συγγράμματα,
1599 2669 1803 2739 γνῶναι
1852 2662 1971 2720 ἐδυ-

315 2758 488 2825 νήθην
542 2755 626 2816 υἷς
666 2752 764 2807 ούκ
822 2752 1100 2829 ἐνέτυχον,
1156 2754 1248 2809 καὶ
1304 2753 1439 2829 ὅπερ
1496 2752 1692 2817 ἄλλοις
1747 2751 1974 2811 ἔσθ’ὅτε

316 2852 560 2928 γνωστὸν
609 2852 890 2927 τυγχάνει,
948 2851 1075 2905 εμοὶ
1120 2851 1181 2905 ὲν
1239 2856 1308 2925 τῇ
1360 2857 1460 2906 τοῦ
1516 2853 1725 2926 κόσμου
1779 2854 1972 2909 τοότου

316 2942 493 3018 γωνίᾳ
546 2938 822 3015 ἄγνωστον
900 2940 1153 3013 ὑπῆρξεν.
1205 2943 1395 3013 ’Όμως
1468 2940 1593 2996 ὅταν
1670 2940 1973 3013 κατάδηλοι

318 3030 407 3086 διὰ
454 3034 565 3084 τῶν
622 3028 839 3083 οἰκείων
888 3029 1153 3102 γένωνται
1202 3031 1675 3104 συγγραμμάτων,
1732 3030 1839 3107 ούχ
1897 3032 1973 3094 ὡς

314 3133 379 3184 τὰ
412 3130 645 3203 μέγιστα
696 3121 987 3199 βλαϐέντες
1074 3129 1175 3196 τήν
1223 3128 1495 3201 ἡμετέραν
1571 3128 1972 3199 έπιστενάξουσι

2068 559 2183 617 lus.
2217 561 2327 616 Sed
2358 578 2475 617 non
2506 576 2637 616 mea
2666 563 2755 616 est
2782 562 2839 615 et
2878 556 3111 614 illorum
3160 558 3371 614 similis
3414 558 3669 616 conditio
3695 576 3709 615 :

2067 648 2153 705 illi
2182 650 2339 705 enim
2370 649 2667 715 historias,
2698 653 2921 705 veteres
2951 645 3311 719 annalesque
3341 646 3712 721 replicantes,

2069 740 2385 812 potuerunt
2416 738 2586 810 quasi
2618 738 2688 794 de
2708 736 2931 810 ingenti
2952 741 3117 808 prato
3140 752 3255 791 non
3278 752 3515 807 parvam
3539 753 3716 810 opus-

2070 826 2186 883 culi
2217 827 2308 882 sui
2334 843 2608 883 coronam
2658 831 2868 881 texere.
2922 824 3040 897 Ego
3089 825 3228 895 quid
3280 828 3582 893 aucturus,
3615 827 3717 898 qui

2071 915 2302 972 nullum
2350 915 2629 988 praevium
2660 930 2933 986 sequens,
2968 914 3316 986 pessimum,
3374 917 3441 968 ut
3485 914 3718 983 dicitur,

2072 1004 2421 1076 magistrum
2453 1002 2866 1075 memetipsum
2896 1002 3082 1057 habeo
3103 1002 3133 1057 ?
3162 1001 3511 1074 Quanquam
3537 1003 3717 1060 Euse-

2072 1092 2205 1149 bius
2234 1092 2522 1164 Pamphili
2554 1092 2614 1147 in
2645 1092 2845 1147 decem
2876 1090 3325 1147 Eccclesiasticae
3357 1092 3623 1148 Historia:
3650 1091 3721 1147 li-

2070 1180 2194 1237 bris
2211 1180 2467 1236 maximo
2482 1180 2650 1236 nobis
2668 1180 3008 1251 adjumento
3030 1178 3225 1246 fuerit,
3249 1185 3306 1234 et
3326 1179 3720 1253 singulorum,

2072 1270 2144 1325 de
2173 1269 2388 1341 quibus
2418 1268 2693 1340 scripturi
2722 1284 2952 1334 sumus,
2984 1267 3288 1323 volumina
3308 1272 3505 1325 aetates
3527 1272 3723 1326 aucto-

2072 1375 2203 1414 rum
2220 1374 2467 1414 suorum
2483 1374 2636 1429 szspe
2647 1360 2958 1413 testentur.
2976 1358 3177 1428 Itaque
3190 1355 3505 1413 Dominum
3517 1358 3721 1414 Jesnm

2072 1447 2367 1503 Christum
2391 1462 2612 1519 precor,
2638 1450 2705 1502 ut
2746 1446 2901 1517 quod
2934 1444 3127 1502 Cicero
3155 1448 3313 1513 tuus,
3342 1446 3443 1517 qui
3474 1444 3630 1503 824
3661 1448 3720 1503 in

2071 1551 2202 1591 arce
2224 1535 2497 1591 Romanis
2527 1535 2869 1606 eloquentia:
2903 1532 3089 1601 sretit,
3108 1549 3221 1589 non
3243 1538 3334 1589 est
3355 1535 3541 1590 facere
3564 1535 3724 1591 dedi-

2070 1628 2288 1698 gnatus
2311 1624 2368 1679 in
2395 1625 2587 1690 Bruto,
2613 1627 2911 1679 oratorum
2930 1622 3145 1679 Latinae
3163 1622 3377 1695 linguas
3398 1627 3599 1680 texens
3622 1640 3719 1680 ca-

2072 1713 2353 1786 talogum,
2377 1713 2434 1769 id
2462 1728 2567 1786 ego
2589 1713 2648 1768 in
2675 1713 2803 1784 ejus
2826 1710 3091 1767 Ecclesiae
3128 1711 3551 1783 scriptoribus‘
3582 1728 3725 1770 enu-

2074 1801 2394 1869 merandis,
2419 1802 2594 1874 digne
2623 1800 3019 1856 cohortatione
3048 1804 3153 1855 tua
3183 1799 3483 1872 impleam.
3518 1800 3578 1857 Si
3626 1800 3727 1874 qui

2076 1896 2274 1946 autem
2297 1891 2368 1946 de
2396 1889 2493 1946 his
2515 1890 2614 1962 qui
2646 1905 2836 1961 usque
2868 1888 3043 1945 hodie
3074 1888 3409 1960 scriptitant
3436 1888 3544 1962 [Αἰ.
3586 1890 3728 1946 scri-

2077 1978 2365 2052 pserunt],
2399 1996 2433 2034 a
2462 1995 2556 2034 me
2586 1978 2645 2035 in
2673 1978 2785 2034 hoc
2813 1976 3113 2034 volumine
3159 1977 3538 2049 prxetermissi
3565 1983 3731 2045 sunt,

2077 2067 2191 2123 sibi
2221 2066 2410 2139 magis
2440 2083 2619 2139 quam
2652 2066 2798 2122 mihi
2821 2067 3119 2122 debebunt
3144 2066 3251 2138 [Αἱ.
3277 2066 3513 2140 debent]
3534 2066 3730 2139 impu-

2079 2164 2222 2213 tare.
2254 2156 2453 2227 Neque
2483 2155 2639 2211 enim
2674 2156 2931 2211 celantes
2963 2154 3181 2227 scripta
3210 2171 3340 2222 sua,
3373 2156 3444 2211 de
3475 2155 3569 2212 his
3598 2172 3726 2228 quas

2079 2261 2195 2301 non
2226 2243 2339 2317 legi
2357 2245 2397 2312 ’,
2432 2260 2606 2300 nosse
2628 2244 2815 2316 potui,
2840 2247 2897 2299 et
2928 2243 3085 2315 quod
3117 2242 3249 2299 aliis
3268 2243 3510 2300 forsitan
3535 2244 3611 2299 sit
3635 2262 3735 2301 no-

2078 2336 2228 2399 tum,
2244 2332 2387 2388 mihi
2409 2332 2468 2387 in
2490 2332 2599 2387 hoc
2620 2338 2908 2388 terrarum
2932 2330 3144 2403 angulo
3172 2330 3536 2403 (Bethleemi)
3558 2332 3735 2388 fuerit

2079 2421 2364 2492 ignotum.
2397 2420 2561 2478 Certe
2607 2437 2742 2476 cum
2792 2420 3027 2493 scriptis
3070 2421 3195 2475 suis
3240 2419 3581 2490 claruerint,
3608 2437 3731 2478 non

2080 2524 2433 2582 magnopere
2454 2509 2638 2565 nostri
2661 2508 2876 2575 silentii
2904 2507 3213 2580 dispendia
3259 2509 3367 2579 [Αἱ.
3401 2509 3733 2582 dispendio]

2080 2598 2483 2671 suspirabunt.
2518 2599 2757 2655 Discant
2786 2614 2924 2670 ergo
2959 2596 3181 2666 Celsus,
3207 2597 3589 2671 Porphyrius,
3628 2599 3734 2654 Ju-

2079 2686 2531 2755 lianus3,rabidi
2553 2688 2831 2743 adversus
2852 2687 3152 2743 Christum
3178 2703 3373 2757 canes,
3390 2687 3620 2744 discant
3642 2680 3733 2745 eo-

2082 2792 2215 2831 rum
2245 2780 2561 2831 sectatores
2582 2775 2704 2848 (qui
2736 2779 2945 2847 putant
2964 2774 3280 2831 Ecclesiam
3312 2774 3505 2831 nullos
3535 2775 3731 2848 philo-

2083 2865 2301 2938 sephos
2349 2869 2407 2920 et
2450 2864 2810 2936 eloquentes,
2873 2862 3069 2919 nullos
3117 2863 3395 2920 habuisse
3438 2865 3724 2936 doctores)

2082 2954 2285 3027 quanti
2316 2957 2373 3009 et
2404 2951 2606 3025 quales
2635 2952 2741 3007 viri
2775 2969 2901 3008 eam
2927 2951 3318 3019 fundaverint,
3341 2954 3731 3009 exstruxerint

2082 3042 2187 3114 [Αἱ.
2221 3040 2583 3108 struxerint],
2617 3044 2673 3096 et
2703 3039 3115 3096 adornaverint
3137 3057 3150 3107 ;
3176 3044 3233 3095 et
3254 3039 3525 3096 desinant
3546 3041 3728 3097 ﬁdem

2084 3135 2345 3186 nostram
2360 3130 2589 3185 rusticae
2608 3133 2833 3184 tantum
2847 3129 3239 3202 simplicitatis
3255 3146 3518 3203 arguere,
3536 3147 3728 3187 suam-

317 3220 553 3286 σιωπήν.
617 3216 941 3269 Μαθέτωσαν
997 3220 1289 3290 τοιγαροῦν
1342 3214 1573 3285 Κέλσος,
1637 3216 1967 3295 Πορφύριος,

2082 3236 2194 3291 que
2227 3219 2420 3290 potius
2453 3218 2808 3290 imperitiam
2839 3222 3178 3290 agnoscant.
3211 3217 3351 3273 Vale
3381 3217 3443 3274 in
3482 3218 3732 3277 Domino

314 3304 613 3366 Ἰουλιανὸς
672 3304 725 3357 οἱ
783 3301 1083 3365 λυσσώδεις
1129 3306 1266 3358 κατὰ
1314 3310 1543 3379 χριστοῦ
1600 3304 1777 3374 κύνες,
1814 3308 1971 3378 μαθέ-

2081 3310 2219 3364 Jesu
2249 3306 2478 3364 Christo
2495 3308 2536 3362 ⁴.

317 3416 493 3450 τωσαν
553 3395 603 3447 οἱ
659 3390 863 3447 τούτων
924 3391 1241 3463 ἁκόλουθοιξ
1300 3394 1350 3446 οἱ
1378 3394 1695 3465 νομίζοντες
1776 3396 1875 3463 τήν
1928 3393 2251 3464 Ἐκκλησίαν
2315 3397 2452 3467 μήτε
2511 3392 2843 3472 φιλοσόφους
2897 3396 2987 3448 καὶ
3048 3392 3354 3470 εὖφραδεῖς,
3406 3399 3546 3469 μήτε
3590 3399 3743 3458 τινάς

316 3484 612 3560 ἔσχηκέναι
664 3477 1045 3551 διδασκάλους,
1104 3476 1222 3535 ὅσοι
1287 3482 1377 3535 καὶ
1435 3478 1665 3552 πηλίκοι
1723 3478 1913 3557 ἄνδρες
1984 3484 2183 3553 ταύτην
2260 3482 2689 3555 θεμελιῶσαντες
2759 3480 3119 3556 ᾠκοδόμησάν
3178 3505 3238 3538 τε
3294 3486 3383 3539 καὶ
3442 3482 3737 3560 διεκόπαμη-

320 3593 444 3639 σαν,
498 3570 590 3622 καὶ
646 3568 950 3624 παύσωνται
1002 3571 1104 3639 τὴν
1162 3572 1430 3646 ἡμετέραν
1488 3571 1666 3626 πίστιν
1724 3572 2047 3649 ἀγροικικῆς
2112 3572 2272 3646 μόνον
2307 3571 2537 3627 εὐθύνειν
2572 3570 2903 3641 ἁπλότητος,
2962 3572 3162 3627 οίκείαν
3234 3570 3447 3646 μᾶλλδν
3506 3573 3735 3645 ἀμαθίαν

323 3656 604 3733 ὶπιγνωσό
614 3677 771 3728 μενοι.

1164 3930 1573 3992 INClPlUNT
1617 3931 2050 3994 CAPITULA‘
2096 3932 2303 3992 LIBRI
2350 3928 2471 4007 [Αι.
2504 3938 2654 3990 tacet
2683 3929 2893 4006 Libri].

326 4064 366 4118 l.
698 4060 897 4117 Simon
930 4061 1156 4117 Petrus.

315 4151 387 4207 II.
694 4149 948 4205 Jacobus
980 4144 1157 4205 frater
1186 4148 1441 4205 Domini.

310 4239 405 4296 Ill.
697 4232 1032 4306 Mattheus,
1060 4238 1161 4311 qui
1192 4243 1248 4294 et
1277 4239 1429 4295 Levi.

304 4400 588 4471 Hyginum
617 4413 886 4471 nongeum
911 4400 1136 4471 putato,
1159 4396 1331 4471 cujus
1356 4397 1568 4471 veteris
1591 4397 1961 4471 Mytbologiae
1997 4401 2042 4465 D

306 4468 453 4542 liber
485 4468 927 4542 circumfertur,
950 4469 1057 4542 sed
1086 4468 1668 4542 vetustioremgalium'
1716 4468 1970 4542 Augusti

306 4540 612 4613 libertum,
665 4539 1109 4613 quemgﬂelﬁus
1154 4538 1362 4595 laudat
1416 4539 1529 4613 lib.
1593 4557 1672 4613 ιι,
1716 4538 1837 4613 cap
1870 4540 1967 4597 Si.

307 4611 487 4691 Paulo
521 4615 657 4691 post
685 4611 990 4691 Μαι-ἥδη...
1004 4626 1318 4691 μαυσσαξ,
1341 4611 1773 4691 refragantibus
1789 4611 1965 4668 'mss.

380 4684 397 4717 ί
455 4672 543 4737 [η’
598 4682 855 4739 Ecclesiae
917 4672 1087 4753 illius
1152 4672 1531 4753 scriptoribus:
1599 4682 1790 4737 Codex
1855 4700 1967 4740 ms.

314 4753 771 4825 eminentissimi
832 4754 989 4808 card.
1056 4750 1329 4808 O‘ttoboni
1384 4752 1523 4825 legit
1572 4752 1678 4809 hoc
1726 4753 1869 4822 loco,
1912 4756 1969 4809 in

320 4822 695 4896 ecclesiasticis
742 4824 1138 4896 scriptoribus;
1187 4824 1289 4879 sed
1337 4822 1494 4879 unus
1539 4830 1629 4896 est
1659 4842 1870 4880 sensus
1908 4824 1969 4880 in

322 4898 564 4977 utraque
623 4894 890 4977 lectione.
946 4895 1341 4977 Mmu;_—
1388 4895 1457 4950 In
1516 4895 1741 4977 aliquot
1800 4912 1968 4977 mea,

327 4965 666 5022 Martiaan
724 4971 782 5021 et
838 4966 1044 5022 Gravio
1097 4965 1367 5034 testibus,
1443 4965 1658 5022 melius
1725 4967 1975 5024 habetur

318 5040 377 5093 in
395 5039 792 5110 ecclesiasticis
811 5037 1187 5110 scriptoribus.

386 5109 407 5143 ³
438 5110 525 5164 Ita
546 5109 865 5181 praeferunt
881 5107 1027 5165 satis
1046 5110 1368 5181 rectegmgss.
1392 5107 1608 5181 quibus
1632 5112 1688 5163 et
1703 5108 1973 5181 impressi

388 5126 407 5143 ³
438 5126 525 5164 ita
546 5126 865 5234 praeierunt
881 5126 1027 5165 satis
1046 5126 1200 5164 reste
1224 5126 1365 5163 mss.
1392 5126 1608 5181 quibus
1632 5126 1688 5163 et
1703 5126 1973 5180 impressi

316 5179 685 5263 omnesnibri
716 5184 774 5261 et
816 5180 1011 5263 Graeca
1058 5178 1775 5263 concinitjntfrpretatio.
1810 5179 1973 5263 Unus

318 5268 494 5323 penes
517 5251 849 5307 Fabricium
881 5251 1201 5307 Moscensis
1232 5251 1387 5317 θοὰ,
1417 5251 1531 5320 Qui
1559 5252 1717 5321 longe
1744 5256 1889 5307 sunt.

320 5393 351 5394 κέ
381 5322 406 5357 ⁸
427 5323 815 5394 ρὶξεαηζετθο
841 5321 1044 5390 Celsus,
1077 5326 1187 5379 etc.
1240 5322 1731 5394 Perniciesissimi
1774 5322 1974 5394 hostes

315 5386 955 5473 EcclesizeChri'stianze
976 5386 1218 5473 luerunt
1240 5386 1344 5473 isti
1370 5398 1485 5449 tres
1508 5393 1972 5473 saeculi‘sapien-

315 5468 402 5520 tes
430 5470 487 5537 et
507 5464 843 5537 philosophi
875 5465 1124 5537 quorum
1158 5463 1401 5537 Celsum,
1425 5465 1664 5537 seriptis
1694 5463 1974 5537 origenes

360 5535 685 5608 wﬂigavit;
718 5535 829 5592 Por
872 5535 1105 5609 hyrium
1150 5535 1483 5592 Methodiue
1508 5555 1521 5603 ;
1548 5535 1627 5593 'et
1667 5536 1973 5593 Julianum

317 5552 565 5662 Evr-illus
597 5553 1052 5662 Alexangrinus.
1083 5608 1369 5662 MARTIAN.

359 5606 565 5679 yrillus
597 5606 1052 5665 Alexandrinus.
1083 5608 1369 5665 ΜΑιιτιΑΝ.

2089 4063 2182 4117 IV.
2472 4062 2505 4118 J
2513 4062 2627 4117 uda
2658 4062 2835 4117 frater
2862 4062 3060 4119 Jacobi

2081 4150 2150 4204 V.
2482 4149 2695 4205 Paulus
2728 4149 2827 4222 qui
2860 4151 2969 4222 [AL
2996 4155 3069 4219 et]
3102 4158 3233 4206 ante
3263 4149 3496 4206 Saulus.

2080 4239 2179 4294 VI.
2481 4239 2803 4306 Barnabas,
2834 4238 2935 4311 qui
2957 4243 3013 4295 et
3031 4239 3272 4311 Joseph.

2174 4399 2195 4431 ⁸
2225 4397 2579 4453 Veronensis
2626 4397 2755 4463 lib.,
2816 4398 2942 4455 Vale
2990 4401 3049 4454 in
3096 4399 3319 4455 Domino
3361 4401 3488 4456 Iesu
3528 4398 3738 4455 Christo

2080 4469 2300 4543 _In_aliis
2348 4469 2470 4543 haec
2513 4468 2791 4525 salutatio
2859 4470 3346 4541 praetermittitur,
3421 4488 3549 4543 qua:
3602 4478 3732 4528 nec.

2080 4540 2334 4596 habetur
2364 4542 2423 4595 in
2442 4540 2658 4595 Graeco.

2151 4614 2172 4646 ⁵
2203 4613 2477 4685 Incipiunt
2510 4613 2781 4683 Capitula.
2828 4611 2995 4685 Hunc
3036 4611 3393 4685 Catalegum
3453 4612 3737 4685 descripsi

2080 4698 2150 4737 ex
2172 4683 2581 4738 vetustissimo
2613 4700 2724 4738 ms.
2761 4684 2959 4739 codice
3024 4684 3081 4739 S.
3115 4683 3389 4740 Germani
3448 4702 3483 4740 a
3518 4683 3730 4749 Prat‘is,

2081 4758 2139 4808 et
2183 4752 2364 4808 altero
2413 4753 2659 4809 abbatiaa
2703 4750 3130 4810 Cluniacensis.
3182 4756 3386 4811 Varias
3438 4755 3736 4811 interdum

2081 4824 2301 4880 habent
2354 4824 2653 4891 lectiones,
2715 4827 2815 4881 sed
2874 4825 3106 4882 levioris
3165 4826 3497 4881 momenti:
3550 4842 3604 4882 v.
3640 4841 3733 4895 gr.

2082 4911 2249 4968 num,
2280 4897 2347 4950 58
2375 4896 2555 4951 codex
2572 4898 3097 4967 Sangermanensis
3128 4896 3269 4968 legit
3315 4898 3433 4952 haec
3478 4900 3734 4968 tantum,

2084 4966 2451 5022 Adamantius
2474 4966 2781 5038 presbyter.
2820 4968 2994 5022 Num.
3028 4966 3223 5021 autem
3257 4968 3377 5034 109,
3413 4985 3528 5024 non
3560 4967 3739 5023 babet

2082 5040 2141 5092 in
2175 5038 2420 5109 Didyme
2448 5054 2647 5109 vocem
2703 5038 2959 5101 Graecam
3019 5038 3047 5090 ὁ
3084 5038 3329 5109 βλέπων,
3381 5039 3437 5092 id
3499 5043 3607 5107 est,
3628 5040 3738 5095 Illa

2082 5108 2301 5164 videns.
2337 5108 2789 5181 Deniqueﬂnum.
2826 5111 2928 5165 129
2961 5108 3118 5180 legit,
3158 5110 3395 5181 Joannes
3434 5112 3732 5181 episcopus.

2084 5181 2342 5235 Rursum
2371 5180 2550 5235 codex
2582 5180 2982 5235 Cluniacensis
3017 5196 3180 5234 num.
3236 5180 3339 5235 132
3386 5180 3531 5235 nihil
3575 5180 3733 5237 aliud

2084 5254 2298 5307 retinet
2328 5257 2533 5322 praeter
2586 5267 2785 5305 vocem
2848 5253 3065 5306 Dexter.
3118 5250 3291 5306 Num.
3353 5250 3624 5307 similiter
3662 5250 3735 5306 82

2085 5328 2259 5379 antea
2289 5321 2505 5378 omittit
2534 5322 2592 5377 in
2629 5321 2847 5377 Reticio
2879 5324 3119 5378 verbum
3149 5323 3445 5378 Eduorum.
3469 5324 3576 5379 Sed
3610 5323 3733 5379 haac

2085 5393 2206 5449 haec
2240 5401 2341 5449 aut
2380 5393 2599 5449 nullius
2646 5398 2749 5448 aut
2796 5390 3033 5449 levioris
3081 5399 3221 5449 sunt
3266 5394 3595 5460 momenti;
3626 5410 3735 5451 nec

2085 5482 2288 5520 eorum
2340 5465 2695 5521 mentionem
2746 5464 3038 5531 fecissem,
3091 5465 3201 5521 nisi
3253 5467 3515 5522 curiosos
3558 5465 3735 5521 lecto-

2086 5552 2179 5591 res
2208 5537 2383 5592 etiam
2418 5536 2664 5595 minima
2720 5536 2927 5595 docere
2984 5537 3312 5599 ofﬁciosum
3358 5542 3533 5601 esset.
3571 5537 3735 5597 MAR-

2083 5624 2237 5664 TIAN.
2362 5642 2365 5647 '
