4082 6168
1319 282 1550 347 LIBER
1592 284 1694 348 DE
1738 280 1951 349 VlRlS
1993 278 2538 348 ILLUSTRIBUS.

222 277 367 357 887,
1319 282 1550 347 LIBER
1592 284 1694 348 DE
1738 280 1951 349 VlRlS
1993 278 2538 348 ILLUSTRIBUS.
3510 284 3628 350 638

225 415 409 475 CXIX.
598 415 885 474 Diodorus
914 416 1241 490 episcopus.
1900 423 1956 489 Α
1986 417 2270 475 CXXVIII.
2416 418 2731 491 Gregorius
2760 417 2910 475 alius
2932 419 3261 493 episcopus.

224 506 385 562 CXX.
606 506 932 562 Eunomius
954 506 1388 564 hmresiarches.
1976 507 2209 564 CXXIX.
2392 509 2648 565 Joannes
2682 510 2985 581 presbyter
3013 510 3049 563 ¹.

220 596 404 652 CXXI.
592 594 1008 651 Prescillianus
1034 596 1369 669 episcopus.
1979 596 2185 651 CXXX.
2399 597 2667 653 Gelasius
2699 598 3030 669 episcopus.

222 682 434 739 CXXII.
584 683 894 739 Latronian
907 702 971 739 us
1002 685 1337 757 episcopus.
1979 684 2215 739 CXXXI.
2392 685 2736 743 Theotimus
2768 688 3100 759 episcopus.

223 772 462 829 CXXIII.
577 772 924 827 Tiberianus
950 771 1281 845 episcopus.
1985 772 2241 828 CXXXII.
2385 775 2592 831 Dexter
2616 775 3054 841 Pacianiﬁlius,
3109 794 3264 833 nunc
3324 778 3629 850 praefectus

223 860 470 916 CXXIV.
583 860 921 916 Ambrosius
951 861 1261 934 episcopus
1285 862 1591 918 Mediolan.
2483 865 2769 935 praetorio.
3240 870 3246 875 '

231 949 451 1008 CXXV.
587 949 861 1020 Evagrius
890 949 1222 1022 episcopus.
1981 950 2269 1007 CXXXIII.
2385 952 2830 1024 Amphilochius
2861 953 3195 1026 episcopus.

228 1036 475 1092 CXXVI.
573 1036 917 1093 Ambrosius
949 1038 1182 1110 Didymi
1213 1039 1561 1111 discipulus.
1983 1039 2267 1095 CXXXIV.
2380 1040 2762 1112 Sophronius.

230 1125 486 1181 CXXVII.
562 1126 851 1182 Maximus
873 1143 941 1181 ex
971 1126 1318 1199 philosopho
1350 1128 1677 1201 episcopus.
1730 1138 1744 1153 ‘
1983 1126 2237 1183 CXXXV.
2377 1130 2787 1202 Hieronymus.

297 1306 313 1339 ¹
348 1306 533 1360 Codex
566 1305 1347 1377 Sangermanensis,loannes
1369 1308 1666 1379 episcopus,
1702 1306 1871 1362 male.

1502 1644 1908 1732 INCIPIT
1983 1647 2352 1732 LIBER.

1644 2028 1873 2086 CAPUT
1912 2028 2217 2087 PRIMUM.

308 2206 463 2264 827
527 2204 708 2278 Σίμων
777 2205 981 2280 Πέτρος
1016 2249 1029 2273 ,
1092 2203 1396 2267 ἀπόστολος
1431 2250 1444 2274 ,
1502 2206 1618 2268 υίὸς
1672 2212 1866 2275 Ἰωνᾶ,

2056 2210 2207 2266 828
2233 2208 2434 2266 Simon
2468 2209 2693 2276 Petrus,
2727 2208 2908 2278 filius,
2950 2210 3197 2267 Joannis
3225 2212 3263 2278 ί,

227 2293 540 2369 ἐπαρχίας,
601 2292 898 2356 Γαλιλαίας
932 2340 945 2364 ,
1004 2296 1199 2368 κώμης
1268 2292 1584 2364 Βηθσαϊδὰ,
1641 2293 1872 2373 ἀδελφὸς

223 2381 483 2457 Ἀνδρέου
535 2382 863 2451 ἀποστόλου,
920 2385 1009 2438 καὶ
1069 2385 1324 2459 ἀηχηγὸς
1373 2390 1480 2439 τῶν
1532 2383 1872 2453 ἀποστόλων,

228 2474 363 2545 μετά
390 2474 489 2540 τήν
541 2472 840 2542 ἐπισκοπὴν
891 2479 991 2541 τῆς
1028 2474 1356 2548 ’Δντιοχέων
1406 2471 1750 2541 Ἐκκλησίας,
1785 2474 1874 2527 καὶ

223 2562 283 2615 τὸ
334 2564 601 2635 κήρυγμα
656 2566 762 2615 τῶν
825 2558 1246 2635 διασπαρέντων,
1305 2563 1394 2615 καὶ
1455 2562 1513 2616 ἐκ
1565 2570 1665 2631 τῆς
1723 2582 1873 2634 περι-

226 2659 407 2724 τομῆς
466 2651 886 2719 πιστευσάντων,
948 2650 997 2703 ἐν
1059 2650 1267 2723 Πόντῳ,
1330 2648 1595 2722 Γαλατίᾳ,
1656 2658 1873 2705 Καππα-

228 2738 383 2810 δοκίᾳ
421 2784 435 2807 ,
494 2738 649 2809 Ἀσίᾳ
704 2738 793 2792 καὶ
861 2740 1121 2810 Βιθυνίᾳ,
1180 2745 1257 2811 νῷ
1316 2737 1551 2815 δευτέρῳ
1604 2738 1874 2794 Κλαυδίου

231 2828 333 2885 ἔτει
368 2830 444 2891 εἰς
487 2830 550 2883 τὸ
601 2826 975 2900 ἐκπολεμῆσαι
1027 2829 1253 2903 Σίμωνα
1299 2830 1388 2883 τὸν
1444 2831 1614 2903 μάγον
1646 2835 1713 2903 τῇ
1746 2831 1873 2884 Ῥώ-

231 2942 303 2993 μῃ
334 2918 634 2997 ἐφίσταται,
688 2913 810 2971 ἔνθα
870 2915 1038 2972 εἶ’κοσι
1085 2920 1243 2973 πέντε
1293 2918 1567 2980 ἐνιαυτοὺς
1615 2920 1706 2972 τὸν
1753 2918 1874 2990 Θρό-

226 3030 312 3062 νον
373 3014 475 3075 τῆς
532 3004 833 3080 ἱερωσύνης
886 3008 1184 3083 κατέσχεν,
1236 3004 1341 3069 ἓως
1401 3012 1496 3061 τοῦ
1560 3006 1873 3061 τελευταίου

230 3097 475 3152 ἐνιαυτοῦ
521 3097 790 3167 Νέρωνος,
840 3096 1081 3150 τουτέστι
1128 3101 1223 3150 τοῦ
1276 3094 1872 3171 τεσσαρεσκαιδεκάτου,

224 3185 300 3262 ἐφ’
359 3186 421 3239 οὗ
488 3185 576 3239 καὶ
640 3185 969 3259 παυρωθεὶς
1028 3185 1415 3258 ἐμαρτύρησε,
1472 3188 1571 3255 τὴν
1629 3183 1872 3262 κεφαλήν

219 3277 354 3329 κατὰ
382 3281 487 3348 γῆν
541 3272 709 3349 ἔχων,
739 3273 869 3334 τοὺς
918 3271 1089 3335 πόδας
1136 3272 1194 3328 δὲ
1239 3274 1290 3328 ἐν
1343 3275 1621 3348 μετεώρῳ,
1656 3275 1869 3351 φάσκων

220 3365 433 3433 ἀνάξιον
492 3362 674 3417 ἑαυτὸν
738 3362 908 3429 εἶναι,
964 3363 1055 3416 τὸν
1114 3361 1305 3435 ὅμοιον
1364 3362 1562 3436 τρόπον
1634 3381 1871 3434 σταυρω-

216 3454 376 3521 θῆναι
434 3455 516 3522 τῷ
570 3451 784 3505 πάντων
846 3450 1047 3524 Κυρίῳ.
1110 3455 1353 3526 Ἔγραψε
1412 3449 1505 3505 δύο
1579 3448 1871 3513 ἐπιστολὰς

217 3542 315 3601 τάς
377 3540 779 3611 ὀνομαξομένας
836 3538 1160 3611 Καθολικάς,
1222 3542 1307 3617 ἀφ’
1365 3541 1438 3594 ὧν
1484 3542 1583 3609 τὴν
1616 3536 1865 3609 δευτέραν

225 3630 282 3682 οἱ
312 3625 545 3686 πλείους
573 3626 669 3680 οὐκ
711 3628 1039 3703 ἐγκρίνουσιν
1087 3629 1250 3684 αὐτοῦ
1296 3632 1609 3706 τυγχάνειν,
1659 3626 1747 3683 διὰ
1774 3628 1864 3682 τὸν

227 3721 575 3792 χαρακτῆρα,
618 3716 699 3769 καὶ
744 3719 839 3786 τὴν
894 3715 1187 3796 διαφωνίαν
1237 3726 1337 3787 τῆς
1388 3720 1613 3790 πρώτης
1658 3717 1867 3771 ἐπιστο-

223 3802 351 3874 λῆς.
416 3801 588 3858 Ἀλλά
641 3807 728 3859 καὶ
784 3807 845 3860 τὸ
902 3809 1037 3861 κατά
1092 3810 1307 3881 Μάρκον
1371 3807 1702 3882 Εὐαγγέλιον
1740 3851 1753 3875 ,
1808 3808 1869 3867 ’ὀς

292 3984 528 4068 ¹ιιθί1ἱιιιξ
584 3986 754 4068 Jonas.
802 3985 1242 4068 legupthulti
1296 3986 1543 4068 codices,
1605 3986 1781 4042 etiam
1840 4003 1874 4041 a

220 4055 897 4129 Victorio_inspecti_,cui
926 4057 1157 4113 lectioni
1187 4064 1390 4129 praeter
1441 4058 1697 4113 Graecam
1745 4074 1869 4113 ver-

231 4073 480 4111 vncwno
511 4073 779 4182 msgecti,
803 4073 897 4112 cui
926 4073 1157 4113 lectioni
1187 4073 1390 4129 praeter
1441 4073 1697 4113 Graecam
1745 4074 1869 4113 ver-

221 4128 450 4202 sionem
481 4127 597 4202 S_op
646 4126 979 4202 ronii,favet
1000 4134 1229 4201 recepta
1249 4129 1403 4202 apud
1438 4134 1660 4202 veteres
1690 4129 1870 4199 hujus

219 4198 483 4272 nominis
522 4198 949 4272 interpretatio,
1010 4198 1219 4272 nempe
1257 4198 1479 4272 r‘Filzus
1566 4200 1867 4268 Columbaz,

214 4270 324 4353 Se_d
344 4270 493 4353 _vide
522 4269 788 4353 Joannfnr”
818 4272 906 4338 42,
929 4275 986 4353 et
1014 4289 1129 4353 axi,
1150 4269 1211 4353 et
1242 4271 1311 4327 15
1338 4278 1395 4327 et
1411 4288 1597 4353 seqq.

280 4342 631 4407 ’Actor.x1,
662 4343 754 4411 20,
813 4347 1041 4398 constat
1089 4343 1327 4398 Petrum
1394 4341 1711 4398 Antiochia:
1762 4342 1863 4397 do-

212 4412 426 4485 cuisse.
462 4412 873 4485 Hieronymus,
907 4416 967 4469 in
1013 4413 1189 4469 Galat.
1250 4430 1299 4468 c.
1354 4431 1395 4468 ιι
1447 4430 1461 4469 :
1517 4436 1545 4463 «
1601 4414 1864 4485 Primum

213 4484 558 4554 episcopum
617 4484 987 4541 Antiocheam
1046 4485 1312 4540 Ecclesiaa
1373 4485 1609 4540 Petrum
1674 4484 1865 4540 fuisse

212 4554 568 4627 accepimus,
620 4560 679 4611 et
733 4556 977 4612 Romam
1020 4556 1229 4613 exinde
1276 4556 1652 4625 translatum,
1708 4556 1857 4627 quod

214 4623 399 4681 Lucas
432 4625 668 4697 penitus
690 4626 907 4683 omisit.
943 4648 972 4676 ››

281 4698 303 4730 ³
333 4694 645 4765 Eusebius,
668 4698 769 4753 lib.
790 4716 829 4754 II
864 4740 878 4765 ,
912 4714 962 4754 c.
995 4700 1082 4763 14,
1115 4700 1250 4755 Hist.
1289 4716 1302 4754 :
1346 4698 1472 4753 ’Ἐπὶ
1529 4718 1629 4758 τπς
1691 4694 1857 4765 αὐτῆς

214 4762 491 4839 Κλανὲόίου
524 4762 827 4839 βασιλείας.

295 4838 317 4869 ⁸
346 4836 555 4893 Eadem
585 4841 765 4896 tradit
795 4843 853 4897 in
898 4840 1161 4896 Chronico
1186 4856 1198 4893 :
1239 4864 1258 4889 ιι

216 4922 355 4980 gum
418 4910 643 4980 primus
697 4911 1119 4968 Antiochenam
1179 4912 1493 4969 Ecclesiam
1536 4910 1861 4977 fundasset,

217 4977 459 5056 Romam
483 4982 757 5056 mittitur,
792 4984 893 5056 ubi
942 4981 1315 5056 Evangelium
1376 4983 1699 5055 praedicans
1753 5000 1863 5056 {xxv

215 5052 673 5127 aunis_ejusdem
707 5055 871 5111 urbis
928 5052 1236 5127 episcopus
1276 5052 1623 5127 perseverat.
1660 5076 1688 5103 ››
1749 5054 1861 5127 Sed

214 5138 343 5177 cum
374 5124 447 5179 de
477 5123 640 5198 hisce
667 5143 779 5183 xxv
808 5123 982 5183 annis
1021 5123 1294 5198 plurimae
1344 5126 1699 5198 quaestiones
1745 5124 1862 5198 sint

219 5198 273 5269 et
299 5196 630 5269 sententiae,
660 5202 899 5269 prastat
924 5195 1118 5269 videre
1149 5195 1391 5269 Regium
1411 5199 1481 5253 ad
1514 5214 1608 5253 an.
1643 5195 1858 5269 Christi

212 5264 297 5332 t3,
353 5264 679 5323 Baluzium'
721 5269 781 5323 in
828 5268 1111 5325 Lactantii
1180 5264 1396 5324 librum
1480 5269 1545 5325 de
1615 5268 1858 5323 moribus

212 5340 441 5412 ξεν-δια,
475 5354 606 5409 cap.
636 5342 691 5406 2,
726 5340 1011 5412 aliosque.
1043 5341 1085 5395 E
1108 5340 1526 5412 vetustioribus
1586 5339 1853 5412 Rufinus,

208 5404 381 5534 1:36:31
412 5404 698 5478 [nvo-etim,
745 5404 1015 5468 numerat
1071 5428 1255 5468 annos
1286 5429 1435 5469 ulv.
1492 5411 1635 5467 Puta
1692 5404 1855 5467 ChriQ

262 5495 278 5533 1
375 5522 389 5533 .

206 5484 278 5534 sti
299 5484 389 5534 68.

273 5551 296 5586 ⁵
326 5549 541 5611 Iisdem
589 5554 852 5624 omnino,
903 5555 1058 5628 quod
1112 5554 1330 5612 mirum
1372 5558 1479 5626 est,
1538 5552 1730 5612 verbis
1787 5553 1846 5611 S.

3322 2229 3631 2285 provmciaa

1986 2298 2237 2366 Galilem,
2262 2316 2292 2354 e
2313 2298 2433 2353 vico
2460 2297 2822 2366 Bethsaida,‘
2848 2299 3024 2354 frater
3079 2302 3322 2356 Andreae
3382 2304 3631 2374 apostoli

1986 2387 2190 2457 (Matth.
2226 2404 2301 2453 ιν,
2338 2388 2444 2459 18),
2479 2391 2534 2441 et
2563 2386 2835 2459 princeps
2858 2388 3275 2459 apostolorum,
3326 2394 3457 2462 post
3511 2392 3631 2464 epi-

1984 2480 2290 2547 scopatum
2330 2475 2741 2531 Antiochensis
2771 2476 3035 2532 Ecclesiae
3067 2478 3110 2546 ³,
3143 2480 3199 2531 et
3274 2478 3630 2549 praedicatio-

1985 2580 2119 2619 nem
2177 2564 2559 2637 dispersionis
2614 2581 2817 2620 eorum
2877 2565 2974 2637 qui
3042 2565 3111 2621 de
3186 2565 3633 2624 circumcisione

1985 2653 2373 2718 crediderant,
2424 2654 2482 2708 in
2517 2657 2718 2721 Ponto,
2772 2653 3017 2721 Galatia,
3058 2656 3440 2727 Cappadocia,
3496 2658 3634 2713 Asia

1985 2746 2042 2797 et
2074 2741 2342 2815 Bithynia
2370 2744 2419 2811 (I
2445 2747 2595 2797 Petr.
2635 2760 2673 2811 ι,
2736 2744 2810 2814 1),
2843 2744 3099 2799 secundo
3156 2743 3381 2799 Claudii
3441 2746 3633 2818 impe-

1986 2831 2195 2885 ratoris
2250 2848 2403 2885 anno
2432 2831 2474 2900 ⁸,
2535 2832 2604 2886 ad
2657 2833 3114 2904 expugnandum
3173 2832 3472 2889 Simonem
3511 2852 3633 2890 ma-

1983 2936 2145 2991 gum,
2183 2920 2425 2975 Romam
2452 2920 2657 2992 pergit,
2690 2920 2888 2992 ibique
2920 2920 3409 2993 vigintiquinque
3457 2925 3628 2980 annis

1984 3008 2318 3063 cathedram
2368 3008 2785 3064 sacerdotalem
2842 3009 3088 3076 tenuit‘,
3124 3026 3310 3081 usque
3362 3011 3434 3067 ad
3492 3011 3629 3067 ulti-

1984 3114 2146 3152 mum
2178 3114 2397 3152 annum
2430 3096 2696 3166 Neronis,
2731 3098 2787 3152 id
2821 3102 2928 3164 est,
2974 3098 3269 3154 decimum
3326 3104 3625 3171 quartum.

1982 3188 2026 3240 A
2059 3202 2173 3257 quo
2222 3190 2279 3241 et
2326 3186 2535 3241 affixus
2581 3185 2760 3251 cruci,
2817 3188 3095 3259 martyrio
3146 3192 3459 3244 coronatus
3513 3194 3624 3255 est,

1984 3275 2170 3346 capite
2198 3275 2269 3329 ad
2300 3279 2511 3331 terram
2570 3278 2798 3342 verso“,
2851 3280 2909 3331 et
2954 3277 3009 3330 in
3062 3276 3315 3332 sublime
3376 3278 3626 3349 pedibus

1982 3364 2254 3419 elevatis6
2288 3382 2301 3431 ;
2334 3380 2603 3420 asserens
2655 3381 2717 3419 se
2775 3365 3084 3437 indignum
3142 3365 3243 3436 qui
3283 3364 3366 3422 sic
3396 3367 3628 3423 cruciﬁ-

1982 3456 2214 3525 geretur
2244 3457 2308 3507 ut
2332 3453 2616 3509 Dominus
2649 3470 2814 3509 suus.
2850 3452 3098 3526 Scripsit
3128 3454 3276 3511 duas
3323 3455 3624 3528 epistolas,

1982 3558 2108 3614 quae
2142 3540 2489 3597 Catholicaz"
2548 3542 2964 3598 nominantur:
3027 3544 3315 3615 quarum“
3368 3546 3631 3602 secunda

1980 3647 2014 3684 a
2046 3628 2340 3701 plerisque
2369 3630 2498 3701 ejus
2531 3646 2660 3685 esse
2691 3636 2960 3703 negatur,
2992 3636 3230 3702 propter
3286 3631 3418 3702 styli
3490 3649 3626 3688 cum

1980 3717 2170 3790 priore
2226 3717 2674 3774 dissonantiam.
2728 3719 2838 3774 Sed
2900 3723 2957 3773 et
3016 3717 3389 3790 Evangelium
3454 3720 3627 3790 juxta

1982 3807 2242 3862 Marcum
2273 3807 2313 3874 θ,
2341 3806 2439 3877 qui
2468 3806 2701 3862 auditor
2729 3806 2857 3877 ejus
2889 3810 2945 3862 et
2965 3806 3254 3878 interpres
3283 3805 3413 3873 fuit,
3447 3806 3625 3879 hujus

1984 3982 2348 4040 Gaudentius
2381 3983 2698 4039 Brixiensis
2728 3983 2799 4038 de
2826 3984 2884 4039 S.
2949 3984 3115 4040 Petro
3145 3988 3202 4039 et
3261 3985 3437 4041 Paulo
3482 3985 3623 4043 olim

1983 4056 2134 4110 inter
2156 4055 2517 4110 Zenonianos
2548 4070 2849 4110 sermones
2896 4072 2994 4110 xx:
3056 4078 3084 4105 ‹‹
3146 4056 3349 4113 Petrus
3392 4057 3622 4115 cruciﬁ-

2022 4127 2159 4200 itur,
2181 4142 2346 4200 verso
2377 4126 2449 4200 ad
2484 4130 2699 4181 terram
2731 4125 3044 4200 oapite,__et
3099 4126 3158 4181 in
3217 4128 3484 4200 sublime
3531 4146 3624 4200 pe-

1978 4142 2159 4252 gitur,
2181 4142 2346 4181 verso
2377 4142 2449 4181 au
2484 4142 2699 4181 terram
2731 4142 2937 4197 capite,
2986 4142 3044 4181 et
3099 4144 3158 4181 1n
3217 4142 3472 4184 sublime
3531 4146 3624 4200 pe-

2021 4198 2152 4271 ibus
2209 4197 2466 4262 elevatis,
2523 4213 2791 4271 asserens
2849 4196 3159 4268 indignum
3206 4214 3309 4271 se,
3387 4197 3625 4271 qui_ita

1978 4269 2432 4341 crucifigeretur,
2474 4273 2537 4341 ut
2584 4268 2871 4341 Dominus
2918 4285 3083 4323 suus.
3118 4291 3145 4316 ››
3204 4269 3370 4324 Forte
3404 4268 3625 4341 'igitur

1976 4338 2267 4395 isthaecex
2286 4339 2615 4412 antiquiore
2645 4338 2840 4466 aliqua
2878 4343 3257 4395 monumento
3310 4338 3624 4412 desumpta

1976 4417 2115 4466 sunt
2144 4412 2215 4466 ab
2237 4416 2507 4466 utroaue.
2540 4427 2677 4465 nam
2772 4410 3137 4466 ieronvmum
3193 4427 3227 4465 a
3294 4411 3619 4466 Gaudentio

1975 4417 2115 4467 sunt
2144 4412 2215 4467 ab
2237 4410 2507 4483 utroque,
2540 4427 2677 4483 nam
2722 4410 3137 4482 Hieronymum
3188 4427 3227 4483 a
3294 4410 3619 4483 Gaudentio

1972 4483 2350 4563 exscriptum,
2391 4481 2633 4563 etiamsi
2685 4481 3019 4563 temporum
3078 4482 3237 4563 _ratio
3316 4481 3614 4555 permitte-

1972 4558 2081 4619 ret,
2141 4552 2383 4610 minime
2429 4559 2519 4610 est
2565 4552 2947 4625 verosimile;
2996 4554 3097 4609 sed
3157 4552 3366 4625 neque
3412 4569 3617 4610 eorum

1971 4625 2252 4697 probatur
2309 4625 2525 4697 opinio,
2576 4625 2677 4697 qui
2728 4641 2796 4680 ex
2842 4624 2988 4680 actis
3055 4623 3404 4697 apocryphis
3489 4642 3617 4697 quas

1970 4697 2079 4751 sub
2115 4696 2248 4768 Lini,
2266 4696 2504 4768 nomine
2530 4696 3046 4763 circumferuntur,
3079 4696 3198 4768 haec
3229 4696 3532 4768 repetunt}

2038 4767 2298 4840 6Euseb.
2332 4769 2468 4823 Hist.
2494 4767 2593 4822 lib.
2630 4785 2714 4840 ni,
2765 4784 2891 4840 cap.
2950 4769 2999 4835 1,
3059 4784 3127 4823 ex
3175 4766 3445 4840 Origene,
3495 4766 3614 4819 ἀνε-

1315 4842 1517 4915 Petrus
1539 4839 1863 4915 apostolus,
1896 4848 1941 4912 D
1975 4834 2305 4915 σκρλοπίσοη
2342 4840 2476 4915 κατά
2505 4835 2768 4915 κεφαλῆς.

2044 4905 2460 4994 τΜίρυειὈοῒθ
2507 4905 2711 4981 legunt
2758 4909 2995 4980 quidam
3047 4926 3192 4964 mss.
3242 4912 3419 4979 atque
3476 4905 3615 4962 editi

1970 4996 2337 5107 mini/life]
2371 5050 2673 5107 Hedibiam
2706 5054 2910 5122 quaest.
2945 5049 3032 5113 11,
3061 5049 3160 5104 ubi
3200 5048 3334 5121 styli
3374 5046 3615 5122 diversi-

1969 5126 2151 5179 tatem
2181 5123 2238 5178 in
2273 5124 2328 5178 id
2353 5139 2454 5179 con
2467 5124 2573 5177 fert
2601 5118 2756 5193 quod
2778 5137 2877 5193 pro
2916 5118 3492 5193 necessitqtqfrerum‘
3520 5118 3616 5174 di-

1969 5197 2143 5251 versis
2171 5197 2242 5250 sit
2272 5212 2402 5249 usus
2433 5188 2840 5264 interpretibus.
2879 5193 3031 5264 Inter
3060 5190 3375 5264 catholicas
3405 5188 3615 5261 episto-

1968 5264 2054 5320 las
2112 5270 2417 5321 recensent
2462 5261 2729 5320 Clemens
2776 5262 3032 5318 Alexand
3083 5263 3142 5317 in
3197 5261 3337 5317 libb.
3388 5266 3611 5314 Ὑποτυ-

1966 5336 2217 5416 πώσεων,
2275 5334 2932 5416 Athanasi_i__Synopsis,
2980 5339 3051 5416 et_
3084 5333 3430 5389 Nazianzeni
3488 5349 3610 5389 car-

1966 5408 2202 5490 mentin
2234 5425 2347 5490 quo
2377 5408 2527 5463 sacri
2551 5407 2684 5490 libri
2718 5409 3152 5490 percensentur.

2035 5481 2056 5514 θ
2084 5479 2215 5551 Vid.
2249 5476 2400 5535 infra
2421 5496 2545 5551 cap.
2580 5480 2633 5546 8,
2682 5476 2739 5535 et
2776 5476 3091 5534 Eusebium
3150 5476 3250 5533 lib.
3310 5494 3375 5534 ιιι
3440 5476 3605 5551 Hist,

1962 5567 2088 5626 cap.
2124 5550 2353 5609 ultimo.
