4104 6162
455 256 574 345 ﬁ55

1704 256 1770 325 S.
1813 252 2126 325 EUSEBII
2168 251 2614 323 HIERONYMI

3720 247 3849 319 ωὓ

453 388 756 461 scripturis
812 388 1007 445 ferunt
1029 388 1067 455 ί,
1131 388 1285 459 quod
1343 403 1477 442 cum
1536 386 1773 460 legisset
1819 385 2094 454 Matthaei,

2216 383 2378 461 τεύχη
2412 429 2424 453 ,
2478 381 2767 456 ἐδοκίμασε
2827 384 2919 457 μὲν
2977 385 3040 438 τὸ
3098 380 3231 457 ὕψος
3286 386 3391 437 τῶν
3446 377 3854 457 ἱστοριῶν,καὶ

451 477 625 533 Marci
674 481 731 534 et
775 477 939 533 Luca:
979 474 1298 543 volumina,
1346 476 1675 548 probaverit
1702 475 1941 547 quidem
1971 479 2098 530 tex-

448 572 579 624 tum
606 565 885 635 historiae,
916 569 972 621 et
1021 580 1154 620 vera
1200 581 1299 621 eos
1348 564 1564 620 dixisse
1612 564 1950 629 ﬁrmaverit,
1997 563 2098 619 sed

444 653 632 710 unius
659 656 897 711 tantum
924 652 1087 720 anni,
1114 651 1175 706 in
1206 668 1320 724 quo
1350 655 1406 707 et
1429 668 1640 723 passus
1671 656 1779 718 est,
1813 654 1945 723 post
1973 667 2102 707 car-

451 757 646 799 cerem
699 741 946 797 Joannis
979 741 1102 813 Lms.
1146 749 1283 796 tacet
1333 739 1623 807 Joannis],
1682 739 1987 796 historiam
2016 743 2100 795 te-

451 829 671 887 xuisse.
727 829 1127 886 Printermisso
1184 829 1382 901 itaque
1438 846 1614 896 anno,
1665 828 1835 899 cujus
1894 832 2021 883 acta
2068 845 2102 883 a

451 918 643 975 tribus
672 919 934 991 exposita
981 918 1237 985 fuerant,
1278 917 1599 990 superioris
1629 918 1909 990 temporis
1939 920 2099 973 ante-

452 1023 633 1080 quam
659 1007 915 1067 Joannes
948 1007 1102 1064 845
1135 1006 1506 1063 clauderetur
1532 1006 1593 1061 in
1625 1023 1938 1074 carcerem,
1970 1022 2102 1078 ges-

454 1100 513 1153 ta
542 1096 833 1153 narravit:
865 1094 1019 1152 sicut
1048 1096 1425 1152 manifestum
1457 1112 1584 1151 esse
1615 1096 1827 1167 poterit
1869 1095 1962 1150 his
2001 1095 2101 1167 qui

453 1184 760 1257 diligenter
818 1189 1075 1256 quatuor
1139 1184 1581 1257 Evangeliorum
1657 1184 1958 1240 volumina
2021 1183 2101 1239 le-

448 1273 662 1346 gerint.
720 1274 855 1337 Quae
915 1291 1007 1331 res
1063 1274 1239 1329 etiam
1289 1270 1581 1351 διαφωνίαν
1633 1274 2100 1345 (dissonantium),

450 1378 579 1435 quas
608 1362 839 1418 videtur
859 1362 1106 1418 Joannis
1146 1378 1274 1419 esse
1305 1379 1439 1419 cum
1473 1364 1719 1429 caeteris,
1748 1363 1916 1419 tollit.
1950 1362 2103 1417 Scri-

450 1451 570 1522 psit
598 1454 793 1507 autem
810 1454 867 1506 et
888 1468 1069 1506 unam
1091 1451 1432 1524 Epistolam,
1468 1454 1636 1523 cujus
1656 1452 1959 1507 exordium
1980 1456 2068 1507 est
2087 1469 2099 1506 :

451 1539 602 1607 Quod
633 1541 745 1610 fuit
774 1540 841 1594 ab
880 1540 1061 1607 initio,
1103 1541 1241 1613 quod
1269 1541 1600 1607 audivimus,
1636 1544 1690 1595 el
1711 1540 1948 1595 vidimus
1972 1557 2103 1595 ocu-

451 1629 525 1684 lis
574 1629 797 1697 nostris,
861 1629 1001 1701 quod
1063 1632 1469 1701 perspeximus,
1538 1634 1589 1685 et
1642 1646 1839 1684 manus
1902 1633 2107 1685 nostra?

449 1720 919 1772 contrectaverunt
964 1717 1030 1772 de
1091 1718 1252 1774 Verbo
1307 1721 1455 1787 vitae,
1516 1736 1643 1790 quae
1703 1719 1774 1774 ab
1816 1717 2105 1773 universis

451 1803 865 1861 ecclesiasticis
910 1810 968 1861 et
1012 1806 1259 1861 eruditis
1308 1807 1447 1861 viris
1496 1792 1793 1879 probatur.
1846 1806 2100 1878 Reliqua:

452 1897 651 1948 autem
674 1892 824 1964 duas,
847 1909 1098 1965 quarum
1130 1894 1489 1966 principium
1521 1900 1610 1950 est
1634 1913 1647 1950 :
1680 1895 1874 1950 Senior
1902 1896 2103 1952 Electae

452 1981 694 2041 dominae
743 1990 795 2038 et
848 1984 996 2037 natis
1053 1984 1189 2053 ejus,
1238 1990 1295 2038 et
1351 1983 1689 2055 sequentis:
1742 1984 1933 2040 Senior
1968 1986 2103 2042 Caio

451 2070 798 2137 charissima,
856 2086 1012 2142 quem
1069 2088 1165 2141 ego
1219 2073 1390 2143 diligo
1442 2075 1504 2127 in
1560 2076 1811 2140 veritate,
1860 2073 2102 2129 Joannis

454 2160 821 2233 presbyteri’
858 2165 1221 2229 asseruntur,
1263 2163 1435 2233 cujus
1482 2166 1538 2217 et
1586 2162 1760 2219 hodie
1808 2162 2103 2219 alterum3

454 2248 790 2321 sepulcrum
820 2250 975 2321 apud
1008 2250 1300 2323 Ephesum
1322 2252 1670 2321 ostenditur,
1704 2252 1812 2307 etsi
1836 2251 2059 2307 nonulli
2082 2253 2102 2286 ⁵

452 2342 666 2409 putant
694 2338 841 2395 duas
873 2339 1187 2395 memorias
1212 2340 1233 2374 ⁸
1276 2340 1539 2409 ejusdem
1577 2340 1821 2397 Joannis
1852 2357 2101 2413 evange-

452 2421 602 2483 lista;
624 2442 775 2498 esse,
808 2444 986 2501 super
1041 2444 1159 2499 qua
1207 2444 1269 2484 re
1297 2445 1431 2484 cum
1466 2445 1567 2501 per
1595 2429 1857 2485 ordinem
1892 2430 1962 2483 ad
2002 2434 2101 2484 Pa-

452 2514 612 2588 piam
643 2516 969 2573 auditorem
1025 2518 1152 2588 ejus
1203 2521 1441 2573 ventum
1493 2518 1687 2585 fuerit,
1719 2520 2099 2574 disseremus.

453 2605 672 2671 Quarto
701 2605 927 2661 decimo
966 2606 1147 2679 igitur
1194 2623 1369 2677 anno,
1404 2609 1733 2664 secundum
1766 2612 1899 2680 post
1926 2608 2101 2663 Nero-

457 2709 593 2753 nem
622 2695 1087 2767 persecutionem
1144 2701 1408 2752 movente
1455 2697 1785 2752 Domitiano
1807 2698 1848 2767 ⁷,
1880 2697 1939 2751 in
1972 2696 2103 2751 Pat-

462 2799 590 2840 mos
646 2782 905 2841 insulam
976 2784 1286 2859 relegatus,
1365 2785 1601 2858 scripsit
1672 2785 2103 2858 Apocalypsim,

462 2889 641 2945 quam
667 2873 1081 2946 interpretatur
1125 2874 1395 2931 Justinus
1425 2879 1640 2948 Martyr
1685 2880 1741 2931 et
1788 2876 2039 2931 Irenaaus
2062 2877 2103 2931 ⁸.

465 2962 773 3019 Interfecto
814 2967 1013 3021 autem
1058 2960 1512 3032 Domitiano,et
1562 2964 1707 3019 actis
1738 2965 1864 3036 ejus
1914 2965 1986 3020 ob
2016 2965 2106 3019 ni-

466 3052 647 3117 miam
677 3051 1078 3108 crudelitatem
1110 3069 1145 3108 a
1195 3056 1402 3109 senatu
1451 3052 1741 3121 rescissis,
1784 3052 1895 3108 sub
1926 3053 2111 3109 Nerva

2210 471 2386 542 ἀληθῇ
2448 472 2641 534 αὐτοὺς
2701 473 2971 549 εἰρηκέναι
3029 467 3373 541 ἐϐεϐαίωσεν,
3423 472 3539 533 ἐνὸς
3573 467 3630 525 δὲ
3675 470 3855 525 ἐνιαυ-

2206 567 2301 615 τοῦ
2365 562 2530 634 μόνου
2565 607 2578 631 ,
2639 561 2691 616 ἐν
2750 563 2796 633 ᾧ
2853 562 2941 616 καὶ
3002 557 3160 616 ἔπαθε
3239 562 3373 635 μετά
3436 562 3535 630 τήν
3608 556 3855 637 φυλακὴν

2208 651 2461 705 Ἰωάννου
2518 652 2615 719 τήν
2689 651 2925 726 ίστορίαν
2980 650 3244 721 συντάξαι.
3280 652 3472 711 Ἐάσας
3531 647 3709 704 τοίνυν
3764 667 3857 702 τον

2210 739 2447 794 ἐνιαυτὸν
2506 739 2567 793 οὗ
2624 740 2691 793 τὰ
2750 741 3109 816 πεπραγμένα
3161 741 3307 817 παρὰ
3362 743 3469 793 τῶν
3526 739 3690 813 τριῶν
3750 734 3861 806 ἐξε-

2206 830 2357 899 τέθη,
2381 833 2476 883 τοῦ
2506 829 2775 905 ἀνωτέρου
2823 829 3049 905 χρόνου,
3081 828 3230 906 πρὶν,
3256 828 3382 904 πρὶν
3415 824 3452 897 ἤ
3482 829 3572 881 τὸν
3608 826 3861 895 Ἰωάννην

2210 914 2556 991 ἐμϐληθῆναι
2617 919 2692 980 εἷς
2743 920 2840 987 τὴν
2906 920 3147 995 εἱρκτήν,
3204 919 3302 980 τὰς
3357 918 3576 994 πράξεις
3636 916 3863 988 ἐξὶθετο,

2208 1009 2342 1061 καθα
2418 1010 2812 1084 σαφηνισθῆναι
2866 1005 3151 1076 δυνήσεται
3213 1012 3330 1068 τοῖς
3409 1004 3687 1080 ἐπιμελῶς
3742 1010 3864 1067 τοῖς

2208 1098 2449 1172 τεταρσιν
2512 1094 2872 1170 Εὖαγγελίοις
2945 1098 3097 1153 846
3169 1095 3583 1171 ἐντυγχάνουσιν
3620 1139 3632 1150 .
3695 1097 3864 1171 Ὅπερ

2209 1185 2298 1239 καὶ
2355 1186 2452 1253 τήν
2540 1182 2835 1263 διαφωνίαν
2910 1187 3009 1254 τὴν
3089 1182 3346 1241 δοκοῦσαν
3423 1190 3559 1240 εἶναι
3615 1185 3865 1241 Ἰωάννου

2215 1274 2347 1345 μετὰ
2377 1278 2481 1327 τῶν
2517 1272 2725 1328 λοιπῶν
2784 1272 2971 1350 εἷ’ργει.
3030 1277 3272 1350 Ἔγραψε
3303 1271 3360 1330 δὲ
3410 1273 3536 1347 μίαν
3570 1269 3862 1341 ἐπιστολὴν

2209 1365 2275 1431 ’ἧς
2327 1365 2360 1431 ἡ
2413 1362 2557 1438 ἀρχή
2612 1361 2743 1416 ἐστι’
2777 1388 2803 1413 ‹‹
2837 1367 2898 1415 "O
2946 1363 3012 1431 ἦν
3067 1363 3155 1417 ἀπ’
3205 1364 3384 1438 ἀρχῆς
3415 1364 3455 1431 ⁸,
3493 1386 3521 1413 ›)
3551 1361 3675 1431 ἥτις
3722 1361 3867 1439 παρὰ

2211 1453 2423 1505 πάντων
2510 1456 2615 1504 τῶν
2707 1450 3168 1522 ἐκκλησιαπικῶν
3249 1452 3338 1505 καὶ
3423 1447 3865 1523 πεπαιδευμένων

2213 1537 2418 1615 ἀνδρῶν
2469 1539 2794 1615 ἐγκρίνεται·
2858 1542 2909 1593 αἱ
2967 1537 3025 1594 δὲ
3083 1538 3274 1598 λοιπαὶ
3333 1536 3449 1608 δύο,
3510 1540 3583 1593 ὧν
3633 1542 3668 1608 ἡ
3722 1539 3865 1616 ἀρχή

2215 1628 2346 1699 ἐστι,
2423 1630 2649 1705 πρώτης
2729 1630 2821 1701 μὲν
2859 1674 2871 1697 ,
2933 1654 2960 1679 ‹‹
3043 1634 3097 1681 Ὁ
3176 1622 3539 1704 πρεσϐύτερος
3604 1625 3869 1701 Ἐκλεκτῇ

2135 1717 2395 1823 Βκυρίᾳ,
2452 1716 2772 1793 »δευτέρας
2832 1715 2908 1787 δὲ,
2973 1744 2999 1769 ‹‹
3060 1722 3113 1770 '0
3170 1711 3533 1793 πρεσϐύτερος
3591 1715 3741 1789 Γαίῳ
3794 1720 3875 1788 τῷ

2228 1808 2240 1823 9
2446 1811 2470 1821 α-
2692 1808 2728 1823 In
2802 1807 2811 1823 1
3060 1798 3069 1803 ’
3159 1800 3188 1823 ρ
3266 1807 3276 1823 Ι
3462 1804 3517 1823 \l
3798 1804 3869 1823 ην

2217 1808 2484 1881 ἀγαπητῷ
2531 1851 2543 1876 ,
2604 1832 2631 1856 ››
2692 1807 2943 1861 Ἰωάννου
3018 1798 3384 1883 πρεσϐυτέρου
3462 1804 3714 1881 λέγονται
3748 1849 3760 1860 .
3795 1804 3870 1858 Οὗ

2215 1890 2289 1948 ἔτι
2343 1895 2432 1949 καὶ
2486 1899 2573 1949 νῦν
2611 1889 2788 1971 ἕτερον
2854 1902 3045 1968 μνῆμα
3094 1893 3145 1948 ἐν
3204 1898 3274 1968 τῇ
3330 1894 3541 1971 Ἐφέσῳ
3586 1895 3867 1968 τυγχάνει.

2214 1983 2309 2037 Καί
2386 2004 2528 2045 τινες
2604 1983 2936 2056 νομίζουσι,
2986 1984 3051 2037 τά
3125 1980 3219 2037 δύο
3304 1988 3550 2056 μνημεῖα
3620 1983 3874 2037 Ἰωάννου

2214 2073 2345 2126 εἶναι
2401 2078 2495 2126 τοῦ
2557 2070 2967 2147 εὐαγγελιστοῦ,
3015 2072 3138 2148 περὶ
3198 2072 3259 2125 οὗ
3315 2071 3478 2141 ἡνίκα
3530 2072 3667 2126 κατὰ
3716 2071 3866 2142 τάξιν

2214 2162 2289 2223 εἷς
2340 2161 2548 2215 Παπίαν
2604 2161 2696 2215 τὺν
2756 2161 2949 2216 τούτου
3005 2162 3274 2238 ἀκροατήν
3336 2156 3604 2232 ἔλθωμεν,
3666 2158 3872 2234 ἐξηγη-

2213 2251 2430 2323 σόμεθα.
2490 2255 2784 2325 Τοιγαροῦν
2852 2248 3417 2327 τεσσαρετκαιδεκάτῳ
3475 2244 3632 2321 ἔτει,
3692 2246 3876 2304 δευτε-

2214 2360 2302 2416 ρον
2366 2340 2498 2413 μετὰ
2544 2340 2766 2415 Νέρωνα
2825 2336 3067 2413 διωγμὸν
3122 2344 3402 2401 κινοῦντος
3460 2342 3821 2412 Λομειτιανοῢ
3854 2382 3871 2408 ,

2214 2430 2289 2490 εἷς
2348 2430 2565 2502 Πάτμον
2626 2435 2786 2497 νῆσον
2846 2429 3239 2505 περιορισθεὶς,
3299 2428 3570 2498 συνέταξεν
3631 2428 3870 2483 ’Δποκά-

2212 2517 2373 2591 λυψιν
2410 2564 2423 2587 ,
2482 2520 2541 2586 ἢν
2607 2518 2931 2595 μετέφρασεν
2994 2520 3283 2579 Ἰουστῖνος
3341 2518 3547 2593 μάρτυρ
3612 2517 3702 2571 καὶ
3757 2517 3869 2571 Εἶ-

2215 2612 2459 2683 ρηναῖος.
2495 2607 2803 2685 Σφαγὲντος
2854 2604 2911 2660 δέ
2963 2610 3324 2680 Λομειτιανοῦ
3374 2605 3464 2660 καὶ
3489 2609 3596 2660 τῶν
3626 2606 3871 2682 πράξεων

2215 2695 2377 2749 αὖτοῦ
2433 2692 2522 2749 διὰ
2577 2698 2676 2765 τὴν
2743 2693 2961 2764 πολλὴν
3030 2694 3295 2768 ὠμότητα
3350 2694 3497 2772 παρὰ
3554 2697 3872 2769 συγκλήτου

2216 2785 2588 2861 ἀκυρωθεισῶν
2626 2829 2640 2853 ,
2698 2783 2784 2838 ἐπὶ
2845 2785 3053 2860 Νέρουα
3108 2784 3185 2845 εὶς
3240 2790 3468 2862 Ἔφεσον
3530 2782 3869 2853 ἀναζεύξας,

2213 2870 2320 2935 ἓως
2367 2878 2631 2950 Τραϊανοῦ
2658 2878 2755 2927 τοῦ
2810 2871 3077 2946 βασιλέως
3120 2872 3293 2927 ἐκεῖσε
3336 2870 3483 2927 διατε
3531 2870 3870 2939 διατελέσας,

2217 2963 2388 3024 πάσας
2431 2964 2527 3023 τὰς
2584 2969 2683 3032 τῆς
2743 2962 2928 3023 Ἀσίας
2986 2959 3315 3034 ἐθεμελίωσε
3362 2962 3452 3016 καὶ
3506 2958 3869 3034 ᾠκοδόμηκεν

3686 3047 3872 3124 ὀγδόῳ

2219 3050 2536 3122 ἐκκλησίας,
2622 3052 2711 3106 καὶ
2794 3049 2914 3105 λίαν
3000 3051 3245 3125 γηοάσας
3331 3048 3603 3121 ἑξηκοστῷ

460 3140 720 3215 principe
741 3142 762 3175 ⁸
792 3139 943 3196 redit
995 3140 1312 3212 Ephesum,
1345 3141 1542 3213 ibique
1591 3158 1776 3213 usque
1804 3142 1876 3197 ad
1907 3144 2103 3214 Traja-

2221 3141 2446 3213 ἐνιαυτῷ
2506 3185 2519 3209 ,
2610 3142 2743 3213 μετὰ
2823 3142 2885 3194 τὸ
2940 3141 3109 3201 πάθος
3188 3139 3387 3215 Κυρίου
3469 3136 3804 3209 τελευτήσας
3854 3184 3870 3210 ,

530 3268 548 3302 ¹
576 3265 713 3321 Cod.
762 3268 999 3331 Veron.,
1042 3264 1148 3319 Sed
1176 3269 1227 3319 et
1255 3266 1385 3321 alia:
1410 3281 1587 3321 causae
1615 3270 1854 3338 fuerant.
1891 3268 2019 3324 llaec
2049 3272 2108 3324 et

461 3353 610 3464 (ιυὲ
619 3341 968 3408 sequuntur,
1016 3341 1212 3392 noster
1257 3353 1326 3392 ex
1376 3338 1624 3394 Eusebio
1655 3339 1854 3395 hausit
1888 3340 1992 3395 lib.
2018 3357 2103 3407 111,

461 3424 509 3464 c.
618 3450 631 3462 .

459 3424 509 3465 0.
540 3424 631 3464 Z4.

528 3479 551 3513 ²
577 3478 759 3537 Alteri
785 3477 998 3535 Joanni
1031 3476 1243 3553 Christi
1293 3479 1579 3553 discipulo
1611 3482 1850 3538 alteram
1900 3483 2107 3537 tribuit

456 3551 710 3623 lrenaus
734 3567 1025 3623 quoque,
1065 3550 1207 3605 dum
1264 3550 1668 3608 testimonium
1707 3571 1774 3609 ex
1806 3571 1875 3609 ea
1905 3553 2105 3609 recitat

456 3622 495 3678 ι.
530 3638 570 3691 ι,
604 3638 655 3679 c.
691 3621 940 3694 13,qu6d
973 3621 1102 3677 ideo
1144 3623 1535 3694 radnotamus,
1588 3630 1652 3679 ut
1680 3642 1881 3681 eorum
1913 3642 2107 3681 occur-

458 3710 660 3750 ramus
693 3693 1013 3763 sententite,
1057 3693 1159 3765 qui
1208 3695 1337 3750 falsi
1384 3696 1795 3768 Hieronymum
1828 3703 2103 3770 arguunt,

460 3766 627 3819 quasi
661 3782 831 3819 nemo
855 3770 987 3819 ante
1018 3763 1185 3819 illum
1218 3765 1327 3819 hoc
1352 3767 1579 3819 dixerit.

460 3766 627 3845 quasi
661 3782 831 3823 nemo
855 3770 987 3821 ante
1018 3765 1185 3821 illum
1218 3765 1327 3822 hoc
1352 3767 1579 3823 dixerit.
1599 3765 1613 3768 ⁷
1897 3765 1925 3770 ⁷

530 3836 553 3869 ³
582 3835 792 3913 ἰξορίοε
817 3837 1111 3909 duplicem
1154 3836 1438 3894 Joannem
1470 3839 1770 3913 distinxit,
1806 3845 1862 3895 et
1892 3839 2106 3913 duplex

458 3902 820 3978 sepulcrum,
878 3902 947 3964 e'x
1002 3924 1117 3978 quo
1176 3914 1410 3964 auctore
1466 3910 1678 3967 Euseb.
1716 3902 1875 3977 Ιβιιι,
1908 3902 2103 3976 ο.’39,

462 3979 662 4053 refert,
708 3983 766 4034 et
820 3980 935 4035 duo
965 3994 1091 4034 esse
1120 3979 1355 4053 Ephesi,
1376 3981 1670 4053 sepulcra,
1699 3989 1757 4037 ct
1789 3988 2107 4053 utrumque

457 4050 699 4125 Joannis
729 4066 1097 4125 suaquoque
1120 4056 1286 4125 {etate
1327 4050 1473 4125 dici;
1509 4051 1631 4125 Δύο,
1668 4053 1877 4125 inquit,
1928 4050 2029 4106 ra‘t‘
2054 4052 2103 4106 ἐν

459 4119 702 4198 ξβφέολῳι
729 4119 1019 4198 γενέσθαιξ
1044 4121 1319 4192 μνήματα,
1392 4123 1479 4198 καὶ
1518 4119 1794 4198 ,ἑκάτερόν
1856 4125 2105 4177 Ἰωάννου

459 4182 543 4246 ἔτί
568 4182 956 4267 νῇν-λὲγεσοαι.
989 4182 1112 4267 lion
1138 4182 1477 4267 tergoi'satis
1516 4197 1660 4251 bene
1697 4182 2103 4267 Hieronymus,

501 4264 616 4320 uod
639 4264 710 4320 de
732 4264 967 4321 nomine
1001 4264 1247 4337 Joannis
1287 4266 1345 4320 in
1372 4282 1580 4337 genere
1616 4267 1837 4322 dictum
1858 4264 2004 4334 erat,
2033 4267 2104 4322 ad

456 4280 616 4393 quoa
639 4280 710 4320 de
732 4282 967 4321 nomine
1002 4280 1247 4321 Joannis
1287 4283 1345 4320 ιιι
1372 4282 1580 4337 genere
1616 4280 1837 4322 dictum
1858 4280 2004 4334 erat,
2033 4280 2104 4322 ad

494 4352 745 4409 omnem
792 4336 1122 4408 apostolum
1152 4341 1210 4391 et
1238 4336 1657 4409 evangelistam
1685 4337 2009 4404 transtulit,
2042 4343 2108 4394 ut

458 4408 1534 4480 duasuniusejusdemquememOrias
1547 4408 1923 4480 significaret.
1944 4410 2102 4472 Quod

460 4476 707 4549 intelligi
744 4476 955 4543 velim;
992 4476 1157 4533 modo
1208 4479 1330 4533 haec
1379 4494 1445 4533 ex
1474 4476 1720 4535 Eusebio
1755 4482 2011 4549 verterit,
2046 4486 2111 4537 ut

460 4548 893 4621 prigma’fronte
918 4550 1181 4621 videtur;
1214 4549 1265 4621 si
1295 4550 1450 4605 enim
1503 4549 1741 4607 aliunde
1778 4552 1928 4607 hanc
1958 4548 2107 4608 ncn-

462 4618 1138 4696 nullorumropinionem
1187 4620 1376 4689 scivit,
1401 4638 1521 4696 non
1555 4622 1738 4678 habeo
1770 4624 1906 4695 quid
1944 4641 2106 4696 repo-

463 4708 602 4750 nam
628 4706 747 4749 rem
772 4692 1024 4747 tradenti
1047 4692 1139 4747 sui
1168 4691 1467 4763 temporis.

536 4764 560 4800 ‘
589 4763 785 4821 Prima
836 4767 1067 4841 tantum
1115 4763 1309 4832 verba,
1348 4767 1442 4841 ,⁸οΔ
1481 4764 1545 4831 ἦν
1580 4764 1677 4841 ἀπ’.
1708 4765 1888 4841 ἀρχῆς
1929 4766 2106 4822 ascri-

465 4836 554 4893 bit
582 4840 816 4909 Graacus
852 4835 1175 4909 interpres,_
1194 4851 1300 4891 nec
1342 4836 1586 4909 fortasse
1624 4835 2105 4909 plura'Hierony-

465 4925 598 4966 mus
628 4907 919 4991 attulerat.
953 4907 1094 4993 (led.
1127 4907 1376 4993 verpa,
1412 4908 1550 4980 quod
1606 4907 1936 4975 audivimus,
1967 4907 2107 4981 quod

457 4982 840 5071 perspeximus
869 4981 1043 5036 oculis
1070 4981 1294 5047 nostris,
1330 4984 1439 5034 etc.

491 5120 500 5123 Α
532 5052 553 5085 ⁸
577 5051 671 5109 bic
701 5050 953 5123 legimus
983 5068 1014 5106 e
1045 5068 1156 5123 ms.
1210 5052 1277 5123 S.
1321 5050 1538 5117 Crucis,
1590 5055 1646 5106 et
1690 5051 1933 5123 Fabricii
1983 5051 2104 5106 edi-

460 5120 619 5193 tione
669 5120 785 5192 pro
830 5124 879 5176 et
934 5122 1216 5178 nonnulli.
1251 5122 1484 5178 Grazcus
1515 5138 1748 5193 quoque
1803 5121 1891 5175 καί
1938 5142 2101 5182 τινες.

532 5192 554 5226 ⁶
585 5192 729 5265 Quas
757 5195 1066 5265 memorias.
1106 5195 1199 5249 Sic
1239 5193 1365 5265 lego
1403 5194 1459 5248 in
1494 5192 1721 5249 cunctis
1743 5210 1885 5249 mss.
1911 5210 2104 5249 exem-

462 5260 747 5337 plaribus,
780 5268 837 5318 et
866 5263 947 5337 ita
993 5260 1504 5337 legendumvdocet
1531 5266 1763 5337 alterum
1793 5266 2104 5337 sepulcrum

462 5335 812 5408 praecedens.
844 5335 1076 5408 ‘Erant”
1098 5335 1276 5408 igitur
1312 5336 1369 5390 in
1410 5336 1672 5408 Ecclesia
1718 5335 2101 5408 Ephesiorum

462 5352 812 5403 praecedens.
876 5352 1053 5390 Erant.
1098 5352 1276 5461 igitur
1312 5353 1369 5390 1n
1423 5352 1672 5391 Ecclesm
1718 5352 2101 5408 Epheswrum

462 5405 591 5460 dua:
613 5404 926 5479 memoriae,
956 5406 1077 5479 sive
1166 5425 1238 5462 uo
1260 5407 1528 5478 sepulcra
1576 5409 2102 5479 cjusdemJoannis

464 5476 712 5551 apostoli
743 5481 799 5551 et
823 5476 1226 5551 evangelista}:
1270 5476 1419 5551 sicut
1456 5476 1628 5535 hodie
1670 5482 1822 5551 apud
1865 5498 1969 5536 nos
2007 5498 2101 5535 ex-

464 5550 625 5603 stant
647 5547 707 5605 in
746 5547 1003 5604 Ecclesia
1024 5555 1223 5606 nostra
1264 5549 1391 5605 dua:
1432 5547 1722 5607 memoriae
1746 5550 1934 5608 sancti
1966 5553 2106 5609 Ger-

460 5617 624 5699 mani
689 5618 946 5702 episcopi
1005 5618 1369 5693 Parisiensis,
1435 5622 1666 5697 patroni
1729 5623 1920 5697 notri;
1986 5640 2105 5684 una

1831 5857 1859 5875 ο

2216 3267 2452 3339 quidem
2494 3266 2781 3339 memoria
2827 3266 2886 3339 in
2936 3265 3156 3339 capella
3200 3264 3383 3321 sancti
3434 3265 3867 3339 Symphoriani,

2216 3337 2316 3394 ubi
2363 3344 2451 3394 est
2492 3338 2654 3393 locus
2709 3337 3055 3409 sepulturae;
3105 3337 3287 3393 altera
3334 3339 3618 3409 memoria
3647 3337 3707 3409 in
3739 3354 3874 3393 ma-

2207 3412 2335 3480 jore
2367 3409 2536 3465 altari
2582 3408 2869 3477 Ecclesiae,
2911 3409 3029 3481 ubi_
3055 3414 3263 3480 prater
3302 3408 3553 3481 sepulcri
3586 3408 3872 3481 lapidem,

2216 3478 2314 3552 Qui
2344 3480 2570 3553 positus
2613 3485 2702 3536 est
2733 3481 2945 3553 subtus
2980 3478 3182 3546 altare,
3214 3478 3393 3536 sacrae
3435 3478 3696 3553 reliquiie
3733 3478 3874 3537 cor;

2216 3550 2372 3625 poris
2402 3557 2776 3626 asservantur
2802 3551 2858 3606 in
2911 3568 3087 3626 capsa
3134 3568 3311 3607 aurea
3354 3550 3786 3626 pretiosissima
3818 3558 3876 3608 et

2256 3625 2465 3680 emmis
2496 3628 2717 3695 ornata,
2756 3639 2933 3695 quam
2984 3623 3141 3695 hunc
3195 3626 3529 3695 sustentant
3586 3623 3872 3695 manibus

2256 3640 2465 3680 emmis
2496 3640 2717 3689 ornata,
2756 3640 2933 3695 quam
2986 3640 3141 3677 nunc
3195 3640 3529 3678 sustentant
3586 3640 3871 3679 mamnus

2214 3640 2465 3751 ﬁcorum
2498 3694 2836 3767 angelorum
2868 3694 3156 3767 imagines
3186 3709 3256 3767 ex
3301 3693 3559 3767 metallo,
3586 3692 3642 3748 in
3671 3695 3871 3751 medio

2216 3784 2316 3823 sex
2362 3765 2771 3822 columnarum
2830 3765 3207 3837 pulcherrimi
3256 3765 3609 3837 marmoris,
3643 3771 3701 3820 et
3747 3767 3869 3822 sub

2215 3839 2488 3894 coronide
2521 3836 2943 3910 elegantissimi
3001 3836 3196 3909 operis
3236 3836 3534 3910 deaurata.
3568 3836 3874 3910 llujnsal-

2217 3910 2327 3965 tari
2371 3910 2501 3965 novi
2537 3906 2891 3964 structuram
2953 3906 3282 3979 procuravit
3305 3907 3472 3963 nobis
3510 3906 3667 3962 zelus
3688 3912 3745 3962 et
3767 3907 3873 3964 in-

2216 3981 2443 4036 dustria
2498 3980 2812 4035 Reverendi
2846 3978 3031 4034 Patris
3061 3978 3349 4051 Arnulphi
3403 3979 3475 4033 de
3505 3978 3870 4051 Looipriolris

2216 4054 2464 4124 hujusce
2496 4052 2830 4124 monasterii
2854 4051 3039 4105 nostri
3059 4042 3547 4124 sancti-Germani
3570 4066 3603 4105 a
3620 4042 3815 4124 Partis
3833 4070 3868 4124 7:

2216 4121 2372 4194 quod
2392 4123 2486 4178 hic
2507 4122 2565 4176 in
2590 4124 2930 4178 memoriam
2964 4126 3304 4194 perpetuam
3337 4121 3546 4194 lubens
3567 4122 3868 4194 adnotavi,

2217 4192 2448 4266 accepta
2476 4195 2779 4249 occasione
2810 4211 2878 4249 ex
2914 4192 3195 4248 memOria
3215 4192 3435 4265 duplici
3466 4192 3652 4248 sancti
3681 4192 3871 4250 Joan-

2216 4267 2308 4321 nis
2330 4266 2713 4335 evengelistaa.
2741 4270 3022 4321 MARTIAN.

2287 4338 2305 4371 7
2338 4336 2551 4390 Christi
2582 4338 2671 4390 95.

2285 4409 2305 4442 ⁸
2337 4408 2430 4463 Sic
2460 4407 2520 4461 in
2554 4407 2836 4462 Chronico
2889 4408 2960 4462 ad
3006 4406 3315 4479 Domitian.
3376 4406 3661 4479 Apostolus
3698 4408 3869 4463 Joan-

2215 4495 2311 4535 nes
2339 4480 2399 4534 in
2428 4480 2645 4533 Palmos
2677 4479 2915 4533 insulam
2961 4480 3232 4546 relegatus
3278 4478 3639 4549 Apocalypsin
3695 4480 3866 4546 vidit,

2216 4568 2379 4621 quam
2409 4552 2652 4621 [remus
2682 4551 3096 4621 interpretatur.
3145 4552 3207 4604 ln
3268 4550 3463 4603 Graeco
3512 4549 3755 4605 Eusebii
3779 4554 3871 4606 est

2218 4618 2293 4682 ὧς
2353 4618 2519 4690 δηλοῖ
2578 4618 2868 4691 Εἰρηναῖος
2929 4622 3049 4676 sive
3096 4630 3157 4675 ut
3200 4622 3441 4676 Irenqu
3478 4622 3739 4691 explicat,
3775 4621 3870 4676 vel

2218 4696 2395 4759 vertit,
2431 4708 2639 4765 nempe
2660 4692 2893 4765 nomine
2928 4693 3319 4765 Apocalypsin,
3354 4695 3419 4745 ut
3460 4706 3567 4762 ego
3589 4692 3867 4765 arbitror,

2214 4765 2495 4820 visionem
2516 4762 3058 4830 Joannis,Justinus
3088 4768 3141 4818 et
3166 4764 3415 4818 [renisus
3445 4762 3867 4831 nominarunt;

2215 4836 2459 4891 minime
2488 4852 2618 4890 vero
2651 4834 3201 4906 Commentariosin
3249 4832 3643 4906 Apocalypsin
3668 4833 3728 4889 hi
3759 4835 3871 4890 Pa-

2213 4913 2332 4962 tres
2380 4908 2706 4973 ediderunt,
2764 4922 2912 4978 quos
2961 4923 3067 4961 nec
3123 4904 3248 4977 ipse
3298 4904 3692 4978 Hieronymus
3722 4921 3867 4963 cum

2214 4978 2423 5034 horum
2474 4983 2733 5034 recenset
2773 4976 3007 5049 scripta,
3059 4993 3163 5031 nec
3214 4983 3475 5032 veterum
3522 4976 3867 5049 quisquam

2216 5056 2519 5105 memorat.
2577 5049 2755 5120 quu’e
2808 5047 2937 5103 ideo
2970 5053 3149 5114 notat,
3183 5048 3339 5120 quod
3371 5062 3584 5102 nomen
3633 5047 3867 5120 Apoca-

2213 5120 2355 5194 lysis
2384 5118 2677 5194 nuspiam:
2703 5121 3059 5194 inveniatur_
3081 5120 3235 5194 apud
3284 5119 3512 5194 Graicos
3540 5118 3869 5191 scriptores

2215 5189 2519 5264 antiquos,"
2552 5197 2619 5264 et
2652 5192 2897 5246 fortasse
2929 5193 3001 5264 ab
3030 5189 3266 5245 Justino
3294 5194 3354 5264 et
3402 5189 3867 5264 Irenaeonomen

2213 5261 2519 5336 acceperit.
2552 5262 2759 5336 Mirum
2792 5267 2934 5334 quot
2960 5263 3261 5336 doctorum
3293 5261 3601 5336 hominum
3624 5261 3868 5335 ingenia

2214 5332 2450 5391 torserit
2470 5334 2630 5389 locus
2654 5334 2783 5397 iste,
2806 5332 2949 5399 dum
2981 5335 3053 5389 ab
3076 5335 3287 5388 lrenmo
3308 5337 3365 5387 et
3382 5332 3618 5404 Justino
3640 5332 3866 5404 paucos

2215 5407 2498 5478 quosdam
2546 5404 2864 5461 versiculos
2916 5405 3297 5477 Apocalypsis
3350 5403 3553 5459 citatos
3593 5403 3864 5478 quaqua-

2212 5494 2443 5533 versum
2478 5479 2808 5547 exquirunt.

2284 5550 2445 5621 {Sui}
2499 5545 2678 5604 Nerva
2732 5550 3001 5621 principe.
3052 5546 3216 5603 Multi
3265 5545 3563 5621 _cedices,_
3583 5545 3863 5621 Ambros.

2212 5618 2577 5680 Bibliotheca
2608 5618 2880 5691 maxime,
2914 5618 3149 5695 “legunt,
3191 5619 3291 5683 sub
3318 5620 3500 5678 Nerva
3525 5618 3865 5696 Partim:
