4082 6168
344 314 470 389 888

347 550 629 605 sctatores
669 563 911 603 ornasse
963 545 1240 603 laudibus
1307 547 1452 604 suis.
1515 548 1761 603 Exstant
1811 546 1992 619 hujus

343 635 624 709 praeclara
653 640 709 691 et
739 637 1191 692 innumerabilia
1222 653 1397 709 opera
1425 636 1484 691 in
1514 636 1775 708 quinque
1806 636 1991 691 libros

345 724 550 798 Moysi,
583 726 653 781 de
683 725 1032 781 Confusione
1056 724 1394 797 linguarum
1425 726 1572 781 liber
1601 726 1854 793 unus,de
1883 724 1991 780 Na-

344 818 479 871 tura
502 819 559 869 et
590 814 927 869 Inventione
957 816 977 847 ²
1006 813 1156 869 liber
1188 831 1361 882 unus,
1396 816 1467 869 de
1499 814 1599 869 His
1643 831 1769 886 quas
1813 830 1989 869 sensu

348 919 658 975 precamur
682 906 738 957 et
766 903 1123 957 detestamur
1150 902 1297 958 liber
1327 920 1502 967 unus,
1534 904 1605 957 de
1654 902 1993 957 Eruditione

345 993 498 1048 liber
554 1008 731 1058 unus,
793 992 864 1046 de
918 992 1156 1046 Haerede
1209 990 1535 1046 divinarum
1595 1006 1790 1045 rerum
1847 989 1995 1045 liber

348 1097 526 1149 unus,
557 1080 709 1136 849
742 1080 813 1134 de
860 1079 1151 1134 Divisione
1198 1078 1513 1150 aequalium
1567 1084 1625 1134 et
1671 1078 1993 1134 contrario-

351 1171 534 1226 rum3
566 1168 731 1235 liber,
775 1169 844 1223 de
900 1168 1114 1223 Tribus
1168 1168 1482 1223 virtutibus
1537 1168 1685 1223 liber
1740 1185 1894 1223 unus
1949 1169 1990 1233 ‘,

348 1259 534 1322 Quare
565 1256 1031 1328 quorumdamin
1066 1257 1383 1329 Scripturis
1416 1260 1643 1311 mutata
1672 1261 1813 1311 sunt
1842 1258 1990 1327 [mss

351 1346 491 1415 sint]
522 1345 764 1400 nomina
787 1344 934 1400 liber
962 1362 1138 1412 unus,
1172 1346 1243 1400 de
1274 1345 1463 1401 Paetis
1490 1344 1624 1400 libri
1675 1345 1789 1400 duo
1835 1344 1875 1404 ⁵.
1923 1345 1995 1399 de

347 1435 478 1490 Vita
534 1432 815 1506 sapientis
868 1434 1018 1488 liber
1075 1451 1249 1499 unus,
1312 1434 1383 1488 de
1443 1433 1792 1505 Gigantibus
1849 1432 1997 1488 liber

347 1541 504 1580 unus
528 1524 570 1591 ⁸,
613 1523 774 1588 Quod
808 1522 1038 1578 somnia
1069 1522 1378 1578 mittantur
1407 1539 1440 1577 a
1469 1522 1587 1578 Deo
1636 1521 1768 1577 libri
1821 1521 1994 1593 quin-

349 1629 461 1685 que
488 1613 532 1680 ",
565 1612 962 1677 Quaestionum
990 1615 1046 1666 et
1075 1610 1436 1667 solutionum
1496 1611 1554 1665 in
1615 1611 1805 1666 Exodo
1860 1609 1994 1665 libri

347 1701 605 1773 quinque
637 1701 678 1768 3,
713 1700 783 1755 de
811 1699 1212 1755 Tabernaculo
1244 1703 1302 1754 et
1347 1698 1632 1771 Decalogo
1674 1697 1806 1753 libri
1849 1715 1994 1770 qua-

347 1794 484 1845 tuor
511 1790 552 1855 9,
584 1804 807 1844 necnon
838 1789 910 1843 de
938 1788 1206 1843 Victimis
1236 1791 1294 1843 et
1322 1787 1898 1860 Repromissionibus
1930 1787 1993 1852 ίο,

349 1877 467 1934 sive
496 1876 840 1945 Maledictis,
877 1877 948 1931 de
988 1877 1362 1932 Providentia
1412 1877 1474 1942 “,
1524 1876 1595 1931 de
1636 1876 1880 1943 Judrsis,
1927 1876 1999 1930 de

346 1965 792 2024 Conversatione
822 1964 971 2032 vitae,
1005 1965 1076 2020 de
1107 1964 1436 2020 Alexandro
1459 1965 1523 2031 1³,
1558 1969 1616 2019 et
1643 1964 1802 2029 Quod
1858 1979 1997 2036 pro-

350 2055 535 2128 priam
569 2053 855 2109 rationem
892 2057 1058 2108 muta
1090 2052 1373 2108 animalia
1418 2053 1697 2118 habeant,
1730 2056 1789 2107 et
1835 2052 1998 2118 Quod

350 2143 544 2199 omnis
573 2142 857 2214 insipiens
889 2158 1090 2198 servus
1123 2142 1218 2208 sit,
1270 2153 1323 2198 el
1363 2142 1433 2197 de
1481 2140 1615 2196 Vita
1662 2144 1997 2196 nostrorum

350 2230 500 2287 liber
528 2248 682 2286 unus
719 2231 781 2299 ‘3,
811 2230 882 2286 de
911 2246 1026 2301 quo
1058 2248 1238 2302 supra
1266 2230 1543 2297 diximus,
1569 2230 1627 2285 id
1659 2230 1846 2297 est,de
1868 2246 2001 2301 apo-

350 2318 573 2376 stolicis
603 2319 763 2381 viris.
791 2335 967 2391 quem
1026 2323 1083 2374 ct
1111 2318 1411 2391 inscripsit
1436 2318 1559 2393 περὶ
1603 2317 1729 2371 Βίου
1788 2318 1997 2387 θεωοη-

347 2413 501 2463 τικοῦ
550 2409 739 2463 ἱκετῶν
800 2409 865 2475 1‘,
918 2408 1075 2480 quod
1122 2407 1390 2464 videlicet
1438 2407 1694 2464 coelestia
1742 2410 1998 2464 contem-

349 2496 605 2570 plentur,
639 2501 696 2553 et
724 2513 957 2570 semper
984 2497 1168 2552 Deum
1200 2501 1386 2552 orent.
1423 2499 1493 2552 Et
1524 2496 1634 2552 sub
1667 2495 1799 2553 aliis
1847 2495 1998 2550 indi-

350 2585 536 2653 cibus,
569 2587 641 2641 de
682 2584 1055 2659 Agricultura
1110 2586 1249 2653 duo,
1306 2586 1378 2640 de
1434 2585 1725 2640 Ebrietate
1774 2584 1890 2639 duo
1924 2585 1989 2638 ιδ.

350 2674 503 2732 Sunt
532 2678 589 2729 et
618 2674 731 2729 alia
761 2676 804 2746 i6
834 2676 963 2746 ejus
995 2678 1373 2729 monumenta
1402 2673 1775 2746 ingenii,quas
1806 2673 1864 2727 in
1896 2689 1997 2728 no-

352 2768 506 2819 stras
537 2777 750 2820 manus
782 2780 895 2819 non
929 2766 1339 2835 pervenerunt.
1376 2768 1453 2817 De
1485 2762 1592 2817 hoc
1632 2760 1800 2832 vulgo
1845 2761 1999 2833 apud

358 2852 588 2909 Graecos
618 2852 851 2921 dicitur,
883 2856 947 2903 Ἠ
982 2848 1209 2905 Ηλάτων
1263 2848 1568 2928 φιλωνίζει,
1600 2846 1829 2917 ἢῲίλων
1862 2846 2000 2902 πλα-

353 2940 571 3009 τωνίζει
605 2960 617 2998 :
655 2942 713 2997 id
757 2946 864 3009 est,
897 2950 995 2997 aut
1038 2942 1200 2997 Plato
1249 2940 1539 2996 Philonem
1584 2941 1856 3010 sequitur,
1905 2947 2002 2994 aut

354 3031 642 3087 Platonem
672 3032 834 3087 Philo
860 3049 879 3085 :
902 3032 1061 3085 tanta
1102 3032 1191 3085 est
1239 3027 1565 3086 similitudo
1614 3043 1897 3084 sensuum
1945 3031 2004 3083 et

360 3117 598 3190 eloquii.

1588 318 1654 390 S.
1694 321 2003 391 EUSEBII
2044 318 2336 390 HIERON
2348 318 2514 390 YMl.

346 455 524 515 etiam
557 455 573 491 ¹
606 450 803 526 Marci,
840 453 1114 531 discipuli
1143 456 1318 526 Petri,
1363 457 1517 531 apud
1573 459 1986 515 Alexandriam

2113 457 2246 511 ιέναι
2312 454 2497 535 φιλίαν
2532 501 2545 527 ,

2614 455 2704 511 καὶ
2772 453 2860 513 διὰ
2950 459 3111 512 τοῦτο
3197 448 3327 517 τοὺς
3415 445 3755 514 σπουδαστὰς

2101 547 2322 623 Μάρκου
2386 551 2483 600 τοῦ
2578 548 2821 620 μαθητοῦ
2915 545 3122 623 Πέτρου
3157 589 3171 615 ,
3247 542 3298 599 ἐν
3376 539 3757 619 Ἀλεξανδρείᾳ

2102 630 2249 689 ἔπεσι
2317 636 2715 709 κεκοσμηκέναι
2763 680 2776 692 .
2856 636 2976 690 Εἰσὶ
3048 633 3243 689 τούτου
3319 639 3586 710 περιφανῆ
3663 630 3755 685 καὶ

2102 723 2444 799 ἀναρίθμητοι
2490 725 2836 798 συντάγματα
2876 724 2952 786 εἷς
3007 724 3173 778 πάντε
3213 720 3416 796 λόγους
3456 719 3754 789 Μωϋσέως,

2101 811 2296 875 οὕτως·
2354 814 2479 888 περῖ
2551 812 2883 889 Συγχύσεως
2949 810 3213 888 γλωσσῶν
3276 809 3445 885 λόγος
3484 810 3592 879 εἷς,
3630 809 3757 864 περὶ

2102 900 2325 962 Φύσεως
2382 902 2472 955 καὶ
2531 902 2860 977 εὑρήματος,
2918 901 3043 977 περὶ
3088 906 3180 954 Ὧν
3221 900 3358 954 κατὰ
3409 903 3533 953 νοῦν
3594 896 3755 973 εὐχό-

2106 991 2239 1062 μεθα
2304 991 2394 1044 καὶ
2453 989 3004 1066 ἀπομαρτυρούμεθα,
3066 986 3236 1063 λόγος
3305 989 3405 1058 εἷς,
3444 988 3569 1063 περὶ
3629 993 3760 1041 Παι-

2102 1075 2334 1140 δεύσεως
2403 1076 2571 1153 λόγος
2644 1079 2742 1147 εἷς,
2809 1080 2933 1155 περὶ
3001 1075 3368 1152 Κληρονόμου
3433 1081 3541 1130 τῶν
3596 1075 3757 1130 θείων

2101 1168 2437 1243 πραγμάτων
2523 1165 2691 1242 λόγος
2762 1168 2860 1237 εἷς,
2926 1167 3051 1243 περὶ
3130 1170 3411 1242 Μερισμοῦ
3467 1161 3597 1219 ἴσων
3666 1166 3759 1219 καὶ

2100 1255 2356 1310 ἐναντίων
2406 1252 2575 1329 λόγος
2629 1256 2727 1323 εἷς,
2760 1255 2885 1310 πεοὶ
2914 1259 3091 1331 Τριῶν
3132 1251 3412 1326 δυνάμεων
3456 1251 3626 1327 λόγος
3658 1254 3757 1323 εἷς,

2101 1345 2226 1420 περὶ
2291 1348 2397 1397 τῶν
2460 1341 2861 1418 έναλλαγεισῶν
2924 1347 3146 1421 Γραφῶν
3205 1343 3353 1418 παρά
3387 1363 3548 1396 τινων
3605 1343 3761 1400 850

2103 1431 2271 1507 λόγος
2340 1433 2435 1502 εἷς,
2502 1433 2626 1509 περὶ
2691 1434 2979 1503 Συνθηκῶν
3048 1430 3208 1507 λόγοι
3276 1428 3401 1500 δύο,
3468 1431 3593 1507 περὶ
3633 1430 3761 1485 Βίου

2103 1519 2465 1600 φιλοσοφικοῦ
2533 1519 2702 1595 λόγος
2771 1522 2870 1592 εἴς,
2910 1521 3037 1597 περὶ
3101 1521 3370 1595 γιγάντων
3424 1518 3593 1594 λόγος
3660 1520 3760 1588 εἷς,

2102 1611 2226 1664 πεοὶ
2255 1614 2352 1663 τοῦ
2390 1610 2525 1671 Τοὺς
2587 1609 2831 1686 ὀνείρους
2888 1609 3034 1686 παρὰ
3090 1613 3224 1664 Θεοῦ
3263 1609 3567 1682 πέμπεσθαι
3599 1605 3763 1682 λόγοι

2102 1700 2280 1767 πέντε,
2350 1700 2686 1771 Ζητημάτων
2758 1700 2849 1754 καὶ
2918 1699 3345 1775 ἑρμηνευμάτων
3402 1704 3503 1767 τῆς
3541 1694 3762 1768 Ἐξόδου

2106 1786 2267 1863 λόγοι
2299 1789 2477 1857 πέντε,
2509 1789 2634 1863 περὶ
2672 1795 2775 1856 τῆς
2828 1794 3047 1858 Σκηνῆς
3097 1788 3187 1842 καὶ
3237 1784 3553 1861 Λεκαλόγου
3601 1784 3764 1860 λόγοι

2104 1876 2358 1951 τέσσαρες
2411 1920 2425 1945 ,
2483 1876 2607 1949 περὶ
2685 1880 2892 1930 Θυσιῶν
2956 1920 2970 1945 ,
3029 1876 3153 1951 περὶ
3211 1876 3577 1951 Ὑποσχέσεων
3634 1873 3764 1944 ἤτοι

2106 1971 2360 2040 Καταρων
2425 2009 2438 2034 ,
2496 1965 2621 2041 περὶ
2671 1965 2938 2040 Προνοίας
2996 2009 3009 2033 ,
3050 1965 3175 2040 περὶ
3231 1961 3504 2019 Ἰουδαίων
3559 2008 3574 2034 ,
3631 1966 3759 2041 περί

2108 2060 2407 2128 Λιαγωγῆς
2470 2053 2613 2128 βίου,
2669 2053 2793 2130 περὶ
2860 2050 3391 2128 ’Δλεξάνδρου,·καὶ
3457 2056 3574 2107 "Ott
3617 2050 3760 2107 ἴδιον

2108 2140 2375 2217 λογισμὸν
2435 2138 2551 2218 ἔχει
2601 2142 2668 2195 τὰ
2717 2139 2915 2216 ἄλογα,
2970 2144 3091 2195 Ὅτι
3147 2147 3253 2203 πᾶς
3305 2140 3489 2219 ἄφρων
3559 2138 3765 2204 ὃοῦλδς

2109 2230 2219 2286 ἐστι
2246 2276 2259 2301 ,
2290 2251 2415 2307 περι
2446 2237 2737 2306 Διαγωγῆς
2793 2234 2900 2285 τῶν
2949 2232 3231 2306 ἡμετέρων
3258 2275 3272 2301 ,
3304 2231 3428 2308 περὶ
3459 2231 3522 2285 οὗ
3552 2225 3763 2308 ἔμπρο-

2109 2322 2226 2375 σθεν
2287 2317 2532 2393 εἴπομεν,
2591 2320 2836 2374 τουτέστι
2892 2323 2999 2373 τῶν
3059 2317 3402 2389 ἀποστόλων,
3461 2317 3631 2395 λόγος
3662 2321 3764 2390 εἷς,

2108 2410 2165 2463 ’ὸν
2202 2407 2493 2486 ἐπέγραψε,
2544 2408 2676 2484 Περὶ
2734 2407 2854 2482 βίου
2910 2410 3248 2484 θεωρητικοῦ
3305 2409 3519 2479 ἱκετῶν,
3574 2411 3763 2465 τουτέ-

2110 2519 2245 2567 στιν,
2276 2496 2360 2551 ὅτι
2390 2498 2457 2551 τὰ
2503 2496 2797 2572 ἐπουράνια
2852 2496 3172 2567 ἀτενίζουσι,
3231 2499 3322 2551 καὶ
3370 2498 3453 2552 ἆεὶ
3511 2495 3767 2575 εὔχονται

2107 2590 2186 2657 τῷ
2210 2590 2346 2657 Θεῷ,
2380 2586 2505 2660 περί
2546 2583 2822 2660 Γεωργίας
2877 2582 3036 2659 λόγοι
3082 2582 3200 2654 δύο,
3230 2587 3354 2641 πεοὶ
3413 2587 3595 2655 Μέθης
3645 2585 3761 2645 δύο.

2108 2674 2229 2728 Είσὶ
2287 2674 2377 2728 καὶ
2432 2670 2591 2749 ⁴ίέιττερα
2647 2672 2809 2727 αὐτοῦ
2867 2674 3289 2749 συγγράμματα,
3340 2670 3492 2729 δῧπω
3542 2675 3620 2737 εἰς
3668 2677 3764 2738 τὰς

2110 2760 2246 2835 ἐμὰς
2290 2766 2480 2838 χεῖρας
2535 2759 2777 2817 ἐλθόντα.
2832 2763 2963 2839 Περὶ
3009 2761 3206 2817 τούτου
3257 2762 3396 2818 ἐστὶν
3426 2766 3461 2833 ἡ
3494 2764 3769 2841 παροιμία

2107 2853 2215 2903 τῶν
2279 2847 2646 2919 Ἐλληνικῶν,
2702 2855 2769 2904 Ἡ
2828 2848 3055 2905 Πλάτων
3116 2849 3422 2928 φιλωνίζει,
3477 2852 3512 2921 ἢ
3572 2850 3763 2907 Φίλων

2109 2935 2459 3006 πλατωνίζει.
2519 2936 2762 3007 Τοσαύτη
2820 2937 2959 2993 ἐστὶν
3010 2939 3277 3013 ὁμοιότης
3305 2946 3406 3009 τῆς
3435 2961 3495 2995 τε
3524 2939 3766 3003 ὸιανοίας

2111 3028 2202 3082 καὶ
2231 3026 2498 3104 φράσεως.

434 3259 452 3293 ί
482 3258 964 3340 Coniunctionem
1003 3261 1177 3340 etiam
1214 3258 1462 3340 supplet
1482 3245 1617 3340 “nis.
1669 3257 1995 3340 _Veronens.
2027 3262 2071 3328 ί]
2110 3257 2377 3339 quaedam
2410 3258 2738 3340 fragmenta
2764 3275 2833 3314 ex
2864 3257 2956 3340 his
2980 3258 3314 3340 servavitHS.
3342 3259 3514 3340 Joan.
3550 3265 3762 3318 Dama-

363 3345 466 3401 pro
497 3345 613 3401 qua
643 3328 863 3400 legerat
890 3330 1181 3401 Victorius
1211 3331 1269 3384 in
1300 3328 1425 3385 suis
1474 3330 1770 3401 Ecclesium
1798 3346 1810 3384 :
1844 3330 2000 3384 unde

363 3399 515 3456 male
545 3399 918 3471 depravatam
935 3419 973 3472 7a
994 3400 1250 3456 librariis
1271 3417 1469 3456 vocem
1493 3399 1703 3455 maluit
1723 3400 1997 3472 expungi.

433 3474 454 3505 ²
485 3475 610 3525 Non
641 3472 903 3544 agnoscit
931 3471 1088 3527 hunc
1118 3472 1334 3544 librum
1362 3472 1681 3544 Veronens.
1716 3488 1851 3538 ms.;
1887 3471 2001 3526 nie-

362 3547 550 3598 morat
590 3541 785 3598 tamen
817 3544 1123 3607 Eusebius,
1147 3549 1274 3599 tum
1307 3542 1539 3598 Graecus
1583 3541 1891 3613 interpres,
1947 3547 2004 3596 et

359 3631 427 3669 ex
457 3631 524 3669 eo
556 3613 786 3669 Suidas.
816 3619 891 3669 At
918 3632 1033 3670 non
1081 3615 1146 3669 de
1187 3618 1391 3669 natura
1438 3622 1490 3669 et
1527 3615 1862 3681 inventione,
1897 3614 1999 3668 sed

358 3685 422 3740 de
448 3687 583 3757 fuga
613 3687 1011 3757 etiinveniione
1040 3686 1372 3757 composuit
1402 3683 1563 3740 Philo
1612 3684 1848 3749 librum,
1900 3684 2000 3755 qui

364 3752 798 3840 ρερὶςφυγάδων
850 3752 1205 3840 inscribitur.
1243 3756 1385 3811 Hinc
1412 3772 1679 3840 "arguas,
1729 3752 2000 3837 corrupto

357 3827 1182 3915 Eu'sebii‘exemplari‘usum
1233 3844 1370 3915 esse
1409 3827 1848 3915 Hieronymum,
1898 3827 2000 3915 qui

360 3897 625 3974 pro_1lspi
657 3897 1187 3974 aeviaeui/tlegerit
1244 3898 1374 3974 Περὶ
1421 3897 1652 3974 φύσεως.
1715 3897 2000 3969 quemad-

361 3969 602 4023 modum
634 3969 810 4024 etiam
842 3969 1088 4026 Rufinus
1118 3970 1310 4025 vertit.

430 4040 452 4072 ³
482 4039 647 4094 Hunc
695 4042 769 4095 De
810 4042 1101 4123 divisioni:
1128 4042 1428 4123 «equalium
1472 4044 1523 4095 et
1565 4041 1998 4123 contrariorum,

359 4108 579 4185 librum
611 4127 724 4166 non
771 4118 1030 4168 recenset
1062 4108 1291 4185 Reginae
1339 4118 1656 4167 Succorum
1687 4111 1814 4177 cod,
1873 4111 1997 4185 342.

361 4182 701 4255 _Certe_unus
732 4186 960 4239 tantum
991 4180 1346 4255 atquéidem
1375 4187 1465 4238 est
1510 4199 1669 4255 cum_
1691 4180 1999 4255 superiori,

358 4251 477 4326 imo
504 4252 685 4308 altera
716 4255 843 4326 ejus
871 4255 1023 4310 tituli
1069 4251 1228 4326 pars,
1281 4251 1783 4326 quemadmodum
1822 4253 2003 4326 Euse-

357 4323 490 4398 bius
521 4326 713 4398 refert.
745 4323 942 4398 Neque
964 4323 1105 4382 adeo
1138 4323 1439 4398 perperam
1483 4341 1516 4378 a
1565 4323 1910 4398 Hieronymo
1941 4323 1998 4377 in

357 4395 507 4450 duos
540 4397 720 4451 fuisse
742 4394 1179 4470 divisum,quod
1203 4394 1560 4452 confidenter
1580 4394 1679 4470 alii
1707 4400 1999 4470 asserunt,

357 4481 463 4537 ego
521 4473 660 4536 puto
696 4469 831 4536 ;sed
863 4465 1146 4524 excidisse
1176 4486 1244 4522 ex
1275 4469 1332 4522 S.
1370 4465 1628 4537 Doctoris
1692 4469 1853 4537 textu
1900 4482 1999 4537 vo-

354 4535 547 4589 culam
574 4539 705 4604 sive,
748 4539 834 4594 vel
882 4540 1058 4599 aliam
1110 4539 1246 4593 huic
1295 4535 1876 4595 similem.facillimo
1931 4536 1997 4591 li-

2111 3328 2324 3385 scenus
2356 3329 2414 3383 in
2447 3328 2771 3397 Parallelis,
2801 3334 3006 3385 caetera
3034 3330 3479 3387 interciderunt.

2183 3409 2204 3442 9
2235 3402 2496 3466 Quatuor
2525 3400 2692 3456 libris
2749 3417 2905 3457 unus
2933 3401 3219 3457 duntaxat
3274 3407 3363 3458 est
3414 3401 3645 3470 titulus,
3702 3404 3771 3460 de

2111 3470 2557 3545 Tabernacutoqet
2607 3472 2890 3545 Decatogo,
2941 3472 3017 3545 Et
3057 3473 3284 3543 primus
3333 3474 3573 3545 quidem
3618 3474 3770 3532 liber

2111 3558 2245 3596 cum
2276 3543 2530 3617 secundi
2562 3542 3073 3617 partepint‘ercidit,’
3097 3542 3369 3617 superest
3391 3546 3601 3617 tertius
3629 3563 3767 3603 cum

2113 3614 2304 3689 quarti
2361 3619 2526 3689 parte
2557 3609 2687 3686 Περὶ
2718 3609 3197 3689 ψευδομαρτυριῶν
3230 3615 3580 3689 inscriptus.
3626 3619 3771 3683 Qui—

2120 3685 2257 3740 dam
2288 3685 2518 3740 codices
2547 3685 2779 3741 tantum
2831 3685 3169 3741 habent'de
3226 3685 3593 3744 Tuber-nuequ
3631 3689 3769 3745 libri

2163 3759 2377 3811 uatuor.

2112 3772 2233 3909 .q‘”
2276 3825 2475 3909 Codex.
2527 3826 2815 3909 Veronen,
2872 3828 3314 3909 remissionibus,
3353 3830 3455 3909 sed
3531 3829 3771 3887 Graecus

2108 3896 2397 3997 initerpres
2457 3896 2825 3972 ὑποσχέσεων,
2857 3902 2915 3954 et
2974 3897 3138 3954 Philo
3195 3899 3317 3973 περὶ
3382 3904 3490 3953 τῶν
3544 3919 3765 3975 προκει-

2117 3988 2446 4110 P“iamlvi'ujus
2500 4038 2826 4110 fragmenta
2881 4040 3149 4166 quaedam
3208 4047 3529 4115 supersunt
3582 4058 3766 4115 penes

2117 4109 2327 4165 Euseb.
2358 4114 2662 4166 Praeparat.
2701 4128 2800 4166 vn.
2847 4112 2884 4164 2
2954 4152 2971 4166 .
2999 4129 3122 4166 vm.
3172 4113 3241 4166 44
3275 4130 3290 4166 :
3321 4129 3449 4166 auus
3497 4115 3766 4166 seuuitur

2116 4109 2800 4194 Euseb..’1'rwpqra.t..vu,
2847 4109 2920 4194 2i
2949 4152 2971 4178 ,
2999 4113 3241 4194 VI-II,.‘!4
3275 4109 3449 4194 {qua
3497 4109 3770 4187 sequitur

2116 4182 2508 4316 Αρὲίίέἕξίῖαίξῖι
2525 4182 3630 4312 iiii?893333;“siﬁiiidiiaﬁ‘tsms
3677 4256 3739 4312 .1.-

2109 4324 2451 4406 ‘eentequodﬁ,
2486 4328 2593 4406 etc.
2621 4323 2888 4406 Philonis
2918 4330 3115 4380 autem
3134 4324 3295 4406 _l_iber
3315 4328 3460 4406 ipse
3481 4329 3614 4406 jam
3642 4344 3760 4383 non

2110 4393 2377 4467 habetur.
2400 4393 2929 4467 Quisqubsequitur
2950 4413 3066 4453 non
3098 4397 3251 4454 alius
3274 4393 3504 4455 videtur
3563 4399 3636 4455 ab
3667 4415 3761 4466 eo,

2109 4465 2211 4536 qui
2256 4466 2413 4544 apud
2470 4464 2795 4544 Philogeni
2837 4472 3193 4544 praenotatur
3225 4468 3370 4544 napi
3426 4472 3524 4544 τοῦ
3581 4464 3760 4544 πάντα

2112 4531 2400 4614 σπουδαῖον
2445 4535 2579 4614 εἶναι
2646 4531 2948 4612 ἐλεύθερον,
3011 4539 3161 4607 Quod
3217 4531 3357 4595 libér
3408 4543 3481 4596 sit
3526 4543 3762 4614 quisque

352 4606 737 4695 brariilapsu
755 4627 794 4695 τί
821 4610 1252 4695 legendumque
1279 4612 1394 4695 sive
1418 4608 1485 4662 de
1525 4607 1837 4695 divisione“
1863 4611 1998 4695 etc.‘,
2031 4629 2077 4692 ο
2108 4609 2303 4695 virtuti
2328 4609 2573 4695 studens.

353 4676 433 4753 ita
464 4676 1042 4753 enim’_e_t‘Euse'bius
1083 4676 1302 4753 jungit,
1351 4678 1413 4753 ﬁ
1454 4676 1579 4749 περὶ
1634 4683 1736 4753 τῇς
1797 4677 1874 4738 εἱς
1931 4678 1998 4730 τὰ

349 4744 457 4832 ἴσα,
491 4754 601 4804 etc.
635 4750 699 4832 ld_
725 4750 925 4832 ipsum
953 4744 1324 4832 .arg'uasvex.
1351 4744 1995 4832 Hieronym‘iucontextu

350 4822 448 4892 qui
484 4838 598 4895 non
632 4819 813 4895 addit,
844 4819 1085 4895 perinde
1103 4827 1285 4895 atque
1311 4821 1367 4895 in
1403 4819 1998 4895 czeteris_libris,unus

351 4891 451 4947 aut
479 4892 585 4949 duo
619 4918 633 4957 ;
668 4894 770 4948 sed
797 4891 1026 4950 tantum
1063 4891 1202 4963 liber
1229 4893 1390 4961 dicit,
1425 4891 1661 4947 tametsi
1694 4908 1997 4963 perperam

351 4964 591 5039 omnino
624 4964 822 5021 Graeca
850 4966 1059 5039 versio,
1094 4962 1263 5039 λόγος
1298 4964 1392 5039 εἷς,
1474 5034 1506 5039 __
1698 4962 1713 5029 ι

418 5037 440 5069 ι
470 5034 537 5089 Hi
583 5042 779 5093 autem
829 5038 887 5093 in
938 5031 1199 5093 Philonis
1246 5034 1605 5093 editionibus
1655 5031 1807 5088 male
1850 5032 1995 5087 divi-

350 5106 801 5182 ditur-induce.
879 5180 913 5182 η
998 5181 1003 5182 ί
1185 5179 1234 5182 __
1510 5180 1516 5182 _
1714 5173 1723 5182 .

418 5179 439 5211 ⁵
474 5178 570 5231 llic
601 5178 707 5233 deo
734 5180 959 5247 jamdiu
993 5179 1438 5241 interciderunt,
1470 5180 1525 5231 et
1556 5191 1661 5230 nec
1710 5176 1834 5245 ipse
1880 5176 1993 5230 Eu-

349 5247 552 5302 sebius
585 5248 830 5305 fortasse
856 5268 954 5305 eos
983 5252 1211 5306 viderit.

351 5388 361 5399 ,
416 5318 530 5442 “diu
564 5319 736 5375 editis
768 5321 1030 5377 Philonis
1090 5323 1185 5378 hic
1242 5334 1475 5392 quoque
1527 5316 1858 5389 discerptus
1906 5321 1995 5373 est

351 5405 407 5442 In
484 5405 608 5442 uos.

347 5405 407 5444 1n
441 5405 608 5443 GU08.

413 5461 437 5534 “’_
481 5461 708 5534 Mirteus
750 5463 917 5534 Quod
972 5464 1288 5534 quandoque
1338 5462 1584 5534 somnia,
1636 5463 1746 5515 etc.
1791 5460 1870 5534 Ex
1900 5459 1993 5516 his

340 5531 601 5613 quinque
632 5531 796 5587 libris
826 5531 1074 5605 primus,
1110 5531 1357 5606 quartus
1408 5536 1466 5587 et
1488 5531 1734 5603 quintus
1785 5532 1990 5603 deper-

363 5620 477 5659 ere.

329 5619 353 5673 J
405 5676 426 5709 ⁸
486 5680 632 5748 Lege
688 5676 748 5730 in
794 5677 1041 5733 Exodum
1111 5691 1245 5731 cum
1314 5689 1457 5730 mss.
1539 5671 1754 5729 nostris
1802 5672 1993 5730 Pauca

2183 4678 2227 4713 ²³
2263 4679 2422 4754 God,
2459 4678 2935 4754 Veronens,,_De
2982 4683 3104 4754 vita,
3147 4686 3483 4752 nostrorum,
3531 4682 3598 4738 de
3653 4697 3760 4754 quo

2104 4764 2273 4825 ,ξαριζα
2296 4749 2568 4825 diximus,
2600 4756 2735 4816 etc.,
2785 4751 3028 4825 absque,
3089 4753 3246 4825 liber,
3285 4749 3476 4823 unus,
3509 4769 3580 4825 ex
3611 4749 3759 4825 quo

2110 4820 2238 4912 falsi
2275 4821 2465 4912 magis
2495 4838 2697 4877 eorum
2747 4820 2944 4912 opinio
2988 4823 3401 4912 qonvincituru
3421 4820 3540 4912 qui,
3570 4820 3758 4880 alium

2108 4889 2621 4975 Philonis‘librum.
2647 4889 2802 4975 ’περῖ
2839 4899 2942 4975 τῆς
2994 4889 3278 4975 διαγωγῆς
3333 4889 3458 4949 ’ὤν’
3502 4900 3760 4975 Χριστιας

2106 4966 2234 5029 νῶν,
2267 4963 2802 5040 συίηίηιθιιοίἀειεὶῑ,
2858 4964 2955 5020 hic
3012 4963 3117 5022 abs
3173 4963 3760 5040 Hieronymo'innui

2106 5036 2423 5089 commenti
2452 5039 2612 5091 sunt.

2179 5107 2224 5141 ¹⁴
2250 5105 2991 5182 Interserendunlomnino
3021 5112 3112 5182 est
3131 5106 3199 5182 ft},
3229 5114 3325 5164 aut
3369 5109 3758 5182 quemadmo-

2106 5177 2563 5249 dumiEusebius
2596 5182 2652 5232 et
2684 5176 2842 5232 Philo
2871 5177 3024 5249 ipset
3054 5178 3249 5235 habet.

2180 5248 2222 5282 ³⁵
2251 5248 2367 5303 Hos
2396 5248 2465 5303 de
2493 5249 2767 5303 Ebrietate
2795 5248 2913 5303 non
2942 5255 3206 5306 recenset
3253 5252 3383 5308 cod.
3428 5255 3647 5318 noster,
3698 5256 3763 5308 et

2101 5319 2162 5373 in
2182 5319 2367 5395 editis
2400 5318 2661 5395 Philonis
2681 5318 2751 5395 _i_n
2784 5335 2970 5395 unum
3002 5323 3285 5395 conjungi
3316 5322 3603 5395 invenias.
3648 5348 3662 5358 -

2178 5390 2220 5424 ¹⁶
2247 5392 2388 5467 haec
2428 5389 2623 5467 videre
2680 5389 2813 5446 licet
2842 5391 2900 5446 in
2952 5389 3205 5467 editione
3229 5389 3417 5467 'Oper.
3472 5393 3755 5467 Philonis.

2102 5461 2265 5526 Quod
2297 5464 2492 5535 autem
2544 5461 2759 5516 librum
2819 5479 2888 5535 oe
2942 5461 3394 5535 Interpretatibne
3450 5466 3758 5523 Hebraico-

2103 5547 2227 5586 rum
2254 5534 2571 5604 nominum,
2607 5549 2780 5604 quem
2808 5533 2934 5603 jam
2995 5551 3025 5590 e
3082 5533 3277 5592 Graeco
3331 5541 3607 5604 verterat,
3654 5536 3757 5593 hic

2101 5606 2423 5685 prietemat,
2456 5603 2590 5659 inde
2621 5603 2837 5686 laetum
2872 5609 3031 5676 puto,
3056 5608 3223 5686 quod
3246 5609 3374 5680 jam
3406 5609 3517 5666 sub
3541 5603 3755 5682 origa-

2102 5680 2196 5731 nis
2227 5680 2464 5731 nomine
2495 5680 2685 5748 magis
2712 5680 2888 5753 notus
2918 5682 3095 5735 esset.
