4082 6168
269 332 352 409 86
407 368 413 376 ί
563 365 575 379 ⁸
1374 342 1608 414 LIBER
1650 342 1753 413 DE
1795 341 2008 416 VIRIS
2046 344 2587 419 ILLUSTRIBUS.

3563 339 3684 417 601

1739 502 1969 562 CAPUT
2004 503 2121 563 XII.

344 615 578 677 Λοὺκιος
632 614 854 677 ’Ἄννεος
901 613 1128 679 Σενέκας
1185 611 1642 691 Κορδουϐἠνσιος,
1706 618 1927 673 Σωτίω-

2114 620 2320 678 Lucius
2367 622 2623 678 Annaeus
2666 621 2888 678 Seneca
2934 616 3350 690 Cordubensis,
3370 616 3678 679 Sotionis‘

268 725 363 768 νος
417 709 669 760 Στωϊκοῦ
722 707 992 777 μαθητής,
1023 706 1112 761 καὶ
1161 708 1304 769 θεῖος
1352 708 1488 780 πρὸς
1535 708 1738 781 πατρὸς
1786 716 1926 762 Λου-

268 799 441 850 κανοῦ
467 799 565 851 τοῦ
617 799 873 863 ποιητοῦ,
931 796 1069 850 πάνυ
1129 795 1418 871 ἐγκρατής,
1477 797 1534 851 ’ὀν
1595 796 1655 851 οὗ
1713 798 1928 859 πάντως

271 883 645 956 κατηρίθμουν
678 882 731 936 ἐν
779 888 860 955 τῷ
904 882 1199 959 καταλόγῳ
1245 888 1351 938 τῶν
1405 885 1596 959 ἁγίων,
1648 886 1692 938 εἷ
1746 888 1819 958 μή
1875 887 1929 940 αἱ

280 969 568 1027 ἐπιστολαί
638 971 832 1026 τοῦτου
910 970 1247 1048 προῦτρεπον
1287 1019 1301 1044 ,
1360 976 1414 1028 αἱ
1490 977 1636 1049 παρὰ
1700 973 1926 1029 πολλῶν

281 1060 778 1135 ἆναγινωσκόμεναι
856 1059 1077 1115 Παύλου
1136 1063 1281 1120 851
1346 1063 1481 1135 πρὸς
1557 1064 1782 1118 Σενέκαν
1838 1065 1928 1118 καὶ

284 1151 483 1204 Σενέκα
536 1149 672 1223 πρὸς
722 1148 957 1206 Παῦλον;
1018 1152 1266 1224 Νέρωνος
1318 1148 1392 1204 ὣν
1444 1149 1788 1221 διδάσκαλος,
1838 1154 1928 1207 καὶ

276 1240 395 1293 κατ’
444 1237 618 1292 ἐκεῖνο
672 1244 866 1313 καιροῦ
920 1236 1167 1307 δυνατὸς,
1226 1238 1432 1316 ηὔχετο
1488 1246 1733 1295 τοιοῦτον
1784 1237 1927 1318 ἔχειν

270 1329 419 1400 παρὰ
475 1332 595 1389 τοῖς
656 1324 816 1388 ἰδίοις
872 1327 1036 1383 τόπον
1076 1374 1089 1397 ,
1149 1330 1261 1383 οἷον
1322 1329 1539 1391 Παῦλος
1610 1331 1756 1404 παρά
1811 1336 1928 1392 τοῖς

266 1416 620 1491 Χριπιανοίς
653 1460 665 1471 .
727 1416 895 1478 Οὗτος
957 1418 1062 1490 πρὸ
1113 1416 1368 1472 ἐνιαυτῶν
1430 1415 1527 1472 δὺο
1584 1424 1681 1473 τοῦ
1740 1421 1927 1473 παθεῖν

265 1503 397 1567 τοῦς
459 1502 803 1567 ἀποστόλους
833 1506 1034 1582 Πὲτρον
1082 1508 1173 1561 καὶ
1225 1504 1439 1562 Πσῦλον
1488 1509 1634 1583 παρὰ
1680 1508 1927 1583 Νέρωνος

269 1592 503 1672 ἐσφάγη.

2038 710 2216 767 Stoici
2248 709 2596 782 discipulus,
2630 716 2686 766 et
2715 715 2959 782 patruus
2992 709 3203 766 Lucani
3250 714 3452 782 poetas,
3502 710 3683 767 conti-

2039 800 2397 856 nentissime:
2427 800 2560 854 vita;
2599 800 2729 865 fuit,
2763 816 2940 871 quem
2972 816 3088 854 non
3119 814 3396 872 ponerem
3424 798 3485 855 in
3514 799 3684 856 Cata-

2038 888 2168 960 logo
2199 888 2549 944 Sanctorum
2579 889 2620 956 2,
2655 887 2768 943 nisi
2795 904 2889 943 me
2922 887 3034 942 ille:
3086 886 3359 959 Epistolas
3407 904 3683 967 provoca-

2038 980 2187 1044 rent,
2222 993 2347 1048 quae
2379 977 2655 1049 leguntur
2680 994 2713 1031 a
2741 975 3017 1048 plurimis
3048 977 3202 1034 852
3254 976 3419 1033 Pauli
3470 978 3545 1033 ad
3584 978 3684 1033 Se-

2038 1081 2264 1133 necam,
2297 1070 2355 1120 et
2384 1067 2615 1121 Senecas
2645 1066 2667 1099 ³
2688 1065 2759 1120 ad
2790 1064 3057 1120 Paulum.
3094 1068 3155 1121 In
3189 1066 3569 1137 quibus,cum
3599 1081 3688 1122 es-

2039 1158 2127 1211 set
2154 1154 2399 1211 Neronis
2428 1155 2729 1227 magister,
2762 1158 2819 1209 et
2848 1153 3008 1209 illius
3058 1154 3346 1226 temporis
3400 1154 3683 1226 potentis-

2039 1243 2248 1308 simus,
2281 1247 2480 1315 optare
2509 1259 2571 1299 se
2602 1242 2744 1297 dicit
2789 1242 2810 1276 ‘
2840 1244 2969 1314 ejus
3010 1259 3139 1299 esse
3168 1242 3277 1299 loci
3310 1244 3464 1315 apud
3513 1260 3675 1309 suos,

2038 1333 2208 1402 cujus
2230 1331 2309 1387 sit
2338 1330 2554 1387 Paulus
2585 1331 2739 1403 apud
2771 1330 3152 1388 Christianos.
3189 1331 3292 1386 Hic
3334 1334 3469 1387 ante
3518 1331 3683 1387 bien-

2039 1420 2203 1475 nium
2235 1436 2415 1492 quam
2448 1420 2652 1476 Petrus
2681 1423 2740 1475 et
2770 1420 2985 1475 Paulus
3015 1422 3434 1481 coronarentur
3466 1423 3685 1495 marty-

2039 1509 2125 1565 rio
2157 1510 2198 1575 ⁵,
2229 1525 2264 1565 a
2292 1508 2530 1565 Nenone
2560 1508 2905 1565 interfectus
2933 1513 3040 1566 est.

1735 1725 1966 1783 CAPUT
2001 1725 2144 1783 XIII.

334 1844 611 1915 Ἰώσηπος
688 1845 927 1900 Ματθίου
1003 1848 1119 1909 υἱὸς
1154 1892 1168 1916 ,
1227 1845 1618 1922 Ἱεροσολύμων
1699 1848 1874 1924 ἱερεύς
1910 1893 1924 1919 ,

2106 1850 2401 1925 Josephus
2431 1851 2685 1908 Matthiae
2716 1850 2873 1908 filius
2923 1851 2965 1916 ⁸,
2998 1867 3068 1907 ex
3112 1850 3534 1926 Hierosolmyis
3582 1848 3684 1909 sa-J

264 1934 413 2008 παρὰ
470 1932 877 1989 Οὐεσπασιανοῦ
953 1932 1120 1997 ἁλούς
1156 1981 1170 2006 ,
1234 1939 1369 2009 μετὰ
1422 1937 1580 1991 Τίτου
1654 1943 1750 1992 τοῦ
1809 1939 1929 1993 υἱοῦ

266 2021 436 2077 αὐτοῦ
503 2021 831 2102 κατελείφθη
871 2068 883 2080 .
945 2030 1037 2086 Ὃς
1102 2024 1178 2087 εἷς
1235 2026 1450 2098 Ῥώμην
1512 2024 1683 2080 ἐλθὼν
1720 2071 1733 2095 ,
1798 2026 1930 2080 ἑπτὰ

265 2108 481 2185 λόγους
509 2118 609 2180 τῆς
655 2109 962 2183 Ἰουδαϊκῆς
1011 2111 1270 2175 ἁλώσεως
1327 2120 1443 2175 τοῖς
1505 2111 1599 2168 δὺο
1650 2113 1929 2189 βασιλευσι

270 2204 360 2271 τῷ
415 2218 477 2252 τε
526 2200 683 2273 πατρὶ
734 2202 825 2255 καὶ
882 2206 962 2273 τῷ
1019 2203 1121 2273 υἱῷ
1149 2203 1539 2277 προσήνεγκεν,
1592 2195 1788 2266 οἵτινες
1838 2204 1928 2258 καὶ

266 2292 340 2361 τῇ
405 2284 648 2360 δημοσίᾳ
704 2284 1035 2364 βιϐλιοθήκῃ
1092 2288 1490 2365 παρεδόθησαν,
1547 2293 1637 2346 καὶ
1692 2290 1780 2346 διὰ
1826 2295 1924 2363 τήν

265 2372 427 2447 δόξαν
477 2384 581 2447 τῆς
632 2377 851 2455 εὐφυΐας
912 2377 1227 2454 ἀνδριάντος
1285 2381 1514 2451 ἠξιώθη.
1576 2383 1815 2455 Ἔγραψε
1872 2379 1928 2436 δὲ

262 2466 358 2519 καὶ
387 2473 500 2535 τῆς
546 2465 973 2542 Ἀρχαιολογίας
1025 2465 1227 2543 λόγους
1273 2466 1464 2539 εἷ’κοσι,
1524 2470 1629 2524 ἀπὸ
1678 2477 1780 2539 τῆς
1830 2476 1927 2523 τοῦ

260 2552 478 2627 κόσμου
527 2555 708 2630 ἀρχῆς
763 2553 870 2618 ἕως
920 2554 1497 2628 τεσσαρεσκαιδεκάτου
1557 2554 1709 2620 ἔτους
1762 2566 1927 2631 Δομι-

256 2647 451 2698 τιανοῦ
481 2643 773 2717 Καίσαρος,
804 2644 895 2699 καὶ
922 2642 1017 2699 δὺο
1047 2645 1443 2721 ’Δρχαιότητος
1488 2648 1624 2701 κατᾶ
1654 2647 1925 2710 ’Δπίωνος

258 2736 660 2806 γραμματικοῦ
743 2731 1159 2809 Ἀλεξανδρέως
1230 2779 1243 2804 ,
1323 2735 1383 2796 ’ὸς
1467 2734 1554 2789 ἐπὶ
1640 2733 1927 2810 Καλιγῦλα

257 2815 609 2894 πρεσϐευτής
668 2819 996 2884 ἀποσταλεὶς
1048 2824 1193 2896 παρά
1247 2827 1343 2876 τοῦ
1406 2824 1603 2898 μέρους
1648 2829 1755 2878 τῶν
1790 2823 1923 2879 ἐθνι-

257 2914 372 2965 κῶν
409 2954 425 2980 ,
484 2910 625 2964 κατὰ
700 2908 954 2972 Φίλωνος
1011 2908 1176 2986 λόγον
1248 2913 1573 2988 περιέχοντα
1646 2915 1924 2988 κατάγνω-

263 3020 346 3054 σιν
405 3002 522 3053 τῶν
580 2996 857 3054 Ἰουδαίων
913 2998 1162 3074 ἔγραψεν.
1215 3002 1366 3055 Ἔστι
1416 3001 1506 3055 καὶ
1557 2999 1729 3063 ἄλλος
1760 3002 1921 3056 αὐτοῦ

264 3085 439 3163 λόγος
469 3088 596 3162 περί
658 3088 1067 3163 Αὐτοκράτορος
1127 3087 1420 3163 λογισμοῦ,
1454 3089 1722 3163 ἐξαίρετος
1760 3091 1921 3161 πάνυ,

266 3175 371 3249 ὲνῷ
428 3177 524 3231 καὶ
579 3182 677 3231 τοῦ
748 3178 951 3239 πάθους
1026 3178 1133 3232 τῶν
1208 3174 1569 3233 Μακκαϐαίων
1651 3179 1915 3253 ἐμνήσθη.

264 3266 437 3327 Οὗτος
528 3264 576 3320 ἐν
664 3271 743 3337 τῷ
828 3264 1276 3337 ὀκτωκαιδεκάτῷ
1317 3274 1418 3335 τῆς
1494 3266 1922 3344 ’Δρχαιολογίας

265 3352 429 3427 λόγῳ
460 3359 705 3431 φανερῶς
738 3352 1027 3429 ὁμολογεῖ,
1062 3352 1151 3409 διὰ
1178 3356 1268 3409 τὸν
1319 3352 1480 3429 ὄγκον
1529 3360 1637 3409 τῶν
1680 3357 1921 3429 σημείων

264 3444 364 3496 τὸν
398 3443 624 3517 Χριστὸν
680 3442 945 3520 ἐσφάχθαι
1000 3446 1144 3516 παρὰ
1202 3445 1534 3518 Φαρισαίων,
1593 3446 1683 3499 καὶ
1740 3446 1923 3500 Ἰωάν-

272 3553 379 3601 νην
435 3532 529 3585 τὸν
587 3535 887 3602 Βαπτιστήν
948 3530 1172 3603 άληθῶς
1240 3535 1532 3608 γεγνῆσθαι
1589 3536 1874 3612 προφήτην
1912 3579 1925 3602 ,

276 3620 378 3672 καὶ
436 3616 530 3672 διὰ
581 3622 677 3688 τήν
746 3624 957 3699 σφαγήν
1019 3616 1279 3676 Ἰακώϐου
1344 3626 1441 3675 τοῦ
1502 3621 1808 3676 ἀποστόλου
1865 3623 1933 3676 τὰ

282 3703 647 3780 Ἱεροσόλυμα
714 3711 1139 3785 πεπορθῆσθαι.
1197 3712 1439 3785 Ἔγραψε
1509 3707 1569 3764 δὲ
1642 3712 1732 3765 καὶ
1807 3711 1931 3783 περὶ

350 3905 715 3979 [Ροι-ρεῐοοω
733 3905 952 3979 legunt
978 3908 1163 3962 Fotini
1190 3907 1306 3962 duo
1356 3907 1587 3963 codices
1636 3907 1841 3974 nostri,
1875 3911 1933 3963 et

271 3975 831 4050 quibugHonorius'
853 3994 996 4050 usus
1025 3983 1115 4033 est
1147 3994 1159 4032 :
1203 3981 1438 4035 Graecus
1468 3995 1703 4050 quoque
1746 3980 1931 4034 inter—

315 4064 415 4103 res
440 4045 581 4102 olim
607 4047 1130 4122 Διςώζονται-Ιριιεοοειι,
1160 4052 1235 4104 At
1276 4045 1556 4122 Sotionem
1592 4045 1760 4107 vocat
1807 4051 1932 4122 ipse

268 4065 415 4176 ges
440 4065 581 4102 oum
614 4065 855 4115 ςωςοντα
883 4065 1130 4122 legebat.
1160 4065 1235 4104 At
1276 4065 1556 4106 sationem
1592 4065 1760 4107 vocat
1807 4066 1931 4122 ipse

351 4134 496 4174 neca
528 4119 823 4201 epist-119,
852 4119 1020 4201 illum
1052 4136 1265 4201 nempe
1290 4120 1747 4201 Alexa_n_dri_num
1780 4122 1931 4201 Stoi-

268 4207 436 4265 cum,
486 4190 664 4265 cujus
714 4190 843 4265 ipse
907 4192 1143 4265 Hieron,
1190 4190 1270 4247 ad
1315 4209 1408 4265 an.
1459 4194 1531 4247 55
1574 4192 1822 4265 Augusti
1871 4192 1929 4247 in

270 4261 557 4334 Chroggico
589 4261 883 4334 meminit,
914 4267 972 4318 et
1002 4262 1266 4334 plerique
1295 4262 1414 4317 alii.

343 4334 368 4366 ³
427 4331 558 4406 Non
616 4332 946 4406 Sanctorum
1002 4331 1104 4389 sed
1140 4331 1555 4406 _fTractatorum
1599 4333 1740 4406 legit
1783 4351 1933 4406 prae-

269 4402 691 4477 stantissimus
718 4404 905 4460 Vatic.
939 4406 1064 4471 342,
1103 4404 1241 4460 olim
1288 4405 1559 4477 Reginae,
1600 4402 1800 4477 quam'
1828 4422 1933 4475 ego

269 4474 596 4531 lectionem
630 4473 801 4549 longe
830 4477 1094 4549 praefero,
1124 4480 1181 4531 et
1218 4473 1751 4549 _Hieronymianam
1785 4477 1933 4532 duco

270 4561 434 4629 esse,
464 4546 701 4629 tametsi
723 4546 1534 4629 Ρεθυᾴοεορὶποῐιὶιξε,φθῇςὶηο
1547 4547 1795 4629 subinde
1815 4564 1935 4629 cor-

270 4622 536 4700 ruptqu
561 4616 898 4700 Hieronymi
927 4616 1226 4700 exemplar
1254 4616 1480 4688 incidit,
1518 4618 1937 4700 interpretatur

267 4686 386 4762 τῶν
442 4686 665 4762 ἁγίωνη
706 4686 973 4745 Fortasse
1037 4686 1427 4761 Hieronymus
1464 4686 1807 4762 scripserat
1876 4692 1935 4744 in

270 4759 609 4832 Sanctorum
639 4760 894 4829 Gatalogo
926 4759 1316 4826 Tractatorum,
1372 4777 1488 4832 quo
1537 4759 1773 4816 nomine
1803 4777 1937 4816 cen-

270 4829 407 4885 seri
436 4835 681 4899 possunt
712 4847 827 4886 non
854 4832 1073 4887 Seneca
1101 4836 1333 4886 tantum
1386 4829 1444 4887 et
1489 4832 1675 4898 Philo,
1733 4832 1833 4888 sed
1883 4837 1939 4887 et

271 4898 848 4975 heresjarchzeipsi,
884 4918 997 4975 quo
1038 4908 1329 4967 numerat,
1382 4907 1439 4975 et
1488 4902 1757 4975 quisquis
1805 4908 1935 4957 tan—

265 4972 421 5029 dem
457 4970 528 5027 de
556 4970 942 5029 sacris'rebus
976 4973 1206 5029 locutus
1259 4977 1366 5029 est.
1418 4970 1528 5029 Sed
1572 4970 1755 5029 altera
1801 4989 1937 5029 voce

265 5042 544 5116 exclusa,
576 5047 767 5099 totum
800 5044 1057 5101 liberarii
1088 5060 1417 5116 corrupere.

341 5117 367 5149 ³
399 5113 728 5172 Veronens.
761 5119 855 5171 aut
895 5116 1115 5171 Seneca.
1169 5113 1411 5170 Exstant
1458 5114 1777 5170 hodicdum
1830 5114 1936 5168 illa:

260 5184 580 5259 Epistolas,
614 5187 879 5259 quinque
908 5185 1214 5259 subPauli
1246 5186 1505 5251 nomine,
1539 5192 1667 5241 octo
1700 5186 1808 5241 sub
1841 5186 1938 5241 Se-

262 5255 457 5340 necae,
492 5255 752 5330 illasque
782 5255 1202 5340 ‘suppositint’ias
1251 5259 1510 5340 fatentur
1552 5274 1756 5340 omnes
1785 5274 1797 5323 ;
1833 5273 1937 5340 nec

262 5327 681 5410 βίοι-οωνῳῲ
712 5327 1000 5410 genuinas
1031 5330 1315 5410 affirmat,
1356 5330 1453 5410 sed
1489 5334 1716 5410 tantum
1765 5327 1936 5410 vulgo

257 5399 582 5471 haberii'et
611 5399 747 5471 legi.
779 5400 1018 5456 Illarum
1053 5399 1325 5455 meminit
1356 5400 1531 5455 etiam
1584 5401 1642 5456 S.
1686 5403 1933 5471 August.

258 5470 561 5547 Episjolar
578 5472 653 5547 ad
674 5470 1118 5528 'Macedonium.

338 5546 363 5578 ‘
395 5541 671 5616 Epistola
704 5548 870 5616 sexta
898 5547 1123 5598 Senecas
1154 5541 1226 5596 ad
1274 5539 1532 5616 _Paulum
1568 5559 1580 5597 :
1618 5542 1723 5610 Qui
1764 5557 1934 5606 meus,

258 5621 402 5672 tuus
435 5613 595 5686 dpud
624 5623 674 5670 te
702 5615 873 5682 locus,
906 5616 1005 5686 qui
1030 5617 1179 5686 tuus,
1202 5613 1461 5686 velim‘ut
1488 5629 1659 5668 meus.

338 5689 364 5723 ⁸
400 5682 556 5743 Puta
585 5686 807 5744 Christi
837 5682 930 5756 66;
961 5703 1032 5743 ex
1057 5682 1393 5756 Aieronymi
1424 5690 1720 5757 computo.

2040 1941 2265 2009 oerdos,
2298 1957 2332 1996 a
2359 1940 2719 2012 Vespasiano
2750 1944 2978 2013 captus,
3011 1956 3146 1997 cum
3191 1941 3321 1997 Tito
3369 1939 3490 1997 filio
3545 1942 3678 2013 ejus

2039 2030 2279 2086 relictus
2310 2035 2417 2085 est.
2466 2030 2568 2086 Hic
2618 2034 2863 2086 Romam
2913 2030 3173 2100 veniens,
3221 2034 3445 2103 septem
3492 2029 3678 2087 libros

2038 2119 2296 2175 Judaicaa
2341 2118 2693 2191 captivitatis
2742 2119 3197 2191 imperatoribus
3249 2118 3399 2191 patri
3449 2118 3688 2192 ﬁlioque

2038 2207 2270 2273 obtulit,
2306 2208 2406 2279 qui
2438 2211 2495 2263 et
2525 2206 2888 2263 bibliothecae
2929 2206 3176 2278 publica;
3220 2207 3421 2263 traditi
3470 2212 3612 2264 sunt
3639 2210 3681 2277 ⁷,

2038 2301 2096 2351 et
2125 2298 2198 2351 ob
2231 2296 2451 2367 ingenii
2478 2294 2725 2368 gloriam
2757 2299 3014 2351 statuam
3045 2311 3279 2366 quoque
3319 2296 3538 2351 meruit
3567 2297 3679 2352 Ro-

2038 2402 2167 2439 mae.
2201 2383 2449 2456 Scripsit
2477 2387 2675 2439 autem
2707 2388 2764 2438 et
2809 2381 2956 2439 alios
3014 2385 3035 2417 ⁵
3091 2382 3295 2456 viginti
3352 2383 3686 2457 Antiquita-

2035 2476 2164 2528 tum
2196 2472 2399 2539 libros,
2436 2473 2506 2527 ab
2533 2471 2768 2527 exordio
2798 2472 3004 2527 mundi
3036 2488 3223 2543 usque
3268 2472 3340 2527 ad
3389 2472 3686 2529 decimum

2036 2565 2311 2633 quartum
2363 2577 2585 2616 annum
2644 2560 2962 2616 Domitiani
3029 2560 3272 2617 Caesaris
3323 2562 3364 2632 ⁸,
3423 2564 3480 2617 et
3538 2561 3689 2618 duos

2036 2647 2453 2724 Ἀρχαιότητος,
2501 2650 2814 2704 adversum
2857 2649 3180 2721 Appionem
3228 2649 3685 2722 grammaticum

2034 2737 2519 2808 Alexandrinum,
2551 2737 2654 2808 qui
2704 2738 2815 2793 sub
2868 2736 3145 2810 Caligula
3191 2736 3418 2809 legatus
3462 2738 3685 2797 missus

2033 2843 2103 2883 ex
2132 2830 2296 2898 parte
2323 2825 2663 2895 Gentilium,
2696 2831 2900 2882 contra
2930 2825 3187 2882 Pilonem
3218 2826 3397 2883 etiam
3425 2826 3668 2898 librum,

2032 2914 2519 2986 vituperationem
2549 2914 2742 2987 gentis
2769 2913 3022 2969 Judaicze
3055 2915 3476 2983 continentem,
3525 2915 3677 2971 scri-

2030 3008 2244 3075 pserat.
2277 3002 2438 3058 Alius
2468 3019 2703 3074 quoque
2733 3002 2880 3058 liber
2908 3003 3165 3075 ejus,qui
3191 3003 3532 3059 inscribitur
3549 3003 3674 3079 περὶ

2032 3090 2442 3166 Αὐτοκράτορος
2501 3087 2795 3163 λογισμοῦ,
2870 3090 3038 3147 valde
3109 3090 3347 3164 elegans
3403 3092 3673 3159 habetur,

2034 3180 2093 3235 in
2126 3197 2242 3252 quo
2273 3185 2330 3235 et
2369 3179 2837 3235 Machaboeorum
2883 3184 3022 3235 sunt
3096 3180 3325 3252 digesta
3370 3180 3669 3253 martyris.

2032 3268 2137 3323 Hic
2169 3268 2228 3323 in
2260 3268 2484 3323 decimo
2516 3272 2713 3323 octavo
2744 3268 3178 3340 Antiquitatum
3236 3267 3385 3324 libro
3435 3267 3677 3324 manife-

2035 3357 2295 3412 stissime
2325 3358 2653 3423 conﬁtetur,
2677 3361 2913 3429 propter
2958 3356 3428 3429 magnitudinem
3476 3356 3673 3429 signo-

2037 3463 2170 3519 rum
2199 3445 2497 3500 Christum
2529 3461 2563 3499 a
2600 3444 2903 3500 Pharisasis
2954 3444 3349 3512 interfectum,
3399 3449 3458 3501 et
3500 3445 3676 3502 Joan-

2038 3551 2171 3590 nem
2203 3533 2522 3605 Baptistam
2552 3550 2681 3588 vere
2712 3532 3058 3605 prophetam
3089 3532 3321 3600 fuissse,
3364 3535 3421 3588 et
3445 3537 3717 3605 propter-

2038 3621 2501 3677 interfectionem
2531 3620 2731 3676 Jacobi
2761 3619 3011 3691 apostoli
3041 3621 3084 3654 ¹⁰
3112 3619 3372 3675 dirutam
3411 3620 3682 3676 Hieroso-

2042 3709 2283 3782 lymam.
2318 3707 2568 3779 Scripsit
2598 3711 2793 3763 autem
2824 3707 2896 3762 de
2925 3706 3174 3762 Domino
3206 3707 3247 3741 “
3277 3706 3337 3762 in
3380 3706 3538 3762 hunc
3564 3722 3686 3763 mo-

2107 3905 2128 3939 ⁶
2154 3904 2452 3960 Hactenus
2482 3904 2621 3959 editi
2653 3920 2719 3959 ac
2753 3918 3052 3974 mss.quos
3082 3901 3455 3975 Martianaaus
3484 3903 3681 3975 sequi-

2040 3979 2158 4042 tur,
2188 3975 2526 4047 Mattlgathz‘ae
2557 3993 2569 4041 ;
2604 3980 2662 4031 at
2690 3973 3002 4047 legendum
3032 3989 3167 4029 cum
3188 4046 3195 4047 ί
3217 3973 3372 4047 aliis,
3401 3973 3679 4043 Matt/ite,

2040 4046 2307 4120 probavit
2333 4046 2623 4120 Valesius,
2654 4047 2713 4120 in
2744 4044 2900 4120 notis
2932 4046 3004 4101 ad
3036 4046 3244 4120 Euseb.
3277 4045 3317 4101 l.
3354 4063 3436 4103 ιιι.
3469 4063 3520 4114 c,
3552 4047 3606 4102 9.

2112 4120 2131 4151 ⁷
2167 4117 2459 4189 Josephus
2490 4116 2590 4191 lib.
2630 4118 2715 4191 Ade
2772 4116 2897 4191 vita
2949 4133 3076 4183 sua,
3137 4112 3512 4191 δημοσιεῦσαι
3547 4136 3680 4191 προ-

2042 4189 2276 4261 σὲταζεν,
2305 4187 2433 4261 quas
2492 4188 2669 4261 haud»
2709 4187 2853 4243 satis
2902 4187 3683 4261 commodeqredduntur'ua

2042 4258 2411 4333 Hieronymo,
2446 4258 2797 4333 Bibliotheca?
2832 4259 3068 4329 publica
3111 4258 3307 4333 tr_a_diu'
3354 4262 3485 4333 sunt
3527 4274 3548 4319 ;
3596 4258 3680 4312 di-

2040 4331 2240 4398 xisset,
2260 4329 2561 4402 'Prwcepz't,
2590 4335 2652 4386 ut
2680 4331 3056 4402 vulgarentur
3075 4346 3098 4402 ;_
3135 4329 3306 4402 Titus
3348 4329 3504 4402 enim
3550 4344 3681 4402 pro-

2042 4403 2169 4474 pria
2200 4419 2378 4458 manu
2411 4398 2634 4474 aliquot
2661 4398 2835 4457 verba
2862 4398 3104 4472 Josephi
3133 4399 3300 4474 libris
3315 4398 3683 4474 ascripserit,

2043 4468 2259 4545 quibus
2287 4468 2598 4541 constaret,
2628 4490 2764 4529 vera
2792 4488 2921 4528 esse
2951 4468 3078 4543 qua:
3114 4472 3186 4527 de
3242 4471 3393 4528 bello
3448 4468 3510 4525 in
3561 4468 3680 4525 illis

2045 4545 2275 4616 prodita
2302 4552 2488 4601 erant.

2115 4616 2137 4649 ⁸
2168 4616 2317 4670 Illud
2349 4624 2402 4671 et
2422 4618 2562 4672 alios
2595 4633 2710 4670 non
2744 4615 2917 4670 habet
2945 4612 3326 4685 praestantiss.
3367 4613 3546 4669 codex
3574 4628 3683 4668 no-

1965 4658 2011 4722 D
2043 4690 2183 4750 stcr,
2215 4704 2322 4758 nec
2354 4688 2588 4743 Graecus
2618 4686 2907 4758 interpres
2937 4658 3191 4758 agnovit.

2119 4759 2140 4791 θ
2167 4757 2385 4812 Asolvit
2416 4759 2676 4827 quidem,
2726 4755 3020 4825 ediditque
3058 4756 3293 4827 decimo
3344 4755 3517 4810 tertio
3564 4768 3690 4807 ver-

2047 4832 2207 4883 tente
2247 4845 2400 4882 anno
2432 4826 2746 4884 Domitiani
2778 4827 3020 4882 Caesaris
3051 4826 3233 4882 libros
3255 4826 3685 4896 Antiquitatum,

2048 4900 2149 4954 sed
2182 4916 2307 4969 quae
2336 4901 2405 4954 ad
2438 4900 2854 4955 duodecimum
2898 4902 3130 4953 tantum
3187 4896 3431 4951 Neronis
3453 4966 3468 4969 _
3489 4909 3686 4969 perve-

2047 4964 2236 5025 niunt.
2273 4969 2495 5025 Fefellit
2525 4972 2773 5025 fortasse
2815 4969 3257 5039 Hieronymum,
3317 4966 3472 5039 quod
3490 4964 3687 5039 'AJose-

2046 5041 2201 5113 phus
2232 5042 2291 5095 in
2313 5041 2440 5113 ptine
2472 5040 2776 5113 pollicetur
2805 5036 3163 5113 scripturum
3206 5052 3289 5102 se,
3319 5036 3436 5092 Deo
3470 5036 3684 5113 _dante,

2045 5104 2175 5183 quae
2202 5113 2274 5167 ab
2308 5111 2409 5167 illo
2441 5104 2713 5183 tempore,
2742 5104 3132 5183 contigerunt,
3177 5122 3365 5179 usque
3417 5107 3489 5162 ad
3538 5104 3688 5183 deoi-

2046 5130 2175 5183 qum
2202 5129 2274 5167 a0
2308 5129 2409 5167 lllO
2441 5129 2553 5167 tem
2603 5129 2701 5167 ore
2742 5129 3132 5179 conugerunt,
3178 5129 3365 5179 usque
3417 5129 3489 5162 au
3538 5129 3687 5162 aeol-

2046 5200 2210 5237 mum
2259 5184 2499 5238 tertium
2550 5129 2865 5237 Bomitiani
2915 5177 3157 5251 caesaris
3185 5195 3428 5251 _annum
3463 5176 3687 5251 εΜεχρι

2045 5260 2146 5321 τῆς
2176 5257 2267 5325 νῦν
2318 5254 2617 5321 ἐνεστώσης
2663 5251 2874 5325 ἡμέρας
2916 5248 3041 5325 ἥτις
3092 5247 3202 5325 ἐστὶ
3249 5244 3689 5322 τρισκαιδεκάτου

2051 5318 2144 5396 μεν
2179 5318 2329 5385 ἔτους
2359 5331 2461 5392 τῆς
2492 5318 3118 5396 ΛομιτιανόῦᾲΚαίσαρος
3151 5318 3352 5395 ἀρχῆς.

2120 5397 2163 5431 ¹⁰
2194 5397 2274 5450 De
2303 5397 2411 5452 hoc
2442 5394 2642 5466 supra,
2672 5411 2801 5466 cap.
2822 5394 2876 5445 2.

2139 5468 2177 5502 ¹¹
2211 5470 2439 5539 Scripsit
2470 5461 2651 5539 autem
2678 5461 3022 5539 de'Domilzo.
3055 5462 3247 5539 Habes
3280 5462 3391 5539 hic
3443 5461 3687 5539 famosis

2047 5537 2263 5592 simum
2296 5533 2536 5607 Iosephi
2566 5538 2637 5592 de
2666 5535 2894 5591 Christo
2916 5534 3163 5589 Domino
3182 5534 3585 5607 testimonium
3608 5533 3692 5607 in-

2047 5608 2319 5687 tinguam
2342 5605 2711 5687 Latinam__a_b
2738 5607 3087 5687 Hieronymo
3117 5605 3474 5687 translatum
3526 5606 3694 5659 tanta

2046 5675 2361 5736 Prudentia
2392 5696 2457 5735 ac
2487 5679 2835 5747 eruditione,
2870 5683 2934 5734 ut
2959 5675 3081 5732 illis
3112 5675 3473 5735 antevenerit
3487 5688 3692 5734 omnes
