4104 6162
386 225 507 296 66?

1632 226 1697 296 S.
1742 226 2056 297 EUSEBII
2098 226 2396 295 ΗῙΕΒΟΝ
2406 222 2546 294 YMI

379 363 551 421 ﬁunt.
585 362 871 438 Iniquitas
914 366 1111 422 autem
1158 380 1365 422 eorum
1414 381 1547 422 mea
1597 365 1864 422 doctrina
1914 369 2025 431 est,

2152 360 2334 424 ὶῗτινες
2380 360 2471 416 καὶ
2528 360 2662 434 μετὰ
2713 353 3017 438 εὐεργεσίαν
3077 355 3326 438 χείρονες
3382 352 3665 437 γίνονται.
3719 359 3786 416 Al.

387 453 488 510 sed
530 470 647 509 non
703 453 919 510 idcirco
968 453 1332 525 justiﬁcatus
1388 464 1544 511 sum.
1590 454 1826 511 Utinam
1874 454 2034 510 fruar

382 541 609 611 bestiis,
662 559 792 616 quae
842 542 987 598 mihi
1038 548 1177 598 sunt
1223 548 1578 616 prmparatas,
1631 560 1781 615 quas
1829 547 1883 598 et
1933 558 2032 598 oro

382 631 526 687 mihi
561 632 706 689 857
745 631 969 688 veloces
1000 648 1130 689 esse
1157 634 1229 688 ad
1263 633 1589 700 interitum,
1636 637 1693 687 et
1734 631 1983 688 alliciam
2015 632 2031 665 ¹

382 736 482 777 cas
513 720 585 776 ad
613 721 1039 776 comedendum
1072 738 1184 786 me,
1211 737 1283 777 ne
1322 721 1477 776 sicut
1517 720 1766 776 aliorum
1816 726 2031 792 marty-

381 826 536 879 rum,
572 826 684 865 non
718 809 971 865 audeant
1016 826 1227 882 corpus
1265 826 1462 865 meum
1513 810 1816 883 attingere.
1869 810 2031 874 Quod

380 898 431 954 si
457 897 655 953 venire
686 897 999 966 noluerint,
1032 914 1137 970 ego
1184 897 1302 952 vim
1336 898 1568 964 faciam,
1610 915 1715 970 ego
1750 915 1841 954 me
1872 898 2029 970 inge—

381 1003 531 1055 ram,
593 991 655 1042 ut
714 987 975 1042 devorer.
1038 987 1325 1059 Ignoscite
1384 986 1549 1053 mihi,
1613 985 1775 1041 ﬁlioli
1828 1003 1841 1040 :
1894 986 2032 1058 quid

386 1075 534 1131 mihi
566 1075 770 1148 prosit,
820 1091 927 1147 ego
976 1075 1117 1130 scio.
1169 1079 1335 1130 Nunc
1384 1074 1599 1147 incipio
1643 1074 1857 1131 Christi
1905 1091 2033 1130 esse

379 1163 711 1237 discipulus
741 1162 937 1231 ',nihil
968 1164 1039 1219 de
1068 1163 1159 1219 his
1191 1180 1319 1235 qua:
1348 1163 1620 1219 videntur
1647 1164 1987 1219 desiderans
2011 1163 2033 1197 ³

378 1258 445 1308 ut
470 1253 676 1308 Jesuni
708 1252 1009 1308 Christum
1041 1252 1356 1308 inveniam.
1407 1252 1585 1324 Ignis,
1618 1269 1780 1319 crux,
1812 1252 2031 1316 bestiae,

378 1341 700 1398 confractio
732 1342 979 1409 ossium,
1031 1343 1432 1398 membrorum
1477 1341 1706 1410 divisio,
1749 1347 1806 1397 et
1854 1341 2033 1397 totius

377 1429 641 1504 corporis
672 1430 1028 1496 contritio,et
1060 1434 1183 1486 tota
1211 1432 1233 1465 ‘
1263 1434 1558 1486 tormenta
1587 1430 1823 1498 diaboli,
1856 1430 1916 1485 in
1942 1446 2034 1485 me

374 1519 633 1587 veniant,
668 1523 899 1574 tantum
933 1523 997 1573 ut
1023 1518 1251 1574 Christo
1298 1519 1481 1574 fruar.
1523 1540 1550 1567 ››
1601 1518 1864 1591 Cumque
1901 1518 2029 1590 jam

389 1609 707 1663 damnatus
738 1611 894 1663 esset
921 1608 992 1663 ad
1027 1607 1267 1673 bestias,
1300 1607 1506 1662 ardore
1553 1607 1836 1679 patiendi,
1894 1622 2029 1662 cum

383 1694 683 1767 rugientes
700 1693 929 1749 audiret
957 1693 1267 1763 leones,ait
1296 1711 1309 1749 :
1342 1718 1369 1743 ‹‹
1394 1695 1777 1751 Frumentum
1807 1694 2023 1751 Christi

377 1799 536 1851 sum,
567 1782 844 1839 dentibus
874 1782 1195 1838 bestiarum
1230 1782 1437 1852 molar,
1471 1789 1536 1839 ut
1565 1782 1732 1856 panis
1764 1785 2024 1839 mundus

377 1870 662 1928 inveniar.
697 1892 725 1920 »
759 1871 975 1927 Passus
1003 1876 1094 1927 est
1123 1888 1277 1927 anno
1336 1872 1645 1928 undecimo
1701 1874 1722 1907 ⁵
1766 1872 2024 1944 Trajani.

377 1959 659 2033 Reliquim
717 1958 977 2031 corporis
1034 1961 1164 2032 ejus
1237 1960 1555 2017 Antiochia;
1600 1961 1804 2031 jacent
1867 1966 2028 2018 extra

2060 1741 2108 1807 B

2141 452 2246 529 γὰρ
2306 450 2527 524 ἀνομίαι
2604 449 2776 505 αὐτῶν
2835 447 3117 513 παίδευσίς
3177 449 3269 525 μοί
3329 448 3441 506 ἐστι
3475 494 3490 520 ,
3548 446 3673 505 ἀλλ’
3726 446 3787 509 ού

2143 538 2232 595 διὰ
2295 545 2456 594 τοῦτο
2528 536 2849 609 ἐδικαιώθην
2903 584 2915 595 .
2966 540 3065 594 Καὶ
3126 536 3231 594 εἷ’θε
3308 537 3603 594 ἀπολαύσω
3680 543 3787 595 τῶν

2141 629 2346 705 θηρίων
2396 634 2502 683 τῶν
2553 629 3000 705 ἐντρεπισθὲντων
3054 629 3182 702 (sic)
3247 650 3370 702 μοι,
3424 630 3577 683 ἅτινα
3635 626 3792 705 εὔχο-

2146 740 2242 792 μαι
2274 717 2501 788 ὀξύτατα
2550 718 2686 772 εἶναί
2735 738 2827 790 μοι
2887 718 2964 781 εἰς
3018 716 3316 787 ἀπώλειαν,
3373 718 3463 773 καὶ
3520 714 3793 794 ἐνδελεχί-

2145 812 2249 877 ζειν
2302 807 2378 868 εἷς
2433 809 2531 876 τὴν
2594 806 2731 880 ἐμήν
2789 802 3153 883 κατάϐρωσιν,
3213 809 3413 880 μήπως
3472 808 3531 862 ’ὸν
3589 807 3787 882 τρόπον

2143 895 2230 951 ἐπὶ
2273 900 2379 949 τῶν
2433 894 2619 950 ἄλλων
2674 894 2982 972 μαρτύρων,
3046 898 3119 969 μή
3176 894 3643 969 τολμήσωσιτοῦ
3689 898 3790 950 σώ-

2146 984 2314 1057 ματός
2374 1004 2477 1056 μου
2537 984 2785 1056 ἅψασθαι.
2837 983 2900 1038 Εἰ
2954 985 3057 1058 γάρ
3118 980 3363 1038 ἐπελθεῖν
3418 985 3494 1056 μὴ
3526 981 3790 1054 θελήσου-

2142 1094 2246 1141 σιν,
2300 1071 2408 1147 ἐγὼ
2472 1073 2751 1146 βιάσομαι,
2805 1073 2986 1126 ποθῶν
3043 1068 3481 1146 κπαὸρωθῆναι.
3532 1074 3788 1146 Συγγνώ-

2142 1163 2256 1217 σετέ
2293 1184 2407 1235 μοι,
2464 1161 2665 1231 τεκνία,
2721 1162 2783 1215 τὸ
2840 1163 3112 1240 συμφέρον
3176 1183 3269 1235 μοι
3328 1161 3439 1237 ἐγὼ
3487 1159 3626 1219 οἶδα.
3681 1169 3786 1218 Νῦν

2143 1249 2388 1327 ἄρχομαι
2419 1251 2552 1305 εἶναι
2605 1252 2873 1324 μαθητής,
2923 1248 3074 1306 οὐδὲν
3116 1250 3321 1306 τούτων
3351 1256 3458 1306 τῶν
3492 1252 3785 1328 ὁρωμένων

2143 1339 2412 1413 ἐπιθυμῶ,
2474 1336 2567 1393 ’ἶνα
2628 1340 2717 1393 τὸν
2785 1342 2993 1409 Ἰησοῦν
3062 1340 3290 1415 Χριστὸν
3359 1339 3543 1416 εὕρω.
3615 1346 3727 1416 Πῦρ
3771 1387 3786 1412 ,

2142 1429 2391 1504 σταυρὸς,
2422 1428 2606 1505 θηρία,
2657 1425 2952 1503 σύγκλασις
3005 1428 3228 1499 ὀστέων,
3288 1430 3379 1484 καὶ
3433 1433 3541 1483 τῶν
3605 1427 3784 1504 μελῶν

2142 1514 2502 1591 διασπασμὸς,
2531 1518 2622 1572 καὶ
2667 1517 2865 1578 παντὸς
2916 1520 3013 1570 τοῦ
3063 1518 3317 1591 σώματος
3363 1514 3647 1594 συντριϐἠ,
3697 1520 3786 1575 καὶ

2146 1607 2366 1681 βάσανοι
2422 1611 2519 1661 τοῦ
2570 1600 2851 1675 διαϐόλου,
2902 1605 2978 1667 εἷς
3034 1603 3131 1678 ἐμὲ
3178 1600 3431 1676 ἔλθωσιν,
3469 1604 3563 1661 ’ἱνα
3608 1608 3788 1677 Ἰησοῦ

2144 1700 2377 1771 Χριστοῦ
2435 1693 2727 1750 ἀπολαύσω
2769 1739 2781 1751 .
2840 1719 2868 1746 ››
2936 1695 3284 1771 Κατακριθεὶς
3340 1695 3519 1750 τοίνυν
3578 1698 3788 1773 θηριο-

2142 1791 2390 1860 μαχῆσαι
2444 1828 2458 1853 ,
2524 1784 2612 1838 καὶ
2686 1782 2839 1855 πόθῳ
2903 1787 2998 1836 τοῦ
3081 1784 3267 1837 παθεῖν
3314 1828 3327 1852 ,
3399 1784 3627 1847 ἀκούσας
3688 1790 3785 1840 τοῦ

2143 1873 2391 1948 βρυγμοῦ
2438 1877 2545 1926 τῶν
2597 1870 2831 1926 λεόντων
2881 1866 2980 1949 ἔφη
3023 1890 3036 1903 ’
3069 1896 3096 1923 ‹‹
3133 1876 3295 1934 Σῖτος
3339 1876 3515 1942 Ἰησοῦ
3546 1878 3783 1949 Χριστοῦ

2139 1960 2273 2033 εἰμι,
2304 1962 2394 2015 καὶ
2451 1958 2688 2037 εὔχομαι
2733 1965 2850 2022 τοῖς
2898 1957 3083 2014 ὀδοῦσι
3140 1964 3247 2014 τῶν
3302 1960 3508 2035 θηρίων
3556 1959 3783 2032 ἀλεσθῆ-

374 2053 610 2121 portam
641 2047 1052 2121 Daphniticam
1077 2050 1100 2084 ⁸
1128 2051 1188 2105 in
1208 2050 1558 2106 ccemeterio.

2152 2070 2259 2117 ναι,
2312 2048 2405 2105 ’ἕνα
2463 2050 2616 2108 858
2670 2047 2832 2125 ἄρτος
2886 2049 3118 2123 καθαρὸς
3177 2049 3377 2123 εὑρεθῶ
3409 2093 3422 2105 .
3488 2072 3515 2099 ››
3578 2052 3785 2106 Ἔπαθε

377 2132 585 2208 δεκάτῳ
615 2131 720 2190 ἔτει
748 2139 1029 2211 Τραϊανοῦ.
1063 2135 1133 2189 Τὸ
1164 2133 1221 2190 δὲ
1252 2134 1507 2209 λείψανον
1533 2135 1637 2208 ἔξω
1668 2145 1769 2208 τῆς
1802 2146 2148 2216 Δαφνητικῆς
2204 2136 2388 2207 πύλης
2419 2144 2432 2165 ’
2461 2137 2782 2215 Δντιοχείας
2839 2139 3147 2192 κατάκειται
3198 2137 3250 2192 ἐν
3302 2141 3380 2209 τῷ
3409 2138 3783 2215 κοιμητηρίῳ,

1844 2299 2075 2356 CAPUT
2113 2299 2279 2356 XVII.

448 2430 820 2504 Polycarpus.
851 2429 1095 2486 Joannis
1126 2429 1373 2503 apostoli
1403 2430 1756 2503 discipulus,
1779 2436 1837 2488 et
1865 2432 1939 2487 ab
1960 2447 2026 2487 eo

2210 2428 2568 2504 Πολύκαρπος
2623 2432 2873 2487 Ἰωάννου
2950 2427 3259 2485 ἀποστόλου
3337 2429 3589 2504 μαθητῄς
3623 2474 3637 2499 ,
3698 2432 3787 2486 καὶ

371 2524 634 2593 Smyrnae
664 2519 974 2591 episcopus
1002 2518 1309 2575 ordinatus
1338 2519 1519 2575 totius
1558 2520 1707 2576 Asia:
1756 2522 2026 2593 princeps

2152 2526 2261 2590 παρ’
2320 2518 2483 2574 αὐτοῦ
2528 2526 2630 2590 τῆς
2683 2519 3005 2594 Σμυρναίων
3067 2518 3363 2581 ἐπίσκοπος
3418 2520 3788 2590 κατασναθεὶς,

375 2609 507 2677 fuit,
541 2608 758 2681 quippe
782 2608 883 2679 qui
917 2607 1235 2664 nonnullos
1266 2608 1691 2681 apostolorum,
1722 2613 1780 2665 et
1826 2624 2025 2666 eorum

2152 2610 2313 2678 τάσης
2365 2616 2467 2677 τῆς
2515 2608 2701 2672 Ἀσίας
2751 2608 2999 2685 ἀρχηγὸς
3050 2609 3263 2683 γέγονε,
3312 2604 3401 2662 διὰ
3444 2608 3506 2662 τὸ
3553 2606 3789 2670 πολλοῖς

375 2697 478 2771 qui
533 2697 801 2754 viderant
870 2697 1206 2765 Dominum,
1274 2696 1588 2771 magistros
1636 2697 1908 2754 habuerit
1973 2701 2030 2752 et

2152 2701 2243 2751 τῶν
2298 2695 2615 2752 ἀποστόλων
2695 2699 2786 2753 καὶ
2858 2702 2966 2752 τῶν
3023 2698 3113 2752 τὸν
3171 2696 3397 2771 Χριστὸν
3467 2695 3784 2772 ἑωρακότων

373 2786 613 2843 viderit.
644 2785 749 2842 Hic
780 2791 1017 2859 propter
1063 2788 1351 2859 quasdam
1407 2804 1585 2859 super
1639 2787 1733 2842 die
1795 2785 2027 2843 Paschas-

2152 2787 2619 2862 τυντετυχηκέναι,
2678 2787 2776 2841 παὶ
2833 2783 3193 2847 διδασκάλους
3251 2784 3561 2861 ἐσχηκέναι.
3617 2783 3784 2847 Οὗτος

375 2876 732 2949 quaestiones
762 2876 873 2932 sub
915 2876 1267 2948 imperatore
1313 2876 1604 2932 Antonino
1660 2876 1779 2946 Pio,
1830 2874 2026 2932 Eccle-

2152 2871 2225 2928 Ξιά
2278 2895 2427 2937 τινας
2484 2875 2661 2938 αἰτίας
2716 2880 2813 2930 τοῦ
2874 2876 3067 2950 Πάσχα
3144 2871 3529 2948 βασιλεύοντος
3582 2879 3783 2929 ’Δντω-

373 2966 524 3023 siam
556 2965 615 3021 in
649 2965 803 3021 Urbe
833 2970 1069 3037 regente
1094 2964 1353 3029 Aniceto,
1403 2965 1648 3021 Romam
1694 2965 1871 3032 venit,
1925 2964 2027 3019 ubi

2152 2962 2283 3017 νίνου
2331 2968 2426 3018 τοῦ
2458 2963 2614 3033 Πίου,
2672 2965 2763 3019 καὶ
2821 2963 3246 3024 ἐπισκοποῦντας
3298 2968 3401 3031 τῆς
3458 2959 3786 3033 Ἐκκλησίας

376 3054 666 3128 plurimos
696 3054 1083 3120 credentium,
1118 3053 1430 3110 Marcionis
1467 3058 1526 3109 et
1570 3052 1861 3109 Valentini
1892 3069 2022 3125 per-

2153 3051 2354 3124 Ρώμης
2428 3057 2716 3122 Ἀνικητου
2749 3096 2763 3122 ,
2823 3051 3017 3121 ἐπέστη
3094 3054 3161 3124 τῇ
3213 3050 3437 3124 Ῥώμῃ,
3498 3050 3551 3104 ἐν
3695 3071 3787 3104 και

377 3142 655 3200 suasione
685 3143 980 3214 deceptos,
1013 3142 1244 3197 reduxit
1293 3143 1365 3197 ad
1410 3142 1608 3197 fidem.
1658 3143 1921 3214 Cumque
1972 3142 2025 3199 ei

2152 3136 2381 3202 πολλοὺς
2451 3144 2530 3211 τῷ
2587 3137 2823 3215 δόγματι
2897 3139 3220 3214 Μαρκίωνος
3294 3139 3384 3193 καὶ
3458 3135 3784 3194 Βαλεντίνου

376 3231 615 3288 fortuito
645 3230 874 3287 obviam
906 3230 1118 3287 fuisset
1147 3230 1424 3295 Marcion,
1458 3235 1515 3285 et
1544 3230 1761 3286 diceret
1794 3248 1807 3285 :
1843 3254 1870 3280 ‹‹
1915 3230 2027 3286 Co-

2152 3227 2519 3289 πιστεύσαντας
2574 3225 2968 3284 ἀνεκαλέσατο.
3029 3229 3465 3299 ’Δπαντήσαντος
3523 3224 3580 3281 δὲ
3640 3226 3784 3299 αύτῷ

373 3336 592 3395 gnosce
623 3322 643 3354 "
665 3336 772 3376 nos
800 3345 815 3387 ;
842 3342 871 3369 ››
904 3318 1208 3391 respondit
1237 3335 1251 3374 :
1287 3342 1315 3368 ‹‹
1349 3318 1645 3390 Cognosco
1675 3319 2026 3393 primogeni-

2265 3312 2571 3387 αὐτομάτου
2658 3315 2978 3388 Μαρκίωνος
3062 3316 3151 3369 καὶ
3228 3314 3509 3388 εἰρηκότος
3588 3313 3736 3387 αύτῷ
3769 3359 3783 3386 ,

373 3414 501 3466 tum
532 3408 773 3465 diaboli.
811 3430 839 3458 »
871 3408 1078 3464 Postea
1104 3424 1238 3464 vero
1271 3413 1550 3481 regnante
1603 3408 1681 3464 M.
1735 3408 2028 3465 Antonino

2155 3405 2436 3480 (Γνώριζε
2486 3406 2658 3478 ἡμᾶς,
2717 3428 2745 3457 ››
2798 3404 3083 3479 ἀπεκρίθη,
3120 3428 3147 3455 ‹‹
3180 3404 3438 3477 Γνωρίζω
3487 3405 3575 3459 τὸν
3638 3424 3787 3477 πρω-

373 3501 432 3555 et
462 3499 525 3554 L.
571 3495 806 3553 Aurelio
855 3497 1177 3553 Commodo
1222 3498 1264 3564 ⁸,
1309 3500 1519 3569 quarta
1565 3501 1696 3568 post
1741 3497 2027 3553 Neronem

2152 3493 2359 3549 εότοκον
2415 3498 2512 3548 τοῦ
2570 3488 2850 3550 διαϐόλου.
2906 3518 2934 3545 ››
2978 3495 3125 3549 Μετὰ
3174 3497 3343 3548 ταῦτα
3404 3490 3788 3567 βασιλεύοντος

386 3585 819 3660 persecutione,
852 3589 1131 3659 Smyrnae,
1182 3587 1423 3643 sedente
1478 3585 1823 3657 proconsule
1877 3587 1919 3653 ’,
1976 3590 2030 3642 et

2152 3584 2359 3657 Μάρκου
2417 3582 2739 3639 Ἀντωνίνου
2795 3584 2885 3638 καὶ
2938 3583 3171 3638 Λουκίου
3244 3579 3527 3657 Δύρηλίου
3582 3581 3738 3655 Κομό
3767 3615 3791 3625 -

374 3677 647 3732 universo
706 3674 920 3748 populo
977 3675 1036 3731 in
1100 3674 1514 3747 amphiheatro
1543 3676 1824 3731 adversus
1895 3692 2030 3731 eum

2152 3669 2257 3741 Bon,
2315 3672 2571 3747 τετάρτου
2645 3673 2779 3745 μετὰ
2836 3672 3056 3745 Νέρωνα
3115 3668 3367 3746 διωγμοῦ
3424 3672 3740 3741 κινηθέντος
3775 3716 3789 3741 ,

390 3768 761 3836 personante,
793 3763 914 3836 igni
945 3763 1198 3819 traditus
1229 3767 1336 3819 est.
1386 3763 1633 3836 Scripsit
1688 3764 1761 3820 ad
1815 3763 2030 3837 Philip-

2152 3760 2195 3816 ἓν
2256 3760 2478 3836 Σμύρνῃ
2528 3763 2862 3836 θεωροῦντος
2914 3765 3011 3815 τοῦ
3064 3761 3388 3829 ἀνθυπάτου,
3444 3761 3535 3815 καὶ
3587 3762 3790 3822 παντὸς

375 3865 589 3923 penses
618 3850 786 3905 valde
818 3850 1032 3906 utilem
1056 3850 1400 3923 Epistolam,
1444 3868 1572 3924 quas
1629 3869 1816 3925 usque
1863 3852 2030 3909 hodie

2152 3854 2238 3904 τοῦ
2288 3847 2469 3924 δήμου
2512 3849 2563 3904 ἐν
2611 3854 2690 3922 τῷ
2739 3850 3089 3928 ἀμφιθεάτρῳ
3145 3854 3259 3904 κατ’
3306 3847 3471 3903 αὑτοῦ
3525 3849 3789 3922 βοῶντος,

373 3939 436 3995 in
465 3936 611 3993 Asiae
643 3943 943 3994 conventu
985 3939 1029 3973 ¹⁰
1055 3938 1287 4011 legitur.

2143 3940 2273 4012 πυρὶ
2332 3936 2623 4013 παρεδόθη.
2685 3940 2926 4013 Ἔγραψε
2980 3938 3117 4013 πρὸς
3173 3934 3590 4007 Φιλιππησίους
3646 3937 3794 3991 πάνυ

372 4025 685 4099 θαυμαστὴν
718 4022 1063 4097 Ἐπιστολὴν,
1096 4026 1218 4095 ἥτις
1250 4024 1381 4104 ἄχρι
1410 4033 1506 4083 τοῦ
1537 4028 1803 4103 παρόντος
1835 4027 1885 4083 ἐν
1912 4032 1980 4102 τῇ
2013 4030 2235 4101 Ἀσιανῇ
2268 4024 2479 4099 συνόδῳ
2510 4028 2949 4102 ἀναγινώσκεται.

451 4223 731 4279 ‘lterum
792 4223 1021 4280 codices
1091 4223 1278 4280 nostri
1340 4241 1566 4291 omnes,
1635 4229 1693 4280 et

377 4293 687 4361 editiones,
757 4296 837 4350 Ad
903 4296 1209 4363 interdum,
1290 4301 1345 4352 et
1416 4296 1666 4351 alliciam
1720 4293 1795 4351 ad
1854 4312 2031 4352 come-

376 4366 621 4437 dendum
649 4381 756 4431 me,
789 4367 967 4437 idque
998 4366 1323 4422 rectissime
1356 4384 1369 4433 ;
1404 4370 1618 4437 nonut
1659 4366 2033 4423 Martianmus

1801 4224 2029 4280 utsdam
2063 4228 2110 4293 D

2212 4224 2233 4257 ⁵
2266 4223 2415 4279 Male
2474 4224 2656 4296 Vatic.
2717 4228 2774 4280 et
2844 4221 3236 4296 quidam_alii
3282 4221 3419 4296 libri
3476 4220 3796 4296 undecimo.

2145 4294 2321 4367 Porro
2349 4295 2584 4367 Trajani
2606 4294 2879 4367 decimus
2909 4294 3120 4351 Christi
3150 4310 3304 4367 anno
3327 4294 3428 4367 197
3452 4294 3797 4367 respondet,

2144 4366 2246 4422 sed
2278 4367 2353 4423 ad
2386 4364 2489 4422 146
2528 4366 2787 4423 referunt
2842 4368 3098 4424 Joannes
3154 4364 3568 4421 Antiochenus'
3605 4368 3796 4437 atque

380 4436 601 4507 aliique
631 4436 883 4503 addunt,
907 4446 959 4493 et
986 4437 1055 4491 ad
1083 4438 1357 4508 supplicia
1384 4436 1643 4508 {quibus
1692 4439 2036 4494 adversatur
2142 4436 2265 4493 alii.

379 4508 617 4579 Graecus
642 4510 835 4579 textus
865 4512 921 4562 et
952 4507 1459 4579 interpres.l’acile
1483 4524 1552 4563 ex
1570 4508 1744 4564 verbo
1771 4510 2033 4565 adiiciam

377 4577 531 4653 male
559 4575 815 4653 librariis
833 4575 1156 4653 perspecto,
1186 4578 1432 4653 haedus:
1455 4579 1802 4650 prodierunt
1846 4599 2031 4653 pravae

379 4649 685 4725 scripturgs
709 4647 779 4725 ad
805 4647 1098 4721 simplicia.
1155 4658 1206 4705 et
1236 4649 1394 4705 allici
1443 4647 1556 4718 ias,
1611 4647 1915 4725 perperam
1972 4654 2031 4709 in

376 4719 605 4778 textum
635 4719 898 4776 intrusae.

447 4795 469 4828 ²
524 4792 1012 4864 Nomen_Christi
1066 4791 1232 4864 abest
1289 4809 1322 4847 a
1380 4794 1869 4864 praestantissimo
1927 4794 2030 4850 Ve-

378 4880 505 4920 ron.
567 4881 679 4921 ms.
732 4861 1003 4936 aliisque,
1060 4867 1119 4919 et
1189 4861 1392 4920 Graeco
1460 4869 1644 4933 textu,
1721 4871 1778 4922 et
1858 4866 2032 4922 inter-

423 4939 560 4992 rete.

423 4952 560 4992 rete.

381 4952 813 5081 1_)"_lgnatiu_s_
852 5023 987 5062 vero
1044 5010 1101 5081 et
1157 5006 1446 5081 Eusebius
1500 5011 1609 5081 τῷν
1671 5007 1880 5081 ὁρατῶν
1936 5008 2027 5061 καὶ

380 5074 645 5151 ἀοράτων,
705 5078 932 5133 addunt
980 5095 992 5133 :
1040 5079 1116 5134 De
1152 5078 1248 5151 phis
1302 5094 1423 5150 quae
1479 5074 1750 5151 uidentur,
1813 5089 1865 5136 et
1913 5096 2030 5151 qua:

378 5147 794 5224 poqvidentur,
828 5165 1080 5220 quorum
1113 5147 1363 5206 alterum
1409 5167 1439 5205 e
1482 5150 1815 5224 Hieronymi
1867 5147 2029 5207 textu

378 5215 545 5271 facile
574 5216 806 5272 excidit.

448 5286 730 5369 ‘N‘Vocem
787 5292 897 5369 tota
957 5307 1061 5369 nec
1115 5292 1354 5369 Graecus
1405 5295 1616 5369 textus,
1680 5309 1785 5369 nec
1844 5294 2028 5350 nostri

378 5356 603 5436 codices
652 5356 847 5436 haent,
901 5361 1187 5436 quirmox
1231 5363 1505 5434 patiendi,
1568 5356 1866 5436 ragientes,
1939 5381 2028 5421 re-

378 5427 659 5506 ctissime,
696 5427 1320 5506 absquealterocam,
1374 5427 1530 5506 quod
1570 5427 1881 5493 redundat.
1926 5437 2031 5493 De-

376 5501 558 5631 gique
589 5515 700 5555 ms.
735 5498 1173 5558 Cemblacensis
1206 5498 1409 5561 ardore
1446 5508 1777 5579 impatienti,
1831 5510 2028 5565 minus

419 5588 549 5630 ene.

419 5588 549 5630 ene.

2212 4509 2234 4544 °
2273 4509 2368 4565 Sic
2422 4508 2578 4564 dicta
2624 4526 2659 4564 a
2714 4509 2943 4580 Daphne
2994 4506 3320 4580 Antiochia
3371 4504 3656 4563 suburbio
3716 4507 3800 4563 ad

2141 4579 2446 4639 orientem.
2473 4580 2600 4653 \fid.
2630 4578 2960 4653 Evagrium,
2993 4578 3034 4634 l.
3066 4596 3105 4647 ι,
3139 4595 3189 4634 c.
3224 4578 3310 4634 46.

2213 4653 2233 4686 ⁷
2283 4654 2368 4710 Ita
2410 4652 2639 4708 codices
2691 4646 2871 4708 no'stri
2937 4646 3183 4722 Omnes,_
3212 4646 3643 4722 multiquealii
3684 4649 3799 4705 sed

2275 4724 2804 4851 cognoscis.
2829 4722 3110 4778 Similiter
3152 4717 3385 4778 Satanae
3404 4717 3529 4777 'alii
3560 4717 3799 4792 legunt.

2141 4811 2176 4850 a
2204 4811 2243 4848 ιι
2322 4812 2378 4851 ια
2415 4810 2443 4850 ο
2470 4811 2509 4849 ι.

2141 4810 2243 4850 am
2276 4810 2509 4851 υιαηοιι.

2211 4866 2231 4900 ⁸
2264 4867 2364 4923 Hic
2394 4870 2483 4922 est
2514 4865 2723 4922 Lucius
2752 4863 3021 4920 Aurelius
3046 4861 3255 4929 Verus,
3282 4863 3381 4935 qui
3416 4865 3473 4918 et
3518 4865 3798 4935 Commo-

2140 4936 2251 4993 dus
2285 4939 2617 4994 dictusvest.
2649 4936 2864 5008 Exinde
2896 4935 3210 5008 matyrium
3239 4931 3540 5008 Polycarpi
3561 4931 3664 5008 Jad
3688 4948 3796 5008 an.

2144 5009 2247 5064 166
2267 5010 2525 5066 referunt
2565 5023 2699 5063 cum
2752 5002 3096 5078 Hieronymo
3150 5002 3394 5077 quidam
3442 5002 3603 5078 docti
3645 5002 3795 5078 viri,

2140 5079 2238 5159 alii
2270 5082 2381 5159 sub
2411 5078 2704 5159 Antonino
2733 5078 2827 5159 Pio
2858 5073 3006 5134 anfl
3021 5073 3796 5159 47_passum.vo‘lunt..0u‘in

2139 5151 2420 5224 etiamide
2451 5152 2580 5224 ejus
2613 5150 2817 5224 mortis
2841 5164 3057 5224 genere
3087 5145 3317 5203 diversa
3348 5146 3420 5203 ab
3471 5145 3566 5202 his
3603 5147 3797 5224 tradit

2138 5223 2387 5306 epistola
2414 5217 2787 5306 Smyrnensis
2827 5217 3323 5306 .Ecclesi'aaucum
3370 5233 3580 5306 nempe
3629 5217 3796 5290 ignis

2138 5289 2286 5349 nihil
2346 5289 2546 5351 sancto
2601 5290 2843 5351 martvri
2901 5291 3194 5347 nocuisset
3239 5289 3585 5346 arcessitum
3644 5289 3792 5351 κομ-

2138 5310 2286 5349 mnu
2346 5310 2546 5351 sancto
2601 5310 2753 5348 marr
2795 5310 2843 5347 r1
2901 5310 3194 5347 οοουιεεει
3239 5310 3585 5346 arcessitum
3644 5310 3712 5341 κο
3767 5319 3792 5332 -

2138 5364 2393 5491 φὲκτιορα,
2426 5366 2546 5421 sive
2576 5310 2912 5435 carniﬁcem,
2946 5363 3047 5435 qui
3095 5378 3230 5419 eum
3280 5361 3535 5436 pugione
3586 5310 3792 5416 conig-

2139 5453 2254 5491 ceri
2289 5479 2301 5491 .
3750 5470 3753 5475 .

2139 5453 2301 5493 ΟΘῙῚῙ..
3750 5470 3753 5475 ·

2209 5509 2231 5542 ⁹
2254 5506 2437 5564 Statio
2470 5507 2763 5574 Quadrato
2796 5504 3141 5574 proconsule
3170 5504 3342 5562 Asia.
3444 5499 3461 5510 ’

2210 5523 2231 5542 ⁷
2254 5523 2437 5564 διαιιο
2470 5523 2763 5574 uuaurato
2838 5523 3141 5562 POCODSUIB
3170 5523 3342 5562 Αειω.

2210 5579 2252 5614 ¹⁰
2282 5579 2363 5637 De
2387 5578 2771 5637 conventibus
2793 5523 3262 5636 Ehristianorum
3282 5570 3644 5651 quotidianis
3664 5589 3791 5633 non
