4082 6168
360 338 389 349 ’“
442 329 558 388 875

1695 328 1758 388 S.
1808 324 2119 390 EUSEBII
2166 327 2610 393 HIERONYMI

3731 314 3855 389 676

439 458 634 515 crucis
683 475 799 515 non
858 458 1262 527 erubesceret;
1300 463 1358 516 et
1405 458 1587 516 alium
1637 459 1854 516 librum
1885 459 2064 532 (Alteri

2202 462 2310 513 τῶν
2369 458 2530 515 ἐθνῶν
2610 464 2955 535 συνταγεῖσαν
3030 456 3328 529 ἐπιδοῦναι,
3387 458 3476 512 τὸν
3540 454 3851 532 ὀνειδισμὸν

439 548 680 622 brevior)
711 550 1153 606 successoribus
1184 550 1448 621 ejusdem
1482 548 1779 619 Antonini,
1810 552 1882 603 M.
1914 552 2091 604 Anto-

436 638 573 695 nino
603 638 754 695 Vero
785 643 850 695 et
904 639 966 694 L.
1021 638 1258 695 Aurelio
1318 638 1657 695 Commodo.
1711 638 1915 693 Exstat
1960 638 2064 708 eju:

2194 640 2312 698 τοῖς
2386 641 2483 691 τοῦ
2563 636 2726 691 αὐτοῦ
2791 636 3113 692 ’Δντωνίνου
3194 632 3475 712 διαδόχοις
3531 679 3545 705 ,

434 726 599 783 aliud
629 726 908 783 volumen
940 727 1153 799 (Oratio
1182 728 1257 783 ad
1315 726 1546 798 Graecos)
1604 731 1806 782 contra
1859 729 2082 798 gentes,

432 815 534 871 ubi
590 816 662 871 de
716 816 1055 872 daemonum
1113 831 1348 887 quoque
1405 819 1616 871 natura
1674 813 1978 887 disputat:
2027 817 2085 870 et

430 907 709 975 quartum
743 905 1022 960 adversus
1052 907 1275 977 gentes,
1307 903 1400 960 cui
1450 903 1691 959 titulum
1742 902 2086 975 praenotavit

427 990 771 1067 ’Έλεγχοςίε
836 993 939 1048 sed
998 996 1055 1048 et
1106 990 1259 1048 alius
1310 993 1380 1047 de
1428 990 1767 1048 Monarchia
1843 991 1969 1059 Dei,
2027 995 2084 1046 et

423 1080 576 1136 alius
605 1080 773 1147 liber,
807 1097 982 1152 quem
1013 1081 1358 1153 praenotavit
1400 1080 1619 1136 Psaltcn
1637 1082 1677 1148 ²,
1714 1085 1771 1136 et
1800 1079 1954 1135 alius
2010 1081 2080 1136 de

417 1169 648 1224 Anima.
684 1168 962 1242 Dialogus
993 1175 1195 1226 contra
1223 1169 1481 1237 Judmos,
1535 1186 1709 1241 quem
1741 1168 1952 1224 habuit
1980 1169 2080 1224 ad-

416 1274 622 1313 versus
653 1257 1027 1329 Tryphonem
1060 1257 1386 1330 principem
1424 1258 1803 1313 Judseorum:
1854 1257 1956 1313 sed
2015 1262 2073 1313 et

416 1352 617 1401 contra
662 1345 1017 1402 Marcionem
1074 1346 1332 1419 insignia
1418 1345 1744 1413 volumina,
1823 1361 2074 1418 quorum

413 1433 652 1489 Ireneus
703 1450 938 1506 quoque
981 1436 1231 1505 quarto3
1280 1435 1561 1491 adversus
1612 1434 1870 1490 Haereses
1924 1433 2075 1490 libro

410 1521 717 1579 meminit:
752 1527 810 1577 et
848 1521 1002 1578 alius
1052 1522 1201 1578 liber
1250 1528 1454 1578 contra
1502 1539 1710 1578 omnes
1760 1522 2070 1591 hmreses‘,

410 1611 582 1680 cujus
611 1609 748 1665 facit
779 1609 1136 1665 mentionem
1168 1610 1229 1665 in
1271 1611 1630 1682 Apologetz’co,
1688 1626 1870 1682 quem
1916 1610 2076 1666 dedit

404 1696 699 1754 Antonino
729 1697 852 1753 Pio.
876 1697 979 1753 Hic
1009 1714 1143 1753 cum
1175 1699 1235 1753 in
1260 1699 1404 1754 urbe
1437 1699 1625 1754 Roma
1654 1698 1900 1755 haberet
1948 1694 2069 1751 δια·

404 1778 596 1858 τριϐάς
619 1785 662 1854 ⁸,
714 1788 771 1841 et
817 1786 1183 1843 Crescentem
1240 1788 1546 1859 Cynicum,
1596 1787 1699 1859 qui
1751 1786 1938 1843 multa
1967 1789 2069 1843 ad-

3263 547 3353 603 καὶ
3412 544 3590 615 ἄλλην
3655 541 3851 621 βίϐλον

3603 635 3853 690 τουτέστι

2195 551 2293 602 τοῦ
2352 553 2583 625 σταυροῦ
2640 552 2714 623 μή
2777 548 3171 626 αἰσχυνόμενος
3202 593 3215 617 ,

2194 725 2400 799 Μάρκῳ
2484 725 2792 798 Ἀντωνίνῳ
2848 728 3031 801 Βὴρῳ,
3113 725 3205 780 καὶ
3292 725 3513 796 Λουκίῳ
3572 722 3851 799 Δῦρηλίῳ

2194 809 2448 884 Κομόδῳ.
2499 818 2653 868 ’Ἐστι
2709 813 2800 867 καὶ
2859 810 3003 882 ἄλλη
3065 812 3227 868 αὐτοῦ
3292 806 3487 886 βίϐλος
3543 813 3681 867 κατὰ
3735 816 3849 866 τῶν

2193 898 2381 970 ἐθνῶν,
2413 900 2464 955 ἐν
2514 902 2703 977 ᾗπερὶ
2749 909 2851 971 τῆς
2912 900 3122 980 φύσεως
3178 904 3285 955 τῶν
3347 897 3620 973 δαιμόνων
3656 898 3843 955 διαλὲ-

2190 1010 2363 1063 γεται,
2393 990 2484 1045 καὶ
2542 992 2795 1066 τέταρτον
2855 989 3018 1067 λόγον
3068 991 3278 1065 ὁμοίως
3330 992 3468 1046 κατὰ
3509 995 3620 1046 τῶν
3654 991 3843 1061 ἐθνῶν,

2189 1077 2246 1130 ὃν
2307 1076 2603 1155 ἐπέγραψεν
2663 1081 2956 1157 Ἔλεγχος,
3016 1082 3105 1135 καὶ
3170 1077 3337 1135 ἄλλον
3398 1082 3523 1154 περὶ
3580 1087 3686 1149 τῆς
3744 1085 3844 1135 τοῦ

2188 1170 2321 1220 Θεοῦ
2384 1169 2709 1244 μοναρχίας,
2767 1170 2856 1223 καὶ
2908 1166 3078 1223 ἄλλον
3129 1168 3380 1241 ὠνόμασε
3440 1168 3694 1240 Ψάλτην,
3750 1172 3843 1223 καὶ

2184 1251 2364 1329 ἕτερον
2414 1257 2539 1332 περὶ
2595 1263 2697 1326 τῆς
2750 1260 2955 1333 ψυχῆς.
3019 1257 3285 1333 Διάλογον
3342 1258 3479 1311 κατὰ
3534 1262 3644 1312 τῶν
3704 1264 3839 1313 Ἰου-

2186 1340 2350 1397 δαίων
2412 1389 2425 1413 ,
2493 1345 2551 1398 ὃν
2626 1342 2742 1422 ἔχει
2821 1348 2956 1400 κατὰ
3033 1346 3322 1425 Τρύφωνος
3408 1346 3663 1422 ἀρχηγοῦ
3729 1353 3841 1403 τῶν

2181 1429 2475 1489 Ἰουδαίων.
2512 1433 2585 1488 Οὐ
2648 1436 2753 1507 μὴν
2814 1432 2958 1490 ἀλλὰ
3010 1436 3100 1490 καὶ
3154 1436 3290 1490 κατά
3346 1435 3671 1511 Μαρκίωνος
3722 1436 3842 1491 ἐπί-

2183 1541 2246 1590 ση
2260 1541 2334 1593 μα
2355 1521 2551 1599 τεὺχη,
2583 1524 2820 1577 ὧντινων
2858 1523 3146 1598 Εἰρηναῖος
3197 1523 3246 1578 ἐν
3278 1528 3359 1596 τῷ
3409 1525 3646 1597 πέμπτῳ
3680 1522 3837 1601 λόγῳ

2178 1613 2257 1680 τῷ
2284 1611 2421 1664 κατά
2465 1616 2573 1665 τῶν
2634 1613 2917 1689 αἱρετικῶν
2973 1614 3264 1686 μέμνηται.
3318 1613 3417 1667 Καὶ
3448 1611 3596 1684 ἄλλη
3636 1609 3835 1688 βίϐλος

2178 1698 2313 1752 κατὰ
2367 1703 2554 1753 πασῶν
2626 1706 2735 1755 τῶν
2796 1702 3051 1777 αἱρέσεων
3088 1746 3101 1771 ,
3161 1704 3228 1771 ἧς
3311 1702 3585 1775 μέμνηται
3642 1703 3693 1757 ἐν
3753 1708 3836 1776 τῷ

2180 1785 2605 1862 Ἀπολογητικῷ
2638 1833 2652 1860 ,
2728 1791 2787 1843 ὃν
2865 1786 3061 1845 ἔδωκεν
3145 1790 3451 1862 Ἀντωνίνῳ
3525 1795 3605 1863 τῷ
3692 1792 3838 1865 Πίῳ.

407 1840 1040 1931 νόιεειιπίϐίλιιίειὶοοοε
1067 1840 1546 1949 ισίαερέιὲέιῇᾼῇξιῖ
1561 1840 1939 1949 sarias-.1
1967 1840 2064 1949 gi.

2324 1840 2329 1841 7
2372 1840 2598 1862 7.1""T
2639 1840 2652 1860 7
2736 1840 2779 1843 ’⁷
2867 1840 3055 1845 ’νῆ””
3162 1840 3447 1862 —""'-'T
3537 1840 3601 1863 ‘T
3692 1840 3836 1865 "'T'

2184 1874 2352 1937 Οὗτος
2402 1875 2453 1931 ἐν
2502 1881 2570 1951 τῇ
2631 1879 2813 1952 Ῥώμῃ
2840 1868 2847 1873 ’
2870 1876 3013 1955 ἔχων
3071 1879 3168 1942 τὰς
3228 1873 3530 1956 διατριϐὰς,
3600 1879 3836 1935 εὐθύνων

410 1962 625 2029 losum,
656 1966 714 2018 et
734 1962 941 2019 mortis
962 1962 1263 2033 timidum,
1288 1964 1662 2036 luxuriaeque
1687 1969 1743 2020 et
1761 1964 2064 2020 libidinum

2185 1966 2439 2039 Κρήσκην
2585 2011 2597 2023 .
2661 1970 2746 2038 leg
2778 2012 2790 2024 .
2846 1970 3177 2043 Κρήσκεντα)
3256 1969 3347 2023 τὸν
3408 1969 3627 2023 Κυνικὸν
3662 2014 3677 2039 ,
3736 1971 3835 2024 τὸν

410 2055 782 2120 sectatorem,
837 2051 908 2107 ad
959 2056 1285 2108 extremum
1329 2053 1526 2119 studio
1587 2055 1716 2125 ejus
1755 2057 1811 2110 et
1841 2052 2064 2110 insidiis

2181 2054 2317 2107 κατὰ
2388 2059 2496 2110 τῶν
2558 2060 2891 2131 Χριστιανῶν
2958 2055 3389 2136 βλασφημοῦντα
3421 2102 3435 2129 ,
3500 2058 3589 2112 καὶ
3638 2055 3834 2114 καλῶν

388 2145 742 2209 .accusatus,
813 2142 969 2212 quod
1028 2141 1401 2198 Christianus
1460 2146 1640 2210 esset,
1689 2158 1793 2213 pro
1839 2141 2064 2198 Christo

2178 2141 2334 2196 αὐτὸν
2408 2140 2716 2221 λαίμαργον
2756 2190 2769 2214 ,
2826 2146 2916 2200 καὶ
2988 2147 3079 2201 τὸν
3137 2147 3360 2202 θάνατον
3436 2141 3780 2225 φοϐούμενον
3817 2192 3832 2220 ,

411 2229 764 2302 sanguinem
794 2229 966 2285 fudit.

2178 2227 2380 2286 ἄσωτόν
2421 2253 2482 2287 τε
2527 2235 2617 2288 καὶ
2671 2232 2992 2305 ἀκόλαστον,
3034 2233 3196 2298 τέλος
3235 2239 3305 2310 τῇ
3344 2234 3539 2290 τούτου
3588 2236 3834 2312 ἐνεργείᾳ

2167 2319 2257 2373 καὶ
2289 2315 2562 2396 ἐπιϐουλῇ
2595 2323 2670 2385 ὡς
2705 2324 3024 2400 Χριστιανὸς
3059 2324 3190 2400 ὑπὲρ
3219 2329 3317 2379 τοῦ
3347 2314 3583 2399 Χριστοῦ
3613 2320 3829 2384 ἔπαθεν.

1886 2435 2120 2493 CAPUT
2157 2437 2350 2495 XXIV.

480 2548 675 2606 Melito
704 2549 982 2615 Asianus,
1015 2548 1331 2605 Sardensis
1361 2549 1920 2623 episcOpus,librum
1950 2551 2062 2606 im-

409 2637 662 2710 peratori
692 2638 768 2693 M.
798 2636 1090 2694 Antonino
1119 2637 1396 2710 Vero,qui
1421 2639 1781 2695 Frontonis“
1811 2639 2057 2696 oratoris

415 2725 745 2800 discipulus
803 2726 936 2798 fuit,
994 2743 1097 2798 pro
1153 2725 1479 2783 Christiano
1549 2728 1824 2800 dogmate
1878 2728 2058 2784 dedit.

407 2815 652 2888 Scripsit
682 2831 916 2888 quoque
976 2820 1034 2871 et
1081 2814 1214 2885 alia,
1245 2816 1317 2871 de
1347 2815 1565 2888 quibus
1596 2816 1710 2872 ista
1738 2820 1897 2885 sunt,
1934 2833 2062 2888 quas

413 2905 824 2977 subjecimus:
878 2906 951 2961 de
994 2903 1216 2960 Pascha
1263 2903 1449 2961 libros
1480 2905 1648 2973 duos,
1680 2905 1753 2960 de
1779 2904 1907 2961 Vita
1937 2922 2063 2977 pro-

412 2993 723 3066 phetarum
753 2993 971 3049 librum
1003 3009 1210 3061 unum,
1244 2992 1316 3049 de
1344 2992 1599 3049 Ecclesia
1627 2992 1845 3050 librum
1873 3010 2061 3050 unum

404 3082 475 3138 de
528 3082 633 3138 Die
713 3082 1015 3138 Dominica
1073 3082 1289 3137 librum
1348 3084 1600 3151 unum",
1657 3083 1729 3138 de
1785 3083 2065 3139 Sensibus

2244 2551 2493 2609 Μελίτων
2551 2556 2798 2619 ’Δσιανὸς
2834 2600 2847 2626 ,
2908 2554 3158 2630 Σάρδεων
3219 2555 3512 2620 ἐπίσκοπος
3546 2602 3561 2627 ,
3629 2554 3826 2632 βίϐλον

2178 2640 2393 2716 βασιλεῖ
2444 2646 2647 2720 Μάρκῳ
2701 2646 3008 2718 Ἀντωνίνῳ
3066 2648 3251 2723 Βήρῳ,
3283 2647 3345 2708 ’ὸς
3375 2646 3702 2722 Φρόντωνος
3731 2652 3827 2703 τοῦ

2173 2739 2407 2816 ῥήτορος
2469 2744 2716 2815 μαθητὴς
2769 2743 3029 2819 ἐγεγόνει,
3080 2743 3212 2817 ὑπὲρ
3261 2747 3358 2799 τοῦ
3404 2747 3514 2799 τῶν
3566 2750 3824 2819 Χριστια-

2170 2833 2276 2883 νῶν
2355 2827 2630 2905 δόγματος
2688 2829 2952 2888 ἐπέδωκεν
2986 2878 2999 2890 .
3047 2834 3292 2910 Ἔγραψε
3349 2830 3409 2888 δὲ
3462 2833 3554 2888 καὶ
3609 2831 3771 2910 ἕτερα
3804 2878 3820 2905 ,

2172 2926 2258 3004 ἀφ’
2317 2928 2389 2982 ὧν
2446 2925 2573 2983 τάδε
2630 2928 2984 3003 ὑπετάξαμεν·
3045 2931 3169 3006 περὶ
3222 2934 3321 2985 τοῦ
3370 2932 3565 3009 Πάσχα
3614 2929 3823 3007 λόγους

2171 3012 2287 3084 δύο,
2319 3017 2443 3092 περὶ
2499 3017 2626 3072 Βίου
2656 3023 2999 3096 προφητικοῦ
3038 3018 3203 3095 λόγον
3243 3016 3357 3090 ἕνα,
3402 3021 3527 3097 περὶ
3582 3019 3818 3092 Ἐκκλη-

2172 3104 2289 3166 σίας
2324 3102 2488 3179 λόγον
2520 3102 2632 3176 ἕνα,
2680 3108 2805 3183 περὶ
2858 3109 3092 3185 Ἡμέρας
3146 3116 3418 3185 Κυριακῆς
3476 3106 3646 3185 λόγον
3702 3108 3818 3179 ἕνα,

402 3169 621 3225 librum
655 3186 864 3235 unum,
896 3170 968 3226 de
1000 3170 1139 3226 Fide
1182 3169 1396 3225 librum
1430 3186 1634 3237 unum,
1667 3170 1739 3226 de
1769 3170 2061 3227 Plasmate

403 3257 622 3283 Illa-..“
686 3273 865 3283 .-.ιη-ν.
887 3259 907 3283 ﬂ
982 3258 1048 3283 Δ..
1127 3258 1319 3283 Λκζ-Α..
1398 3262 1447 3283 ,ι
1517 3258 1763 3283 [Ἰ--..-..-
1834 3258 2046 3283 ιιι---.μ

2178 3202 2293 3277 περὶ
2352 3202 2598 3265 Διανοίας
2658 3201 2823 3279 λόγον
2879 3203 2992 3274 ἕνα,
3048 3207 3172 3282 περὶ
3216 3212 3324 3261 τῶν
3375 3211 3588 3263 Πιστῶν
3652 3206 3817 3283 λόγον

403 3257 626 3312 librum
686 3259 928 3328 unum“,
980 3258 1050 3313 de
1115 3258 1326 3312 Anima
1394 3262 1451 3313 et
1516 3258 1766 3331 Corpore
1833 3258 2053 3335 librum

404 3361 610 3414 unum,
642 3346 712 3400 de
746 3345 1099 3417 Baptismate
1126 3345 1349 3400 librum
1401 3362 1609 3415 unum,
1669 3347 1741 3402 de
1795 3347 2054 3404 Veritate

400 3433 619 3488 librum
656 3434 941 3503 unum,de
976 3433 1360 3491 Generatione
1391 3435 1603 3490 Christi
1624 3435 1838 3492 librum
1866 3453 2052 3492 unum

401 3524 474 3578 de
503 3522 649 3596 Prop
669 3522 872 3578 betia’
919 3540 1028 3578 sua
1074 3520 1294 3578 librum
1346 3540 1553 3591 unum,
1603 3525 1676 3580 de
1724 3524 2062 3582 Pbiloxenia

401 3610 624 3671 librum
654 3628 859 3680 unum,
890 3615 947 3667 et
976 3610 1160 3667 alium
1220 3612 1369 3668 861
1424 3611 1641 3668 librum
1701 3615 1802 3685 qui
1863 3615 2043 3671 Clavi:

384 3696 790 3767 inscribitur;
821 3700 892 3756 de
928 3699 1173 3756 Diabolo
1204 3698 1423 3756 librum
1469 3718 1676 3770 unum,
1726 3702 1797 3757 de
1841 3705 2060 3774 Apoca-

401 3789 550 3861 lypsi
617 3789 872 3846 Joannis
948 3788 1170 3846 librum
1248 3805 1435 3846 unum
1511 3788 1635 3862 περὶ
1712 3791 2067 3863 Ἐνσωμάτου

403 3881 537 3931 Θεοῦ
626 3877 844 3939 librum
896 3895 1082 3934 unum
1108 3879 1170 3945 ¹⁰,
1245 3882 1302 3933 et
1377 3875 1653 3952 Ἐκλογῶν
1712 3878 1893 3935 libros
1950 3898 2069 3937 sex.

474 4047 489 4080 ¹
528 4045 698 4123 N_unc
779 4045 1122 4103 inscribitur
1167 4045 1376 4123 ΔΛόγος
1453 4047 1903 4123 παραινετικρςμ
1948 4066 2065 4123 quo

408 4118 654 4174 nomine
700 4133 836 4174 eum
883 4124 1050 4175 vocat
1101 4118 1721 4176 etiam'Damascenus
1772 4120 1832 4175 in
1875 4118 2070 4178 Paral-

408 4188 562 4246 lelis.

478 4261 501 4295 ²
532 4264 745 4316 Veron.
775 4257 1032 4331 Ψάλτης,
1081 4261 1296 4318 Graecis
1348 4261 1582 4331 litteris.
1627 4261 1925 4317 Intercidit
1956 4279 2065 4319 au-

406 4337 529 4388 tem
558 4332 655 4388 hic
682 4329 1036 4407 liber,_ut'et
1068 4349 1324 4405 sequens
1373 4329 1644 4406 Εχολικὸν
1676 4331 1800 4407 περὶ
1833 4334 1870 4404 ψ
1882 4339 2060 4407 μχῆς,

409 4410 465 4460 et
551 4419 679 4475 quae
783 4404 936 4459 infra
1035 4404 1343 4470 memorat,
1421 4404 1633 4459 contra
1734 4404 2065 4460 Marcioizem

406 4475 714 4530 volumina.

476 4544 498 4577 ³
529 4544 824 4628 Hactenus
853 4545 994 4600 editi
1026 4562 1159 4601 cum
1190 4545 1387 4628 Cresco
1417 4544 1754 4628 interprete,
1779 4547 2061 4628 inquinata

407 4630 523 4670 non
554 4615 867 4688 antiquiss.
919 4633 1030 4688 ms.
1084 4622 1281 4688 noster
1315 4615 1595 4688 castigat.
1649 4616 1798 4673 Sane
1846 4615 1946 4675 lib.
1982 4636 2058 4683 ιν,

405 4702 605 4761 nonv,
638 4684 747 4761 hoc
775 4687 991 4761 Justini
1014 4704 1163 4759 opus
1192 4687 1396 4761 laudat
1453 4684 1702 4761 Irenzsus
1763 4705 1890 4761 cap.
1949 4689 2014 4745 14
2043 4706 2056 4761 ς

404 4754 598 4818 Καλῶς
646 4755 934 4833 Ἰουστῖνος
974 4755 1024 4811 ἐν
1053 4754 1136 4829 τῷ
1165 4758 1301 4832 πρὸς
1343 4755 1637 4832 Μαρκίωνα
1723 4754 2056 4833 συνῖάγματί

492 4848 571 4881 σιν
604 4832 717 4885 etc.
1904 4832 1907 4833 ν

410 4848 496 4983 φηξ
523 4900 692 4957 Hunc
710 4898 946 4983 librum
969 4905 1167 4983 contra
1197 4917 1383 4983 omnes
1420 4901 1654 4983 haereses
1695 4917 2057 4983 nounrecen:

406 4977 495 5029 set
544 4989 655 5028 ms.
710 4971 767 5028 S.
819 4972 1038 5028 Crucis.
1090 4977 1255 5029 Certe
1305 4989 1420 5028 non
1473 4976 1664 5027 exstat
1705 4971 1900 5040 hodie,
1954 4973 2055 5029 sed

392 5060 709 5116 nunquam
746 5045 998 5116 fortasse
1024 5045 1083 5099 in
1118 5060 1334 5116 manus
1363 5042 1668 5116 hominum
1698 5042 2055 5116 venit.lllum

405 5114 532 5189 ipse
554 5114 837 5189 Justinus,
857 5114 1141 5189 Apologia
1181 5114 1442 5189 longiore
1494 5114 1651 5189 intra
1702 5115 2058 5189 domesticos

405 5185 656 5310 parietes
691 5188 845 5258 apud
895 5185 956 5243 se
1005 5185 1218 5244 habere
1265 5185 1432 5254 dixit,
1482 5190 1540 5241 et
1590 5185 1639 5241 si
1677 5187 2057 5256 oportuisset,

410 5271 441 5310 e
484 5272 501 5309 ι
533 5272 726 5310 urum.

410 5271 726 5310 editurum.

477 5326 689 5402 l’Quod
719 5327 1033 5402 "Tatianus
1093 5329 1248 5401 apud
1301 5326 1630 5402 Eusebium
1678 5328 1928 5402 1v__dixit
1985 5331 2055 5402 τῇ

418 5394 948 5472 μεςίάλῃμπόλειηςῗε
980 5394 1163 5455 Roma
1192 5400 1403 5472 occipit
1434 5398 1586 5472 Hier.
1617 5398 1768 5472 {alii
1813 5401 1882 5455 de
1953 5394 2061 5456 Me-

445 5468 656 5542 alOpOli
686 5470 943 5542 Arcadiae
978 5472 1137 5539 urbe,
1171 5472 1241 5525 de
1272 5468 1387 5542 qua
1429 5469 1566 5524 alibi
1625 5471 1909 5528 Tatianus
1941 5489 2059 5527 ma-

439 5538 557 5612 unt
564 5538 906 5612 intelligere.

382 5643 407 5683 ι
474 5611 496 5646 ⁶
529 5611 671 5683 Puto
702 5609 779 5666 ut‘
812 5610 1117 5683 Frontonis
1168 5609 1357 5683 ipsius
1408 5610 1740 5683 calumnias
1788 5614 2057 5669 confuta-

402 5681 530 5779 ret;
578 5681 678 5743 ille
734 5681 893 5744 enim
940 5682 1165 5742 famosa
1192 5681 1644 5743 ‘Declamations
1692 5683 2058 5746 Christianos

2160 3288 2273 3360 ἕνα,
2332 3293 2456 3367 περὶ
2514 3292 2773 3355 Πλάσεως
2832 3288 2922 3348 ἕνα
2977 3294 3101 3371 περὶ
3159 3301 3361 3371 Ψυχῆς
3416 3296 3506 3351 καὶ
3564 3297 3818 3371 σώματος

2166 3388 2276 3461 ἕνα,
2343 3391 2467 3464 περὶ
2521 3389 2898 3465 Βαπτίσματος
2940 3390 3032 3446 ἕνα
3065 3437 3079 3462 ,
3136 3393 3259 3470 περὶ
3316 3393 3607 3464 Ἀληθείας
3679 3391 3812 3465 ἕνα,

2168 3480 2292 3554 περὶ
2370 3480 2676 3548 Γεννὴσεως
2762 3485 2996 3556 Χριστοῦ
3076 3479 3168 3536 ἕνα
3219 3526 3232 3551 ,
3293 3484 3418 3558 περὶ
3472 3485 3819 3562 Προφητείας

2174 3566 2312 3629 ἰδίας
2381 3562 2490 3636 ἕνα,
2559 3568 2682 3645 περὶ
2750 3568 3070 3640 Φιλοξενίας
3129 3565 3359 3641 ἕνα,καὶ
3414 3567 3593 3647 ἕτερον
3657 3571 3819 3649 λόγον

2174 3669 2234 3729 ’ὸς
2294 3666 2647 3744 ἐπιγράφεται
2718 3664 2927 3739 Κλεὶς,
2974 3668 3099 3745 περὶ
3157 3663 3426 3724 Διαϐόλου
3496 3666 3588 3724 ἕνα
3624 3715 3638 3739 ,
3698 3673 3821 3749 περί

2175 3753 2603 3829 ’Δποκαλύψεως
2632 3757 2881 3811 Ἰωάννου
2913 3751 3022 3827 ἕνα,
3063 3757 3154 3813 καὶ
3191 3759 3315 3836 περὶ
3343 3758 3442 3814 τού
3477 3762 3825 3835 Ἐνσωμάτου

2182 3859 2314 3911 Θεοῦ
2389 3851 2555 3929 λόγον
2614 3850 2724 3924 ἕνα,
2781 3849 3304 3933 Ἐκλογῶνλόγους
3358 3853 3428 3928 ἔξ.
3472 3857 3674 3912 Τούτου
3724 3859 3827 3929 τὴν

2175 4044 2416 4173 probris.
2438 4048 2812 4126 oneraverat.
2831 4044 2992 4127 Ejus_
3004 4045 3280 4128 meminit
3336 4044 3580 4115 Gellius,
3628 4043 3822 4103 Julius

2222 4115 2558 4173 anltollnus.
2590 4121 2891 4171 Ausonius
2920 4115 3157 4173 alimus.

2222 4115 2558 4190 apitolinus,
2590 4115 2891 4171 Ausonius
2920 4115 3157 4188 aliique.

2246 4191 2265 4224 ⁷
2297 4188 2538 4243 Librum
2568 4187 2637 4242 de
2663 4186 2754 4243 die
2802 4187 3094 4243 Dominica
3152 4204 3269 4244 non
3327 4192 3637 4244 enumerat
3689 4189 3816 4246 cod.

2172 4258 2547 4325 Veronensis,
2575 4273 2748 4334 quem
2781 4259 3297 4334 tamenAEusebius
3345 4259 3525 4327 novit,
3582 4264 3643 4316 et
3695 4260 3816 4334 περὶ

2177 4336 2449 4438 Κυδοιακῆς
2478 4327 2648 4385 vocat
2675 4327 2715 4383 1.
2749 4346 2824 4399 ιν,
2858 4346 2909 4385 c.
2940 4331 3032 4385 26.

2296 4401 2458 4438 Hnno
2515 4400 2588 4438 An
2648 4401 2927 4438 Dlnemnfo
2983 4400 3032 4438 li‘

2295 4401 2459 4456 Hunc
2515 4400 2588 4455 de
2641 4401 2927 4458 Plasmate
2983 4400 3200 4458 librum
3269 4402 3454 4458 Vatic.
3527 4402 3635 4458 342
3701 4418 3813 4459 non

2174 4471 2468 4546 agnoscit:
2501 4471 2822 4546 Veronens,
2853 4477 3053 4546 noster
3076 4474 3152 4546 de
3182 4474 3342 4530 Plasi
3379 4472 3538 4546 legit,
3570 4472 3814 4546 verioris,

2172 4541 2239 4599 ut
2284 4544 2553 4617 arbitror,
2603 4542 2869 4617 lectione.
2923 4544 3210 4617 Eusebius
3274 4541 3463 4617 vocati
3497 4541 3811 4617 napi-idat-

2094 4590 2138 4653 Π
2170 4634 2327 4688 σεᾲως.
2409 4590 2566 4688 Idem
2643 4613 2826 4688 voluit
2876 4616 3201 4688 exprimere
3258 4590 3697 4672 Gemblacelnsis
3753 4615 3817 4673 dc

2167 4686 2367 4750 Phase,
2400 4684 2502 4757 ubi
2532 4685 2764 4757 legend.
2792 4685 2859 4741 de
2886 4684 3059 4742 Ριὶιδί.

2240 4758 2261 4792 ο
2292 4757 2416 4812 Non
2463 4756 2548 4827 ita
2595 4755 2834 4812 'videtur
2881 4757 3298 4827 intelligendus
3343 4757 3667 4827 Eusebius;
3700 4772 3813 4827 non

2166 4828 2324 4885 enim
2353 4825 2476 4902 περὶ
2506 4826 2841 4902 προφητείας
2874 4827 3035 4902 αὐτοῦ
3063 4825 3238 4902 Adicit,
3299 4829 3400 4885 sed
3458 4826 3630 4902 αὐτοῦ
3655 4825 3660 4827 ⁷
3688 4826 3814 4899 περὶ

2167 4844 2324 4885 enim
2353 4844 2476 4952 περι
2506 4844 2841 4902 προφητείας
2874 4844 3035 4883 αυτου
3076 4844 3238 4897 (non,
3299 4844 3400 4885 seu
3458 4844 3623 4881 αυτου
3688 4844 3814 4899 περι

2167 4914 2539 4984 ηροξρῃτεριςέ
2572 4900 2841 4970 quamvis
2872 4905 2929 4956 et
2957 4900 3205 4957 Ruﬁnus
3235 4904 3440 4966 vertat,
3486 4908 3538 4954 et
3595 4898 3664 4955 de
3680 4914 3815 4972 pro-

2162 4977 2355 5043 phetia
2384 4977 2524 5043 ejus.

2238 5044 2281 5078 ιο
2308 5042 2548 5097 Variant
2577 5040 2648 5095 de
2678 5040 2787 5098 hoc
2816 5040 2940 5098 loco
2972 5043 3088 5100 duo
3118 5042 3368 5108 codices,
3419 5039 3603 5097 Vatis.
3636 5044 3697 5096 et
3752 5040 3813 5096 S.

2167 5114 2391 5180 Crucis,
2445 5128 2727 5184 quorum
2797 5111 2946 5169 alter
3025 5110 3815 5184 KAITOITEPIENCQMATOAI‘

2166 5189 2299 5260 etc...
2356 5183 2455 5260 ubi
2496 5182 2738 5260 legend.
2798 5184 2886 5260 καὶ
2942 5184 3405 5260 τὸν-περίκεισκ,
3438 5184 3586 5260 alter
3622 5182 3814 5260 verbis

2167 5254 2482 5329 ἐνσωμάτρυ
2527 5254 2660 5329 Θεοῦ
2723 5255 2919 5312 statim
2970 5254 3301 5329 subjungit,
3361 5256 3428 5312 de
3480 5257 3817 5329 Αἳεενηξεαεσ

2170 5328 2267 5400 Dei
2294 5321 2383 5379 τὸν
2413 5321 2768 5400 'e'vaz,__lib_rum
2794 5344 2966 5400 unum
2986 5332 3036 5384 et
3062 5321 3407 5400 Ectoéarum,
3443 5333 3552 5400 etc.
3580 5326 3816 5383 Scilicet

2168 5368 2263 5453 Si"
2288 5414 2447 5452 oram
2508 5368 2664 5467 libri,
2713 5368 3275 5464 ut
3295 5368 3814 5455 ’.θίξινδῦωῶνῶ

2168 5471 2474 5542 verborum
2524 5469 2947 5542 interpretatio,
2990 5471 3055 5526 de
3091 5472 3475 5542 l-ncamatione
3503 5471 3609 5542 Dei
3634 5478 3813 5542 quam

2167 5557 2282 5597 non
2326 5539 2489 5613 satis
2520 5539 2852 5613 assecutus
2908 5541 3205 5608 librarius,
3263 5541 3366 5613 qui
3426 5557 3557 5597 eam
3599 5539 3669 5596 in
3690 5546 3816 5597 tex-

2165 5618 2291 5685 tum
2323 5608 2583 5685 intrusit,
2615 5609 2773 5684 legit,
2806 5612 2886 5685 de,
2920 5608 3426 5685 ﬁtemitatefeth
3473 5613 3820 5685 cujusmodi

2166 5682 2384 5744 librum
2440 5681 2625 5742 fuisse
2674 5681 2709 5742 ἆ
2760 5682 3029 5745 Melitone
3113 5684 3419 5761 scriptum,
3496 5681 3820 5762 nusquam
