4104 6162
434 254 565 353 βὲθ

1697 250 1765 312 S.
1806 248 2115 314 EUSEBII
2152 244 2603 311 HIERONYMI

3720 234 3859 317 1580

446 389 867 454 αᾶΒοωααοε,
901 403 1077 461 quam
1106 385 1348 459 scripsit
1368 386 1440 443 ad
1473 385 1731 443 Soterem
1749 382 2079 454 episcopum

2205 378 2425 431 Πινυτὸν
2476 382 2578 446 τῆς
2618 375 2785 446 αὐτῆς
2836 371 3055 436 πόλεως
3104 369 3422 440 ἐπίσκοπον,
3454 366 3685 443 ἑϐδόμη.
3715 369 3857 445 πρὸς

445 493 668 545 eorum,
701 470 911 532 octava
931 477 1003 531 ad
1060 473 1547 547 Chrysophoram,
1599 476 1866 528 sanctam
1923 468 2089 524 femi-

440 581 603 622 nam.
627 564 849 621 Claruit
877 565 988 620 sub
1011 563 1192 637 impp.
1226 567 1299 619 M.
1320 562 1613 619 Antonino
1641 560 1788 615 Vero
1818 561 1875 614 et
1904 561 2088 612 L.Au-

446 654 587 711 relio
615 653 950 710 Commodo.

2197 466 2521 538 Ῥωμαίους,
2582 465 2644 533 ἦν
2726 459 2928 539 ἔγραψε
2984 463 3123 539 πρὸς
3183 467 3419 535 Σωτῆρα
3488 460 3579 514 τὸν
3644 456 3853 515 τούτων

2200 554 2515 624 ἐπίσκοπον,
2551 550 2721 629 ὀγδόη
2763 554 2900 630 πρὸς
2950 551 3303 630 Χουσοφύραν
3347 542 3551 618 εὐλαϐῆ
3603 552 3851 624 γυναῖκα.

2200 644 2489 719 Διὲπρεψεν
2542 640 2629 696 ἐπὶ
2689 643 2910 717 Μάρκου
2958 639 3284 696 ’Δντωνίνου
3331 640 3512 714 Βήρου
3540 636 3657 695 ,καὶ
3711 642 3854 695 Λου-

2196 730 2318 785 κίου
2351 728 2635 807 Δύρηλίου
2665 726 2939 804 Κομόδου.

1899 857 2130 915 CAPUT
2167 855 2412 913 XXVIII.

511 979 754 1049 Pinytus
780 978 1093 1044 Cretensis,
1127 976 1382 1034 Cnossiie
1413 976 1577 1032 urbis
1606 972 2086 1048 episcopus,scri-

437 1069 557 1141 psit
585 1070 659 1125 ad
686 1069 1024 1141 Dionysium
1059 1069 1073 1102 ¹
1100 1066 1534 1122 Corinthiorum
1559 1064 1899 1136 episcopum
1920 1061 2086 1117 valde

435 1158 760 1230 elegantem
792 1156 1141 1230 epistolam:
1175 1155 1233 1210 in
1266 1171 1383 1227 qua
1432 1155 1620 1221 docet,
1679 1170 1798 1208 non
1854 1167 2086 1222 semper

435 1244 584 1301 lacte
616 1245 863 1318 populos
907 1244 1353 1309 nutriendos,ne
1374 1243 1544 1316 quasi
1576 1240 1799 1315 parvuli
1828 1240 1899 1295 ab
1947 1237 2085 1293 ulti-

435 1348 532 1388 mo
562 1338 919 1407 occupentur
938 1334 1030 1391 die
1056 1351 1069 1401 ;
1103 1333 1203 1389 sed
1236 1337 1293 1388 et
1313 1332 1499 1387 solido
1526 1329 1674 1387 vesci
1701 1330 1909 1385 debere
1930 1327 2082 1393 cibo,

436 1422 574 1478 utin
608 1422 929 1496 spiritalem
964 1421 1273 1495 proficiant
1304 1424 1684 1477 senectutem.
1719 1419 1786 1473 Et
1838 1416 1931 1472 hic
1972 1415 2084 1470 sub

434 1509 509 1566 M.
538 1512 831 1567 Antonino
851 1511 999 1567 Vero
1045 1514 1101 1567 et
1128 1511 1185 1565 L.
1232 1509 1464 1565 Aurelio
1516 1507 1831 1563 Commodo
1865 1504 2080 1559 ﬂoruit.

2270 969 2497 1031 Πινυτὸς
2563 971 2806 1046 Κρήτης,
2884 971 3139 1022 Κνωσσοῦ
3195 973 3299 1036 τῆς
3358 962 3576 1026 πόλεως
3635 962 3857 1018 ἐπίσκο-

2195 1079 2298 1120 πος
2332 1102 2346 1128 ,
2409 1055 2613 1134 ἔγραψε
2667 1059 2829 1134 πρὸς’
2874 1056 3150 1112 Διονύσιον
3220 1054 3481 1131 Κορίνθου
3556 1051 3854 1107 ἐπίσκοπον

2193 1148 2334 1201 πάνυ
2388 1148 2610 1220 κομψὴν
2671 1144 2991 1216 ἐπιστολὴν,
3044 1143 3094 1199 ἐν
3268 1140 3547 1212 διδάσκει,
3603 1140 3703 1196 ούκ
3771 1142 3857 1196 ἀεὶ

2194 1232 2303 1290 δεῖν
2334 1234 2464 1298 τούς
2494 1233 2663 1298 λαοὺς
2694 1234 2929 1311 γάλακτι
2959 1235 3263 1313 τρέφεσθαι,
3301 1234 3502 1307 μήπως
3535 1232 3610 1294 ὡς
3659 1232 3855 1301 νήπιοι

2192 1328 2260 1399 τῇ
2322 1324 2524 1400 ἐσχάτῃ
2575 1322 2997 1402 καταληφθῶσιν
3048 1323 3252 1398 ἡμέρᾳ,
3313 1317 3459 1375 ἀλλὰ
3501 1320 3592 1374 καὶ
3651 1323 3856 1394 στερεῷ

2198 1413 2471 1489 βρώματι,
2525 1409 2619 1467 ἵνα
2676 1411 2753 1473 εἰς
2806 1411 3170 1484 πνευματικὸν
3236 1408 3557 1486 προκόψωσι
3614 1413 3796 1482 γῆρας
3835 1452 3849 1464 .

2190 1502 2290 1556 Καὶ
2323 1501 2480 1563 οὗτος
2523 1499 2611 1556 ἐπὶ
2647 1505 2755 1555 τῶν
2789 1500 2963 1555 αὐτῶν
3003 1496 3256 1569 ἤνθησεν.

1894 1628 2125 1686 CAPUT
2167 1627 2366 1683 XXIX.

505 1750 788 1806 Tatianus
817 1751 858 1817 ²,
893 1749 993 1821 qui
1024 1751 1279 1821 primum
1314 1748 1626 1804 oratoriam
1684 1747 1922 1811 docens,
1965 1760 2079 1799 non

2259 1742 2516 1804 Τατιανὸς
2566 1744 2626 1804 ’ὸς
2675 1743 2866 1819 πρώην
2907 1742 3006 1810 τήν
3062 1739 3358 1817 ῥητορικὴν
3411 1735 3701 1804 διδάσκων,
3752 1737 3857 1793 οὐκ

434 1854 674 1910 parvam
697 1837 810 1893 sibi
832 1854 900 1892 ex
929 1842 1052 1893 arte
1074 1836 1366 1893 rhetorica
1420 1834 1662 1907 gloriam
1712 1849 2080 1906 comparave—

434 1931 541 1994 rat,
572 1926 795 1982 Justini
829 1925 1099 1998 Martyris
1124 1928 1377 1981 sectator
1408 1923 1536 1991 fuit,
1557 1923 1770 1978 ﬂorens
1790 1922 1850 1977 in
1894 1920 2084 1977 Eccle-

434 2015 542 2080 sia,
576 2014 842 2087 quandiu
874 2015 945 2069 ab
967 2015 1097 2086 ejus
1127 2012 1305 2068 latere
1355 2029 1470 2068 non
1530 2011 1817 2068 discessit.
1877 2011 2084 2065 Postea

433 2120 589 2170 vero,
623 2103 861 2158 inflatus
891 2101 1239 2175 eloquentiae
1272 2106 1500 2157 tumore
1529 2101 1786 2169 3,novam
1817 2098 2083 2154 condidit

432 2191 700 2251 heresim
724 2209 849 2265 quae
871 2191 1237 2265 Ἐγκρατιτῶν
1271 2190 1504 2255 dicitur,
1529 2206 1706 2261 quam
1738 2192 1941 2261 postea
1980 2188 2077 2243 Se-

430 2297 605 2337 verus
627 2282 848 2346 auxit,a
869 2296 985 2352 quo
1007 2280 1273 2351 ejusdem
1296 2279 1481 2351 partis
1507 2278 1762 2334 heeretici
1786 2277 2079 2333 Severiani

432 2386 621 2443 usque
651 2368 824 2425 hodie
855 2367 1246 2442 appellantur.
1298 2368 1477 2423 Porro
1520 2366 1802 2423 Tatianus
1850 2366 2080 2422 inﬁnita

434 2458 671 2530 scripsit
696 2456 1054 2523 volumina,e
1084 2455 1300 2529 quibus
1334 2472 1488 2511 unus
1509 2459 1711 2511 contra
1741 2454 1951 2511 Gentes
1975 2454 2080 2510 ﬂo-

432 2545 806 2602 rentissimus
825 2550 1014 2601 exstat
1039 2544 1317 2616 liber,qui
1350 2545 1503 2600 inter
1531 2545 1732 2601 omnia
1759 2560 1933 2616 opera
1950 2544 2078 2615 ejus

432 2634 617 2689 fertur
643 2634 916 2705 insignis.
945 2637 1013 2689 Et
1036 2633 1131 2688 hic
1155 2634 1264 2689 sub
1293 2635 1641 2706 imperatore
1663 2633 1740 2688 M.
1788 2632 2077 2688 Antonino

432 2721 580 2777 Vero
612 2724 669 2777 et
696 2722 763 2777 L.
803 2720 1038 2778 Aurelio
1068 2722 1385 2778 Commodo
1416 2721 1631 2777 floruit.

2194 1828 2491 1906 ἐλαχίστην
2542 1829 2600 1885 ἐκ
2646 1838 2747 1900 τῆς
2805 1830 3106 1906 ῥητορικῆς
3140 1827 3452 1900 ἐπιστήμης
3499 1823 3653 1896 δόξαν
3702 1825 3856 1896 ὠνή-

2192 1940 2342 1990 σατο,
2393 1920 2686 1975 Ἰουστίνου
2741 1923 2838 1974 τοῦ
2891 1919 3178 1994 Μάρτυρος
3233 1913 3572 1984 σπουδαστὴς
3624 1915 3851 1989 γέγονε,

2192 2004 2502 2083 διαπρέπων
2565 2007 2615 2063 ἐν
2681 2012 2749 2081 τῇ
2804 2005 3122 2077 Ἐκκλησία,
3187 2005 3239 2059 ἐν
3308 2003 3420 2077 ὅσῳ
3482 2010 3579 2072 τῆς
3641 2002 3852 2058 τούτου

2188 2095 2430 2172 πλευρᾶς
2497 2097 2597 2152 ούκ
2662 2097 2864 2167 ἆπὲστη
2901 2140 2913 2152 .
2973 2098 3228 2170 Ὕστερον
3287 2090 3344 2148 δὲ
3398 2097 3477 2165 τῷ
3534 2085 3686 2166 ὄγκῳ
3746 2098 3853 2161 τῆς

2187 2182 2521 2248 παιδεύσεως
2580 2184 2851 2262 ἐπαρθεὶς,
2910 2184 3101 2253 καινὴν
3161 2183 3523 2252 συνεστήσατο
3592 2179 3801 2254 α’ίρεσιν
3834 2225 3849 2249 ,

2188 2272 2337 2349 λὲγω
2396 2271 2462 2344 δὴ
2521 2279 2630 2329 τῶν
2696 2278 3087 2351 Ἐγκρατιτῶν,
3146 2273 3207 2341 ἦν
3254 2271 3543 2345 μετέπειτα
3595 2264 3849 2346 Σεόῆρος

2188 2362 2511 2434 ἐπηύξησεν,
2571 2364 2657 2441 ἀφ’
2723 2362 2784 2417 οὗ
2846 2361 2979 2439 ἄχρι
3035 2365 3133 2416 τοῦ
3199 2359 3469 2437 παρόντος
3531 2359 3585 2414 οἱ
3643 2358 3843 2413 τούτου

2184 2456 2281 2506 τοῦ
2344 2452 2541 2528 μέρους
2609 2451 2870 2528 αἱρετικοὶ
2952 2445 3369 2527 Σεϐηριανισταὶ
3427 2447 3797 2521 ὀνομάζονται
3832 2491 3845 2503 .

2185 2546 2239 2594 Ὀ
2290 2539 2346 2595 δὲ
2411 2540 2813 2616 προειρημένος
2873 2540 3131 2602 Τατιανὸς
3194 2534 3503 2612 πάμπολλα
3581 2537 3848 2613 συνεγρά-

2186 2633 2323 2703 ψατο
2360 2630 2556 2707 τεύχη,
2617 2631 2705 2708 ἀφ’
2772 2631 2846 2684 ὧν
2907 2628 3017 2684 ἐστι
3055 2630 3191 2683 κατὰ
3226 2631 3334 2683 τῶν
3368 2625 3534 2682 ἐθνῶν
3563 2621 3738 2701 λόγος
3772 2627 3851 2688 εἷς

2184 2720 2321 2772 πάνυ
2388 2718 2694 2792 θαυμαστὸς
2730 2763 2743 2789 ,
2797 2720 2857 2780 ὃς
2929 2716 3124 2791 μεταξύ
3190 2718 3404 2771 πάντων
3474 2713 3640 2769 αύτοῦ
3737 2718 3849 2769 τῶν

432 2810 872 2885 συγγραμμάτων
929 2808 1199 2881 ἐπίσημός
1249 2807 1378 2865 ἐστι.
1449 2809 1548 2863 Καὶ
1598 2807 1755 2871 οὗτος
1819 2806 2199 2884 βασιλεύοντος
2259 2809 2479 2884 Μάρκου
2555 2807 2880 2863 ’Λντωνίνου
2966 2809 3145 2883 Βήρου
3211 2806 3301 2860 καὶ
3375 2801 3663 2880 Αύρηλίου
3745 2808 3852 2858 Ko-

438 2894 610 2971 μόδου
638 2894 889 2967 ἤνθησεν.

1890 2995 2121 3052 CAPUT
2162 2993 2324 3051 XXX.

503 3094 827 3169 Philippus,
859 3096 1170 3169 episcopus
1219 3094 1532 3161 Cretensis,
1585 3094 1694 3150 hoc
1744 3098 1853 3155 est.
1915 3093 2078 3149 urbis

2262 3089 2562 3160 Φίλιππος,
2622 3088 2918 3152 ἐπίσκοπος
2996 3091 3215 3165 Κρήτης
3279 3075 3496 3149 πύλεως
3563 3086 3854 3162 Γορτύνης

431 3184 695 3257 Gortynis
718 3187 759 3254 ‘,
792 3187 962 3258 cujus
992 3184 1306 3257 Dionysius
1359 3185 1504 3241 811
1552 3183 1614 3239 in
1672 3182 1918 3256 epistola
1974 3199 2082 3238 sua

432 3274 722 3344 meminit,
755 3291 932 3346 quam
965 3273 1199 3344 scripsit
1230 3273 1298 3328 ad
1315 3273 1579 3343 ejusdem
1606 3272 1859 3327 civitatis
1884 3270 2078 3326 Eccle-

431 3361 600 3429 siam,
626 3362 968 3435 praeclarum
1028 3362 1306 3417 adversus
1367 3361 1716 3417 Marcionem
1776 3359 1957 3415 edidit
2016 3358 2079 3413 li-

428 3450 601 3506 brum
626 3452 648 3485 ⁸
671 3450 1155 3522 temporibusque
1185 3448 1542 3505 M.Antonini
1564 3450 1697 3505 Veri
1721 3453 1778 3505 et
1799 3449 1839 3504 L
1857 3446 2074 3504 Aurelii

431 3539 733 3595 Commodi
766 3538 999 3595 claruit.

2190 3179 2401 3241 οὗτινος
2461 3176 2740 3241 Διονύσιος
2779 3177 2830 3232 ἐν
2880 3182 2948 3251 τῇ
3009 3175 3271 3249 ἐπιστολῇ
3330 3177 3484 3233 872
3537 3172 3710 3230 αὐτοῦ
3758 3178 3856 3249 μὲ-

2194 3287 2412 3341 μνηται,
2453 3269 2513 3337 ἣν
2575 3265 2777 3344 ἔγραψε
2840 3268 2979 3344 πρὸς
3033 3269 3132 3338 τήν
3199 3261 3527 3333 Ἐκκλησίαν
3574 3283 3854 3342 προειρηο

2192 3358 2360 3429 μένης
2408 3354 2647 3425 πόλεως,
2690 3352 2904 3426 ἔνδοξον
2962 3356 3100 3410 πάνυ
3155 3354 3291 3409 κατὰ
3344 3352 3669 3428 Μαρκίωνος
3736 3352 3854 3424 ὲξὲ-

2188 3444 2328 3500 δωκε
2364 3439 2558 3520 βίϐλον
2601 3446 2764 3517 (forte
2790 3445 3155 3518 supplendum
3182 3442 3294 3518 καὶ)
3336 3441 3387 3497 ἐν
3446 3441 3563 3504 τοὶς
3624 3449 3854 3518 καιροῖς

2183 3539 2289 3591 τῶν
2324 3535 2746 3611 προειρημένων
2781 3530 3084 3609 διέπρεψεν.

1890 3663 2118 3720 CAPUT
2156 3661 2347 3717 XXXI.

502 3784 785 3837 Musanus
813 3782 834 3815 δ
867 3797 981 3836 non
1013 3779 1288 3852 ignobilis
1319 3779 1471 3834 inter
1510 3796 1629 3847 eos,
1665 3779 1764 3851 qui
1797 3780 1866 3835 de
1896 3778 2077 3835 eccle-

433 3867 671 3925 siastico
739 3870 1012 3941 dogmate
1037 3869 1419 3939 scripserunt,
1442 3869 1552 3923 sub
1592 3868 1948 3940 imperatore
1996 3868 2073 3924 M.

431 3956 718 4011 Antonino
738 3956 891 4012 Vero
913 3956 1159 4012 confecit
1181 3955 1399 4011 librum
1421 3957 1493 4012 ad
1516 3958 1803 4029 quosdam
1826 3958 2076 4027 fratres",

433 4043 536 4117 qui
565 4044 636 4100 de
667 4043 923 4101 Ecclesia
951 4045 1020 4100 ad
1055 4045 1480 4102 Encratitarum
1512 4046 1778 4102 haeresim
1823 4045 2076 4101 declina-

431 4137 655 4191 verant.

2257 3777 2557 3845 Μουσανὸς,
2614 3774 2712 3830 οὐκ
2778 3772 2967 3845 ἄδοξος
3028 3773 3220 3847 μεταξυ
3280 3776 3388 3827 τῶν
3446 3772 3570 3848 περὶ
3638 3770 3850 3843 ἐκκλη-

2188 3870 2462 3920 σιαστικοῦ
2536 3861 2811 3939 δόγματος
2880 3864 3366 3939 συγγραψαμένων,
3437 3860 3524 3916 ἐπὶ
3612 3863 3848 3935 Μάρκου

2186 3952 2512 4011 Ἀντωνίνου
2582 3955 2761 4023 Βήοου
2816 3951 3168 4008 κατεσκεύασε
3231 3946 3424 4025 βίϐλον
3491 3949 3629 4023 πρός
3682 3970 3848 4013 τινας

2187 4040 2476 4121 ἀδελφούς,
2515 4047 2622 4097 τῶν
2667 4042 2771 4097 ἀπὸ
2829 4049 2930 4112 τῆς
2988 4039 3318 4111 Ἐκκλησίας
3377 4040 3515 4117 πρὸς
3568 4039 3672 4108 τὴν
3729 4043 3843 4093 τῶν

2185 4136 2546 4209 Ἐγκρατιτῶν
2581 4129 2782 4208 α’ίρεσιν
2816 4131 3271 4186 κατανευσάντων.

1888 4258 2116 4315 CAPUT
2154 4258 2370 4314 XXXII.

501 4357 805 4414 Modestus
829 4362 887 4414 et
917 4358 1044 4430 ipse
1076 4358 1187 4413 sub
1210 4358 1561 4429 imperatore
1592 4355 1666 4411 M.
1695 4355 1989 4412 Antonino
2020 4361 2078 4412 et

432 4446 493 4500 L.
524 4445 754 4502 Aurelio
773 4446 1428 4512 Commodo,adversum
1456 4444 1813 4500 Marcionem
1843 4445 2080 4517 scripsit

430 4532 647 4588 librum
678 4535 828 4606 “,qui
860 4551 1046 4607 usque
1077 4534 1246 4590 hodie
1266 4536 1615 4606 perseverat.
1638 4533 1937 4597 Feruntur
1967 4534 2076 4590 sub

2257 4350 2530 4416 Μοδεστὸς
2580 4355 2669 4409 καὶ
2728 4353 2887 4416 αύτὸς
2939 4352 3027 4409 ἐπὶ
3082 4351 3407 4412 Ἀντωνίνου
3460 4348 3550 4406 καὶ
3582 4346 3848 4424 Κομύόᾳυ

2185 4444 2321 4498 κατὰ
2359 4441 2682 4519 Μαρκίωνος
2751 4443 2995 4513 συνέταξε
3048 4437 3263 4518 βίϐλον,
3303 4438 3427 4510 ἥτις
3494 4437 3629 4516 ἄχρι
3668 4442 3851 4513 σήμε-

2188 4552 2278 4608 ρον
2349 4531 2602 4608 ὕπάρχει.
2664 4533 2894 4609 Φέρεται
2948 4532 3038 4587 καὶ
3096 4529 3241 4586 ἄλλα
3280 4529 3442 4586 αὐτοῦ
3501 4529 3845 4604 συγγάμμα·

502 4683 521 4718 ¹
548 4683 781 4760 Interiit
806 4684 1086 4760 temporis
1111 4682 1334 4760 injuria
1367 4681 1482 4760 haec
1513 4682 1780 4760 epistola,
1810 4700 1929 4756 qua
1955 4684 2076 4739 Dio-
2104 4695 2151 4760 D
2254 4684 2275 4760 ξ
2304 4683 2551 4760 ξῌῐειιθω
2583 4699 2700 4760 non
2732 4682 2888 4760 tulit.

432 4754 726 4838 nysianae,
746 4754 1218 4828 cujus—meminit
1246 4754 1543 4825 superiore
1565 4755 1773 4826 capite,
1826 4754 2073 4828 respon-

431 4828 628 4885 debat.
661 4827 796 4884 Vid.
838 4827 1047 4882 Euseb.
1079 4843 1153 4885 ιν.
1184 4825 1276 4880 23.

473 4843 628 4885 θυαε.
671 4843 796 4884 για.
838 4843 1047 4882 190880.
1079 4843 1153 4885 IV.
1184 4843 1276 4880 ZJ.

504 4869 796 4956 :ﬁirée'é'é
821 4869 1153 4971 e‘tuqvuildam’
1378 4895 1605 4971 habent
1628 4899 1902 4971 Tatianus
1960 4897 2075 4971 lia?-

432 4974 729 5042 resz'archa,
762 4970 850 5028 vel
883 4967 1511 5042 hlrresiarchcsConl‘er
1540 4967 1838 5024 Hieronin
1869 4968 2013 5025 Joel.
2035 4987 2074 5037 1,

434 5045 610 5098 Amos
642 5039 818 5112 11,111,
848 5042 990 5098 Osee
1020 5059 1120 5107 v11,
1153 5045 1208 5095 et
1238 5039 1424 5095 Galat.
1449 5056 1527 5094 v1.

502 5114 525 5147 ⁸
550 5109 696 5169 Cod.
720 5114 1063 5178 Veronens.,
1084 5115 1259 5170 elatus
1289 5110 1600 5184 eloquentia
1627 5112 1679 5184 ct
1698 5109 2072 5184 tumore._Vid.

439 5181 739 5256 frenaaum,
774 5185 815 5240 Ι.
852 5203 890 5251 1,
921 5203 970 5241 ο.
995 5186 1083 5253 32.,
1117 5203 1185 5241 ex
1215 5181 1399 5256 eoque
1432 5181 1752 5256 Eusebium
1781 5182 1975 5256 “1,29.
2001 5186 2080 5237 Ex

440 5251 767 5327 innumeris
791 5256 1015 5310 Tatiani
1034 5251 1269 5327 scriptis
1284 5251 1502 5327 primas
1531 5252 1783 5327 obtinuit
1811 5254 2076 5327 Dintessaf

434 5339 565 5397 ron,
591 5325 745 5397 quod
777 5329 832 5378 8.
860 5327 1123 5397 Ephrzem
1154 5323 1584 5381 Cnnimentnrio
1613 5323 2078 5397 illnstravit,qui

432 5393 746 5469 hodiedum
780 5393 1011 5469 Syriaca
1055 5398 1270 5452 dicitur
1325 5402 1570 5452 exstare.
1634 5396 1762 5452 Vid.
1818 5393 2074 5469 Catalog.

436 5465 744 5537 Ebediesu,
765 5465 892 5537 ca'p.
922 5468 976 5522 3.

502 5535 685 5613 ‘_E_rat
715 5535 924 5613 nempe
955 5537 1210 5613 Gortyna
1232 5540 1408 5613 (ξῳίω
1438 5537 1808 5613 metropolis.
1873 5536 2081 5596 Recole

433 5607 508 5695 de
535 5606 798 5687 Dionysii
823 5606 1070 5689 epistola
1095 5606 1223 5685 cap.
1253 5608 1345 5667 27.

2254 4756 2276 4790 ⁸
2304 4756 2592 4826 Mosyanus
2647 4755 2705 4810 in
2760 4753 2943 4810 Vatic.
2975 4823 2982 4826 _
3019 4754 3233 4810 dicitur
3256 4772 3287 4826 ;7
3315 4752 3657 4826 _Veron_ens,
3732 4750 3847 4806 lu-

2184 4823 2692 4912 syqnus,:Eusebio
2726 4823 3038 4912 'Mouaaivoc.
3087 4826 3217 4908 Mox
3274 4824 3431 4881 idem
3486 4823 3839 4891 Veronens.,

2185 4896 2286 4971 q‘ui
2308 4898 2678 4954 ecclesiastica
2705 4896 2956 5022 dogmata
2985 4899 3346 4968 scripserunt.

2258 4970 2278 5003 ⁷
2309 4968 2578 5040 Plerique
2610 4968 2749 5023 editi
2796 4968 2907 5040 ibri
2963 4968 3220 5040 adversus
3278 4966 3536 5040 quosdam
3593 4967 3795 5037 fratres
3822 4981 3838 5018 :

2188 5038 2684 5112 dessentiehtibus
2701 5038 3438 5112 nostris,aliisquemagno
3452 5051 3842 5112 numeromss

2187 5111 2434 5238 ipsoque
2475 5109 2744 5175 Eusebio,
2776 5108 2906 5192 .qui
2973 5107 3380 5183 praepositione
3428 5107 3565 5182 πρὸς
3622 5108 3836 5163 utitur.

2238 5182 2524 5238 nusistud
2562 5181 2814 5238 Musam.
2863 5183 3019 5238 quod
3067 5186 3233 5238 vocat
3275 5182 3482 5238 Euseb.
3521 5178 3836 5238 ἐπιτρεπτι-

2238 5178 2524 5269 pusistud
2562 5178 2839 5269 Musani;
2863 5178 3034 5269 quod
3067 5178 3233 5269 vocat
3275 5178 3482 5238 Euseb.
3521 5178 3837 5253 ἐπιτρεπτι-

2187 5253 2454 5320 κώτατον,
2480 5253 2737 5320 amplius
2769 5253 2892 5307 non
2918 5257 3126 5310 exstat.

2259 5327 2279 5360 ⁸
2311 5319 2464 5380 Nihil
2488 5342 2557 5381 ex
2582 5319 2764 5393 hujus
2796 5324 3041 5380 Modesti
3094 5323 3329 5395 scriptis
3360 5324 3629 5393 superest
3660 5319 3838 5395 hodie

2191 5396 2455 5471 Plerique
2489 5387 2685 5471 autem
2710 5412 2852 5450 mss.
2879 5395 3075 5471 legunt
3106 5387 3508 5471 συγῖγράμμαέα
3547 5399 3612 5471 et
3655 5387 3836 5471 ﬁssa?

2192 5463 2483 5541 επίγρᾶφα,
2518 5463 2666 5541 quas
2721 5463 2990 5541 voces__ét
3044 5463 3406 5541 Sephroniu's
3458 5463 3723 5541 retinnit,
3766 5467 3837 5541 et

2190 5536 2505 5614 immutare
2538 5536 2712 5614 juxta
2766 5536 3230 5614 Μεινίίθριειιξῐι,⁸
3246 5538 3311 5614 in
3368 5536 3718 5614 συντάγματα
3773 5539 3831 5593 et

2190 5604 2560 5692 ψευδογραφιί
2575 5606 2737 5668 nulla
2765 5607 3085 5671 necessitas
3107 5604 3282 5687 cogit.
