4082 6168
351 346 357 363 ’
395 368 513 436 699

1634 358 1699 435 S.
1746 364 2060 435 EUSEBIl
2105 362 2574 431 HIERONYMI.

3690 348 3811 421 700

392 510 706 574 commota,
739 522 774 563 a
802 503 1051 563 Leonida
1090 508 1253 578 patre
1282 516 1319 573 ί,
1352 504 1568 563 Christi
1616 506 1896 579 martyrio
1939 522 2036 560 co-

2156 498 2405 576 διωγμοῦ
2436 500 2773 570 κινηθέντος,
2805 496 2951 576 παρὰ
3008 491 3282 555 Λεωνίδου
3323 491 3546 572 πατρὸς,
3593 497 3692 550 τοῖ’)
3719 491 3808 549 καὶ

392 601 616 665 ronato,
651 613 785 652 cum
829 612 929 652 sex
981 595 1260 651 fratribus
1307 600 1364 651 et
1414 600 1600 651 matre
1641 596 1840 663 vidua,
1891 611 2040 665 pau-

392 704 497 760 per
524 686 897 759 relinquitur,
932 702 1117 741 annos
1146 690 1320 741 natus
1350 685 1584 741 circiter
1632 687 1832 741 decem
1869 689 1926 739 et
1955 700 2041 739 se-

391 780 572 848 ptem.
634 776 777 831 Rem
837 776 993 832 enim
1059 774 1408 830 familiarem
1466 775 1539 829 ob
1614 773 2038 829 confessionem

391 864 604 920 Christi
636 864 814 920 ﬁscus
835 868 1234 935 occupaverat.
1256 863 1741 933 Hic,Alexandriaa
1774 863 2041 932 dispersa

395 954 672 1024 Ecclesia,
712 954 936 1008 decimo
1007 957 1206 1008 octavo
1256 952 1440 1006 aetatis
1488 969 1609 1007 suae
1657 969 1830 1017 anno,
1874 970 2039 1018 κατη-

394 1043 613 1116 χήσεων
628 1059 776 1114 opus
794 1046 1344 1113 aggressus,postea
1367 1058 1399 1094 a
1421 1040 2041 1111 Demetrio,ejusurbis

397 1132 688 1203 episCOpo,
726 1132 783 1185 in
818 1131 1012 1185 locum
1043 1129 1360 1185 Clementis
1410 1128 1728 1201 presbyteri
1756 1130 1777 1162 ²
1825 1128 2038 1184 confir-

397 1224 618 1287 matus,
651 1236 753 1291 per
783 1219 1003 1274 multos
1034 1235 1219 1273 annos
1250 1219 1449 1273 ﬂoruit
1482 1236 1494 1273 :
1529 1222 1740 1273 etcum
1766 1219 1891 1288 jam
1924 1233 2040 1271 me-

396 1308 502 1362 diae
527 1311 681 1363 esset
709 1308 898 1362 aetatis
952 1308 995 1371 ³,
1055 1311 1111 1362 et
1168 1312 1403 1378 propter
1449 1305 1736 1361 Ecclesias
1789 1305 2036 1370 Achaica,

397 1413 526 1467 qua:
556 1395 826 1468 pluribus
858 1395 1012 1451 S93
1045 1394 1368 1450 haeresibus
1395 1395 1778 1460 vexabantur,
1813 1393 1923 1449 sub
1955 1399 2037 1448 te-

395 1484 674 1540 stimonio
704 1483 1108 1539 ecclesiasticae
1137 1483 1396 1554 epistolas
1424 1483 1464 1552 ‘,
1507 1484 1765 1538 Athenas
1799 1499 1901 1554 per
1930 1483 2038 1537 Pa-

396 1571 685 1628 laestinam
746 1575 1028 1644 pergeret,
1090 1588 1121 1625 a
1197 1571 1531 1627 Theoctisto
1587 1577 1643 1626 et
1692 1570 2037 1636 Alexandro,

396 1659 672 1716 Caesarea:
702 1664 758 1715 et
787 1658 1320 1728 Hierosolymorum
1371 1660 1684 1730 episcopis,
1738 1659 2041 1731 presbyter

396 1747 704 1803 ordinatus
738 1746 1011 1803 Demetrii
1042 1746 1284 1803 offendit
1311 1747 1580 1802 animum
1612 1765 1626 1816 ;
1661 1748 1763 1819 qui
1785 1752 1948 1803 tanta
1978 1748 2038 1801 in

392 1853 528 1893 eum
564 1836 959 1893 debacchatus
990 1840 1080 1892 est
1118 1836 1370 1904 insania,
1406 1842 1470 1891 ut
1502 1853 1605 1906 per
1628 1841 1816 1893 totum
1866 1854 2040 1892 mun-
2070 1879 2118 1943 B

393 1925 536 1981 dum
588 1941 765 1998 super
811 1925 1049 1980 nomine
1101 1925 1228 1996 ejus
1278 1925 1577 1981 scriberet.
1629 1925 1835 1981 Contat
1880 1942 2036 1995 eum,

393 2018 708 2086 antequam
739 2013 1063 2069 Caesaream
1105 2013 1404 2086 migraret,
1460 2013 1636 2069 fuisse
1685 2019 1879 2069 Romae
1929 2015 2039 2070 sub

389 2102 712 2175 Zephyrino
783 2103 1077 2175 episcopo,
1141 2107 1199 2158 et
1245 2103 1443 2158 statim
1470 2102 1882 2159 Alexandriam
1947 2120 2037 2159 re-

390 2208 645 2259 versum,
716 2190 999 2248 Heraclan
1058 2192 1463 2264 presbyterum
1515 2193 1555 2257 5,
1605 2191 1705 2263 qui
1770 2193 1883 2248 sub
1936 2192 2038 2248 ha-

390 2281 516 2336 bitu
558 2279 892 2353 phi1030phi
944 2281 1373 2352 perseverabat,
1425 2281 1750 2353 adjutorem
1812 2280 1925 2337 sibi
1956 2282 2037 2336 fe-

391 2368 542 2425 cisse
591 2369 980 2443 κατηχτςσεως,
1041 2369 1141 2441 qui
1210 2368 1450 2440 quidem
1531 2374 1588 2425 et
1645 2373 1775 2442 post
1834 2374 2037 2426 Deme-

388 2457 571 2513 trium
620 2456 1077 2513 Alexandrinam
1133 2457 1324 2513 tenuit
1386 2457 1723 2514 Ecclesiam.
1795 2460 2036 2524 Quanta

391 2550 587 2602 autem
645 2544 839 2618 gloria:
891 2546 1087 2613 fuerit,
1146 2545 1284 2601 hinc
1341 2552 1602 2618 apparet,
1678 2548 1835 2619 quod
1918 2548 2034 2602 Fir-

389 2632 670 2689 milianus
717 2635 759 2686 δ.
812 2633 1086 2689 Caesareae
1118 2633 1451 2706 episcopus,
1484 2651 1617 2690 cum
1676 2635 1837 2690 omni
1893 2640 2035 2708 Cap-

388 2721 632 2794 padocia
664 2738 797 2776 eum
831 2721 1117 2787 invitavit,
1150 2726 1207 2777 et
1235 2722 1335 2777 diu
1365 2725 1576 2790 tenuit,
1610 2727 1668 2779 et
1693 2724 2036 2795 postea,sub

388 2810 692 2868 occasione
721 2815 1057 2867 sanctorum
1089 2810 1134 2867 lc
1148 2827 1349 2867 eorum
1376 2811 1752 2868 Palaestinam
1772 2813 2032 2881 veniens,

387 2900 487 2956 diu
518 2904 787 2956 Caesareae
818 2899 877 2955 in
909 2899 1126 2956 sanctis
1157 2900 1473 2972 Scripturis
1512 2902 1584 2956 ab
1644 2917 1711 2957 eo
1769 2902 2036 2958 eruditus

386 2994 496 3046 est.
548 2989 661 3046 Sed
711 2993 768 3044 et
816 2988 983 3045 illud.
1048 2989 1204 3061 quod
1255 2989 1327 3044 ad
1377 2980 1731 3046 Mammeam
1785 2994 2033 3046 matrem

385 3077 699 3135 Alexandri
732 3077 1124 3149 imperatoris,
1159 3077 1490 3150 religiosam
1526 3078 1830 3145 feminam,
1865 3095 2031 3152 roga-

390 3170 487 3222 tus
515 3167 675 3222 venit
703 3163 1092 3233 Antiochiam,
1127 3171 1185 3222 et
1242 3183 1475 3221 summo
1527 3167 1745 3223 honore
1796 3167 2034 3223 habitus

2155 592 2620 665 μαρτυρήσαντος,
2659 590 2791 663 μετὰ
2934 584 3183 665 ἀδελφῶν
3232 586 3321 641 καὶ
3370 586 3578 661 μητρὸς
3626 586 3809 662 χήρας

2149 680 2316 748 πένης
2374 677 2699 757 κατελείφθη
2738 724 2751 749 ,
2832 678 2964 733 ἐτῶν
3042 677 3165 753 περί
3230 697 3334 730 που
3401 671 3803 730 ἑπτακαίδεκα.

2147 767 2361 822 Τούτων
2420 768 2524 843 γὰρ
2592 771 2627 836 ἡ
2674 766 2959 841 περιουσία
3012 763 3101 821 διὰ
3156 766 3217 821 τὸ
3277 764 3411 819 εἶναι
3470 769 3805 840 Χριστιανῶν

2150 855 2442 930 ἐδημίσθη.
2506 860 2690 919 Ὅστις
2751 856 2800 911 ἐν
2859 852 3239 930 Ἀλεξανδρείᾳ
3305 851 3806 928 διασκορπισθεῖσαν

2149 948 2248 1015 τήν
2306 945 2631 1016 Ἐκκλησίαν
2688 991 2701 1015 ,
2759 942 3128 1000 ὀκτωκαίδεκα
3198 944 3331 998 έτῖυν
3398 945 3496 1012 την
3584 940 3803 1011 ἡλικίαν

2150 1032 2318 1109 ἄγων,
2379 1038 2740 1110 κατηχήσεων
2768 1034 3076 1107 ἐπιστήμην
3137 1031 3517 1110 παρειληφὼς,
3574 1039 3688 1104 μετ’
3746 1032 3807 1086 ού

2148 1122 2291 1177 πολὺ
2322 1126 2468 1197 παρὰ
2517 1124 2862 1200 Δημητρίου,
2893 1130 2994 1193 τῆς
3048 1122 3215 1191 αὐτῆς
3237 1119 3454 1182 πόλεως
3486 1120 3806 1189 ἐπισκόπου,

2150 1214 2226 1275 εἷς
2264 1214 2429 1267 τόπον
2484 1211 2803 1287 Κλήμεντος
2865 1207 3234 1289 πρεσϐυτέρου
3291 1211 3663 1277 κατασταθεὶς,
3720 1209 3807 1264 ἐπὶ

2150 1300 2240 1372 ἔτη
2295 1301 2483 1356 πολλά
2523 1300 2796 1378 διέπρεψε,
2852 1299 3081 1376 μεσῆλίξ
3128 1321 3188 1354 τε
3216 1299 3531 1376 γενόμενος,
3583 1297 3672 1353 διὰ
3708 1300 3807 1360 τὰς

2150 1390 2202 1445 έν
2233 1395 2300 1465 τῇ
2358 1390 2558 1467 Ἀχαίᾳ
2601 1389 2948 1462 Ἐκκλησίας,
3009 1389 3207 1451 α’ίτινες
3263 1389 3410 1466 παρᾶ
3464 1386 3691 1443 πολλῶν
3728 1390 3810 1442 αἱ·

2151 1480 2347 1554 ρέσεων
2424 1478 2714 1535 έσκύλοντο
2776 1524 2788 1548 ,
2849 1479 2937 1533 ἐπὶ
3016 1478 3283 1554 μαρτυρίᾳ
3348 1475 3810 1548 έκκλησιαστικῆς

2150 1566 2449 1638 ἐπιστολῆς
2500 1571 2655 1627 89-1
2706 1569 2877 1623 ἀπιὼν
2940 1565 3029 1622 διὰ
3082 1565 3455 1636 Παλαιστίνης
3515 1565 3593 1627 είς
3643 1567 3810 1636 Ἀθιζ-

2148 1678 2264 1725 νας,
2324 1659 2470 1732 παρὰ
2520 1658 2839 1712 Θεοκτίστου
2896 1657 2985 1712 καὶ
3052 1653 3440 1729 Ἀλεξάνδρου,
3482 1656 3810 1732 Καισαρείας

2149 1748 2237 1799 καὶ
2290 1745 2684 1820 Ἱεροσολύμων
2745 1745 3085 1815 ἐπισκόπων,
3144 1739 3509 1822 πρεσϐύτερος
3556 1764 3811 1820 χειροτο-

2147 1835 2351 1905 νηθεὶς,
2402 1836 2706 1908 Δημητρίῳ
2764 1837 3182 1913 προσέκρουσεν,
3241 1834 3389 1896 ὅστις
3425 1833 3647 1908 τοιαύτῃ
3689 1840 3811 1888 κατ’

2152 1923 2315 1977 αὐτοῦ
2358 1922 2630 2000 ἐχρήσατο
2681 1924 2857 1996 ἀνοίᾳ,
2909 1924 3047 1979 ὥστε
3092 1923 3173 1979 ἐπ’
3230 1923 3454 1997 ὀνόματι
3507 1922 3667 1977 αύτοῦ
3698 1928 3812 1976 πᾶ-

2150 2034 2240 2067 σαν
2290 2015 2390 2082 την
2450 2013 2775 2086 οἰκουμένην
2827 2015 3049 2089 γράψαι.
3108 2014 3220 2087 Πρὸ
3278 2017 3375 2067 τοῦ
3406 2009 3461 2066 δὲ
3522 2008 3805 2083 μετελθεῖν

2150 2102 2227 2164 εἰς
2288 2103 2629 2177 Καισάρειαν,
2679 2105 2778 2172 την
2826 2104 3051 2176 ’Λώμην
3107 2100 3433 2178 κατείληφεν
3495 2100 3580 2155 ἐπὶ
3639 2106 3808 2178 Ζεφυ-

2150 2191 2299 2266 ρίνου
2352 2190 2667 2261 ἐπισκόπου,
2734 2192 2887 2254 εὐθύς
2953 2213 3012 2246 τε
3082 2192 3158 2253 εἷς
3215 2188 3621 2267 ’Δλεξάνδρειαν
3681 2191 3805 2244 ἀνα-

2150 2278 2358 2349 ζεύξας,
2392 2278 2660 2355 Ἡρακλᾶν
2718 2280 2806 2334 τὸν
2868 2274 3230 2356 πρεσϐύτερον
3288 2280 3378 2333 τὸν
3441 2277 3491 2333 έν
3554 2281 3803 2354 σχήματι

2147 2366 2448 2446 φιλοσόφου
2495 2366 2865 2437 διατελοῦντα,
2921 2370 3117 2444 βοηθὸν
3172 2362 3496 2423 συνελάϐετο
3545 2368 3804 2443 κατηχή-

2147 2478 2305 2528 σεως,
2338 2456 2485 2521 ὅστις
2542 2459 2631 2513 καὶ
2680 2459 2814 2531 μετὰ
2871 2460 3187 2534 Δημήτριον
3244 2459 3343 2526 τὴν
3402 2453 3800 2531 Ἀλεξανδρέων

2147 2541 2496 2623 έκυϐέρνησεν
2568 2545 2895 2617 Ἐκκλησίαν
2932 2589 2945 2602 .
3010 2548 3179 2616 Ὅσης
3238 2543 3295 2601 δὲ
3373 2543 3534 2617 δόξης
3564 2546 3801 2620 ὲγένετο,

2145 2634 2203 2689 ἐκ
2258 2636 2451 2691 τούτου
2506 2634 2770 2706 δηλοῦται
2807 2656 2818 2667 ·
2852 2633 3257 2711 Φιρμιλλιανὸς
3316 2637 3421 2712 γὰρ
3474 2634 3802 2711 Καισαρείας

2147 2723 2442 2787 ἐπίσκοπος
2493 2726 2627 2799 μετά
2671 2726 2851 2795 πάσης
2897 2732 2999 2794 τῆς
3055 2722 3441 2785 Καππαδοκίας
3495 2725 3588 2779 καὶ
3643 2723 3804 2799 προέ-

2143 2816 2357 2887 πεμψεν
2419 2814 2601 2885 αὐτὸν,
2652 2814 2742 2869 καὶ
2792 2813 2877 2868 ἐπὶ
2934 2811 3079 2868 πολὺ
3135 2814 3388 2890 κατέσχε,
3438 2813 3528 2867 καὶ
3580 2812 3799 2885 ὕστερον

2143 2904 2410 2981 προφάσει
2459 2908 2567 2958 τῶν
2621 2903 2790 2977 ἁγίων
2848 2903 3029 2959 τόπων
3080 2903 3159 2965 εἰς
3203 2902 3567 2971 Παλαιστίνην
3602 2899 3800 2971 ἐλθὼν,

2145 2990 2197 3046 ἐν
2255 2995 2322 3064 τῇ
2382 2993 2690 3066 Καισαρέων
2751 2998 2879 3068 παρ’
2926 2991 3088 3046 αὐτοῦ
3148 2993 3247 3054 τὰς
3300 2990 3448 3053 θείας
3507 2987 3797 3059 ἐπαιδεύθη

2143 3082 2374 3158 Γραιράς.
2436 3081 2663 3135 Κάκεῖνο
2724 3078 2782 3135 δὲ
2850 3078 3029 3144 οὐδεὶς
3086 3082 3302 3157 ἀγνοεῖ,
3363 3079 3447 3135 ὅτι
3502 3099 3604 3152 περ
3660 3080 3801 3156 πρὸς

2144 3171 2365 3244 Μαμέαν
2424 3172 2523 3239 την
2583 3171 2793 3246 μητέρα
2840 3166 3197 3243 Ἀλεξάνδρου
3248 3174 3344 3223 τοῦ
3398 3166 3668 3243 βασιλέως
3715 3167 3804 3222 εύ-

385 3260 475 3311 est
523 3272 536 3309 :
589 3256 865 3327 quodque
913 3256 984 3311 ad
1038 3254 1372 3326 Philippum
1444 3256 1877 3327 imperatorem,
1926 3257 2028 3328 qui

2152 3254 2478 3330 λαϐεστάτην
2520 3265 2750 3335 γυναῖκα
2798 3256 3192 3336 παρακληθεὶς,
3253 3255 3418 3328 ἦλθεν
3471 3257 3549 3319 εἰς
3589 3257 3802 3312 Ἀντιό-

389 3342 619 3415 primus
647 3343 720 3397 de
750 3342 988 3414 regibus
1020 3344 1301 3398 Romanis
1353 3343 1722 3400 Christianus
1772 3344 1942 3412 fuit",
1977 3351 2035 3402 et

387 3431 459 3486 ad
491 3435 746 3487 matrem
777 3432 905 3502 ejus
936 3431 1164 3487 litteras
1194 3431 1331 3488 fecit
1369 3434 1410 3498 ⁸,
1445 3450 1571 3506 quae
1624 3451 1811 3506 usque
1861 3435 2031 3491 hodie

386 3524 636 3577 exstant.
670 3520 810 3586 Quis
837 3519 1069 3594 ignorat
1097 3524 1154 3576 et
1183 3521 1339 3593 quod
1369 3526 1597 3577 tantum
1621 3523 1680 3578 in
1712 3523 2031 3596 Scripturis

387 3609 602 3666 divinis
615 3610 889 3667 habuerit
912 3611 1187 3679 studii,ut
1210 3611 1390 3667 etiam
1413 3613 1710 3668 Hebrazam
1734 3613 2033 3686 linguam9

386 3701 590 3755 contra
616 3699 802 3755 aetatis
854 3699 1164 3773 gentisque
1208 3717 1329 3756 sua:
1376 3705 1670 3770 naturam,
1724 3702 2030 3767 edisceret,

384 3791 442 3843 et
470 3787 727 3860 exceptis
758 3788 1144 3861 Septuaginta
1172 3788 1767 3861 interpretibus,alias
1799 3808 2032 3865 quoque

391 4068 701 4151 Qrigenem
735 4074 990 4151 putaret,
1020 4072 1289 4151 hancque
1334 4075 1744 4151 etymologiam
1792 4092 1862 4151 ex
1903 4078 2031 4150 ipso

390 4140 753 4211 Hieronymo
778 4145 1123 4200 extunderet
1152 4140 1209 4201 in
1242 4147 1356 4201 fine
1386 4140 1519 4202 libri
1567 4140 1721 4202 tErtii
1753 4140 2031 4204 adversus

388 4211 754 4339 Ptelagianos,
785 4216 884 4271 ubi
917 4217 1178 4283 Transite,
1210 4218 1422 4290 inquit,
1482 4218 1551 4273 ad
1600 4220 1884 4275 Ama‘sium
1940 4236 2033 4275 ve-

391 4300 417 4339 s
446 4300 589 4339 rum.

391 4300 589 4339 atrum.

464 4356 479 4389 ί
526 4356 566 4410 Α
615 4356 855 4412 Leonida
898 4362 1074 4428 patre.
1125 4358 1251 4414 Duo
1298 4359 1525 4415 codices
1579 4359 1844 4415 Vaticani
1890 4378 2035 4417 mss.

396 4425 625 4504 legunt,
656 4444 691 4481 α.
722 4425 958 4504 Leonida
986 4431 1232 4504 episcopo
1278 4432 1455 4501 patre,
1481 4430 1720 4504 ⁸(Πιγξίδιί
1768 4435 2038 4504 martyrio

390 4500 671 4575 coronato,
699 4499 1241 4575 etc._Cluniacensis
1273 4499 1451 4575 antea
1480 4500 1728 4573 legebat,
1784 4499 2041 4575 Origenes

434 4568 497 4642 ai
524 4570 894 4642 etAAmantius
915 4571 1219 4642 presbyter,
1252 4577 1362 4635 etc,
1396 4572 1490 4627 Sic
1539 4568 1733 4629 érrore
1778 4568 2040 4631 veterum

394 4583 494 4690 ἵιιι
524 4583 579 4621 ει
602 4583 894 4624 amantius
961 4583 1219 4642 resbyter,
1252 4583 1362 4635 etc,
1396 4583 1490 4627 Sic
1539 4590 1733 4629 errore
1778 4583 2040 4631 veterum

394 4636 777 4720 _ibrariorum
808 4588 994 4720 muﬁa
1023 4642 1337 4720 depravata
1366 4642 1661 4720 leguntur,
1688 4646 1789 4701 sed
1822 4647 1881 4701 in
1912 4647 2043 4720 aliis

391 4709 539 4786 bene
568 4708 783 4786 multis
805 4708 1144 4786 incorrupta
1166 4708 1558 4786 perseverant.
1584 4708 1942 4773 Murum—
1978 4718 2042 4774 1n

390 4780 625 4836 duobus
655 4780 956 4859 Vaticanis
987 4780 1483 4859 coddfscriptum
1536 4789 1750 4859 reperit
1804 4790 2043 4845 Martia-

391 4868 554 4928 naeus
611 4870 645 4907 α
701 4854 955 4928 ΙιεοηιίιιιαδΔ
992 4856 1237 4928 episcopo
1284 4843 1446 4928 phire
1479 4875 1491 4913 :
1527 4876 1560 4914 a
1600 4843 2044 4917 ‘nostrorﬂahest
2076 4843 2122 4907 D

391 4924 571 5009 eti-am.
598 4941 633 4980 (ι
665 4924 1031 5009 ρι’φροείίίοέ
1054 4924 1263 5009 Ορῐξῖοιε
1284 4924 1501 5009 Euseb.
1533 4946 1610 4993 v1,
1636 4932 1658 4986 4
1698 4936 1755 4986 et
1785 4934 1837 4986 2.

463 4996 485 5075 ξ
514 4994 829 5075 Clementis
858 4998 1256 5075 Alexandrini,
1288 4999 1359 5055 de
1390 5016 1506 5071 quo
1556 5019 1735 5073 supra
1780 5019 1910 5075 cap,
1943 5003 2036 5075 38.

462 5067 484 5100 ³
511 5068 744 5151 Annum
777 5071 989 5142 agebat
1033 5070 1218 5126 astatis
1243 5067 1247 5068 ⁷
1268 5088 1384 5126 sua
1406 5067 1489 5143 'p.
1526 5089 1602 5126 m.
1631 5067 2037 5147 'quadragesi-

462 5154 559 5192 um
593 5143 854 5196 tertium.

395 5153 559 5192 mum
593 5153 854 5196 tertium.

468 5209 651 5331 "lHas
681 5211 981 5331 tepistolas
1047 5215 1329 5269 Formatas
1376 5213 1677 5287 appellant
1724 5215 2042 5288 scriptores

396 5293 493 5331 ecc
524 5295 675 5331 88188
706 5297 801 5331 lCl-

396 5285 801 5337 ecclesiastici.
1423 5285 1426 5286 ⁷
1459 5285 1472 5287 ἢ
1847 5285 1864 5288 “

469 5348 490 5381 ⁸
521 5349 671 5432 Male
698 5355 1159 5437 vocemhilerlum
1192 5353 1287 5437 hic
1328 5357 1593 5437 reposuit
1638 5358 2041 5437 Martianaeus,

398 5436 577 5491 quam
602 5422 831 5491 jamdiu
865 5423 1004 5478 olim
1039 5424 1331 5482 Victorius
1363 5422 1679 5494 deleverat,
2028 5422 2037 5426 ⁷

399 5491 493 5573 ωδ
517 5492 864 5573 ξίἰίηιάηιιηι
896 5511 997 5573 pro
1020 5496 1351 5573 Fz'fmziliano
1408 5499 1617 5573 vitiose
1649 5500 1867 5573 habent
1916 5501 2044 5556 cod.

398 5562 864 5636 Sigebergensis,
895 5562 1311 5636 Guclpherbyt,
1344 5575 1400 5625 et
1432 5570 1629 5627 Graeca
1658 5571 1866 5628 versio.

469 5635 489 5669 ⁷
518 5634 581 5690 Id
612 5651 680 5690 ex
723 5635 974 5692 Eusebio
1006 5637 1266 5697 quidem.
1311 5656 1390 5697 v1.
1438 5642 1506 5697 34
1542 5661 1555 5697 :
1589 5646 1784 5696 Τοῦτον
1829 5642 1993 5697 κατὲχ

476 5653 485 5669 ⁸
518 5653 581 5690 ια
612 5653 680 5690 ex
724 5653 974 5692 nusemo
1006 5653 1266 5708 qulaem,
1311 5656 1390 5708 VI,
1438 5653 1506 5697 34
1542 5661 1555 5712 ;
1589 5653 1784 5696 Τοῦτον
1829 5653 2050 5697 κατέ1.ει

398 5701 567 5782 λόγος
598 5707 915 5785 Χριστιανὸν
949 5702 1098 5782 ὄντα,
1129 5711 1430 5781 etc.,quod
1462 5711 1531 5770 in
1565 5713 1812 5773 Chronic.
1845 5716 1917 5772 ad
1952 5732 2054 5773 an-

2139 3348 2433 3425 χειαν,καὶ
2494 3348 2544 3402 έν
2609 3347 2835 3423 μεγίστῃ
2891 3349 3083 3423 γέγονε
3131 3351 3269 3421 τιμῇ
3316 3367 3327 3379 ·
3388 3347 3477 3402 καὶ
3529 3346 3667 3422 πρὸς
3700 3345 3805 3399 Φίς

2141 3435 2343 3491 λιππον
2395 3437 2485 3491 τὸν
2554 3434 2800 3512 βασιλέα,
2830 3436 2920 3491 τὸν
2979 3440 3198 3513 πρῶτον
3260 3436 3319 3491 ἐκ
3374 3440 3481 3491 τῶν
3513 3436 3803 3508 Ῥωμαίων

2145 3523 2410 3601 βασιλέων
2469 3525 2785 3602 Χριστιανὸν
2854 3524 3170 3600 γενόμενον,
3226 3524 3317 3577 καὶ
3356 3523 3493 3598 πρὸς
3532 3523 3632 3591 τήν
3677 3521 3803 3576 τού-

2138 3635 2235 3669 του
2279 3615 2488 3688 μητέρα
2527 3615 2828 3690 γράμματα
2866 3610 3204 3683 ἀπέστειλεν,
3241 3609 3492 3687 ἄχριτοῦ
3525 3610 3804 3687 παρόντος

2139 3705 2519 3780 τυγχάνοντα·
2578 3703 2669 3757 καὶ
2711 3702 2793 3757 ὅτι
2849 3702 3115 3773 τοσαύτην
3180 3695 3308 3776 ἔσ²χε
3366 3696 3607 3769 σπουδὴν
3675 3700 3803 3774 περὶ

2140 3794 2238 3855 τὰς
2272 3791 2419 3855 θείας
2454 3812 2467 3862 ;
2503 3792 2748 3871 Γραφᾶς,
2781 3792 2919 3847 ὥστε
2972 3792 3061 3846 καὶ
3100 3792 3201 3859 τήν
3231 3784 3520 3866 Ἑϐραῖκὴν
3562 3785 3799 3859 διάλεξιν

2141 4080 2264 4152 24θῄ
2296 4079 2698 4152 conﬁrmatur.
2750 4080 2967 4136 Verum
3009 4078 3247 4152 quantis
3318 4076 3440 4133 haec
3508 4075 3803 4132 sententia

2150 4149 2606 4206 difficultatibus
2636 4151 2710 4205 sit
2740 4149 3210 4219 obnoxiafsatis,
3256 4165 3349 4205 me
3396 4152 3648 4215 tacente,
3698 4163 3805 4202 no-

2148 4226 2290 4276 runt
2317 4221 2552 4293 eruditi.
2572 4222 2735 4277 Docti
2766 4222 2876 4277 viri
2907 4223 3065 4278 hunc
3082 4220 3417 4293 Philippum
3438 4235 3575 4275 cum
3597 4233 3810 4293 cognof

2148 4293 2313 4348 mine
2356 4292 2468 4347 alio
2520 4293 2749 4366 [Egypti
2797 4293 3105 4367 Augustali
3140 4289 3468 4349 Christiano
3524 4289 3807 4347 confundi

2153 4367 2490 4421 autumant.

2221 4436 2241 4469 ⁸
2274 4434 2580 4509 Otaciliam
2613 4435 2887 4509 Siaveram
2941 4435 3191 4509 Philippi
3230 4432 3507 4509 junioris
3537 4436 3810 4509 matrem,

2152 4509 2208 4581 et
2242 4506 2497 4581 senioris
2531 4508 2867 4581 conjugem,
2892 4508 3046 4563 unde
3072 4497 3317 4581 γαμετὴν
3364 4497 3613 4581 ξεϐήραν
3666 4497 3816 4558 dixit

2153 4577 2373 4652 Euseb.
2406 4594 2525 4652 non
2556 4574 2964 4652 ma'tré'mEam
2991 4574 3299 4652 epistolam
3323 4574 3816 4652 etiamyiencen-

2155 4648 2287 4721 tius,
2312 4648 2637 4705 Lirinensis
2667 4645 3105 4718 Commonitfl,
3156 4665 3264 4721 cap
3319 4648 3407 4703 23.
3458 4646 3564 4721 his
3619 4645 3814 4721 verbis

2155 4719 2364 4794 laudat
2394 4736 2407 4773 :
2438 4744 2465 4794 ς(
2493 4721 2687 4794 Quam
2718 4715 3187 4794 autemgprivatae
3228 4715 3355 4775 non
3387 4716 3581 4794 solum
3606 4715 3812 4794 condi-

2156 4790 2323 4864 tioni,
2356 4792 2458 4847 sed
2488 4792 2601 4864 ipsi
2632 4808 2864 4864 quoque
2913 4786 3089 4848 fuerit
3138 4791 3516 4864 reverendus
3540 4786 3811 4864 imperio,

2156 4858 2458 4935 declarant
2487 4858 2929 4935 Historia-ques
2958 4881 3093 4920 eum
3154 4880 3189 4935 a
3248 4865 3435 4935 matre
3491 4858 3810 4935 Alexandri

2148 4934 2521 5006 imperatoris
2551 4931 3553 5006 accitum'ferunt,cmlestisutique
3582 4931 3812 5006 sapien-

2148 5001 2699 5079 tiae—meritotcujus
2731 5005 2914 5079 etiille
2958 5001 3168 5079 gratia,
3220 5010 3278 5061 et
3322 5004 3421 5079 illa
3454 5001 3671 5079 amore
3703 5001 3809 5057 fla-

2150 5078 2377 5203 grabat,
2412 5078 2527 5133 Led
2559 5074 2616 5133 et
2644 5078 2911 5159 ejusdem
2941 5074 3200 5161 epistola
3230 5076 3799 5158 testimoniumper-

2194 5148 2533 5203 1bent.auas
2554 5149 2627 5203 ad
2658 5148 2993 5203 Philippum
3023 5154 3560 5203 imperatorem.au1
3582 5160 3799 5203 primus

2194 5148 2533 5221 ibent,quas
2554 5149 2627 5204 ad
2658 5143 2999 5222 Philippum,
3023 5144 3560 5222 imperatorem,qp_i
3582 5143 3811 5222 primus

2153 5215 2548 5292 Ramanorum
2582 5215 2913 5292 principum
2944 5215 3312 5277 Christianus
3346 5215 3809 5292 mammam

2154 5291 2478 5364 magisterii
2508 5289 2851 5364 auctoritate
2881 5292 3257 5364 conscripsit.
3309 5314 3339 5341 ‹‹
3389 5289 3579 5346 Unam
3625 5303 3808 5364 porro

2156 5361 2660 5437 epistolam,_non
2730 5362 2951 5437 plures,
3002 5361 3288 5437 intellige,
3343 5376 3595 5433 eamque
3649 5361 3813 5415 circa

2156 5433 2381 5511 annum
2413 5433 2691 5506 scriptam
2721 5433 2940 5511 245.“
3038 5505 3049 5511 _
3168 5433 3278 5511 _'_'
3378 5503 3389 5511 ,

2228 5501 2665 5577 ῨΗωοᾳυὸᾳυο
2714 5507 2786 5561 de
2842 5505 3125 5563 Hebraica
3161 5503 3424 5576 Origenis
3478 5501 3817 5577 eruditione

2156 5575 2322 5650 valde
2354 5572 2730 5650 disputantur
2758 5577 2816 5650 in
2849 5582 3161 5650 utramque
3189 5572 3432 5650 partem
3466 5591 3478 5631 :
3515 5572 3816 5631 doctiores

2160 5647 2423 5721 plerique
2449 5646 2744 5723 denegant
2773 5649 2925 5708 hanc
2953 5648 3041 5706 illi
3064 5646 3332 5708 laudem.

3170 5755 3177 5763 ι
