4082 6168
240 339 357 413 70!

1345 342 1577 413 LIBER
1616 343 1721 413 DE
1764 343 1975 415 VIRIS
2016 346 2555 417 ILLUSTRIBUS.

3533 328 3652 415 vos

240 475 662 557 ἐναντιουμένην
720 482 787 557 τῇ
841 500 899 537 τε
962 477 1171 553 ἡλικία
1210 481 1299 536 καὶ
1365 486 1433 556 τῇ
1501 482 1674 554 οἰκείᾳ
1739 482 1893 561 φύσει

2031 486 2367 543 εᾱὶῐίοηεεὶη
2390 502 2574 541 unum
2596 486 2977 558 congregaret
2995 480 3266 542 volumen
3306 482 3322 521 ί
3363 501 3378 554 ;
3428 485 3650 559 Aquila

240 574 492 648 ἐκμαθεῖν
527 593 539 605 °
609 572 700 627 καὶ
751 569 881 649 δίχα
946 577 1055 627 τῶν
1113 567 1493 645 ἐϐδομήκοντα
1550 574 1895 648 ἐρμηνευτῶν

241 660 417 726 ἄλλας
478 660 722 723 ἐκδόσεις
798 662 874 723 εἷς
932 658 986 715 ἓν
1066 667 1383 736 συναγαγεῖν
1420 707 1433 729 ,
1488 660 1694 716 ’Δκύλα
1752 659 1899 735 λέγω

242 757 512 808 Ποντικοῦ
569 748 944 827 προσηλύτου,
1002 750 1091 804 καὶ
1146 748 1509 811 Θεοδοτίωνος
1553 745 1899 818 Ἠϐιωναίου,

240 843 333 895 καὶ
397 841 710 915 Συμμάγου
765 843 862 892 τοῦ
921 838 1083 892 αὐτοῦ
1151 836 1426 912 δόγματος
1463 884 1476 907 ,
1535 840 1594 901 ’ὸς
1647 839 1709 892 τὸ
1767 839 1903 893 κατὰ

245 931 529 985 Μπθαῖον
590 925 919 1002 Εὖαγγέλιον
981 928 1414 1000 ὑπεμνημάτισε,
1476 926 1544 982 δι’
1593 929 1653 982 οὗ
1705 929 1794 983 καί
1841 928 1902 981 τὸ

250 1016 394 1073 ἰ’διον
456 1015 631 1091 δόγμα
685 1011 999 1092 βεϐαιῶσαι
1058 1014 1289 1073 σπεύδει.
1350 1018 1585 1090 Ὁμοίως
1639 1015 1695 1072 δὲ

250 1108 346 1162 καὶ
379 1106 434 1176 ’ἐξ
465 1107 549 1160 καὶ
608 1106 742 1160 ἑπτά
797 1106 893 1167 τὰς
952 1103 1212 1171 ἐκδόσεις,
1267 1104 1481 1168 ἅστινας
1510 1108 1601 1161 καὶ
1648 1110 1813 1180 ἡμεῖς
1848 1106 1906 1161 ἐκ

252 1204 354 1264 τῆς
389 1194 551 1249 αὐτοῦ
586 1189 950 1268 βιϐλιοθήκης
984 1190 1243 1270 ἔσχομεν,
1290 1192 1489 1268 πολλῶ
1526 1196 1678 1269 πόνῳ
1711 1197 1903 1271 εὑρὼν,

246 1280 487 1360 ἔλεγχον
537 1288 644 1337 τῶν
709 1282 871 1337 αὐτοῦ
921 1285 1306 1358 συνταγμάτων
1369 1284 1420 1338 ἐν
1478 1290 1557 1357 τῷ
1583 1284 1768 1361 τεύχει
1797 1289 1903 1339 τῶν

246 1374 388 1447 μετὰ
418 1374 620 1446 ὲτέρων
656 1370 915 1427 ἐκδόσεων
950 1372 1218 1442 ὠνήσατο.

314 1463 420 1517 Καὶ
482 1458 672 1530 ἐπειδή
747 1462 838 1516 τὸν
914 1460 1215 1517 ἐπιστολῶν
1292 1464 1398 1518 τῶν
1477 1464 1612 1538 πρὸς
1688 1461 1905 1517 Παύλαν

242 1553 375 1626 παρ’
433 1553 599 1624 ἡμῶν
657 1555 963 1628 γραφεισῶν
1000 1596 1013 1620 ,
1072 1550 1121 1606 ἐν
1186 1551 1282 1625 μιᾴ
1336 1550 1599 1626 ἐπιστολῇ
1672 1551 1907 1627 συγκρί-

242 1662 353 1695 νων
425 1646 545 1701 τοῖς
626 1639 911 1717 Βάρρωνος
992 1635 1174 1715 ἔργοις
1243 1641 1454 1696 τέθεικα
1496 1686 1509 1710 ,
1568 1646 1658 1695 νῦν
1740 1661 1911 1716 παρα-

244 1728 516 1803 λιμπάνω
560 1773 574 1797 ,
634 1727 806 1782 ἐκεῖνο
884 1729 1006 1801 περὶ
1078 1736 1178 1797 τῆς
1250 1728 1415 1784 αὐτοῦ
1484 1730 1743 1784 ἀθανάτου
1803 1730 1912 1784 εὖ-

1747 1019 1905 1072 πέντε

2008 576 2233 631 scilicet
2264 575 2480 630 Pontici
2512 574 2807 645 proselyti,
2832 578 2888 629 et
2908 574 3325 630 Theodotionis
3347 576 3650 643 Hebionei,

2011 671 2067 720 et
2095 663 2431 736 Symmachi
2461 665 2725 735 ejusdem
2775 663 3089 735 dogmatis,
3139 663 3239 735 qui
3289 665 3347 718 in
3393 665 3654 736 Evange-

2010 753 2155 808 lium
2216 769 2447 824 quoque
2495 753 2631 805 κατὰ
2684 753 2953 808 Ματθαῖον
3012 752 3246 824 scripsit
3294 759 3655 809 commenta-

2012 843 2151 911 rios,
2183 842 2253 897 de
2283 858 2398 913 quo
2430 845 2486 895 et
2515 858 2689 895 suum
2742 843 2956 913 dogma
3000 842 3346 896 conﬁrmare
3392 846 3654 898 conatur.

2014 932 2292 988 Praeterea
2321 929 2586 1001 quintam
2630 934 2687 984 et
2716 934 2936 985 sextam
2970 934 3028 985 et
3080 930 3394 1001 septimam
3439 930 3656 984 editio—

2013 1036 2170 1087 nem,
2194 1036 2341 1090 quas
2359 1018 2535 1073 etiam
2562 1036 2668 1074 nos
2688 1019 2759 1074 de
2780 1019 2908 1089 ejus
2932 1017 3285 1073 bibliotheca
3301 1020 3322 1052 ²
3347 1018 3657 1085 habemus,

2016 1110 2163 1165 miro
2202 1109 2398 1163 labore
2452 1107 2684 1180 reperit,
2744 1113 2802 1163 et
2847 1124 2982 1162 cum
3023 1109 3248 1162 caeteris
3297 1106 3662 1162 editionibus

2016 1196 2438 1270 comparavit}.

2089 1467 2243 1523 890
2275 1468 2343 1522 Et
2373 1466 2512 1539 quia
2540 1465 2792 1520 indicem
2826 1480 3067 1537 operum
3100 1466 3229 1535 ejus
3261 1463 3320 1518 in
3352 1462 3665 1519 volumini-

2018 1556 2131 1612 bus
2177 1554 2581 1627 epistolarum,
2616 1570 2764 1627 quas
2794 1554 2865 1609 ad
2918 1552 3156 1608 Paulam
3205 1552 3576 1625 scripsimus,
3606 1553 3665 1607 in

2021 1646 2274 1717 quadam
2305 1644 2550 1716 epistola
2578 1645 2599 1678 ‘
2627 1647 2831 1699 contra
2872 1642 3145 1697 Varronis
3166 1658 3341 1714 opera
3362 1642 3667 1697 conferens

2022 1734 2212 1806 posui,
2245 1750 2401 1789 nunc
2431 1733 2673 1788 omitto:
2706 1730 2852 1786 illud
2883 1732 2953 1786 de
2993 1730 3314 1786 immortali
3346 1732 3476 1802 ejus
3504 1730 3671 1801 inge-

245 1816 416 1896 φυῖας
502 1819 577 1889 μή
650 1821 868 1871 σιωπῶν
925 1862 938 1885 ,
1002 1815 1084 1871 ὅτι
1164 1837 1263 1893 περ
1342 1815 1686 1888 διαλεκτικὴν
1752 1864 1765 1889 ,
1823 1819 1913 1873 καὶ

582 1908 595 1925 \
770 1906 783 1925 9
850 1908 876 1925 Λ
1069 1908 1082 1925 ς
1464 1909 1476 1925 \
1734 1908 1741 1913 ⁸

2031 1823 2119 1878 nio
2152 1839 2266 1878 non
2298 1826 2518 1890 tacens,
2543 1822 2697 1893 quod
2720 1820 3081 1876 dialecticam
3109 1835 3342 1892 quoque
3363 1823 3422 1875 et
3442 1834 3673 1892 geome-

247 1908 635 1982 γεωμετρικὴν
672 1950 685 1971 ,
758 1906 1121 1981 ἀριθμητικὴν
1160 1951 1173 1975 ,
1253 1909 1515 1979 μουσικὴν
1554 1953 1567 1977 ,
1630 1908 1862 1982 γράμμα
1892 1941 1914 1949 -

247 1998 439 2064 τικὴν,
496 1994 645 2053 896
703 1995 791 2047 καὶ
851 1994 1173 2069 ῥητορικὴν,
1223 1997 1313 2049 καὶ
1351 1997 1563 2050 πάντων
1612 2002 1719 2051 τῶν
1753 1995 1913 2075 φιλο-

253 2085 445 2161 σόφων
477 2084 544 2136 τὰ
597 2080 845 2156 δόγματα
905 2083 1080 2144 οὕτως
1138 2082 1411 2155 ἐξέμαθεν,
1481 2083 1619 2138 ὥστε
1678 2083 1913 2140 σπουδα-

256 2174 399 2234 σ-τᾶς
453 2177 560 2225 τῶν
610 2176 883 2244 κοσμικῶν
944 2174 1284 2246 γραμμάτων
1347 2174 1613 2248 ἀκροατὰς
1686 2174 1914 2251 ἐσχηκέ-

254 2282 377 2329 ναι,
423 2259 512 2314 καξ
545 2259 842 2334 ἐξηγεῖσθαι
895 2258 1079 2322 αὐτοῖς
1140 2259 1436 2331 ἑκάστοτε,
1497 2260 1803 2337 συνδρομάς
1858 2284 1916 2317 τε

252 2350 400 2424 πρὸς
460 2347 617 2402 αὐτὸν
648 2346 863 2410 πολλάς
922 2349 1181 2422 γίνεσθαι,
1242 2348 1302 2411 ἃς
1357 2347 1444 2404 διὰ
1480 2356 1640 2405 τοῦτο
1673 2349 1913 2428 ἐδέχετο,

259 2439 344 2517 ἐφ’
401 2439 538 2511 ᾧγε,
594 2438 857 2514 προφάσει
918 2444 1020 2505 τῆς
1091 2434 1462 2508 διδασκαλίας,
1531 2440 1607 2501 εἷς
1664 2442 1761 2509 τὴν
1820 2445 1916 2495 τοῦ

263 2530 501 2602 Χριστοῦ
530 2525 712 2580 πίστιν
744 2527 956 2601 ἀνάγειν
1014 2527 1234 2589 πάντας.
1296 2529 1424 2601 Περί
1474 2529 1576 2605 γάρ
1616 2536 1718 2597 τῆς
1763 2529 1915 2602 ὠμό-

260 2635 427 2685 τητος
480 2619 577 2668 τοῦ
635 2611 905 2689 διωγμοῦ,
958 2619 1053 2668 τοῦ
1108 2616 1244 2669 κατὰ
1297 2620 1402 2670 τῶν
1463 2622 1793 2689 Χριστιανῶν
1830 2618 1916 2673 ἐπὶ

266 2704 455 2759 Δεκίου
486 2703 821 2773 κινηθέντος,
880 2701 1079 2758 ἐλύσσα
1135 2708 1238 2779 γάρ
1293 2704 1369 2767 εἰς
1429 2704 1710 2761 Φιλίππου
1761 2706 1918 2764 εὒλά-

265 2787 436 2862 ϐειαν,
486 2790 546 2847 ’ὀν
603 2793 694 2846 καὶ
753 2793 1080 2847 ἀπέκτεινεν’
1136 2793 1301 2847 εἰπεῖν
1361 2797 1608 2869 ἡγοῦμαι
1642 2796 1913 2868 περισσόν.

266 2888 347 2937 Ἐν
392 2881 545 2953 αὐτῷ
593 2882 696 2956 γὰρ
742 2886 822 2951 τῷ
873 2878 1106 2955 διωγμῷ
1161 2883 1251 2936 καὶ
1311 2878 1583 2946 Φαϐιανὸς
1624 2886 1652 2939 ὁ
1699 2886 1918 2958 Ῥώμης

273 2971 566 3033 ἐπίσκοπος
628 2968 979 3041 ἐτελεύτησε,
1038 2972 1128 3025 καὶ
1186 2970 1540 3048 Ἀλέξανδρος
1599 2975 1689 3029 καὶ
1746 2970 1919 3029 Βαϐύ-

273 3058 397 3130 λας,
425 3057 823 3133 Ἱεροσολύμων
880 3060 969 3114 καὶ
1020 3060 1359 3136 Ἀντιοχείας
1408 3062 1716 3133 ἐπίσκοποι,
1760 3062 1811 3117 ἐν
1850 3067 1919 3136 τῇ

266 3147 482 3227 φυλακῇ
539 3147 887 3222 ὄμολογηταί
946 3148 1334 3222 ἐκοιμὴθησαν.
1396 3148 1464 3204 Ei’
1515 3171 1598 3213 τις
1646 3154 1748 3227 γάρ
1796 3153 1920 3226 περὶ

2023 1911 2217 1978 triam,
2248 1915 2304 1966 et
2324 1911 2773 1979 arithmeticam,
2801 1910 3114 1977 musicam,
3143 1908 3591 1982 grammaticam
3615 1913 3672 1963 et

2023 2001 2395 2070 rhetoricam,
2475 2000 2858 2071 omniumque
2934 1998 3419 2071 philosophorum
3483 2001 3673 2053 sectas

2024 2091 2105 2144 ita
2132 2089 2353 2153 didicit,
2391 2093 2453 2144 ut
2483 2088 2779 2144 studiosos
2809 2104 3042 2159 quoque
3073 2088 3093 2123 ⁸
3124 2086 3494 2142 sacularium
3527 2085 3675 2141 litte-

2025 2195 2221 2235 rarum
2274 2182 2589 2235 sectatores
2646 2177 2905 2243 haberet,
2967 2181 3023 2232 et
3076 2176 3561 2247 interpretaretur
3589 2174 3673 2229 eis

2026 2267 2303 2340 quotidie,
2337 2281 2777 2337 concursusque
2808 2265 2880 2320 ad
2909 2281 3042 2319 eum
3075 2263 3211 2318 miri
3245 2264 3490 2319 ﬁerent:
3526 2279 3673 2334 quos

2027 2356 2123 2411 ille
2152 2359 2457 2428 propterea
2489 2353 2826 2426 recipiebat,
2857 2356 2923 2406 ut
2953 2352 3064 2407 sub
3094 2351 3399 2407 occasione
3430 2348 3672 2405 sacula-

2026 2445 2109 2501 ris
2138 2444 2472 2499 litteratura
2522 2442 2579 2497 in
2635 2442 2749 2497 ﬁde
2795 2440 3010 2497 Christi
3056 2456 3155 2495 eos
3203 2440 3559 2494 institueret.
3591 2438 3673 2494 De

2027 2532 2370 2588 crudelitate
2413 2535 2609 2587 autem
2668 2529 3115 2602 persecutionis,
3173 2546 3299 2601 qua
3358 2528 3673 2583 adversum

2026 2610 2392 2677 Christianos
2424 2621 2534 2675 sub
2564 2620 2735 2676 Decio
2766 2618 3149 2686 consurrexit,
3183 2634 3250 2674 eo
3281 2617 3437 2689 quod
3460 2617 3521 2671 in
3540 2615 3673 2671 reli-

2029 2712 2260 2783 gionem
2293 2709 2543 2782 Philippi
2575 2708 2894 2774 desaviret,
2928 2723 3103 2780 quem
3147 2710 3203 2762 et
3232 2706 3542 2772 interfecit,
3576 2721 3675 2761 su-

2030 2799 2211 2872 perﬂu
2224 2817 2318 2854 um
2345 2804 2433 2854 est
2448 2799 2638 2853 dicere
2661 2815 2673 2852 :
2695 2814 2827 2854 cum
2854 2798 3028 2853 etiam
3061 2796 3375 2863 Fabianus,
3400 2795 3675 2850 Romana

2028 2887 2297 2944 Ecclesia
2311 2888 2641 2959 episcopus,
2667 2887 2724 2942 in
2749 2887 2878 2958 ipsa
2900 2884 3258 2953 occubuerit,
3278 2888 3335 2939 et
3350 2883 3678 2939 Alexander

2033 2978 2415 3049 Babylaeque,
2447 2974 2980 3048 Hierosolymorum
3009 2979 3067 3030 et
3096 2972 3467 3029 Antiochena
3492 2970 3678 3027 Eccle-

2031 3066 2130 3122 sia
2161 3066 2484 3138 pontiﬁces,
2518 3065 2579 3120 in
2611 3081 2840 3121 carcere
2894 3080 2998 3136 pro
3056 3062 3421 3120 confessione
3463 3060 3674 3116 Christi

2034 3154 2397 3211 dormierint.
2428 3154 2499 3209 Et
2529 3171 2706 3226 super
2733 3152 2999 3225 Origenis
3042 3155 3200 3208 statu
3257 3151 3307 3206 si
3364 3149 3497 3222 quis
3526 3149 3679 3205 scire

267 3240 578 3313 Ὠριγένους
638 3239 824 3310 μαθεῖν
883 3235 1114 3311 ἐθελήσῃ
1148 3282 1161 3307 ,
1230 3243 1444 3293 πρῶτον
1517 3241 1610 3313 μὲν
1686 3241 1745 3295 ἐκ
1808 3245 1914 3296 τῶν

2033 3243 2185 3311 velit,
2219 3242 2359 3316 quid
2391 3247 2587 3299 actum
2604 3242 2701 3309 sit,
2726 3243 2983 3314 primum
3011 3240 3250 3313 quidem
3276 3239 3348 3294 de
3372 3236 3637 3310 epistolis
3657 3238 3679 3271 ⁸

269 3324 571 3382 ἐπιστολῶν
605 3326 790 3395 αὐτοῦ,
848 3331 955 3380 τῶν
1016 3328 1149 3398 μετὰ
1203 3328 1293 3381 τὸν
1347 3325 1591 3403 διωγμὸν
1637 3332 1773 3402 πρὸς
1804 3328 1917 3385 δια-

269 3416 472 3494 φόρους
519 3413 947 3485 ἀποσταλεισῶν,
1003 3411 1187 3469 ἔπειτα
1245 3413 1302 3470 δὲ
1357 3418 1447 3471 καὶ
1489 3418 1592 3472 ἀπὸ
1633 3424 1729 3474 τοῦ
1760 3416 1918 3475 ἕκτου

268 3502 442 3578 λόγου
487 3511 587 3572 τῆς
626 3498 889 3558 Εόσεϐίου
938 3505 1259 3580 Καισαρείας
1310 3504 1604 3561 ἐπισκόπου
1654 3508 1917 3584 ἱστορίας,

266 3593 364 3646 καὶ
395 3592 530 3665 ὑπὲρ
580 3597 674 3646 τοῦ
728 3592 890 3648 αὔτοῦ
948 3593 1256 3668 Ὠριγένους
1305 3589 1535 3668 βιϐλίων
1603 3594 1657 3667 ’ἐξ
1716 3596 1921 3667 τηλαυ-

348 3789 363 3821 ¹
384 3787 774 3865 Ιξζρυηεθηᾴα
789 3790 1057 3865 videatur
1078 3806 1187 3865 vc}
1211 3790 1709 3865 isthacvolumen,
1736 3810 1916 3865 quam

272 3875 382 3917 nec
413 3858 956 3937 Veronensisliber,
990 3877 1094 3917 nec
1134 3862 1367 3937 Gpracus
1418 3858 1705 3937 interpres
1735 3858 1921 3937 agno-

266 3936 466 4006 scunt.
498 3930 1133 4006 I_)_i_xerit_H_ieronymus
1164 3934 1224 3988 in
1254 3950 1450 4003 unum,
1484 3930 1639 4006 quod
1670 3930 1917 4003 estuna,

266 4002 480 4078 simul,
509 4002 642 4078 illas
671 4002 1311 4078 editiones'Origenem
1350 4002 1739 4078 congregasse
1765 4026 1778 4076 ;
1812 4002 1919 4064 nec

258 4074 420 4148 enim
452 4073 790 4148 verosimile
810 4080 899 4131 est
920 4091 1036 4131 uno
1059 4073 1916 4148 comprehendisse'volumine.

262 4145 828 4221 Quaiejusjaboris
878 4145 1212 4219 supersunt
1246 4149 1591 4221 fragmenta,
1645 4150 1793 4206 duos
1823 4167 1919 4206 ex-

265 4216 433 4289 plent
468 4215 532 4289 in
567 4215 706 4289 folio
750 4215 962 4272 tomos.

263 4285 623 4415 ἇϐἒῗοέιίρδι
650 4288 1009 4344 Caesariensi.
1061 4288 1141 4344 De
1182 4288 1535 4361 Symmacho
1582 4291 1700 4346 vid.
1732 4293 1915 4348 Ebcd-

377 4376 394 4414 ι
486 4401 498 4413 .
599 4401 613 4413 ,

309 4374 415 4414 8811
448 4374 498 4413 C.
526 4374 613 4413 1U.

303 4430 358 4511 .3
385 4429 639 4511 Quidam
673 4445 816 4511 mss.
861 4434 1028 4511 tes-te-
1057 4431 1414 4511 Martianao,
1465 4433 1756 4511 capulapit.
1796 4434 1926 4491 Pes-

268 4500 418 4557 sime
446 4506 648 4577 autem
679 4500 912 4577 Gracus
948 4501 1235 4577 interpres
1266 4500 1537 4577 ώνῄσᾳτᾶ
1572 4505 1673 4576 qui
1704 4522 1922 4577 compa-

266 4589 413 4647 rare,
448 4572 509 4628 id
539 4577 648 4647 est,
680 4576 949 4645 conferre,
982 4572 1204 4645 accepit
1226 4573 1473 4647 perinde
1522 4572 1699 4647 atque
1722 4572 1921 4633 emere.

2029 3334 2180 3404 ejus,
2231 3350 2357 3405 qua
2390 3337 2520 3404 post
2550 3331 3013 3404 persecutionem
3060 3330 3131 3385 ad
3171 3328 3432 3383 diversos
3478 3326 3673 3382 missa

2031 3426 2205 3487 sunt;
2241 3420 2452 3477 deinde
2482 3422 2553 3476 de
2600 3423 2761 3477 sexto
2810 3418 3041 3475 Eusebii
3086 3415 3463 3473 Caesariensis
3492 3413 3681 3470 eccle-

2031 3510 2278 3567 siastica
2307 3510 2564 3565 historia
2596 3508 2767 3575 libro,
2798 3513 2857 3564 et
2877 3525 2981 3580 pro
3003 3508 3207 3563 eodem
3230 3505 3479 3577 Origene
3499 3504 3558 3558 in
3581 3519 3682 3559 sex

2029 3599 2451 3667 voluminibus,
2508 3598 2721 3671 poterit
2768 3596 2994 3668 liquido
3053 3595 3463 3667 cognoscere".
3523 3592 3682 3647 Vixit

2027 3794 2147 3850 sint
2202 3791 2543 3866 geometria,
2602 3788 3299 3866 arithmetica,‘_musiAca_,
3362 3789 3497 3866 etc,
3530 3801 3680 3866 quas

2029 3857 2355 3932 enumErat,
2388 3878 2628 3936 quosque
2656 3862 2869 3918 horum
2900 3860 3161 3918 studiose
3192 3857 3461 3932 Origehis
3490 3860 3676 3913 secta-

2029 3941 2184 3993 tores
2217 3934 2409 3993 fuisse‘
2427 3934 2625 3989 tradit.

2100 4010 2122 4042 ⁸
2151 4008 2247 4063 Ha
2279 4012 2476 4078 autem
2511 4004 2769 4078 epistola
2800 4002 3240 4078 interciderunt,
3291 3999 3674 4078 quemadmo-

2033 4081 2175 4134 dum
2205 4083 2263 4135 et
2289 4070 2589 4149 Apologia,
2623 4092 2799 4148 quam
2834 4090 2966 4130 mox
2996 4074 3201 4149 laudat
3226 4070 3339 4149 sei_
3363 4070 3680 4149 volumini-

2033 4152 2164 4217 bus,
2199 4144 2451 4222 quor'um
2477 4144 2661 4222 unum
2692 4151 2924 4222 tantum
2946 4163 3043 4222 _ex_
3081 4144 3681 4222 RuﬁniJinterpreta-

2032 4211 2189 4278 tione
2218 4211 2505 4293 'superat.
2558 4218 2708 4293 Vid._
2749 4211 3569 4293 Eusebii_luculentissimum
3609 4211 3681 4267 de

2033 4293 2153 4349 illis
2185 4289 2610 4358 testiinonium,
2652 4290 2753 4346 lib.
2785 4306 2862 4345 v1.
2896 4305 2945 4344 ο.
2978 4289 3067 4344 39.

2104 4367 2123 4399 ⁷
2158 4365 2388 4435 Liquida
2415 4357 2747 4435 cognchere.
2781 4361 2934 4416 Inter
2981 4359 3103 4415 hac
3146 4357 3321 4435 verba
3366 4369 3682 4435 cognoscere

2038 4440 2095 4490 et
2142 4426 2302 4505 visit,
2336 4426 2537 4490 addita
2564 4434 2842 4507 leguntur
2864 4429 3290 4507 consequentia
3318 4427 3491 4507 verba
3510 4426 3682 4507 inco-

2034 4507 2160 4562 dice
2191 4502 2301 4562 ms.
2337 4502 2734 4561 Ambrosiana
2764 4503 3127 4560 bibliotheca
3175 4516 3319 4556 num
3361 4502 3486 4565 281,
3532 4502 3591 4552 et
3620 4502 3681 4551 in

2038 4578 2328 4634 Vaticanis
2359 4577 2486 4643 348,
2518 4577 2665 4632 349ι
2723 4597 2750 4625 ‹‹
2780 4580 2911 4631 Hac
2958 4574 3088 4630 laus
3132 4571 3398 4644 Origenis
3450 4574 3505 4626 et
3534 4567 3683 4644 falsa

332 4645 357 4677 ‘
385 4645 451 4699 In
478 4641 1003 4720 quadamepistola.
1048 4641 1178 4699 Hac
1225 4641 1473 4720 epistola
1526 4641 1743 4718 injuria
1771 4652 1923 4703 tem-
1955 4654 2002 4719 1)
2033 4654 2141 4716 est,
2174 4653 2230 4704 et
2259 4641 2519 4720 deeeptio
2555 4647 2968 4719 plurimorum,
3001 4645 3101 4718 qui
3144 4644 3203 4699 in
3237 4641 3519 4720 'amorem
3550 4641 3681 4710 ejus

263 4714 844 4839 gerumintercidit;
876 4717 1046 4787 cujus
1075 4714 1277 4771 tamen
1302 4717 1516 4773 bonam
1547 4714 1772 4790 partem
1805 4723 1919 4774 Ru-

312 4801 376 4838 ω
412 4785 714 4839 -1nvectiva
769 4786 939 4839 nobis
996 4792 1397 4839 conservatam
1453 4789 1725 4839 prodidit.
1777 4790 1919 4839 Vide

312 4784 376 4838 ni
412 4785 714 4860 invectiva
769 4784 963 4860 nobis'
996 4792 1397 4843 conservatam
1452 4784 1725 4860 pro—didit.
1777 4790 1922 4846 Vide

265 4870 469 4926 supra
494 4853 553 4909 in
582 4857 694 4913 line
722 4857 1121 4930 Epistolarum
1157 4860 1424 4914 secunda
1452 4853 1697 4916 'classis.
1745 4861 1923 4918 Cate-

267 4941 483 5010 rarum
513 4942 737 5010 quoque
766 4928 1065 5010 volumina
1087 4929 1713 5010 Epistolammjnvidit
1730 4938 1924 5010 poste:

267 4997 354 5054 ris
385 4996 694 5056 humilitas
728 5001 1105 5074 acmodestia
1125 4996 1574 5074 sanctaPaula,
1600 5019 1712 5074 que
1730 4996 1924 5059 noluit

266 5085 484 5195 mea
516 5086 692 5126 suum
732 5070 1009 5129 celebrari
1043 5089 1110 5127 ex
1148 5072 1419 5143 Epistolis
1451 5074 1507 5129 S.
1562 5070 1916 5147 Hieronymi.

403 5158 566 5195 τιΑΝ.

403 5158 566 5196 ΤῙΔΝ.

339 5242 410 5251 -—-
426 5210 616 5286 Hujus
635 5212 892 5286 epistola
911 5213 1301 5286 fragmentum
1322 5215 1570 5272 servavit
1588 5216 1835 5273 Ruﬁnus
1859 5217 1919 5273 in

265 5282 799 5352 [malitiarum—lib.
834 5302 898 5352 ιι,
932 5282 1087 5352 (μιοά
1129 5289 1187 5340 et
1234 5303 1342 5342 nos
1392 5287 1527 5342 inde
1578 5288 1826 5344 ascitum
1859 5289 1919 5344 in

268 5351 459 5438 ρι-ίοιι
481 5358 664 5438 mea
695 5351 989 5438 ερίειεβθ»
1034 5356 1399 5438 amamus-
1428 5359 1732 5438 .Euméese
1766 5360 1917 5438 indi.-

266 5424 396 5480 cem
416 5424 709 5482 Eusebius
730 5424 1138 5510 institueratin
1162 5428 1316 5484 Vita.
1342 5430 1400 5485 S.
1428 5429 1716 5503 Pamphili
1742 5436 1913 5489 mart.

266 5510 525 5568 quacum
560 5513 678 5552 una
707 5504 897 5570 periit.

386 5564 1001 5652 Vaticanus-stadim”
1039 5586 1279 5643 quosque
1333 5587 1439 5643 pro
1496 5575 1914 5652 ᾳμοᾳιιθμςιυοά

263 5639 478 5709 utique
508 5640 711 5713 reponi
737 5641 951 5710 velim;
997 5639 1135 5700 nam
1180 5639 1673 5702 cum—saeculares
1710 5639 1917 5705 littera

2033 4711 2455 4792 provocantur:
2488 4711 2622 4775 cu'm
2655 4723 2880 4792 constet
2908 4711 3245 4792 eum‘super
3275 4730 3481 4792 omnes
3506 4711 3683 4792 hare-

2031 4784 2181 4846 ticos
2210 4794 2491 4861 venenato
2523 4806 2621 4845 ore
2653 4790 2757 4861 (vel
2805 4784 3561 4861 venerariofinauditasft
3590 4784 3679 4860 in-

2033 4861 2366 4918 tolerabiles
2395 4852 3038 4933 blaspher‘niasispiritu
3071 4852 3355 4933 diabolica
3388 4854 3445 4908 in
3461 4852 3677 4933 “Domi-

2034 4952 2173 4988 num
2226 4937 2491 4988 nostrum
2532 4923 2744 4987 'Jesum
2778 4923 3089 5003 Christum
3146 4928 3405 5003 locutum
3457 4923 3679 5003 fuisse:

2033 5004 2288 5077 quinque
2322 5022 2356 5058 a
2379 5004 2605 5077 sanctis
2639 5002 2927 5077 Patribus,
2961 4997 3265 5077 episcopis,
3298 4993 3681 5077 etmonachis

2030 5064 2581 5142 anathematizatus,
2627 5073 2803 5129 etiam
2852 5064 3014 5127 bona.
3052 5064 3260 5141 ipsi—us
3293 5066 3536 5122 minime
3568 5064 3680 5137 legi

2031 5148 2259 5204 debere.
2292 5146 2470 5211 Vixit,
2503 5150 2613 5201 etc.
2653 5144 2983 5216 )yMARTIm.
3121 5212 3135 5216 _
3223 5210 3236 5216 _
3384 5206 3431 5216 η
3478 5206 3511 5216 Α,

2102 5251 2167 5259 —
2194 5220 2259 5274 In
2293 5235 2402 5274 ms.
2437 5206 2823 5272 Ambrosiano
2854 5215 2955 5268 281
3002 5216 3058 5267 et
3104 5210 3336 5266 duobus
3384 5206 3683 5263 Vaticanis

2027 5290 2301 5346 Scholion
2330 5287 2677 5359 hujusmodi
2704 5283 3136 5359 inepiissimum
3185 5279 3404 5359 invenit
3432 5278 3677 5359 Martia-

2028 5378 2229 5417 naus:
2266 5383 2293 5410 «
2328 5350 2457 5415 Hac
2490 5360 2621 5414 laus
2651 5350 2915 5429 Origénis
2947 5361 3002 5411 et
3032 5354 3179 5429 falsa
3204 5357 3313 5419 est,
3337 5356 3395 5408 et
3415 5350 3681 5429 deceptio

2027 5432 2439 5505 plurimorum,
2468 5431 2566 5502 qui
2637 5430 2695 5483 in
2754 5427 3012 5483 amorem
3056 5427 3679 5505 ejusuprovocantur;

2027 5496 2159 5559 cum
2195 5496 2580 5558 constet'eum
2614 5516 2791 5572 super
2820 5496 3364 5572 omneshareticos
3395 5497 3681 5572 venenato

2027 5574 2470 5648 oreinauditas
2482 5577 2540 5628 et
2589 5564 2986 5648 intolerabiles
3035 5566 3437 5648 blasphemiae
3469 5564 3679 5648 spiritu

2027 5644 2313 5702 diabolico
2344 5643 2405 5701 in
2436 5643 2755 5703 Dominum
2805 5646 3074 5702 nostrum
3125 5636 3330 5699 Jésum
3378 5636 3677 5693 Christum
