4082 6168
347 319 457 377 7‘l7

1436 322 1670 383 LIBER
1712 322 1815 384 DE
1859 317 2068 385 VlRlS
2112 324 2652 388 ILLUSTRIBUS.

3632 335 3752 396 718

339 449 586 523 ψαμὲνου
631 448 828 505 χιλίων
883 451 1139 507 ἐνιαυτῶν
1192 455 1507 526 σωματικὴν
1564 452 1881 524 Βασιλείαν,
1938 454 1980 511 ἐν

2106 457 2390 527 talitatc‘,
2459 462 2607 515 9H
2679 464 2737 517 et
2799 462 2870 517 de
2934 462 3208 531 Sabbato,
3276 470 3334 521 et
3370 465 3493 542 περὶ
3536 472 3749 541 Γυμνα-

338 540 421 600 οἷς
461 540 723 615 περὶτῆς
764 542 1013 595 Ἰωάννου
1063 539 1489 615 ’Δποκαλύψεως
1545 541 1825 615 ἐπιμελῶς
1868 542 1996 599 διεί-

338 624 545 683 λεκται.
582 628 681 681 Καὶ
709 630 844 682 κατὰ
885 625 1216 699 Σαϐελλίου,
1260 631 1351 684 καὶ
1389 632 1524 704 πρὸς
1576 638 1852 703 ’Ἄμμωνα
1899 638 1991 685 Βε-

338 715 562 790 ρονίκης
604 715 918 787 ἐπίσκοπον,
958 718 1049 772 καὶ
1097 720 1234 794 πρὸς
1280 717 1612 797 Τελεσφόρον
1663 720 1752 774 καὶ
1794 716 1991 796 Εὕραν,

338 804 432 859 καὶ
477 806 730 878 τεσσαρες
770 800 931 881 λόγοι
979 808 1114 878 πρὸς
1170 808 1444 862 Διονύσιον
1502 810 1720 882 Ῥώμης
1780 808 1993 863 ἐπίσκο-

341 914 471 961 πον,
527 895 612 947 καὶ
667 895 808 966 πρὸς
866 894 1153 958 Λαοδικεῖς
1209 898 1330 971 περὶ
1373 897 1670 958 Μετανοίας
1706 941 1720 965 ,
1784 897 1993 970 ὁμοίως

344 983 484 1055 πρὸς
538 983 758 1038 Κάνωνα
816 987 940 1061 περὶ
999 986 1322 1055 Μετανοίας,
1370 987 1508 1062 πρὸς
1546 986 1826 1061 Ὠριγὲνην
1868 987 1992 1062 περί

348 1070 690 1147 Μαρτυρίου,
757 1074 895 1147 πρὸς
949 1074 1270 1149 Ἀρμενίους
1327 1075 1452 1151 περὶ
1501 1075 1842 1144 Μετανοίας,
1901 1076 1991 1130 καὶ

341 1160 565 1221 κανόνας
626 1160 906 1237 ἁμαρτιῶν
951 1206 965 1231 ,
1023 1163 1147 1239 περὶ
1206 1162 1430 1225 Φύσεως
1488 1165 1624 1236 πρὸς
1680 1164 1938 1236 Τιμόθεον
1974 1209 1988 1233 ,

334 1248 461 1323 περὶ
507 1254 858 1323 Πειρασμῶν,
918 1252 1055 1325 πρὸς
1110 1250 1450 1329 Εὐφράνορα,
1513 1252 1779 1328 καὶπρὸς
1838 1259 1990 1307 Βασι-

334 1334 526 1407 λείδην
567 1336 785 1400 πολλὰς
818 1336 1130 1404 ἐπιστολὰς,
1165 1340 1251 1418 ἀφ’
1280 1342 1353 1394 ὧν
1386 1339 1439 1394 ἐν
1460 1345 1528 1415 τῇ
1573 1346 1670 1413 μιᾷ
1701 1339 1872 1416 λέγει,
1914 1342 1989 1403 ὡς

329 1424 537 1500 ἤρξατο
576 1426 667 1480 καὶ
728 1427 804 1488 εἰς
853 1428 943 1482 τὸν
985 1426 1417 1498 Ἐκκλησιαστήν
1478 1430 1782 1483 συντάττειν
1832 1436 1987 1484 Ὑπο-

337 1517 599 1587 μνήματα
631 1558 646 1584 ,
702 1516 792 1569 καὶ
848 1517 985 1570 κατὰ
1042 1515 1263 1571 Παύλου
1311 1522 1408 1572 τοῦ
1468 1520 1829 1590 Σαμοσατὲως
1884 1519 1990 1593 πρὸ

335 1602 545 1678 ὀλίγων
608 1606 831 1679 ἡμερῶν
861 1612 963 1674 τῆς
1005 1604 1168 1659 αὐτοῦ
1197 1604 1480 1675 τελευτῆς,
1514 1605 1786 1679 ἐπίσημος
1827 1606 1989 1661 αὐτοῦ

331 1693 553 1770 φέρεται
604 1691 888 1764 ἐπιστολή.
925 1692 1160 1765 Τελευτᾷ
1209 1699 1289 1766 τῷ
1338 1692 1546 1767 δεκάτῳ
1579 1689 1683 1748 ἔτει
1717 1692 1987 1765 Γαλιήνου

336 1779 635 1855 βασιλέως.

2107 545 2240 617 σίον,
2284 552 2337 602 et
2358 549 2427 602 ad
2464 549 2973 605 llermammonem
2997 554 3103 616 ’,εἰ
3122 553 3235 608 alia
3252 555 3323 609 de
3344 557 3752 615 Pcrsecutione

2104 636 2283 699 Decii,
2318 640 2374 690 et
2420 637 2536 691 duo
2561 637 2692 692 libri
2743 640 3048 695 adversum
3076 642 3353 713 Nepotem
3386 644 3751 719 episcopum,

2105 726 2204 795 qui
2238 724 2397 780 mille
2428 736 2715 781 annorum
2746 729 3043 800 corporale
3091 746 3333 802 regnum
3366 733 3491 788 suis
3517 735 3759 807 scriptis

2104 816 2397 868 asseverat
2415 814 2457 880 ³,
2490 813 2548 869 in
2582 815 2799 885 quibus
2846 817 2918 871 de
2964 818 3312 891 Apocalypsi
3343 820 3586 878 Joannis
3617 822 3750 878 dili-

2101 902 2445 973 gentissime
2494 903 2797 975 disputat:
2849 910 2907 960 et
2954 907 3260 962 adversum
3320 909 3660 980 Sabellium,
3693 915 3752 967 et

2104 991 2175 1045 ad
2206 996 2552 1047 Ammonem
2575 994 2597 1025 ‘
2627 993 2933 1049 Beronices
2977 995 3340 1068 episcopum,
3362 1002 3421 1053 et
3451 999 3525 1054 ad
3554 999 3749 1056 Teles-

2102 1077 2375 1151 phorum,
2409 1084 2466 1134 et
2512 1080 2585 1135 ad
2634 1081 3073 1152 Euphranorem
3096 1085 3138 1154 ⁵,
3187 1090 3245 1140 et
3286 1091 3538 1157 quatuor
3566 1087 3697 1144 libri
3727 1089 3749 1124 ⁶
3836 1082 3847 1091 “

2102 1167 2173 1223 ad
2229 1167 2563 1240 Dionysium
2614 1169 2886 1225 Romanae
2948 1172 3113 1227 urbis
3159 1172 3521 1245 episcopum,
3574 1180 3632 1232 et
3673 1178 3745 1233 ad

2103 1255 2489 1311 Laodicences
2519 1257 2591 1311 de
2642 1257 2987 1314 Pocultentia
3013 1278 3026 1327 ;
3078 1260 3217 1315 item
3249 1262 3321 1315 ad
3353 1266 3643 1318 Canonem
3675 1264 3747 1319 de

2102 1345 2507 1407 Pcenitentia",
2534 1349 2593 1399 et
2620 1346 2691 1400 ad
2740 1345 3045 1417 Origenem
3090 1347 3161 1402 de
3202 1348 3501 1422 Martyrio,
3534 1351 3607 1405 ad
3638 1357 3750 1405 Ar-

2101 1433 2329 1488 menios
2378 1434 2448 1487 de
2478 1433 2824 1488 Poenitentia
2862 1438 2918 1488 et
2947 1436 3018 1490 de
3046 1437 3248 1491 ordine
3278 1438 3647 1510 delictorum,
3677 1440 3750 1495 de

2099 1520 2318 1576 Natura
2349 1521 2420 1574 ad
2454 1520 2887 1586 Timotheum“,
2937 1523 3009 1577 de
3056 1524 3501 1583 Tentationibus
3529 1528 3601 1583 ad
3635 1528 3746 1583 Eu-

2099 1608 2471 1680 phranorem.
2513 1610 2597 1664 Ad
2631 1609 2944 1665 Basilidem
2975 1628 3208 1684 quoque
3238 1614 3434 1669 multa;
3464 1615 3749 1687 epistolae,

2100 1698 2157 1752 in
2189 1714 2440 1768 quarum
2494 1716 2611 1753 una
2659 1716 2720 1753 se
2763 1699 2975 1755 asserit
3022 1701 3197 1756 etiam
3248 1702 3307 1756 in
3360 1703 3747 1761 Ecclesiasten

2098 1786 2344 1857 cmpisse
2392 1786 2645 1842 scribere
2689 1789 3173 1844 Commentarios.
3225 1790 3335 1845 Sed
3375 1796 3434 1846 et
3464 1793 3747 1849 adversus

335 1870 584 1927 Paulum
640 1872 1113 1940 Samosatenum,
1168 1878 1300 1929 ante
1358 1890 1575 1947 paucos
1633 1873 1758 1928 dies
1815 1891 1994 1946 quam
2049 1879 2391 1940 moreretur,
2449 1875 2698 1947 insignis
2754 1878 2883 1946 ejus
2944 1876 3126 1931 fertur
3176 1878 3445 1949 epistola.
3504 1882 3746 1938 Moritur

331 1960 685 2017 duodecimo
714 1961 939 2017 Galieni
966 1963 988 1997 θ
1017 1979 1190 2018 anno.

1799 2088 2031 2146 CAPUT
2072 2088 2230 2144 LXX.

416 2212 557 2266 911
639 2205 987 2272 Νωϐατιανὸς
1021 2254 1036 2279 ,
1094 2180 1196 2280 τῆς
1280 2210 1331 2266 ἐν
1405 2213 1587 2286 Ῥώμῃ
1658 2210 1980 2283 Ἐκκλησίας

2165 2213 2319 2269 912
2352 2212 2727 2278 Novatianus,
2759 2214 3033 2271 Romanis
3064 2216 3228 2272 urbis
3283 2218 3607 2290 presbyter,
3640 2220 3742 2275 ad-

335 2291 720 2372 πρεσϐύτερος,
767 2300 905 2353 κατά
961 2297 1271 2373 Κορνηλίου
1318 2301 1409 2354 τὸν
1471 2302 1661 2376 θρόνον
1704 2309 1808 2370 τῆς
1865 2300 1979 2355 ἐπι-

328 2392 542 2455 σκοπῆς
602 2384 935 2441 ὑπεισελθεῖν
997 2387 1355 2464 ἐπιχειρήσας
1388 2434 1402 2459 ,
1442 2390 1505 2443 τὸ
1571 2385 1933 2444 Νωϐατιανῶν
1969 2435 1982 2459 ,

328 2474 463 2548 ὅπερ
529 2471 832 2549 Ἑλληνικῇ
891 2474 1163 2549 διαλέκτῳ
1218 2479 1449 2553 καθαρὸν
1520 2476 1743 2553 λ’ἑγουσι
1778 2524 1792 2549 ,
1834 2499 1982 2533 συνε-

326 2566 566 2634 στήσατο
624 2560 807 2638 δόγμα
840 2609 854 2634 ,
916 2566 991 2637 μὴ
1057 2563 1393 2639 βουλόμενος
1451 2565 1578 2628 τοὺς
1648 2567 1983 2628 ἀποστάντας

327 2650 579 2723 δέξασθαι
652 2657 1043 2725 μετανοοῦντας
1078 2698 1091 2710 .
1149 2653 1352 2708 Τούτου
1421 2652 1748 2718 διδάσκαλος
1786 2700 1799 2725 ,
1856 2652 1983 2723 ἤτοι

326 2742 581 2818 ἀρχηγὸς
645 2735 925 2811 Νώϐατος,
984 2747 1290 2816 Κυπριανοῦ
1345 2738 1710 2821 πρεσϐύτερος
1767 2745 1977 2818 γέγονε.

326 2831 428 2884 Καὶ
480 2830 855 2906 συνεγράψατο
905 2830 1030 2905 περὶ
1074 2835 1170 2884 τοῦ
1228 2832 1441 2908 Πάσχα,
1492 2834 1615 2907 περὶ
1675 2827 1980 2903 Σαϐϐἀτου,

324 2919 454 2994 περὶ
514 2923 866 2993 Περιτυμῆς,
926 2918 1051 2994 περὶ
1106 2920 1334 2992 Ἱερὲως,
1390 2921 1514 2994 περὶ
1569 2920 1799 2996 Εύχῆς,
1857 2919 1981 2992 περὶ

399 3098 414 3133 ¹
456 3098 779 3154 Veronens.
810 3098 877 3154 de
904 3099 1339 3167 lmmortalitate,
1370 3116 1693 3170 perperam.
1746 3101 1971 3156 Pestem

366 3188 454 3226 ue
484 3170 560 3225 ab
612 3186 767 3224 anno
828 3172 935 3225 252
972 3171 1042 3225 ad
1102 3187 1289 3241 usque
1339 3172 1466 3225 267.
1499 3170 1753 3227 Cedreno
1800 3176 1973 3236 teste,

366 3188 454 3226 ue
484 3187 560 3225 an
612 3187 767 3224 anno
828 3187 935 3225 κστ
972 3187 1042 3225 aa
1102 3187 1289 3241 usque
1339 3187 1466 3225 ἰοί.
1499 3187 1753 3227 uenreno
1800 3187 1973 3236 teste,

325 3187 663 3297 (litemanum
740 3241 1342 3315 imperium_al'tlixit,
1403 3242 1657 3315 Dionysii
1728 3242 1975 3315 epistola

326 3314 717 3368 describebat.
753 3313 891 3366 Vide
921 3312 1236 3367 Eusebium
1269 3331 1368 3379 vn,
1398 3316 1488 3379 22,
1524 3312 1710 3368 initio.

396 3386 420 3418 ³
449 3384 525 3438 Ex
558 3385 763 3439 eodem
799 3383 1026 3438 Eusebii
1060 3385 1248 3455 capite
1277 3385 1334 3438 in
1374 3386 1486 3439 line
1536 3384 1847 3455 legendum
1889 3383 1972 3438 vi-

324 3456 534 3511 deatur
564 3472 679 3510 uno
709 3455 942 3526 spiritu,
976 3454 1045 3510 ad
1075 3454 1547 3512 Hérmammonem
1600 3454 1716 3510 alia
1762 3459 1829 3511 de
1857 3472 1976 3526 per-

325 3529 625 3606 secutione2
659 3525 790 3591 etcl,
849 3526 1141 3606 siquidem
1202 3526 1260 3606 in
1318 3545 1383 3606 ea
1441 3526 1690 3606 epistola
1720 3527 1791 3606 de
1824 3525 1973 3606 Decii

332 3597 734 3695 persecutione
762 3597 1065 3668 agebatur,
1098 3599 1252 3669 quod
1312 3604 1369 3653 et
1405 3597 1490 3653 cl.‘
1514 3597 1773 3653 Fabricio
1816 3604 1974 3653 nota-
2005 3630 2047 3695 Ο

338 3674 471 3721 tum
502 3671 613 3721 est.

411 3738 436 3772 ³
465 3738 696 3793 Rectius
733 3737 1049 3806 Veronens,
1104 3740 1395 3795 asserebat.
1459 3743 1575 3794 llos
1627 3743 1823 3793 autem
1871 3739 1975 3793 ad-

332 3809 839 3883 venustepotem
878 3811 1107 3883 Egypti
1141 3810 1479 3883 episcopum
1514 3810 1693 3865 libros
1737 3810 1976 3865 fortasse

327 3886 496 3936 notat
534 3880 919 3952 Hieronymus
950 3880 1266 3937 iii—Praefat.
1302 3880 1401 3936 lib.
1465 3899 1598 3936 xvm
1642 3884 1701 3935 in
1754 3882 1974 3952 Isaiam,

325 3953 428 4008 ubi
477 3952 639 4006 mille
690 3951 980 4008 annorum
1042 3953 1299 4007 fabulam
1360 3954 1562 4007 scribit
1617 3970 1652 4007 a
1704 3951 1977 4024 Dionysio

323 4023 722 4079 Alexandrino
777 4024 1029 4080 derisam
1091 4025 1150 4079 in
1209 4024 1356 4079 libro
1409 4029 1615 4079 contra
1670 4023 1973 4079 Irenamm.

320 4094 458 4150 Vid.
491 4095 814 4150 Eusebium
846 4112 946 4163 vn,
978 4097 1067 4150 24.

396 4165 741 4231 ‘Eusebius
783 4182 883 4230 vn,
929 4168 1018 4231 26,
1065 4182 1243 4221 unam
1304 4165 1535 4221 videtur
1592 4165 1798 4230 facere,
1838 4164 1978 4217 κατά

322 4230 801 4311 Σαϐελλίουπρὸς
832 4230 1142 4311 (Agam,
1158 4254 1271 4293 non
1303 4237 1453 4291 duas
1484 4235 1784 4309 epistolas,
1818 4236 1975 4308 quod

319 4310 397 4363 cl.
432 4307 736 4363 Fabricius
764 4307 1192 4363 animadvertit.

394 4380 418 4414 ⁸
447 4379 720 4441 Martian,
746 4379 960 4449 aliique
986 4379 1121 4435 editi
1155 4377 1385 4446 libri,ad
1413 4377 1715 4448 Enphram.
1740 4376 1977 4432 Codices

322 4451 507 4522 nostri
540 4467 678 4506 cum
712 4450 995 4516 Fabricio,
1027 4452 1440 4522 Euphranorem
1468 4474 1481 4511 ;
1508 4449 1716 4504 Euseb.
1742 4464 1976 4522 quoque

321 4520 668 4603 Εὐφράνορα,
718 4522 835 4603 qui.
868 4520 1119 4603 rursum
1160 4521 1231 4574 ad
1281 4522 1593 4603 Ammonem
1646 4525 1821 4592 atque
1868 4521 1976 4575 Eu-

318 4594 519 4665 por‘um
550 4594 717 4647 datas
747 4594 1023 4665 epistolas
1054 4596 1358 4647 memorat.

326 4734 335 4736 _
376 4665 418 4736 γ’
449 4664 530 4719 De
559 4664 652 4719 his
680 4663 839 4735 loqui
884 4664 1439 4736 intelligendusest
1487 4665 1727 4736 sanctus
1774 4661 1979 4717 doctor

323 4734 438 4789 lib.
469 4740 667 4790 contra
698 4732 977 4790 Ruﬁnum
1010 4732 1266 4802 11,'num.
1312 4732 1398 4800 l7,
1454 4733 1552 4787 ubi
1604 4732 1735 4788 illos
1775 4738 1979 4787 contra

330 4805 646 4877 Sabetlium
679 4806 929 4877 scriptos
958 4810 1210 4861 testatur
1233 4822 1269 4877 :7
1300 4828 1326 4853 ‹‹
1360 4804 1701 4877 Dionysium
1733 4802 1975 4858 Alexan-

324 4875 517 4931 drinae
564 4878 722 4933 urbis
788 4875 1152 4949 episcopum,
1222 4876 1411 4930 virum
1483 4876 1973 4949 eruditissimum,

324 4952 585 5020 quatuor
640 4946 1039 5003 voluminibus
1095 4948 1491 5020 disputantem
1523 4948 1831 5020 adversus
1878 4946 1979 5020 Sae

323 4998 573 5075 Βεζιῖἷᾶἧᾶ
622 4998 1036 5075 ῑὶΓᾸῖἷεὶῆὗιῖἶ
1070 4998 1565 5090 ἀὶέιῖτῖήέιέιέὶῆίζ
1595 4998 1646 5090 .;‘
1671 4998 1876 5090 Quare
1893 4998 1905 5000 ’
1923 4998 1981 5070 et
2011 4998 2055 5060 Ι)

324 5091 653 5153 Gennadio,
686 5092 869 5162 Dogm.
931 5092 1129 5162 Eccles.
1152 5087 1288 5162 sap.
1352 5089 1404 5162 li,
1435 5090 1558 5162 fons
1587 5089 1709 5162 Arii
1740 5087 1973 5162 dicitur.

323 5161 545 5217 Verum
577 5168 634 5217 et
655 5158 781 5233 jam
810 5164 949 5217 olim
982 5158 1340 5216 Athanasius
1361 5158 1976 5233 singulari_Apologia,

326 5238 504 5311 atque
550 5251 625 5311 ex_
660 5230 732 5311 eo
780 5235 1100 5311 Facundus
1138 5250 1193 5311 x_,
1242 5233 1298 5297 5,
1350 5235 1408 5311 et
1460 5230 1807 5311 recentiores
1847 5231 1976 5311 qui-

325 5301 442 5430 311's
472 5304 799 5360 doctissimi
834 5306 999 5360 illum
1052 5304 1123 5359 ab
1173 5303 1426 5374 impacto
1475 5301 1806 5355 Arianismo
1845 5301 1977 5355 vin-

370 5378 549 5430 icant.

370 5381 585 5503 lingis
633 5447 709 5501 ad
764 5448 1035 5503 (Iunonem
1099 5446 1169 5500 de
1236 5444 1584 5516 Pwuiterctia.
1638 5444 1715 5516 rln
1754 5443 1981 5516 aliquot

325 5518 970 5599 exemplaribusnrnss.
1030 5516 1438 5599 Ειηϐαηοτιςιη
1504 5515 1569 5569 de
1625 5515 1977 5599 Pa’njtentia.

325 5588 613 5649 Hilarius.
640 5620 710 5634 --
736 5590 956 5649 Vitiosa
1008 5588 1256 5663 quidam
1299 5588 1476 5648 etiam
1523 5602 1555 5647 θ
1586 5588 1803 5663 nostris
1832 5603 1977 5663 mss.

329 5663 463 5727 lum
514 5663 759 5723 Eunones
820 5663 889 5722 de
935 5656 1313 5737 petilentia;
1381 5673 1487 5717 nec
1558 5658 1757 5721 minus
1828 5656 1980 5723 male

2090 2317 2294 2356 versus
2315 2298 2646 2355 Cornelium
2687 2302 3025 2359 cathedram
3050 2305 3471 2361 sacerdotalem
3495 2312 3743 2363 conatus

2094 2389 2387 2453 invadere,
2428 2388 2904 2459 Novatianorum,
2935 2393 3088 2463 quod
3112 2393 3539 2450 Graecedieitur
3568 2396 3741 2449 Καθα-

2094 2476 2199 2551 pth
2226 2478 2267 2511 ¹⁰
2288 2477 2501 2548 dogma
2532 2478 2857 2545 constituit,
2889 2480 3095 2536 nolens
3115 2486 3411 2553 apostatas
3442 2484 3743 2556 suscipere

2091 2564 2459 2637 pmnitentes.
2493 2566 2682 2636 Hujus
2713 2573 2915 2623 auctor
2942 2569 3197 2626 Novatus
3220 2571 3283 2637 ¹¹,
3314 2570 3583 2643 Cypriani
3606 2587 3742 2644 pre-

2092 2654 2308 2725 sbyter,
2342 2654 2469 2709 fuit.
2492 2654 2733 2727 Scripsit
2755 2661 2949 2711 autem
2980 2658 3051 2714 de
3081 2658 3328 2725 Pascha,
3361 2661 3432 2715 de
3464 2659 3740 2729 Sabbato,

2092 2743 2163 2797 de
2193 2741 2669 2810 Circumcisione,
2703 2745 2773 2799 de
2803 2745 3135 2815 Sacerdote,
3178 2749 3249 2802 de
3280 2747 3551 2804 Oratione
3576 2750 3640 2815 ¹²,
3671 2750 3742 2804 de

2091 2829 2246 2886 Cibis
2276 2831 2559 2896 Judaicis,
2603 2832 2673 2885 de
2726 2833 3028 2901 lnstantia,
3079 2836 3151 2890 de
3196 2836 3384 2892 Attalo
3437 2835 3741 2908 multaque

2090 2917 2226 2985 alia,
2258 2924 2315 2974 et
2342 2919 2414 2974 de
2442 2918 2727 2975 Trinitate
2756 2922 2977 2992 grande
3022 2921 3315 2993 volumen,
3357 2924 3525 2996 quasi
3555 2923 3739 2977 επιτο-

2083 3096 2478 3161 Martianmus,
2553 3100 2686 3153 Item
2758 3099 2829 3154 ad
2895 3100 3167 3157 Canonem
3232 3103 3299 3157 de
3376 3103 3731 3159 Pwnitentia.

2084 3168 2505 3242 Emendaverat
2553 3186 2622 3242 ex_
2668 3171 2987 3242 Sophronio
3054 3174 3357 3242 Erasmus,
3428 3174 3735 3230 Fabricius

2081 3256 2150 3294 ex
2206 3240 2474 3317 Eusebio,
2540 3240 2657 3317 καὶγ
2692 3241 2833 3317 ,πρὸς
2903 3241 3146 3317 Κόνωνα,
3188 3240 3350 3311 etc.,'
3392 3246 3547 3317 quod
3614 3246 3726 3300 Ve-

2083 3312 2350 3366 ronensis
2416 3328 2483 3367 ac
2546 3312 2950 3370 (Iisterciensis
3016 3332 3155 3371 mss.
3226 3312 3567 3373 auctoritate
3633 3317 3731 3371 fir-

2084 3388 2300 3436 matur.

2152 3454 2173 3486 ⁸
2200 3453 2551 3508 Veronensis
2582 3459 2715 3517 post
2748 3473 2955 3513 nomen
3021 3458 3357 3513 Timotheum
3385 3458 3494 3513 hoc
3525 3458 3733 3514 inserit

2084 3524 2385 3599 Scholion:
2444 3548 2463 3573 α
2501 3526 2874 3599 Timotheum
2934 3528 3099 3599 hunc
3167 3530 3359 3599 ferunt
3424 3531 3728 3599 proprium

2086 3597 2214 3669 ejus
2244 3595 2428 3669 filium
2488 3596 2801 3662 exstitisse,
2852 3598 2941 3652 cui
2976 3600 3072 3669 (al.
3109 3599 3230 3669 qui)
3264 3595 3734 3669 elegantissimos

2088 3665 2267 3720 libros
2298 3667 2368 3720 de
2400 3674 2846 3740 reruminatura
2892 3665 3240 3740 compos—uit.
3278 3692 3304 3717 ››
3356 3665 3564 3724 Euseb.
3611 3669 3739 3740 ipse

2086 3742 2348 3811 testatur
2402 3754 2500 3811 yn,
2572 3739 2657 3811 l6,
2725 3739 2802 3793 ad
2869 3739 3200 3811 Timotheum
3255 3741 3457 3810 ﬁlium,
3487 3739 3737 3811 Τιμοθέῳ

2084 3808 2163 3879 τῷ
2200 3803 2375 3875 παιδὶ,
2419 3808 2526 3863 hos
2584 3807 2761 3882 libros
2830 3810 3010 3865 fuisse
3077 3803 3411 3882 inscriptos,
3446 3803 3735 3882 quorum

2088 3882 2414 4006 fragmenta
2446 3880 2711 3951 quaedam
2762 3882 3011 3936 servavit
3060 3882 3118 3937 in
3156 3880 3460 3953 Praeparat.
3492 3880 3738 3955 Evange-

2110 3968 2196 4005 ica
2221 3967 2334 4004 xw.

2110 3968 2196 4005 ica
2221 3967 2334 4004 XIV.

2154 4023 2184 4095 9A
2203 4020 2415 4095 Christi
2456 4020 2571 4074 l65.
2601 4022 2737 4075 Cod.
2798 4021 3236 4095 Guelpherbyt.,
3302 4023 3361 4078 l3
3419 4023 3639 4080 Galiem'
3684 4033 3737 4080 et

2091 4092 2372 4167 Valeriani
2398 4107 2570 4167 anno.
2610 4097 2786 4167 Porro
2825 4109 2892 4147 ex
2923 4092 3200 4149 omnibus
3220 4096 3437 4167 magni
3470 4095 3732 4167 Dionysii

2086 4162 2320 4238 scriptis
2359 4179 2473 4217 non
2515 4163 2629 4219 nisi
2686 4164 3015 4236 fragmenta
3071 4162 3371 4237 quedam'
3423 4162 3733 4238 superesse

2086 4234 2402 4290 dolendum
2435 4237 2545 4289 est.

2156 4307 2199 4340 ¹⁰
2230 4305 2605 4361 Martianaeus
2636 4322 2770 4381 cum
2803 4306 3201 4381 vulgo‘editis,
3232 4305 3486 4381 καθαρὸν,
3529 4306 3730 4362 minus

2088 4377 2231 4431 bene
2298 4394 2364 4431 ac
2434 4379 2812 4433 renuentibus
2890 4377 3150 4433 melioris
3217 4377 3381 4432 notae'
3441 4394 3586 4433 mss.
3660 4384 3735 4433 De

2091 4447 2443 4515 Novatianis,
2479 4450 2576 4521 qui
2637 4466 2699 4504 se
2732 4448 2989 4505 Cat’mros
3042 4450 3203 4521 quasi
3254 4453 3475 4521 propter
3501 4450 3732 4504 mundi-

2086 4521 2241 4585 tiam,
2298 4526 2361 4573 ut
2421 4521 2503 4574 ait
2558 4520 2616 4575 S.
2673 4522 2981 4591 Augustin.
3040 4520 3089 4575 c.
3149 4520 3218 4573 38
3275 4520 3361 4576 de
3408 4522 3731 4583 Hzeresibus,

2084 4591 2471 4663 superbissime
2500 4600 2670 4661 atque
2699 4592 3038 4647 odirsissime
3068 4592 3451 4663 nominabant,
3482 4609 3597 4648 non
3644 4597 3736 4648 est

2086 4662 2179 4715 hic
2211 4660 2373 4715 locus
2404 4662 2476 4715 ad
2507 4660 2936 4718 dieserendum.

2159 4731 2363 4786 “Cod.
2425 4732 2483 4787 S.
2561 4733 2785 4801 Crucis,
2861 4740 3054 4788 aurtor
3127 4734 3481 4799 Novatianus,
3541 4730 3740 4799 male,

2086 4802 2524 4885 Novatusnenim
2558 4810 2761 4885 auctor
2791 4805 3084 4885 dogmatis
3129 4804 3411 4885 delapsis
3443 4819 3558 4884 non
3592 4803 3738 4856 reci-

2088 4873 2315 4946 piendis
2347 4873 2472 4938 fuit,
2507 4875 2597 4927 cui
2634 4873 3006 4946 propagando
3028 4891 3090 4929 se
3114 4873 3736 4946 adciiditNovatianus,

2087 4944 2383 5068 :tomanus
2419 4944 2757 5017 presbyter,
2790 4944 3071 5001 adversus
3114 4945 3446 5000 Cornelium
3480 4944 3739 5017 pontifex

2111 5021 2301 5068 actus.

2111 5021 2301 5070 actus.

2159 5088 2201 5120 ¹²
2248 5085 2429 5140 Vatic.
2470 5085 2537 5139 de
2583 5086 2960 5141 Ordinau'one.
3023 5086 3151 5140 Jam
3207 5090 3413 5156 prmter
3468 5085 3636 5140 illum
3670 5086 3735 5142 de

2088 5157 2233 5212 Cibis
2260 5156 2545 5229 Judaicis,
2575 5163 2631 5212 et
2678 5158 2926 5212 alterum
2973 5157 3037 5211 de
3083 5157 3180 5229 SS.
3234 5158 3524 5225 Trmitate,
3582 5174 3733 5229 quos

2085 5228 2305 5289 laudat,
2341 5226 2548 5297 reliqui
2592 5229 2867 5283 videntur
2917 5228 3301 5283 intercidisse.
3354 5230 3566 5284 Notum
3598 5226 3731 5284 vero

2088 5300 2500 5372 Hieronymum
2570 5301 2845 5372 apaula
2921 5299 3327 5354 Concordiensi
3403 5301 3573 5372 epist.
3665 5303 3736 5355 10

2086 5370 2198 5426 sibi
2238 5369 2389 5442 mitti
2441 5369 2743 5426 Novatiani
2810 5372 3026 5442 scripta
3093 5372 3345 5441 petiisse.
3388 5395 3413 5421 ‹‹
3442 5369 3530 5428 ’οῐ
3566 5372 3732 5438 dum,

2087 5442 2297 5515 inquit,
2366 5440 2618 5515 haeretici
2687 5440 2945 5515 hominis
3004 5440 3223 5515 venena
3298 5444 3731 5515 cognoscimus,

2091 5512 2366 5568 libentius
2396 5512 2580 5570 sancti
2614 5515 2885 5588 martyris
2915 5514 3187 5589 Cypriani
3213 5512 3484 5573 bibamus
3512 5514 3735 5573 antido-

2087 5590 2238 5644 tum.
2273 5605 2303 5636 »
3004 5592 3009 5601 '
