  <div class='ocr_page' id='page_1' title='image "/cluster/home/n/w/nwhite01/storage/ocr_20150623/23/hvd.32044052772480/375.png"; bbox 0 0 4082 6168; ppageno 0'>
   <div class='ocr_carea' id='block_1_1' title="bbox 401 306 517 373">
    <p class='ocr_par' dir='ltr' id='par_1_1' title="bbox 401 306 517 373">
     <span class='ocr_line' id='line_1_1' title="bbox 401 306 517 373; baseline 0 -2"><span class='ocrx_word' id='word_1_1' title='bbox 401 306 517 373; x_wconf 74' lang='grc'>⁸135</span> 
     </span>
    </p>
   </div>
   <div class='ocr_carea' id='block_1_2' title="bbox 1635 306 2580 377">
    <p class='ocr_par' dir='ltr' id='par_1_2' title="bbox 1635 306 2580 377">
     <span class='ocr_line' id='line_1_2' title="bbox 1635 306 2580 377; baseline -0.001 -2"><span class='ocrx_word' id='word_1_2' title='bbox 1635 310 1700 375; x_wconf 88' lang='lat' dir='ltr'>S.</span> <span class='ocrx_word' id='word_1_3' title='bbox 1746 306 2060 376; x_wconf 86' lang='lat' dir='ltr'>EUSEBll</span> <span class='ocrx_word' id='word_1_4' title='bbox 2106 307 2580 377; x_wconf 80' lang='lat' dir='ltr'>HIERONYMI.</span> 
     </span>
    </p>
   </div>
   <div class='ocr_carea' id='block_1_3' title="bbox 3684 305 3804 374">
    <p class='ocr_par' dir='ltr' id='par_1_3' title="bbox 3684 305 3804 374">
     <span class='ocr_line' id='line_1_3' title="bbox 3684 305 3804 374; baseline -0.008 0"><span class='ocrx_word' id='word_1_5' title='bbox 3684 305 3804 374; x_wconf 68' lang='grc'>⁵116</span> 
     </span>
    </p>
   </div>
   <div class='ocr_carea' id='block_1_4' title="bbox 401 436 2026 521">
    <p class='ocr_par' dir='ltr' id='par_1_4' title="bbox 401 441 2026 516">
     <span class='ocr_line' id='line_1_4' title="bbox 401 441 2026 516; baseline 0.002 -19"><span class='ocrx_word' id='word_1_6' title='bbox 401 441 463 497; x_wconf 89' lang='lat' dir='ltr'>in</span> <span class='ocrx_word' id='word_1_7' title='bbox 495 441 799 516; x_wconf 80' lang='lat' dir='ltr'>Evangelia</span> <span class='ocrx_word' id='word_1_8' title='bbox 834 449 893 500; x_wconf 77' lang='lat' dir='ltr'>et</span> <span class='ocrx_word' id='word_1_9' title='bbox 924 441 1186 501; x_wconf 89' lang='lat' dir='ltr'>Psalmos</span> <span class='ocrx_word' id='word_1_10' title='bbox 1216 444 1680 502; x_wconf 88' lang='lat' dir='ltr'>Commentarios</span> <span class='ocrx_word' id='word_1_11' title='bbox 1708 446 1745 511; x_wconf 89' lang='grc'>¹,</span> <span class='ocrx_word' id='word_1_12' title='bbox 1781 452 1837 501; x_wconf 88' lang='lat' dir='ltr'>et</span> <span class='ocrx_word' id='word_1_13' title='bbox 1861 446 2026 501; x_wconf 72' lang='lat' dir='ltr'>mUlit</span> 
     </span>
    </p>
   </div>
   <div class='ocr_carea' id='block_1_5' title="bbox 2151 436 3804 521">
    <p class='ocr_par' dir='ltr' id='par_1_5' title="bbox 2161 436 3804 521">
     <span class='ocr_line' id='line_1_5' title="bbox 2161 436 3804 521; baseline 0 -22"><span class='ocrx_word' id='word_1_14' title='bbox 2161 443 2361 514; x_wconf 71' lang='grc' dir='ltr'>στολὴν</span> <span class='ocrx_word' id='word_1_15' title='bbox 2393 446 2491 516; x_wconf 68' lang='grc' dir='ltr'>τὴν</span> <span class='ocrx_word' id='word_1_16' title='bbox 2534 444 2667 521; x_wconf 81' lang='grc' dir='ltr'>πρὸς</span> <span class='ocrx_word' id='word_1_17' title='bbox 2715 441 3043 519; x_wconf 74' lang='grc' dir='ltr'>Ῥωμαίους,</span> <span class='ocrx_word' id='word_1_18' title='bbox 3086 441 3176 500; x_wconf 79' lang='grc' dir='ltr'>καὶ</span> <span class='ocrx_word' id='word_1_19' title='bbox 3231 438 3309 507; x_wconf 74' lang='grc' dir='ltr'>εἰς</span> <span class='ocrx_word' id='word_1_20' title='bbox 3356 436 3666 520; x_wconf 74' lang='grc' dir='ltr'>Εὐαγγὲλια</span> <span class='ocrx_word' id='word_1_21' title='bbox 3712 442 3804 501; x_wconf 76' lang='grc' dir='ltr'>καὶ</span> 
     </span>
    </p>
   </div>
   <div class='ocr_carea' id='block_1_6' title="bbox 403 530 2047 607">
    <p class='ocr_par' dir='ltr' id='par_1_6' title="bbox 403 530 2047 607">
     <span class='ocr_line' id='line_1_6' title="bbox 403 530 2047 607; baseline 0.003 -20"><span class='ocrx_word' id='word_1_22' title='bbox 403 530 513 588; x_wconf 87' lang='lat' dir='ltr'>alia</span> <span class='ocrx_word' id='word_1_23' title='bbox 542 533 582 601; x_wconf 72' lang='grc'>³,</span> <span class='ocrx_word' id='word_1_24' title='bbox 617 550 744 604; x_wconf 72' lang='lat' dir='ltr'>quae</span> <span class='ocrx_word' id='word_1_25' title='bbox 776 550 809 589; x_wconf 86' lang='lat' dir='ltr'>a</span> <span class='ocrx_word' id='word_1_26' title='bbox 839 551 960 591; x_wconf 65' lang='lat' dir='ltr'>sua:</span> <span class='ocrx_word' id='word_1_27' title='bbox 1000 533 1181 607; x_wconf 85' lang='lat' dir='ltr'>partis</span> <span class='ocrx_word' id='word_1_28' title='bbox 1229 534 1565 591; x_wconf 89' lang='lat' dir='ltr'>hominibus</span> <span class='ocrx_word' id='word_1_29' title='bbox 1615 535 2047 594; x_wconf 75' lang='lat' dir='ltr'>studiosissime</span> 
     </span>
    </p>
   </div>
   <div class='ocr_carea' id='block_1_7' title="bbox 402 619 699 695">
    <p class='ocr_par' dir='ltr' id='par_1_7' title="bbox 402 619 699 695">
     <span class='ocr_line' id='line_1_7' title="bbox 402 619 699 695; baseline 0.007 -20"><span class='ocrx_word' id='word_1_30' title='bbox 402 619 699 695; x_wconf 86' lang='lat' dir='ltr'>leguntur.</span> 
     </span>
    </p>
   </div>
   <div class='ocr_carea' id='block_1_8' title="bbox 2158 530 3807 611">
    <p class='ocr_par' dir='ltr' id='par_1_8' title="bbox 2158 530 3807 611">
     <span class='ocr_line' id='line_1_8' title="bbox 2158 530 3807 611; baseline 0 -23"><span class='ocrx_word' id='word_1_31' title='bbox 2158 532 2427 607; x_wconf 71' lang='grc' dir='ltr'>Ψαλμοὺς</span> <span class='ocrx_word' id='word_1_32' title='bbox 2456 536 2692 608; x_wconf 71' lang='grc' dir='ltr'>Ὑπομνή</span> <span class='ocrx_word' id='word_1_33' title='bbox 2707 556 2867 607; x_wconf 88' lang='grc' dir='ltr'>ματα,</span> <span class='ocrx_word' id='word_1_34' title='bbox 2917 534 3007 589; x_wconf 88' lang='grc' dir='ltr'>καὶ</span> <span class='ocrx_word' id='word_1_35' title='bbox 3051 530 3210 611; x_wconf 70' lang='grc' dir='ltr'>ἕτερα</span> <span class='ocrx_word' id='word_1_36' title='bbox 3238 531 3444 603; x_wconf 78' lang='grc' dir='ltr'>πολλὰ,</span> <span class='ocrx_word' id='word_1_37' title='bbox 3478 536 3631 589; x_wconf 79' lang='grc' dir='ltr'>ἅτινα</span> <span class='ocrx_word' id='word_1_38' title='bbox 3659 534 3807 611; x_wconf 76' lang='grc' dir='ltr'>παρὰ</span> 
     </span>
    </p>
   </div>
   <div class='ocr_carea' id='block_1_9' title="bbox 2151 622 3806 703">
    <p class='ocr_par' dir='ltr' id='par_1_9' title="bbox 2151 622 3806 703">
     <span class='ocr_line' id='line_1_9' title="bbox 2151 622 3806 703; baseline 0.001 -24"><span class='ocrx_word' id='word_1_39' title='bbox 2151 628 2259 679; x_wconf 78' lang='grc' dir='ltr'>τῶν</span> <span class='ocrx_word' id='word_1_40' title='bbox 2313 631 2414 694; x_wconf 74' lang='grc' dir='ltr'>τῆς</span> <span class='ocrx_word' id='word_1_41' title='bbox 2472 624 2639 695; x_wconf 75' lang='grc' dir='ltr'>αὐτῆς</span> <span class='ocrx_word' id='word_1_42' title='bbox 2712 624 2967 703; x_wconf 65' lang='grc' dir='ltr'>αἱρέσεως</span> <span class='ocrx_word' id='word_1_43' title='bbox 3041 622 3457 702; x_wconf 67' lang='grc' dir='ltr'>σπουδαιότερον</span> <span class='ocrx_word' id='word_1_44' title='bbox 3540 624 3806 701; x_wconf 78' lang='grc' dir='ltr'>ἀναγινώ-</span> 
     </span>
    </p>
   </div>
   <div class='ocr_carea' id='block_1_10' title="bbox 2153 733 2351 772">
    <p class='ocr_par' dir='ltr' id='par_1_10' title="bbox 2153 733 2351 772">
     <span class='ocr_line' id='line_1_10' title="bbox 2153 733 2351 772; baseline 0.015 -3"><span class='ocrx_word' id='word_1_45' title='bbox 2153 733 2351 772; x_wconf 85' lang='grc' dir='ltr'>σκεται.</span> 
     </span>
    </p>
   </div>
   <div class='ocr_carea' id='block_1_11' title="bbox 1924 840 2345 897">
    <p class='ocr_par' dir='ltr' id='par_1_11' title="bbox 1924 840 2345 897">
     <span class='ocr_line' id='line_1_11' title="bbox 1924 840 2345 897; baseline 0.002 -2"><span class='ocrx_word' id='word_1_46' title='bbox 1924 841 2159 897; x_wconf 88' lang='lat' dir='ltr'>CAPUT</span> <span class='ocrx_word' id='word_1_47' title='bbox 2187 840 2345 896; x_wconf 84' lang='lat' dir='ltr'>XCV.</span> 
     </span>
    </p>
   </div>
   <div class='ocr_carea' id='block_1_12' title="bbox 470 961 2038 1038">
    <p class='ocr_par' dir='ltr' id='par_1_12' title="bbox 470 961 2038 1038">
     <span class='ocr_line' id='line_1_12' title="bbox 470 961 2038 1038; baseline 0.003 -21"><span class='ocrx_word' id='word_1_48' title='bbox 470 961 716 1029; x_wconf 81' lang='lat' dir='ltr'>Lucifer,</span> <span class='ocrx_word' id='word_1_49' title='bbox 761 962 1120 1021; x_wconf 78' lang='lat' dir='ltr'>Caralitanus</span> <span class='ocrx_word' id='word_1_50' title='bbox 1172 964 1501 1038; x_wconf 90' lang='lat' dir='ltr'>episcopus,</span> <span class='ocrx_word' id='word_1_51' title='bbox 1552 982 1687 1022; x_wconf 89' lang='lat' dir='ltr'>cum</span> <span class='ocrx_word' id='word_1_52' title='bbox 1735 965 2038 1022; x_wconf 87' lang='lat' dir='ltr'>Pancratio</span> 
     </span>
    </p>
   </div>
   <div class='ocr_carea' id='block_1_13' title="bbox 396 1050 2037 1124">
    <p class='ocr_par' dir='ltr' id='par_1_13' title="bbox 396 1050 2037 1124">
     <span class='ocr_line' id='line_1_13' title="bbox 396 1050 2037 1124; baseline 0.002 -19"><span class='ocrx_word' id='word_1_53' title='bbox 396 1055 454 1106; x_wconf 90' lang='lat' dir='ltr'>et</span> <span class='ocrx_word' id='word_1_54' title='bbox 478 1050 693 1107; x_wconf 84' lang='lat' dir='ltr'>Hilario</span> <span class='ocrx_word' id='word_1_55' title='bbox 714 1051 755 1119; x_wconf 81' lang='grc'>³,</span> <span class='ocrx_word' id='word_1_56' title='bbox 778 1053 1048 1108; x_wconf 64' lang='lat' dir='ltr'>Romanae</span> <span class='ocrx_word' id='word_1_57' title='bbox 1090 1052 1351 1110; x_wconf 70' lang='lat' dir='ltr'>Ecclesiae</span> <span class='ocrx_word' id='word_1_58' title='bbox 1373 1053 1619 1124; x_wconf 85' lang='lat' dir='ltr'>clericis,</span> <span class='ocrx_word' id='word_1_59' title='bbox 1653 1055 1724 1110; x_wconf 91' lang='lat' dir='ltr'>ad</span> <span class='ocrx_word' id='word_1_60' title='bbox 1750 1060 2037 1111; x_wconf 87' lang='lat' dir='ltr'>Constan-</span> 
     </span>
    </p>
   </div>
   <div class='ocr_carea' id='block_1_14' title="bbox 395 1140 2036 1215">
    <p class='ocr_par' dir='ltr' id='par_1_14' title="bbox 395 1140 2036 1215">
     <span class='ocr_line' id='line_1_14' title="bbox 395 1140 2036 1215; baseline 0.003 -21"><span class='ocrx_word' id='word_1_61' title='bbox 395 1140 541 1194; x_wconf 88' lang='lat' dir='ltr'>tium</span> <span class='ocrx_word' id='word_1_62' title='bbox 575 1141 982 1211; x_wconf 77' lang='lat' dir='ltr'>imperatorem</span> <span class='ocrx_word' id='word_1_63' title='bbox 1014 1160 1046 1198; x_wconf 88' lang='lat' dir='ltr'>a</span> <span class='ocrx_word' id='word_1_64' title='bbox 1077 1142 1302 1197; x_wconf 87' lang='lat' dir='ltr'>Liberio</span> <span class='ocrx_word' id='word_1_65' title='bbox 1352 1143 1623 1215; x_wconf 88' lang='lat' dir='ltr'>episcopo</span> <span class='ocrx_word' id='word_1_66' title='bbox 1671 1161 1772 1215; x_wconf 89' lang='lat' dir='ltr'>pro</span> <span class='ocrx_word' id='word_1_67' title='bbox 1809 1144 1918 1199; x_wconf 85' lang='lat' dir='ltr'>fide</span> <span class='ocrx_word' id='word_1_68' title='bbox 1950 1144 2036 1199; x_wconf 89' lang='lat' dir='ltr'>le-</span> 
     </span>
    </p>
   </div>
   <div class='ocr_carea' id='block_1_15' title="bbox 392 1229 2035 1299">
    <p class='ocr_par' dir='ltr' id='par_1_15' title="bbox 392 1229 2035 1299">
     <span class='ocr_line' id='line_1_15' title="bbox 392 1229 2035 1299; baseline 0.001 -16"><span class='ocrx_word' id='word_1_69' title='bbox 392 1233 563 1299; x_wconf 85' lang='lat' dir='ltr'>gatus</span> <span class='ocrx_word' id='word_1_70' title='bbox 595 1229 830 1294; x_wconf 87' lang='lat' dir='ltr'>missus,</span> <span class='ocrx_word' id='word_1_71' title='bbox 870 1246 1004 1285; x_wconf 88' lang='lat' dir='ltr'>cum</span> <span class='ocrx_word' id='word_1_72' title='bbox 1055 1230 1232 1286; x_wconf 91' lang='lat' dir='ltr'>nollet</span> <span class='ocrx_word' id='word_1_73' title='bbox 1280 1232 1389 1286; x_wconf 88' lang='lat' dir='ltr'>sub</span> <span class='ocrx_word' id='word_1_74' title='bbox 1449 1232 1683 1287; x_wconf 87' lang='lat' dir='ltr'>nomine</span> <span class='ocrx_word' id='word_1_75' title='bbox 1732 1231 2035 1289; x_wconf 77' lang='lat' dir='ltr'>Athanasii</span> 
     </span>
    </p>
   </div>
   <div class='ocr_carea' id='block_1_16' title="bbox 391 1316 2030 1393">
    <p class='ocr_par' dir='ltr' id='par_1_16' title="bbox 391 1316 2030 1393">
     <span class='ocr_line' id='line_1_16' title="bbox 391 1316 2030 1393; baseline 0.002 -21"><span class='ocrx_word' id='word_1_76' title='bbox 391 1316 685 1373; x_wconf 71' lang='lat' dir='ltr'>Nicaanam</span> <span class='ocrx_word' id='word_1_77' title='bbox 715 1319 994 1374; x_wconf 86' lang='lat' dir='ltr'>damnare</span> <span class='ocrx_word' id='word_1_78' title='bbox 1019 1320 1215 1387; x_wconf 79' lang='lat' dir='ltr'>fidem,</span> <span class='ocrx_word' id='word_1_79' title='bbox 1246 1320 1302 1374; x_wconf 90' lang='lat' dir='ltr'>in</span> <span class='ocrx_word' id='word_1_80' title='bbox 1327 1320 1694 1376; x_wconf 63' lang='lat' dir='ltr'>Palaestinam</span> <span class='ocrx_word' id='word_1_81' title='bbox 1719 1322 2030 1393; x_wconf 80' lang='lat' dir='ltr'>relegatus,</span> 
     </span>
    </p>
   </div>
   <div class='ocr_carea' id='block_1_17' title="bbox 390 1404 2032 1482">
    <p class='ocr_par' dir='ltr' id='par_1_17' title="bbox 390 1404 2032 1482">
     <span class='ocr_line' id='line_1_17' title="bbox 390 1404 2032 1482; baseline 0.003 -23"><span class='ocrx_word' id='word_1_82' title='bbox 390 1404 548 1459; x_wconf 63' lang='lat' dir='ltr'>mira:</span> <span class='ocrx_word' id='word_1_83' title='bbox 580 1407 919 1462; x_wconf 63' lang='lat' dir='ltr'>constantiae</span> <span class='ocrx_word' id='word_1_84' title='bbox 944 1413 999 1462; x_wconf 90' lang='lat' dir='ltr'>et</span> <span class='ocrx_word' id='word_1_85' title='bbox 1030 1409 1332 1480; x_wconf 73' lang='lat' dir='ltr'>przeparati</span> <span class='ocrx_word' id='word_1_86' title='bbox 1366 1409 1543 1463; x_wconf 89' lang='lat' dir='ltr'>animi</span> <span class='ocrx_word' id='word_1_87' title='bbox 1570 1410 1637 1463; x_wconf 85' lang='lat' dir='ltr'>ad</span> <span class='ocrx_word' id='word_1_88' title='bbox 1664 1409 2032 1482; x_wconf 82' lang='lat' dir='ltr'>martyrium,</span> 
     </span>
    </p>
   </div>
   <div class='ocr_carea' id='block_1_18' title="bbox 387 1495 2031 1568">
    <p class='ocr_par' dir='ltr' id='par_1_18' title="bbox 387 1495 2031 1568">
     <span class='ocr_line' id='line_1_18' title="bbox 387 1495 2031 1568; baseline 0.002 -19"><span class='ocrx_word' id='word_1_89' title='bbox 387 1499 588 1549; x_wconf 86' lang='lat' dir='ltr'>contra</span> <span class='ocrx_word' id='word_1_90' title='bbox 636 1495 1040 1551; x_wconf 90' lang='lat' dir='ltr'>Constantium</span> <span class='ocrx_word' id='word_1_91' title='bbox 1084 1496 1496 1568; x_wconf 84' lang='lat' dir='ltr'>imperatorem</span> <span class='ocrx_word' id='word_1_92' title='bbox 1534 1497 2031 1568; x_wconf 88' lang='lat' dir='ltr'>scripsitlibrum,</span> 
     </span>
    </p>
   </div>
   <div class='ocr_carea' id='block_1_19' title="bbox 387 1582 2032 1657">
    <p class='ocr_par' dir='ltr' id='par_1_19' title="bbox 387 1582 2032 1657">
     <span class='ocr_line' id='line_1_19' title="bbox 387 1582 2032 1657; baseline 0.002 -20"><span class='ocrx_word' id='word_1_93' title='bbox 387 1583 558 1655; x_wconf 87' lang='lat' dir='ltr'>eique</span> <span class='ocrx_word' id='word_1_94' title='bbox 589 1582 903 1655; x_wconf 86' lang='lat' dir='ltr'>legendum</span> <span class='ocrx_word' id='word_1_95' title='bbox 957 1584 1139 1653; x_wconf 81' lang='lat' dir='ltr'>misit,</span> <span class='ocrx_word' id='word_1_96' title='bbox 1200 1602 1265 1638; x_wconf 90' lang='lat' dir='ltr'>ac</span> <span class='ocrx_word' id='word_1_97' title='bbox 1306 1602 1419 1639; x_wconf 92' lang='lat' dir='ltr'>non</span> <span class='ocrx_word' id='word_1_98' title='bbox 1473 1585 1657 1640; x_wconf 83' lang='lat' dir='ltr'>multo</span> <span class='ocrx_word' id='word_1_99' title='bbox 1691 1592 1819 1657; x_wconf 89' lang='lat' dir='ltr'>post</span> <span class='ocrx_word' id='word_1_100' title='bbox 1846 1587 1887 1655; x_wconf 80' lang='grc'>⁴,</span> <span class='ocrx_word' id='word_1_101' title='bbox 1921 1588 2032 1641; x_wconf 91' lang='lat' dir='ltr'>sub</span> 
     </span>
    </p>
   </div>
   <div class='ocr_carea' id='block_1_20' title="bbox 382 1670 2028 1743">
    <p class='ocr_par' dir='ltr' id='par_1_20' title="bbox 382 1670 2028 1743">
     <span class='ocr_line' id='line_1_20' title="bbox 382 1670 2028 1743; baseline 0.002 -16"><span class='ocrx_word' id='word_1_102' title='bbox 382 1670 619 1727; x_wconf 86' lang='lat' dir='ltr'>Juliano</span> <span class='ocrx_word' id='word_1_103' title='bbox 669 1671 950 1743; x_wconf 83' lang='lat' dir='ltr'>principe,</span> <span class='ocrx_word' id='word_1_104' title='bbox 1015 1689 1279 1729; x_wconf 82' lang='lat' dir='ltr'>reversus</span> <span class='ocrx_word' id='word_1_105' title='bbox 1327 1673 1567 1741; x_wconf 86' lang='lat' dir='ltr'>Caralis,</span> <span class='ocrx_word' id='word_1_106' title='bbox 1622 1675 2028 1731; x_wconf 87' lang='lat' dir='ltr'>Valentiniano</span> 
     </span>
    </p>
   </div>
   <div class='ocr_carea' id='block_1_21' title="bbox 388 1761 936 1833">
    <p class='ocr_par' dir='ltr' id='par_1_21' title="bbox 388 1761 936 1833">
     <span class='ocr_line' id='line_1_21' title="bbox 388 1761 936 1833; baseline 0.002 -18"><span class='ocrx_word' id='word_1_107' title='bbox 388 1764 693 1833; x_wconf 83' lang='lat' dir='ltr'>regnante,</span> <span class='ocrx_word' id='word_1_108' title='bbox 724 1761 869 1817; x_wconf 89' lang='lat' dir='ltr'>obiit</span> <span class='ocrx_word' id='word_1_109' title='bbox 896 1762 936 1816; x_wconf 77' lang='grc'><strong>⁵.</strong></span> 
     </span>
    </p>
   </div>
   <div class='ocr_carea' id='block_1_22' title="bbox 2220 961 3807 1042">
    <p class='ocr_par' dir='ltr' id='par_1_22' title="bbox 2220 961 3807 1042">
     <span class='ocr_line' id='line_1_22' title="bbox 2220 961 3807 1042; baseline 0.001 -24"><span class='ocrx_word' id='word_1_110' title='bbox 2220 963 2510 1042; x_wconf 74' lang='grc' dir='ltr'>Αουκίφερ,</span> <span class='ocrx_word' id='word_1_111' title='bbox 2583 961 2945 1041; x_wconf 78' lang='grc' dir='ltr'>Καρακάλεως</span> <span class='ocrx_word' id='word_1_112' title='bbox 3000 962 3317 1034; x_wconf 77' lang='grc' dir='ltr'>ἐπίσκοπος,</span> <span class='ocrx_word' id='word_1_113' title='bbox 3376 964 3489 1038; x_wconf 81' lang='grc' dir='ltr'>ἅμα</span> <span class='ocrx_word' id='word_1_114' title='bbox 3548 968 3807 1041; x_wconf 78' lang='grc' dir='ltr'>Παγκρα-</span> 
     </span>
    </p>
   </div>
   <div class='ocr_carea' id='block_1_23' title="bbox 2145 1050 3804 1127">
    <p class='ocr_par' dir='ltr' id='par_1_23' title="bbox 2145 1050 3804 1127">
     <span class='ocr_line' id='line_1_23' title="bbox 2145 1050 3804 1127; baseline 0 -20"><span class='ocrx_word' id='word_1_115' title='bbox 2145 1051 2248 1126; x_wconf 79' lang='grc' dir='ltr'>τίῳ</span> <span class='ocrx_word' id='word_1_116' title='bbox 2285 1054 2373 1107; x_wconf 83' lang='grc' dir='ltr'>καὶ</span> <span class='ocrx_word' id='word_1_117' title='bbox 2422 1050 2641 1126; x_wconf 73' lang='grc' dir='ltr'>Ἱλαρίῳ</span> <span class='ocrx_word' id='word_1_118' title='bbox 2698 1061 2799 1123; x_wconf 74' lang='grc' dir='ltr'>τῆς</span> <span class='ocrx_word' id='word_1_119' title='bbox 2849 1051 3175 1123; x_wconf 78' lang='grc' dir='ltr'>Ἐκκλησίας</span> <span class='ocrx_word' id='word_1_120' title='bbox 3221 1053 3440 1126; x_wconf 80' lang='grc' dir='ltr'>Ῥώμης</span> <span class='ocrx_word' id='word_1_121' title='bbox 3489 1050 3804 1127; x_wconf 81' lang='grc' dir='ltr'>κληρικοῖς,</span> 
     </span>
    </p>
   </div>
   <div class='ocr_carea' id='block_1_24' title="bbox 2146 1136 3808 1219">
    <p class='ocr_par' dir='ltr' id='par_1_24' title="bbox 2146 1136 3808 1219">
     <span class='ocr_line' id='line_1_24' title="bbox 2146 1136 3808 1219; baseline 0.001 -23"><span class='ocrx_word' id='word_1_122' title='bbox 2146 1142 2282 1216; x_wconf 70' lang='grc' dir='ltr'>πρὸς</span> <span class='ocrx_word' id='word_1_123' title='bbox 2339 1144 2706 1198; x_wconf 77' lang='grc' dir='ltr'>Κωνστάντιον</span> <span class='ocrx_word' id='word_1_124' title='bbox 2781 1140 3008 1218; x_wconf 75' lang='grc' dir='ltr'>βασιλέα</span> <span class='ocrx_word' id='word_1_125' title='bbox 3062 1143 3207 1219; x_wconf 79' lang='grc' dir='ltr'>παρὰ</span> <span class='ocrx_word' id='word_1_126' title='bbox 3261 1136 3518 1219; x_wconf 75' lang='grc' dir='ltr'>Λιϐερίου</span> <span class='ocrx_word' id='word_1_127' title='bbox 3587 1141 3808 1197; x_wconf 77' lang='grc' dir='ltr'>ἐπισκύ-</span> 
     </span>
    </p>
   </div>
   <div class='ocr_carea' id='block_1_25' title="bbox 2146 1225 3805 1305">
    <p class='ocr_par' dir='ltr' id='par_1_25' title="bbox 2146 1225 3805 1305">
     <span class='ocr_line' id='line_1_25' title="bbox 2146 1225 3805 1305; baseline -0.001 -21"><span class='ocrx_word' id='word_1_128' title='bbox 2146 1252 2271 1303; x_wconf 78' lang='grc' dir='ltr'>που,</span> <span class='ocrx_word' id='word_1_129' title='bbox 2305 1231 2435 1305; x_wconf 70' lang='grc' dir='ltr'>ὑπὲρ</span> <span class='ocrx_word' id='word_1_130' title='bbox 2475 1238 2575 1301; x_wconf 81' lang='grc' dir='ltr'>τῆς</span> <span class='ocrx_word' id='word_1_131' title='bbox 2632 1231 2868 1293; x_wconf 79' lang='grc' dir='ltr'>πίστεως</span> <span class='ocrx_word' id='word_1_132' title='bbox 2932 1230 3008 1293; x_wconf 84' lang='grc' dir='ltr'>εἷς</span> <span class='ocrx_word' id='word_1_133' title='bbox 3067 1225 3353 1305; x_wconf 76' lang='grc' dir='ltr'>πρεσϐείαν</span> <span class='ocrx_word' id='word_1_134' title='bbox 3416 1228 3655 1303; x_wconf 72' lang='grc' dir='ltr'>παλεὲς,</span> <span class='ocrx_word' id='word_1_135' title='bbox 3724 1232 3805 1304; x_wconf 78' lang='grc' dir='ltr'>μή</span> 
     </span>
    </p>
   </div>
   <div class='ocr_carea' id='block_1_26' title="bbox 2149 1314 3804 1394">
    <p class='ocr_par' dir='ltr' id='par_1_26' title="bbox 2149 1314 3804 1394">
     <span class='ocr_line' id='line_1_26' title="bbox 2149 1314 3804 1394; baseline -0.001 -20"><span class='ocrx_word' id='word_1_136' title='bbox 2149 1314 2485 1394; x_wconf 70' lang='grc' dir='ltr'>βουλόμενος</span> <span class='ocrx_word' id='word_1_137' title='bbox 2561 1319 2641 1375; x_wconf 79' lang='grc' dir='ltr'>ἐπ’</span> <span class='ocrx_word' id='word_1_138' title='bbox 2719 1320 2948 1393; x_wconf 76' lang='grc' dir='ltr'>ὀνόματι</span> <span class='ocrx_word' id='word_1_139' title='bbox 3017 1319 3337 1374; x_wconf 80' lang='grc' dir='ltr'>Ἀθανασίου</span> <span class='ocrx_word' id='word_1_140' title='bbox 3396 1320 3497 1388; x_wconf 74' lang='grc' dir='ltr'>τήν</span> <span class='ocrx_word' id='word_1_141' title='bbox 3557 1321 3804 1391; x_wconf 74' lang='grc' dir='ltr'>Νικηντςν</span> 
     </span>
    </p>
   </div>
   <div class='ocr_carea' id='block_1_27' title="bbox 2145 1407 3806 1481">
    <p class='ocr_par' dir='ltr' id='par_1_27' title="bbox 2145 1407 3806 1481">
     <span class='ocr_line' id='line_1_27' title="bbox 2145 1407 3806 1481; baseline 0 -18"><span class='ocrx_word' id='word_1_142' title='bbox 2145 1407 2367 1463; x_wconf 77' lang='grc' dir='ltr'>σύνοδον</span> <span class='ocrx_word' id='word_1_143' title='bbox 2438 1407 2759 1480; x_wconf 79' lang='grc' dir='ltr'>καταλῦσαι,</span> <span class='ocrx_word' id='word_1_144' title='bbox 2851 1409 2927 1471; x_wconf 81' lang='grc' dir='ltr'>εἷς</span> <span class='ocrx_word' id='word_1_145' title='bbox 3002 1407 3370 1479; x_wconf 80' lang='grc' dir='ltr'>Παλαιστίνην</span> <span class='ocrx_word' id='word_1_146' title='bbox 3450 1407 3745 1481; x_wconf 78' lang='grc' dir='ltr'>ἐξορισθεὶς</span> <span class='ocrx_word' id='word_1_147' title='bbox 3791 1454 3806 1478; x_wconf 92' lang='grc'>,</span> 
     </span>
    </p>
   </div>
   <div class='ocr_carea' id='block_1_28' title="bbox 2143 1495 3807 1573">
    <p class='ocr_par' dir='ltr' id='par_1_28' title="bbox 2143 1495 3807 1573">
     <span class='ocr_line' id='line_1_28' title="bbox 2143 1495 3807 1573; baseline 0 -22"><span class='ocrx_word' id='word_1_148' title='bbox 2143 1500 2457 1570; x_wconf 78' lang='grc' dir='ltr'>θαυμαστῆς</span> <span class='ocrx_word' id='word_1_149' title='bbox 2516 1497 2828 1573; x_wconf 79' lang='grc' dir='ltr'>ἐγκρατείας</span> <span class='ocrx_word' id='word_1_150' title='bbox 2886 1499 2977 1552; x_wconf 84' lang='grc' dir='ltr'>καὶ</span> <span class='ocrx_word' id='word_1_151' title='bbox 3035 1497 3454 1573; x_wconf 81' lang='grc' dir='ltr'>εύτρεπισμένου</span> <span class='ocrx_word' id='word_1_152' title='bbox 3525 1495 3807 1572; x_wconf 73' lang='grc' dir='ltr'>λογισμοῦ</span> 
     </span>
    </p>
   </div>
   <div class='ocr_carea' id='block_1_29' title="bbox 2143 1584 3806 1663">
    <p class='ocr_par' dir='ltr' id='par_1_29' title="bbox 2143 1584 3806 1663">
     <span class='ocr_line' id='line_1_29' title="bbox 2143 1584 3806 1663; baseline 0 -23"><span class='ocrx_word' id='word_1_153' title='bbox 2143 1586 2219 1648; x_wconf 81' lang='grc' dir='ltr'>εἷς</span> <span class='ocrx_word' id='word_1_154' title='bbox 2280 1586 2615 1663; x_wconf 77' lang='grc' dir='ltr'>μαρτύριον,</span> <span class='ocrx_word' id='word_1_155' title='bbox 2677 1587 2923 1657; x_wconf 74' lang='grc' dir='ltr'>συνέταξε</span> <span class='ocrx_word' id='word_1_156' title='bbox 2982 1584 3147 1661; x_wconf 82' lang='grc' dir='ltr'>λόγον</span> <span class='ocrx_word' id='word_1_157' title='bbox 3205 1587 3343 1641; x_wconf 73' lang='grc' dir='ltr'>κατὰ</span> <span class='ocrx_word' id='word_1_158' title='bbox 3382 1586 3806 1657; x_wconf 78' lang='grc' dir='ltr'>Κωνσταντὶου,</span> 
     </span>
    </p>
   </div>
   <div class='ocr_carea' id='block_1_30' title="bbox 2133 1673 3805 1750">
    <p class='ocr_par' dir='ltr' id='par_1_30' title="bbox 2133 1673 3805 1750">
     <span class='ocr_line' id='line_1_30' title="bbox 2133 1673 3805 1750; baseline 0.001 -22"><span class='ocrx_word' id='word_1_159' title='bbox 2133 1674 2327 1750; x_wconf 60' lang='grc' dir='ltr'>ςεοῦτόν</span> <span class='ocrx_word' id='word_1_160' title='bbox 2386 1695 2445 1729; x_wconf 89' lang='grc' dir='ltr'>τε</span> <span class='ocrx_word' id='word_1_161' title='bbox 2501 1674 2647 1747; x_wconf 76' lang='grc' dir='ltr'>αὐτῷ</span> <span class='ocrx_word' id='word_1_162' title='bbox 2706 1673 3016 1730; x_wconf 70' lang='grc' dir='ltr'>ἀπέστειλεν</span> <span class='ocrx_word' id='word_1_163' title='bbox 3075 1675 3664 1750; x_wconf 78' lang='grc' dir='ltr'>ἀναγνωσοησόμενον,</span> <span class='ocrx_word' id='word_1_164' title='bbox 3706 1677 3805 1729; x_wconf 82' lang='grc' dir='ltr'>καὶ</span> 
     </span>
    </p>
   </div>
   <div class='ocr_carea' id='block_1_31' title="bbox 2145 1762 3808 1839">
    <p class='ocr_par' dir='ltr' id='par_1_31' title="bbox 2145 1762 3808 1839">
     <span class='ocr_line' id='line_1_31' title="bbox 2145 1762 3808 1839; baseline 0 -21"><span class='ocrx_word' id='word_1_165' title='bbox 2145 1763 2341 1838; x_wconf 83' lang='grc' dir='ltr'>μετ’ού</span> <span class='ocrx_word' id='word_1_166' title='bbox 2394 1762 2538 1818; x_wconf 79' lang='grc' dir='ltr'>πολὺ</span> <span class='ocrx_word' id='word_1_167' title='bbox 2600 1763 2981 1839; x_wconf 78' lang='grc' dir='ltr'>βασιλεύοντος</span> <span class='ocrx_word' id='word_1_168' title='bbox 3040 1762 3363 1837; x_wconf 66' lang='grc' dir='ltr'>Ἰονυλιανοῦ,</span> <span class='ocrx_word' id='word_1_169' title='bbox 3405 1763 3483 1826; x_wconf 83' lang='grc' dir='ltr'>εἰς</span> <span class='ocrx_word' id='word_1_170' title='bbox 3535 1765 3636 1833; x_wconf 73' lang='grc' dir='ltr'>τὴν</span> <span class='ocrx_word' id='word_1_171' title='bbox 3694 1770 3808 1818; x_wconf 77' lang='grc' dir='ltr'>Κα-</span> 
     </span>
    </p>
   </div>
   <div class='ocr_carea' id='block_1_32' title="bbox 2143 1850 3807 1930">
    <p class='ocr_par' dir='ltr' id='par_1_32' title="bbox 2143 1850 3807 1930">
     <span class='ocr_line' id='line_1_32' title="bbox 2143 1850 3807 1930; baseline 0.001 -23"><span class='ocrx_word' id='word_1_172' title='bbox 2143 1850 2446 1930; x_wconf 82' lang='grc' dir='ltr'>ρακαλίνων</span> <span class='ocrx_word' id='word_1_173' title='bbox 2507 1852 2829 1924; x_wconf 70' lang='grc' dir='ltr'>ἀναζεύξας,</span> <span class='ocrx_word' id='word_1_174' title='bbox 2900 1853 2988 1908; x_wconf 81' lang='grc' dir='ltr'>ἐπὶ</span> <span class='ocrx_word' id='word_1_175' title='bbox 3046 1851 3457 1909; x_wconf 80' lang='grc' dir='ltr'>Βαλεντινιανοῦ</span> <span class='ocrx_word' id='word_1_176' title='bbox 3518 1850 3807 1927; x_wconf 76' lang='grc' dir='ltr'>βασιλέως</span> 
     </span>
    </p>
   </div>
   <div class='ocr_carea' id='block_1_33' title="bbox 2061 1930 2512 2013">
    <p class='ocr_par' dir='ltr' id='par_1_33' title="bbox 2061 1930 2512 2013">
     <span class='ocr_line' id='line_1_33' title="bbox 2061 1930 2512 2013; baseline 0.011 -19"><span class='ocrx_word' id='word_1_177' title='bbox 2061 1930 2108 1994; x_wconf 89' lang='grc' dir='ltr'>Β</span> <span class='ocrx_word' id='word_1_178' title='bbox 2141 1940 2394 2013; x_wconf 83' lang='grc' dir='ltr'>ὲτελεύτη</span> <span class='ocrx_word' id='word_1_179' title='bbox 2404 1963 2512 1999; x_wconf 89' lang='grc' dir='ltr'>σεν.</span> 
     </span>
    </p>
   </div>
   <div class='ocr_carea' id='block_1_34' title="bbox 1910 2068 2353 2128">
    <p class='ocr_par' dir='ltr' id='par_1_34' title="bbox 1910 2068 2353 2128">
     <span class='ocr_line' id='line_1_34' title="bbox 1910 2068 2353 2128; baseline 0.002 -4"><span class='ocrx_word' id='word_1_180' title='bbox 1910 2068 2041 2124; x_wconf 87' lang='lat' dir='ltr'>CAP</span> <span class='ocrx_word' id='word_1_181' title='bbox 2051 2070 2138 2128; x_wconf 92' lang='lat' dir='ltr'><strong>UT</strong></span> <span class='ocrx_word' id='word_1_182' title='bbox 2166 2069 2353 2125; x_wconf 88' lang='lat' dir='ltr'>XCVI.</span> 
     </span>
    </p>
   </div>
   <div class='ocr_carea' id='block_1_35' title="bbox 453 2162 2033 2231">
    <p class='ocr_par' dir='ltr' id='par_1_35' title="bbox 453 2162 2033 2231">
     <span class='ocr_line' id='line_1_35' title="bbox 453 2162 2033 2231; baseline 0.002 -11"><span class='ocrx_word' id='word_1_183' title='bbox 453 2164 597 2220; x_wconf 67' lang='lat'>931</span> <span class='ocrx_word' id='word_1_184' title='bbox 656 2162 966 2231; x_wconf 84' lang='lat' dir='ltr'>Eusebius,</span> <span class='ocrx_word' id='word_1_185' title='bbox 1015 2164 1250 2219; x_wconf 89' lang='lat' dir='ltr'>natione</span> <span class='ocrx_word' id='word_1_186' title='bbox 1304 2163 1545 2231; x_wconf 89' lang='lat' dir='ltr'>Sardus,</span> <span class='ocrx_word' id='word_1_187' title='bbox 1594 2168 1650 2221; x_wconf 89' lang='lat' dir='ltr'>et</span> <span class='ocrx_word' id='word_1_188' title='bbox 1695 2182 1763 2221; x_wconf 85' lang='lat' dir='ltr'>ex</span> <span class='ocrx_word' id='word_1_189' title='bbox 1820 2164 2033 2223; x_wconf 85' lang='lat' dir='ltr'>lectore</span> 
     </span>
    </p>
   </div>
   <div class='ocr_carea' id='block_1_36' title="bbox 384 2252 2026 2325">
    <p class='ocr_par' dir='ltr' id='par_1_36' title="bbox 384 2252 2026 2325">
     <span class='ocr_line' id='line_1_36' title="bbox 384 2252 2026 2325; baseline 0.001 -17"><span class='ocrx_word' id='word_1_190' title='bbox 384 2253 548 2308; x_wconf 87' lang='lat' dir='ltr'>urbis</span> <span class='ocrx_word' id='word_1_191' title='bbox 581 2253 873 2322; x_wconf 64' lang='lat' dir='ltr'>Romanis,</span> <span class='ocrx_word' id='word_1_192' title='bbox 905 2252 1296 2308; x_wconf 86' lang='lat' dir='ltr'>Vercellensis</span> <span class='ocrx_word' id='word_1_193' title='bbox 1327 2252 1656 2325; x_wconf 88' lang='lat' dir='ltr'>episcopus,</span> <span class='ocrx_word' id='word_1_194' title='bbox 1693 2255 1767 2309; x_wconf 93' lang='lat' dir='ltr'>ob</span> <span class='ocrx_word' id='word_1_195' title='bbox 1798 2255 2026 2310; x_wconf 84' lang='lat' dir='ltr'>confes-</span> 
     </span>
    </p>
   </div>
   <div class='ocr_carea' id='block_1_37' title="bbox 378 2341 2031 2414">
    <p class='ocr_par' dir='ltr' id='par_1_37' title="bbox 378 2341 2031 2414">
     <span class='ocr_line' id='line_1_37' title="bbox 378 2341 2031 2414; baseline 0 -16"><span class='ocrx_word' id='word_1_196' title='bbox 378 2342 608 2398; x_wconf 79' lang='lat' dir='ltr'>sionem</span> <span class='ocrx_word' id='word_1_197' title='bbox 640 2341 773 2398; x_wconf 85' lang='lat' dir='ltr'>fidei</span> <span class='ocrx_word' id='word_1_198' title='bbox 804 2358 838 2396; x_wconf 91' lang='lat' dir='ltr'>a</span> <span class='ocrx_word' id='word_1_199' title='bbox 864 2342 1202 2398; x_wconf 88' lang='lat' dir='ltr'>Constantio</span> <span class='ocrx_word' id='word_1_200' title='bbox 1243 2341 1504 2414; x_wconf 89' lang='lat' dir='ltr'>principe</span> <span class='ocrx_word' id='word_1_201' title='bbox 1553 2342 1942 2414; x_wconf 80' lang='lat' dir='ltr'>ScythOpolim</span> <span class='ocrx_word' id='word_1_202' title='bbox 1974 2348 2031 2399; x_wconf 91' lang='lat' dir='ltr'>et</span> 
     </span>
    </p>
   </div>
   <div class='ocr_carea' id='block_1_38' title="bbox 381 2429 2029 2504">
    <p class='ocr_par' dir='ltr' id='par_1_38' title="bbox 381 2429 2029 2504">
     <span class='ocr_line' id='line_1_38' title="bbox 381 2429 2029 2504; baseline 0.001 -18"><span class='ocrx_word' id='word_1_203' title='bbox 381 2430 518 2486; x_wconf 90' lang='lat' dir='ltr'>inde</span> <span class='ocrx_word' id='word_1_204' title='bbox 548 2430 974 2503; x_wconf 85' lang='lat' dir='ltr'>Cappadociam</span> <span class='ocrx_word' id='word_1_205' title='bbox 1022 2429 1337 2503; x_wconf 85' lang='lat' dir='ltr'>relegatus,</span> <span class='ocrx_word' id='word_1_206' title='bbox 1372 2430 1483 2486; x_wconf 91' lang='lat' dir='ltr'>sub</span> <span class='ocrx_word' id='word_1_207' title='bbox 1512 2429 1746 2487; x_wconf 90' lang='lat' dir='ltr'>Juliano</span> <span class='ocrx_word' id='word_1_208' title='bbox 1780 2432 2029 2504; x_wconf 88' lang='lat' dir='ltr'>impera-</span> 
     </span>
    </p>
   </div>
   <div class='ocr_carea' id='block_1_39' title="bbox 382 2518 2030 2585">
    <p class='ocr_par' dir='ltr' id='par_1_39' title="bbox 382 2518 2030 2585">
     <span class='ocr_line' id='line_1_39' title="bbox 382 2518 2030 2585; baseline 0.001 -10"><span class='ocrx_word' id='word_1_209' title='bbox 382 2524 508 2576; x_wconf 67' lang='lat' dir='ltr'>tore</span> <span class='ocrx_word' id='word_1_210' title='bbox 537 2520 610 2575; x_wconf 90' lang='lat' dir='ltr'>ad</span> <span class='ocrx_word' id='word_1_211' title='bbox 660 2518 978 2575; x_wconf 79' lang='lat' dir='ltr'>Ecclesium</span> <span class='ocrx_word' id='word_1_212' title='bbox 1031 2535 1297 2575; x_wconf 85' lang='lat' dir='ltr'>reversus</span> <span class='ocrx_word' id='word_1_213' title='bbox 1330 2521 1371 2585; x_wconf 75' lang='grc' dir='ltr'>δ,</span> <span class='ocrx_word' id='word_1_214' title='bbox 1427 2520 1611 2575; x_wconf 89' lang='lat' dir='ltr'>edidit</span> <span class='ocrx_word' id='word_1_215' title='bbox 1656 2520 1715 2575; x_wconf 90' lang='lat' dir='ltr'>in</span> <span class='ocrx_word' id='word_1_216' title='bbox 1769 2521 2030 2577; x_wconf 88' lang='lat' dir='ltr'>Psalmos</span> 
     </span>
    </p>
   </div>
   <div class='ocr_carea' id='block_1_40' title="bbox 379 2606 2029 2679">
    <p class='ocr_par' dir='ltr' id='par_1_40' title="bbox 379 2606 2029 2679">
     <span class='ocr_line' id='line_1_40' title="bbox 379 2606 2029 2679; baseline 0.001 -16"><span class='ocrx_word' id='word_1_217' title='bbox 379 2606 846 2663; x_wconf 81' lang='lat' dir='ltr'>Commentarios</span> <span class='ocrx_word' id='word_1_218' title='bbox 880 2607 1111 2665; x_wconf 81' lang='lat' dir='ltr'>Eusebii</span> <span class='ocrx_word' id='word_1_219' title='bbox 1142 2607 1533 2674; x_wconf 69' lang='lat' dir='ltr'>Caesariensis,</span> <span class='ocrx_word' id='word_1_220' title='bbox 1566 2624 1714 2679; x_wconf 89' lang='lat' dir='ltr'>quos</span> <span class='ocrx_word' id='word_1_221' title='bbox 1745 2610 1816 2664; x_wconf 89' lang='lat' dir='ltr'>de</span> <span class='ocrx_word' id='word_1_222' title='bbox 1836 2611 2029 2666; x_wconf 69' lang='lat' dir='ltr'>Graeco</span> 
     </span>
    </p>
   </div>
   <div class='ocr_carea' id='block_1_41' title="bbox 380 2696 2030 2755">
    <p class='ocr_par' dir='ltr' id='par_1_41' title="bbox 380 2696 2030 2755">
     <span class='ocr_line' id='line_1_41' title="bbox 380 2696 2030 2755; baseline 0.003 -5"><span class='ocrx_word' id='word_1_223' title='bbox 380 2696 440 2751; x_wconf 87' lang='lat' dir='ltr'>in</span> <span class='ocrx_word' id='word_1_224' title='bbox 475 2696 747 2751; x_wconf 88' lang='lat' dir='ltr'>Latinum</span> <span class='ocrx_word' id='word_1_225' title='bbox 777 2701 1028 2752; x_wconf 73' lang='lat' dir='ltr'>verterat</span> <span class='ocrx_word' id='word_1_226' title='bbox 1054 2698 1095 2751; x_wconf 80' lang='grc'>⁷.</span> <span class='ocrx_word' id='word_1_227' title='bbox 1127 2699 1390 2752; x_wconf 84' lang='lat' dir='ltr'>Mortuus</span> <span class='ocrx_word' id='word_1_228' title='bbox 1419 2700 1509 2753; x_wconf 88' lang='lat' dir='ltr'>est</span> <span class='ocrx_word' id='word_1_229' title='bbox 1537 2697 1943 2755; x_wconf 84' lang='lat' dir='ltr'>Valentiniano</span> <span class='ocrx_word' id='word_1_230' title='bbox 1972 2704 2030 2755; x_wconf 90' lang='lat' dir='ltr'>et</span> 
     </span>
    </p>
   </div>
   <div class='ocr_carea' id='block_1_42' title="bbox 381 2784 1108 2858">
    <p class='ocr_par' dir='ltr' id='par_1_42' title="bbox 381 2784 1108 2858">
     <span class='ocr_line' id='line_1_42' title="bbox 381 2784 1108 2858; baseline 0 -18"><span class='ocrx_word' id='word_1_231' title='bbox 381 2784 623 2842; x_wconf 81' lang='lat' dir='ltr'>Valente</span> <span class='ocrx_word' id='word_1_232' title='bbox 651 2784 1038 2858; x_wconf 84' lang='lat' dir='ltr'>regnantibus</span> <span class='ocrx_word' id='word_1_233' title='bbox 1066 2786 1108 2840; x_wconf 82' lang='grc'>⁸.</span> 
     </span>
    </p>
   </div>
   <div class='ocr_carea' id='block_1_43' title="bbox 2216 2159 3805 2241">
    <p class='ocr_par' dir='ltr' id='par_1_43' title="bbox 2216 2159 3805 2241">
     <span class='ocr_line' id='line_1_43' title="bbox 2216 2159 3805 2241; baseline -0.003 -17"><span class='ocrx_word' id='word_1_234' title='bbox 2216 2168 2370 2224; x_wconf 67' lang='lat'>932</span> <span class='ocrx_word' id='word_1_235' title='bbox 2420 2159 2702 2235; x_wconf 76' lang='grc' dir='ltr'>Εύσὲϐιος,</span> <span class='ocrx_word' id='word_1_236' title='bbox 2770 2165 2915 2240; x_wconf 81' lang='grc' dir='ltr'>γὲνει</span> <span class='ocrx_word' id='word_1_237' title='bbox 2975 2161 3205 2241; x_wconf 83' lang='grc' dir='ltr'>Σάρδος,</span> <span class='ocrx_word' id='word_1_238' title='bbox 3277 2165 3382 2219; x_wconf 82' lang='grc' dir='ltr'>ἀπὸ</span> <span class='ocrx_word' id='word_1_239' title='bbox 3435 2165 3805 2239; x_wconf 62' lang='grc' dir='ltr'>ἀναγνωστιῖη</span> 
     </span>
    </p>
   </div>
   <div class='ocr_carea' id='block_1_44' title="bbox 2139 2250 3805 2330">
    <p class='ocr_par' dir='ltr' id='par_1_44' title="bbox 2139 2250 3805 2330">
     <span class='ocr_line' id='line_1_44' title="bbox 2139 2250 3805 2330; baseline -0.001 -22"><span class='ocrx_word' id='word_1_240' title='bbox 2139 2261 2238 2324; x_wconf 80' lang='grc' dir='ltr'>τῆς</span> <span class='ocrx_word' id='word_1_241' title='bbox 2295 2251 2623 2323; x_wconf 76' lang='grc' dir='ltr'>Ἐκκλησίας</span> <span class='ocrx_word' id='word_1_242' title='bbox 2687 2254 2945 2327; x_wconf 80' lang='grc' dir='ltr'>Ῥώμης,</span> <span class='ocrx_word' id='word_1_243' title='bbox 3018 2251 3387 2330; x_wconf 80' lang='grc' dir='ltr'>Βαρκελίνσης</span> <span class='ocrx_word' id='word_1_244' title='bbox 3458 2250 3805 2323; x_wconf 77' lang='grc' dir='ltr'>ἐπίσκοπος,</span> 
     </span>
    </p>
   </div>
   <div class='ocr_carea' id='block_1_45' title="bbox 2142 2340 3809 2419">
    <p class='ocr_par' dir='ltr' id='par_1_45' title="bbox 2142 2340 3809 2419">
     <span class='ocr_line' id='line_1_45' title="bbox 2142 2340 3809 2419; baseline 0 -22"><span class='ocrx_word' id='word_1_245' title='bbox 2142 2340 2231 2397; x_wconf 73' lang='grc' dir='ltr'>διὰ</span> <span class='ocrx_word' id='word_1_246' title='bbox 2288 2345 2390 2414; x_wconf 74' lang='grc' dir='ltr'>τὴν</span> <span class='ocrx_word' id='word_1_247' title='bbox 2448 2349 2548 2412; x_wconf 82' lang='grc' dir='ltr'>τῆς</span> <span class='ocrx_word' id='word_1_248' title='bbox 2589 2342 2824 2404; x_wconf 80' lang='grc' dir='ltr'>πίστεως</span> <span class='ocrx_word' id='word_1_249' title='bbox 2866 2340 3264 2418; x_wconf 76' lang='grc' dir='ltr'>ἐξομολόγησιν</span> <span class='ocrx_word' id='word_1_250' title='bbox 3314 2343 3460 2419; x_wconf 75' lang='grc' dir='ltr'>παρὰ</span> <span class='ocrx_word' id='word_1_251' title='bbox 3518 2348 3809 2397; x_wconf 79' lang='grc' dir='ltr'>Κώνσταν-</span> 
     </span>
    </p>
   </div>
   <div class='ocr_carea' id='block_1_46' title="bbox 2138 2430 3807 2507">
    <p class='ocr_par' dir='ltr' id='par_1_46' title="bbox 2138 2430 3807 2507">
     <span class='ocr_line' id='line_1_46' title="bbox 2138 2430 3807 2507; baseline 0 -20"><span class='ocrx_word' id='word_1_252' title='bbox 2138 2432 2259 2488; x_wconf 83' lang='grc' dir='ltr'>τίου</span> <span class='ocrx_word' id='word_1_253' title='bbox 2323 2430 2594 2507; x_wconf 79' lang='grc' dir='ltr'>βασιλέως</span> <span class='ocrx_word' id='word_1_254' title='bbox 2652 2432 2728 2494; x_wconf 76' lang='grc' dir='ltr'>εἷς</span> <span class='ocrx_word' id='word_1_255' title='bbox 2788 2430 3151 2501; x_wconf 81' lang='grc' dir='ltr'>Σκυθόπολιν,</span> <span class='ocrx_word' id='word_1_256' title='bbox 3211 2432 3454 2487; x_wconf 82' lang='grc' dir='ltr'>κάκεῖθεν</span> <span class='ocrx_word' id='word_1_257' title='bbox 3513 2431 3592 2493; x_wconf 77' lang='grc' dir='ltr'>εἷς</span> <span class='ocrx_word' id='word_1_258' title='bbox 3648 2438 3807 2487; x_wconf 79' lang='grc' dir='ltr'>Καπ-</span> 
     </span>
    </p>
   </div>
   <div class='ocr_carea' id='block_1_47' title="bbox 2138 2518 3805 2597">
    <p class='ocr_par' dir='ltr' id='par_1_47' title="bbox 2138 2518 3805 2597">
     <span class='ocr_line' id='line_1_47' title="bbox 2138 2518 3805 2597; baseline -0.001 -20"><span class='ocrx_word' id='word_1_259' title='bbox 2138 2519 2401 2577; x_wconf 80' lang='grc' dir='ltr'>παδοκίαν</span> <span class='ocrx_word' id='word_1_260' title='bbox 2462 2521 2750 2597; x_wconf 78' lang='grc' dir='ltr'>ἐξορισθεὶς</span> <span class='ocrx_word' id='word_1_261' title='bbox 2786 2566 2800 2590; x_wconf 92' lang='grc'>,</span> <span class='ocrx_word' id='word_1_262' title='bbox 2858 2520 2945 2576; x_wconf 80' lang='grc' dir='ltr'>ἐπὶ</span> <span class='ocrx_word' id='word_1_263' title='bbox 3003 2519 3305 2576; x_wconf 83' lang='grc' dir='ltr'>Ἰουλιανοῦ</span> <span class='ocrx_word' id='word_1_264' title='bbox 3366 2525 3463 2575; x_wconf 76' lang='grc' dir='ltr'>τοῦ</span> <span class='ocrx_word' id='word_1_265' title='bbox 3521 2518 3805 2596; x_wconf 78' lang='grc' dir='ltr'>βασιλέως</span> 
     </span>
    </p>
   </div>
   <div class='ocr_carea' id='block_1_48' title="bbox 2141 2606 3806 2680">
    <p class='ocr_par' dir='ltr' id='par_1_48' title="bbox 2141 2606 3806 2680">
     <span class='ocr_line' id='line_1_48' title="bbox 2141 2606 3806 2680; baseline -0.001 -15"><span class='ocrx_word' id='word_1_266' title='bbox 2141 2611 2218 2673; x_wconf 86' lang='grc' dir='ltr'>εἰς</span> <span class='ocrx_word' id='word_1_267' title='bbox 2282 2612 2382 2680; x_wconf 76' lang='grc' dir='ltr'>τήν</span> <span class='ocrx_word' id='word_1_268' title='bbox 2459 2608 2785 2680; x_wconf 75' lang='grc' dir='ltr'>Ἐκκλησίαν</span> <span class='ocrx_word' id='word_1_269' title='bbox 2864 2608 3152 2680; x_wconf 81' lang='grc' dir='ltr'>ἀναζεύξας</span> <span class='ocrx_word' id='word_1_270' title='bbox 3219 2606 3471 2680; x_wconf 74' lang='grc' dir='ltr'>ἐξέδωκεν</span> <span class='ocrx_word' id='word_1_271' title='bbox 3531 2609 3608 2671; x_wconf 75' lang='grc' dir='ltr'>εἰς</span> <span class='ocrx_word' id='word_1_272' title='bbox 3661 2608 3806 2673; x_wconf 76' lang='grc' dir='ltr'>τούς</span> 
     </span>
    </p>
   </div>
   <div class='ocr_carea' id='block_1_49' title="bbox 2140 2693 3805 2774">
    <p class='ocr_par' dir='ltr' id='par_1_49' title="bbox 2140 2693 3805 2774">
     <span class='ocr_line' id='line_1_49' title="bbox 2140 2693 3805 2774; baseline -0.001 -20"><span class='ocrx_word' id='word_1_273' title='bbox 2140 2697 2410 2772; x_wconf 87' lang='grc' dir='ltr'>Ψαλμούς</span> <span class='ocrx_word' id='word_1_274' title='bbox 2468 2702 2860 2773; x_wconf 75' lang='grc' dir='ltr'>Ὑπομνήματα</span> <span class='ocrx_word' id='word_1_275' title='bbox 2939 2693 3199 2753; x_wconf 60' lang='lat' dir='ltr'>Euax-36500</span> <span class='ocrx_word' id='word_1_276' title='bbox 3276 2702 3374 2752; x_wconf 82' lang='grc' dir='ltr'>τοῦ</span> <span class='ocrx_word' id='word_1_277' title='bbox 3432 2701 3753 2774; x_wconf 82' lang='grc' dir='ltr'>Καισαρὲως</span> <span class='ocrx_word' id='word_1_278' title='bbox 3788 2742 3805 2768; x_wconf 90' lang='grc'>,</span> 
     </span>
    </p>
   </div>
   <div class='ocr_carea' id='block_1_50' title="bbox 2138 2784 3803 2863">
    <p class='ocr_par' dir='ltr' id='par_1_50' title="bbox 2138 2784 3803 2863">
     <span class='ocr_line' id='line_1_50' title="bbox 2138 2784 3803 2863; baseline 0.001 -21"><span class='ocrx_word' id='word_1_279' title='bbox 2138 2788 2292 2842; x_wconf 76' lang='grc' dir='ltr'>ἅτινα</span> <span class='ocrx_word' id='word_1_280' title='bbox 2355 2788 2489 2849; x_wconf 84' lang='grc' dir='ltr'>ἀπὸς</span> <span class='ocrx_word' id='word_1_281' title='bbox 2548 2784 2859 2858; x_wconf 83' lang='grc' dir='ltr'>Ελληνικοῦ</span> <span class='ocrx_word' id='word_1_282' title='bbox 2924 2787 3001 2849; x_wconf 86' lang='grc' dir='ltr'>εἷς</span> <span class='ocrx_word' id='word_1_283' title='bbox 3054 2787 3355 2860; x_wconf 78' lang='grc' dir='ltr'>Ῥωμαϊκὸν</span> <span class='ocrx_word' id='word_1_284' title='bbox 3415 2785 3803 2863; x_wconf 82' lang='grc' dir='ltr'>μετενηνόχει.</span> 
     </span>
    </p>
   </div>
   <div class='ocr_carea' id='block_1_51' title="bbox 2137 2871 3805 2945">
    <p class='ocr_par' dir='ltr' id='par_1_51' title="bbox 2137 2871 3805 2945">
     <span class='ocr_line' id='line_1_51' title="bbox 2137 2871 3805 2945; baseline 0.001 -17"><span class='ocrx_word' id='word_1_285' title='bbox 2137 2874 2235 2929; x_wconf 85' lang='grc' dir='ltr'>Καὶ</span> <span class='ocrx_word' id='word_1_286' title='bbox 2305 2872 2650 2945; x_wconf 77' lang='grc' dir='ltr'>ἐτελεύτησεν</span> <span class='ocrx_word' id='word_1_287' title='bbox 2716 2873 2803 2929; x_wconf 83' lang='grc' dir='ltr'>ἐπὶ</span> <span class='ocrx_word' id='word_1_288' title='bbox 2871 2872 3317 2931; x_wconf 81' lang='grc' dir='ltr'>Οὐαλεντινιανοῦ</span> <span class='ocrx_word' id='word_1_289' title='bbox 3391 2875 3478 2929; x_wconf 83' lang='grc' dir='ltr'>καὶ</span> <span class='ocrx_word' id='word_1_290' title='bbox 3550 2871 3805 2930; x_wconf 75' lang='grc' dir='ltr'>Οὐάλεν-</span> 
     </span>
    </p>
   </div>
   <div class='ocr_carea' id='block_1_52' title="bbox 2136 2984 2248 3026">
    <p class='ocr_par' dir='ltr' id='par_1_52' title="bbox 2136 2984 2248 3026">
     <span class='ocr_line' id='line_1_52' title="bbox 2136 2984 2248 3026; baseline 0.027 -8"><span class='ocrx_word' id='word_1_291' title='bbox 2136 2984 2248 3026; x_wconf 87' lang='grc' dir='ltr'>τος.</span> 
     </span>
    </p>
   </div>
   <div class='ocr_carea' id='block_1_53' title="bbox 1911 3090 2381 3147">
    <p class='ocr_par' dir='ltr' id='par_1_53' title="bbox 1911 3090 2381 3147">
     <span class='ocr_line' id='line_1_53' title="bbox 1911 3090 2381 3147; baseline -0.004 0"><span class='ocrx_word' id='word_1_292' title='bbox 1911 3090 2139 3147; x_wconf 82' lang='lat' dir='ltr'>CAPUT</span> <span class='ocrx_word' id='word_1_293' title='bbox 2167 3090 2381 3147; x_wconf 86' lang='lat' dir='ltr'>XCVII.</span> 
     </span>
    </p>
   </div>
   <div class='ocr_carea' id='block_1_54' title="bbox 452 3185 2026 3267">
    <p class='ocr_par' dir='ltr' id='par_1_54' title="bbox 452 3187 2023 3261">
     <span class='ocr_line' id='line_1_54' title="bbox 452 3187 2023 3261; baseline 0.001 -19"><span class='ocrx_word' id='word_1_294' title='bbox 452 3187 929 3255; x_wconf 87' lang='lat' dir='ltr'>Fortunatianus,</span> <span class='ocrx_word' id='word_1_295' title='bbox 987 3188 1220 3244; x_wconf 90' lang='lat' dir='ltr'>natione</span> <span class='ocrx_word' id='word_1_296' title='bbox 1260 3188 1414 3256; x_wconf 84' lang='lat' dir='ltr'>Afer,</span> <span class='ocrx_word' id='word_1_297' title='bbox 1465 3187 1854 3261; x_wconf 87' lang='lat' dir='ltr'>Aquileiensis</span> <span class='ocrx_word' id='word_1_298' title='bbox 1903 3189 2023 3261; x_wconf 89' lang='lat' dir='ltr'>epi-</span> 
     </span>
    </p>
   </div>
   <div class='ocr_carea' id='block_1_55' title="bbox 2151 3185 3801 3267">
    <p class='ocr_par' dir='ltr' id='par_1_55' title="bbox 2209 3185 3801 3264">
     <span class='ocr_line' id='line_1_55' title="bbox 2209 3185 3801 3264; baseline 0.001 -23"><span class='ocrx_word' id='word_1_299' title='bbox 2209 3188 2727 3263; x_wconf 76' lang='grc' dir='ltr'>Φουρτουνατιανὸς,</span> <span class='ocrx_word' id='word_1_300' title='bbox 2804 3187 2947 3261; x_wconf 78' lang='grc' dir='ltr'>γὲνει</span> <span class='ocrx_word' id='word_1_301' title='bbox 3004 3190 3231 3264; x_wconf 76' lang='grc' dir='ltr'>’¹Διρρος,</span> <span class='ocrx_word' id='word_1_302' title='bbox 3302 3185 3602 3258; x_wconf 77' lang='grc' dir='ltr'>Ἀκυληΐας</span> <span class='ocrx_word' id='word_1_303' title='bbox 3668 3186 3801 3243; x_wconf 81' lang='grc' dir='ltr'>ἐπί-</span> 
     </span>
    </p>
   </div>
   <div class='ocr_carea' id='block_1_56' title="bbox 381 3277 2026 3351">
    <p class='ocr_par' dir='ltr' id='par_1_56' title="bbox 381 3277 2026 3351">
     <span class='ocr_line' id='line_1_56' title="bbox 381 3277 2026 3351; baseline 0.001 -19"><span class='ocrx_word' id='word_1_304' title='bbox 381 3292 618 3348; x_wconf 85' lang='lat' dir='ltr'>scopus,</span> <span class='ocrx_word' id='word_1_305' title='bbox 654 3277 981 3349; x_wconf 84' lang='lat' dir='ltr'>imperante</span> <span class='ocrx_word' id='word_1_306' title='bbox 1030 3277 1368 3334; x_wconf 88' lang='lat' dir='ltr'>Constantio</span> <span class='ocrx_word' id='word_1_307' title='bbox 1399 3278 1437 3345; x_wconf 72' lang='grc' dir='ltr'>θ,</span> <span class='ocrx_word' id='word_1_308' title='bbox 1488 3278 1545 3332; x_wconf 91' lang='lat' dir='ltr'>in</span> <span class='ocrx_word' id='word_1_309' title='bbox 1596 3278 1923 3351; x_wconf 83' lang='lat' dir='ltr'>Evangelia,</span> <span class='ocrx_word' id='word_1_310' title='bbox 1958 3279 2026 3333; x_wconf 87' lang='lat' dir='ltr'>ti-</span> 
     </span>
    </p>
   </div>
   <div class='ocr_carea' id='block_1_57' title="bbox 378 3364 2024 3436">
    <p class='ocr_par' dir='ltr' id='par_1_57' title="bbox 378 3364 2024 3436">
     <span class='ocr_line' id='line_1_57' title="bbox 378 3364 2024 3436; baseline 0.001 -17"><span class='ocrx_word' id='word_1_311' title='bbox 378 3364 522 3420; x_wconf 87' lang='lat' dir='ltr'>tulis</span> <span class='ocrx_word' id='word_1_312' title='bbox 551 3364 838 3421; x_wconf 86' lang='lat' dir='ltr'>ordinatis</span> <span class='ocrx_word' id='word_1_313' title='bbox 868 3367 933 3436; x_wconf 90' lang='grc'>¹⁰,</span> <span class='ocrx_word' id='word_1_314' title='bbox 968 3365 1122 3420; x_wconf 87' lang='lat' dir='ltr'>brevi</span> <span class='ocrx_word' id='word_1_315' title='bbox 1161 3371 1218 3421; x_wconf 91' lang='lat' dir='ltr'>et</span> <span class='ocrx_word' id='word_1_316' title='bbox 1250 3367 1467 3421; x_wconf 88' lang='lat' dir='ltr'>rustico</span> <span class='ocrx_word' id='word_1_317' title='bbox 1515 3382 1781 3422; x_wconf 87' lang='lat' dir='ltr'>sermone</span> <span class='ocrx_word' id='word_1_318' title='bbox 1814 3368 1851 3401; x_wconf 85' lang='lat'>“</span> <span class='ocrx_word' id='word_1_319' title='bbox 1886 3368 2024 3421; x_wconf 87' lang='lat' dir='ltr'>scri-</span> 
     </span>
    </p>
   </div>
   <div class='ocr_carea' id='block_1_58' title="bbox 378 3454 2026 3527">
    <p class='ocr_par' dir='ltr' id='par_1_58' title="bbox 378 3454 2026 3527">
     <span class='ocr_line' id='line_1_58' title="bbox 378 3454 2026 3527; baseline 0.001 -17"><span class='ocrx_word' id='word_1_320' title='bbox 378 3454 498 3527; x_wconf 87' lang='lat' dir='ltr'>psit</span> <span class='ocrx_word' id='word_1_321' title='bbox 525 3455 990 3513; x_wconf 84' lang='lat' dir='ltr'>Commentarios</span> <span class='ocrx_word' id='word_1_322' title='bbox 1021 3472 1031 3510; x_wconf 90' lang='lat'>:</span> <span class='ocrx_word' id='word_1_323' title='bbox 1069 3460 1126 3511; x_wconf 89' lang='lat' dir='ltr'>et</span> <span class='ocrx_word' id='word_1_324' title='bbox 1157 3455 1215 3510; x_wconf 90' lang='lat' dir='ltr'>in</span> <span class='ocrx_word' id='word_1_325' title='bbox 1247 3456 1353 3511; x_wconf 90' lang='lat' dir='ltr'>hoc</span> <span class='ocrx_word' id='word_1_326' title='bbox 1374 3456 1621 3511; x_wconf 87' lang='lat' dir='ltr'>habetur</span> <span class='ocrx_word' id='word_1_327' title='bbox 1642 3455 2026 3521; x_wconf 86' lang='lat' dir='ltr'>detestabilis,</span> 
     </span>
    </p>
   </div>
   <div class='ocr_carea' id='block_1_59' title="bbox 379 3544 2029 3619">
    <p class='ocr_par' dir='ltr' id='par_1_59' title="bbox 379 3544 2029 3619">
     <span class='ocr_line' id='line_1_59' title="bbox 379 3544 2029 3619; baseline -0.001 -18"><span class='ocrx_word' id='word_1_328' title='bbox 379 3545 533 3619; x_wconf 90' lang='lat' dir='ltr'>quod</span> <span class='ocrx_word' id='word_1_329' title='bbox 568 3544 890 3610; x_wconf 88' lang='lat' dir='ltr'>Liberium,</span> <span class='ocrx_word' id='word_1_330' title='bbox 924 3547 1201 3601; x_wconf 60' lang='lat' dir='ltr'>Romanae</span> <span class='ocrx_word' id='word_1_331' title='bbox 1224 3547 1386 3602; x_wconf 87' lang='lat' dir='ltr'>urbis</span> <span class='ocrx_word' id='word_1_332' title='bbox 1407 3545 1766 3619; x_wconf 80' lang='lat' dir='ltr'>episcopum,</span> <span class='ocrx_word' id='word_1_333' title='bbox 1792 3544 1893 3618; x_wconf 81' lang='lat' dir='ltr'>prd</span> <span class='ocrx_word' id='word_1_334' title='bbox 1918 3546 2029 3601; x_wconf 86' lang='lat' dir='ltr'>ﬁde</span> 
     </span>
    </p>
   </div>
   <div class='ocr_carea' id='block_1_60' title="bbox 379 3729 2018 3799">
    <p class='ocr_par' dir='ltr' id='par_1_60' title="bbox 379 3729 2018 3799">
     <span class='ocr_line' id='line_1_60' title="bbox 379 3729 2018 3799; baseline -0.001 -11"><span class='ocrx_word' id='word_1_335' title='bbox 379 3732 495 3788; x_wconf 62' lang='lat' dir='ltr'>lim</span> <span class='ocrx_word' id='word_1_336' title='bbox 527 3729 766 3788; x_wconf 88' lang='lat' dir='ltr'>nomina</span> <span class='ocrx_word' id='word_1_337' title='bbox 796 3748 861 3787; x_wconf 90' lang='lat' dir='ltr'>ac</span> <span class='ocrx_word' id='word_1_338' title='bbox 916 3732 1096 3788; x_wconf 90' lang='lat' dir='ltr'>libros</span> <span class='ocrx_word' id='word_1_339' title='bbox 1143 3737 1421 3789; x_wconf 85' lang='lat' dir='ltr'>recenset.</span> <span class='ocrx_word' id='word_1_340' title='bbox 1470 3734 1536 3787; x_wconf 88' lang='lat' dir='ltr'>Et</span> <span class='ocrx_word' id='word_1_341' title='bbox 1583 3732 1640 3787; x_wconf 92' lang='lat' dir='ltr'>in</span> <span class='ocrx_word' id='word_1_342' title='bbox 1691 3732 1861 3799; x_wconf 90' lang='lat' dir='ltr'>epist.</span> <span class='ocrx_word' id='word_1_343' title='bbox 1896 3734 2018 3799; x_wconf 89' lang='grc'>112,</span> 
     </span>
    </p>
   </div>
   <div class='ocr_carea' id='block_1_61' title="bbox 376 3803 2022 3876">
    <p class='ocr_par' dir='ltr' id='par_1_61' title="bbox 376 3803 2022 3876">
     <span class='ocr_line' id='line_1_61' title="bbox 376 3803 2022 3876; baseline 0 -17"><span class='ocrx_word' id='word_1_344' title='bbox 376 3803 455 3876; x_wconf 67' lang='lat' dir='ltr'>ad</span> <span class='ocrx_word' id='word_1_345' title='bbox 487 3804 878 3876; x_wconf 60' lang='lat' dir='ltr'>Augustinum.</span> <span class='ocrx_word' id='word_1_346' title='bbox 915 3829 941 3855; x_wconf 74' lang='grc' dir='ltr'>ι(</span> <span class='ocrx_word' id='word_1_347' title='bbox 977 3804 1244 3870; x_wconf 87' lang='lat' dir='ltr'>Maxime,</span> <span class='ocrx_word' id='word_1_348' title='bbox 1280 3805 1487 3875; x_wconf 89' lang='lat' dir='ltr'>inquit,</span> <span class='ocrx_word' id='word_1_349' title='bbox 1524 3805 1584 3859; x_wconf 91' lang='lat' dir='ltr'>in</span> <span class='ocrx_word' id='word_1_350' title='bbox 1620 3803 2022 3876; x_wconf 83' lang='lat' dir='ltr'>explanatione</span> 
     </span>
    </p>
   </div>
   <div class='ocr_carea' id='block_1_62' title="bbox 376 3874 2022 3956">
    <p class='ocr_par' dir='ltr' id='par_1_62' title="bbox 376 3874 2022 3956">
     <span class='ocr_line' id='line_1_62' title="bbox 376 3874 2022 3956; baseline -0.001 -25"><span class='ocrx_word' id='word_1_351' title='bbox 376 3874 763 3956; x_wconf 77' lang='lat' dir='ltr'>PsalmOrum,</span> <span class='ocrx_word' id='word_1_352' title='bbox 806 3893 953 3956; x_wconf 75' lang='lat' dir='ltr'>quos</span> <span class='ocrx_word' id='word_1_353' title='bbox 1001 3877 1177 3956; x_wconf 40' lang='lat' dir='ltr'>apud.</span> <span class='ocrx_word' id='word_1_354' title='bbox 1205 3874 1852 3956; x_wconf 50' lang='lat' dir='ltr'>Grzscusjnterpretati</span> <span class='ocrx_word' id='word_1_355' title='bbox 1884 3881 2022 3956; x_wconf 79' lang='lat' dir='ltr'>sunt</span> 
     </span>
    </p>
   </div>
   <div class='ocr_carea' id='block_1_63' title="bbox 381 3945 2022 4020">
    <p class='ocr_par' dir='ltr' id='par_1_63' title="bbox 381 3945 2022 4020">
     <span class='ocr_line' id='line_1_63' title="bbox 381 3945 2022 4020; baseline 0.001 -21"><span class='ocrx_word' id='word_1_356' title='bbox 381 3946 587 4020; x_wconf 72' lang='lat' dir='ltr'>multis</span> <span class='ocrx_word' id='word_1_357' title='bbox 624 3945 1054 4020; x_wconf 49' lang='lat' dir='ltr'>voluminibus,</span> <span class='ocrx_word' id='word_1_358' title='bbox 1093 3947 1318 4020; x_wconf 90' lang='lat' dir='ltr'>primus</span> <span class='ocrx_word' id='word_1_359' title='bbox 1379 3945 1677 4015; x_wconf 73' lang='lat' dir='ltr'>Origenes,</span> <span class='ocrx_word' id='word_1_360' title='bbox 1729 3947 2022 4020; x_wconf 81' lang='lat' dir='ltr'>secundus</span> 
     </span>
    </p>
   </div>
   <div class='ocr_carea' id='block_1_64' title="bbox 381 4017 2018 4085">
    <p class='ocr_par' dir='ltr' id='par_1_64' title="bbox 381 4017 2018 4085">
     <span class='ocr_line' id='line_1_64' title="bbox 381 4017 2018 4085; baseline -0.001 -12"><span class='ocrx_word' id='word_1_361' title='bbox 381 4017 669 4074; x_wconf 84' lang='lat' dir='ltr'>Eusebius</span> <span class='ocrx_word' id='word_1_362' title='bbox 719 4017 1112 4085; x_wconf 65' lang='lat' dir='ltr'>Cessariensis,</span> <span class='ocrx_word' id='word_1_363' title='bbox 1181 4020 1389 4075; x_wconf 89' lang='lat' dir='ltr'>tertius</span> <span class='ocrx_word' id='word_1_364' title='bbox 1452 4021 1793 4074; x_wconf 80' lang='lat' dir='ltr'>Theodorus</span> <span class='ocrx_word' id='word_1_365' title='bbox 1846 4019 2018 4073; x_wconf 84' lang='lat' dir='ltr'>Hera-</span> 
     </span>
    </p>
   </div>
   <div class='ocr_carea' id='block_1_65' title="bbox 380 4088 2021 4164">
    <p class='ocr_par' dir='ltr' id='par_1_65' title="bbox 380 4088 2021 4164">
     <span class='ocr_line' id='line_1_65' title="bbox 380 4088 2021 4164; baseline 0.001 -22"><span class='ocrx_word' id='word_1_366' title='bbox 380 4088 611 4164; x_wconf 76' lang='lat' dir='ltr'>cleotes,</span> <span class='ocrx_word' id='word_1_367' title='bbox 647 4093 891 4164; x_wconf 80' lang='lat' dir='ltr'>quartus</span> <span class='ocrx_word' id='word_1_368' title='bbox 922 4090 1184 4164; x_wconf 67' lang='lat' dir='ltr'>Asterius</span> <span class='ocrx_word' id='word_1_369' title='bbox 1211 4090 1744 4164; x_wconf 81' lang='lat' dir='ltr'>Scytbopolitanus,</span> <span class='ocrx_word' id='word_1_370' title='bbox 1777 4090 2021 4164; x_wconf 78' lang='lat' dir='ltr'>quintus</span> 
     </span>
    </p>
   </div>
   <div class='ocr_carea' id='block_1_66' title="bbox 379 4159 2020 4233">
    <p class='ocr_par' dir='ltr' id='par_1_66' title="bbox 379 4159 2020 4233">
     <span class='ocr_line' id='line_1_66' title="bbox 379 4159 2020 4233; baseline 0 -19"><span class='ocrx_word' id='word_1_371' title='bbox 379 4159 754 4233; x_wconf 81' lang='lat' dir='ltr'>Apollinaris,</span> <span class='ocrx_word' id='word_1_372' title='bbox 791 4183 819 4209; x_wconf 86' lang='lat'>»</span> <span class='ocrx_word' id='word_1_373' title='bbox 849 4165 956 4216; x_wconf 84' lang='lat' dir='ltr'>etc.</span> <span class='ocrx_word' id='word_1_374' title='bbox 1023 4162 1102 4217; x_wconf 84' lang='lat' dir='ltr'>Ex</span> <span class='ocrx_word' id='word_1_375' title='bbox 1156 4178 1271 4232; x_wconf 92' lang='lat' dir='ltr'>quo</span> <span class='ocrx_word' id='word_1_376' title='bbox 1290 4159 1473 4217; x_wconf 75' lang='lat' dir='ltr'>etiam</span> <span class='ocrx_word' id='word_1_377' title='bbox 1521 4179 1623 4233; x_wconf 82' lang='lat' dir='ltr'>par</span> <span class='ocrx_word' id='word_1_378' title='bbox 1652 4165 1742 4215; x_wconf 89' lang='lat' dir='ltr'>est</span> <span class='ocrx_word' id='word_1_379' title='bbox 1771 4159 2020 4221; x_wconf 73' lang='lat' dir='ltr'>credere,</span> 
     </span>
    </p>
   </div>
   <div class='ocr_carea' id='block_1_67' title="bbox 385 4231 2024 4303">
    <p class='ocr_par' dir='ltr' id='par_1_67' title="bbox 385 4231 2024 4303">
     <span class='ocr_line' id='line_1_67' title="bbox 385 4231 2024 4303; baseline 0.001 -17"><span class='ocrx_word' id='word_1_380' title='bbox 385 4231 681 4289; x_wconf 86' lang='lat' dir='ltr'>neminem</span> <span class='ocrx_word' id='word_1_381' title='bbox 713 4233 921 4297; x_wconf 76' lang='lat' dir='ltr'>alium,</span> <span class='ocrx_word' id='word_1_382' title='bbox 954 4233 1054 4303; x_wconf 91' lang='lat' dir='ltr'>qui</span> <span class='ocrx_word' id='word_1_383' title='bbox 1087 4232 1145 4287; x_wconf 89' lang='lat' dir='ltr'>in</span> <span class='ocrx_word' id='word_1_384' title='bbox 1168 4231 1402 4288; x_wconf 86' lang='lat' dir='ltr'>Psalmo</span> <span class='ocrx_word' id='word_1_385' title='bbox 1432 4231 1784 4302; x_wconf 81' lang='lat' dir='ltr'>scripsisset.</span> <span class='ocrx_word' id='word_1_386' title='bbox 1817 4248 2024 4302; x_wconf 85' lang='lat' dir='ltr'>cogno-</span> 
     </span>
    </p>
   </div>
   <div class='ocr_carea' id='block_1_68' title="bbox 380 4304 2020 4370">
    <p class='ocr_par' dir='ltr' id='par_1_68' title="bbox 380 4304 2020 4370">
     <span class='ocr_line' id='line_1_68' title="bbox 380 4304 2020 4370; baseline 0 -12"><span class='ocrx_word' id='word_1_387' title='bbox 380 4304 622 4370; x_wconf 87' lang='lat' dir='ltr'>minem,</span> <span class='ocrx_word' id='word_1_388' title='bbox 652 4305 946 4360; x_wconf 83' lang='lat' dir='ltr'>Asterium</span> <span class='ocrx_word' id='word_1_389' title='bbox 980 4304 1062 4358; x_wconf 90' lang='lat' dir='ltr'>illi</span> <span class='ocrx_word' id='word_1_390' title='bbox 1094 4305 1440 4360; x_wconf 86' lang='lat' dir='ltr'>innoluisse.</span> <span class='ocrx_word' id='word_1_391' title='bbox 1477 4304 1779 4359; x_wconf 80' lang='lat' dir='ltr'>Fabricius</span> <span class='ocrx_word' id='word_1_392' title='bbox 1805 4310 2020 4370; x_wconf 83' lang='lat' dir='ltr'>tamen,</span> 
     </span>
    </p>
   </div>
   <div class='ocr_carea' id='block_1_69' title="bbox 380 4374 2019 4441">
    <p class='ocr_par' dir='ltr' id='par_1_69' title="bbox 380 4374 2019 4441">
     <span class='ocr_line' id='line_1_69' title="bbox 380 4374 2019 4441; baseline -0.002 -11"><span class='ocrx_word' id='word_1_393' title='bbox 380 4380 507 4430; x_wconf 83' lang='lat' dir='ltr'>tum</span> <span class='ocrx_word' id='word_1_394' title='bbox 543 4374 656 4441; x_wconf 87' lang='lat' dir='ltr'>hic,</span> <span class='ocrx_word' id='word_1_395' title='bbox 692 4391 825 4430; x_wconf 88' lang='lat' dir='ltr'>cum</span> <span class='ocrx_word' id='word_1_396' title='bbox 856 4376 913 4429; x_wconf 89' lang='lat' dir='ltr'>in</span> <span class='ocrx_word' id='word_1_397' title='bbox 961 4375 1278 4430; x_wconf 73' lang='lat' dir='ltr'>Bibliothec.</span> <span class='ocrx_word' id='word_1_398' title='bbox 1333 4374 1495 4429; x_wconf 65' lang='lat' dir='ltr'>Graec.</span> <span class='ocrx_word' id='word_1_399' title='bbox 1550 4374 1649 4428; x_wconf 89' lang='lat' dir='ltr'>lib.</span> <span class='ocrx_word' id='word_1_400' title='bbox 1686 4391 1739 4434; x_wconf 86' lang='lat' dir='ltr'>v.</span> <span class='ocrx_word' id='word_1_401' title='bbox 1773 4391 1897 4441; x_wconf 68' lang='grc' dir='ltr'>οη).</span> <span class='ocrx_word' id='word_1_402' title='bbox 1929 4378 2019 4439; x_wconf 77' lang='lat'>‘28,</span> 
     </span>
    </p>
   </div>
   <div class='ocr_carea' id='block_1_70' title="bbox 378 4392 2023 4517">
    <p class='ocr_par' dir='ltr' id='par_1_70' title="bbox 378 4392 2023 4517">
     <span class='ocr_line' id='line_1_70' title="bbox 380 4392 2019 4441; baseline -0.002 -11"><span class='ocrx_word' id='word_1_403' title='bbox 380 4392 507 4430; x_wconf 80' lang='lat' dir='ltr'>tum</span> <span class='ocrx_word' id='word_1_404' title='bbox 543 4392 656 4441; x_wconf 90' lang='lat' dir='ltr'>mc,</span> <span class='ocrx_word' id='word_1_405' title='bbox 692 4392 825 4430; x_wconf 88' lang='lat' dir='ltr'>cum</span> <span class='ocrx_word' id='word_1_406' title='bbox 856 4393 913 4429; x_wconf 78' lang='lat' dir='ltr'>in</span> <span class='ocrx_word' id='word_1_407' title='bbox 961 4392 1278 4430; x_wconf 67' lang='grc' dir='ltr'>ιιιυιτοιιιεε.</span> <span class='ocrx_word' id='word_1_408' title='bbox 1333 4392 1495 4429; x_wconf 75' lang='grc' dir='ltr'>ϋΓέΕϐ.</span> <span class='ocrx_word' id='word_1_409' title='bbox 1550 4392 1649 4428; x_wconf 86' lang='lat' dir='ltr'>nn.</span> <span class='ocrx_word' id='word_1_410' title='bbox 1686 4392 1739 4434; x_wconf 83' lang='lat' dir='ltr'>v.</span> <span class='ocrx_word' id='word_1_411' title='bbox 1773 4392 1831 4429; x_wconf 75' lang='grc' dir='ltr'>οι</span> <span class='ocrx_word' id='word_1_412' title='bbox 1886 4416 1897 4427; x_wconf 92' lang='grc'><em>.</em></span> <span class='ocrx_word' id='word_1_413' title='bbox 1930 4392 2019 4439; x_wconf 67' lang='lat' dir='ltr'>zu,</span> 
     </span>
     <span class='ocr_line' id='line_1_71' title="bbox 378 4392 2023 4517; baseline 0 -17"><span class='ocrx_word' id='word_1_414' title='bbox 378 4446 534 4501; x_wconf 88' lang='lat' dir='ltr'>hunc</span> <span class='ocrx_word' id='word_1_415' title='bbox 566 4445 749 4501; x_wconf 88' lang='lat' dir='ltr'>alium</span> <span class='ocrx_word' id='word_1_416' title='bbox 784 4464 817 4501; x_wconf 89' lang='lat' dir='ltr'>a</span> <span class='ocrx_word' id='word_1_417' title='bbox 855 4446 1330 4517; x_wconf 87' lang='lat' dir='ltr'>Scythopolitano</span> <span class='ocrx_word' id='word_1_418' title='bbox 1363 4448 1541 4501; x_wconf 86' lang='lat' dir='ltr'>luisse</span> <span class='ocrx_word' id='word_1_419' title='bbox 1572 4447 1785 4499; x_wconf 88' lang='lat' dir='ltr'>tradit:</span> <span class='ocrx_word' id='word_1_420' title='bbox 1824 4392 2023 4515; x_wconf 60' lang='lat' dir='ltr'>Lpappa-</span> 
     </span>
    </p>
   </div>
   <div class='ocr_carea' id='block_1_71' title="bbox 377 4517 2022 4588">
    <p class='ocr_par' dir='ltr' id='par_1_71' title="bbox 377 4517 2022 4588">
     <span class='ocr_line' id='line_1_72' title="bbox 377 4517 2022 4588; baseline 0.001 -18"><span class='ocrx_word' id='word_1_421' title='bbox 377 4517 563 4588; x_wconf 67' lang='lat' dir='ltr'>docem</span> <span class='ocrx_word' id='word_1_422' title='bbox 620 4532 849 4587; x_wconf 87' lang='lat' dir='ltr'>nempe,</span> <span class='ocrx_word' id='word_1_423' title='bbox 921 4517 1086 4570; x_wconf 88' lang='lat' dir='ltr'>illum</span> <span class='ocrx_word' id='word_1_424' title='bbox 1145 4518 1474 4588; x_wconf 85' lang='lat' dir='ltr'>scphistam</span> <span class='ocrx_word' id='word_1_425' title='bbox 1531 4533 1703 4588; x_wconf 83' lang='lat' dir='ltr'>quem</span> <span class='ocrx_word' id='word_1_426' title='bbox 1756 4517 2022 4572; x_wconf 84' lang='lat' dir='ltr'>Socrates</span> 
     </span>
    </p>
   </div>
   <div class='ocr_carea' id='block_1_72' title="bbox 2139 3274 3801 3352">
    <p class='ocr_par' dir='ltr' id='par_1_72' title="bbox 2139 3274 3801 3352">
     <span class='ocr_line' id='line_1_73' title="bbox 2139 3274 3801 3352; baseline -0.001 -21"><span class='ocrx_word' id='word_1_427' title='bbox 2139 3297 2363 3346; x_wconf 86' lang='grc' dir='ltr'>σκοπος,</span> <span class='ocrx_word' id='word_1_428' title='bbox 2429 3274 2811 3351; x_wconf 82' lang='grc' dir='ltr'>βασιλεύοντος</span> <span class='ocrx_word' id='word_1_429' title='bbox 2870 3276 3264 3345; x_wconf 80' lang='grc' dir='ltr'>Κωνσταντίου,</span> <span class='ocrx_word' id='word_1_430' title='bbox 3324 3276 3400 3338; x_wconf 80' lang='grc' dir='ltr'>εἰς</span> <span class='ocrx_word' id='word_1_431' title='bbox 3464 3276 3549 3330; x_wconf 73' lang='grc' dir='ltr'>τὰ·</span> <span class='ocrx_word' id='word_1_432' title='bbox 3613 3275 3801 3352; x_wconf 72' lang='grc' dir='ltr'>Εὐαγ-</span> 
     </span>
    </p>
   </div>
   <div class='ocr_carea' id='block_1_73' title="bbox 2138 3362 3802 3440">
    <p class='ocr_par' dir='ltr' id='par_1_73' title="bbox 2138 3362 3802 3440">
     <span class='ocr_line' id='line_1_74' title="bbox 2138 3362 3802 3440; baseline 0.001 -21"><span class='ocrx_word' id='word_1_433' title='bbox 2138 3363 2298 3440; x_wconf 78' lang='grc' dir='ltr'>γὲλια</span> <span class='ocrx_word' id='word_1_434' title='bbox 2336 3363 2564 3426; x_wconf 78' lang='grc' dir='ltr'>κανόνας</span> <span class='ocrx_word' id='word_1_435' title='bbox 2612 3362 2976 3434; x_wconf 82' lang='grc' dir='ltr'>διατυπώσας,</span> <span class='ocrx_word' id='word_1_436' title='bbox 3023 3363 3339 3439; x_wconf 73' lang='grc' dir='ltr'>βραχύτατα</span> <span class='ocrx_word' id='word_1_437' title='bbox 3393 3366 3802 3437; x_wconf 72' lang='grc' dir='ltr'>Ὑπομνήματα</span> 
     </span>
    </p>
   </div>
   <div class='ocr_carea' id='block_1_74' title="bbox 2139 3451 3793 3530">
    <p class='ocr_par' dir='ltr' id='par_1_74' title="bbox 2139 3451 3793 3530">
     <span class='ocr_line' id='line_1_75' title="bbox 2139 3451 3793 3530; baseline 0 -21"><span class='ocrx_word' id='word_1_438' title='bbox 2139 3452 2296 3530; x_wconf 86' lang='grc' dir='ltr'>λόγῳ</span> <span class='ocrx_word' id='word_1_439' title='bbox 2350 3453 2593 3529; x_wconf 75' lang='grc' dir='ltr'>ἀγροίκῳ</span> <span class='ocrx_word' id='word_1_440' title='bbox 2651 3453 2895 3524; x_wconf 68' lang='grc' dir='ltr'>συνέταξε</span> <span class='ocrx_word' id='word_1_441' title='bbox 2930 3473 2942 3486; x_wconf 84' lang='grc'><em>’</em></span> <span class='ocrx_word' id='word_1_442' title='bbox 2977 3451 3065 3508; x_wconf 77' lang='grc' dir='ltr'>διὰ</span> <span class='ocrx_word' id='word_1_443' title='bbox 3122 3452 3179 3508; x_wconf 72' lang='grc' dir='ltr'>δὲ</span> <span class='ocrx_word' id='word_1_444' title='bbox 3236 3453 3396 3508; x_wconf 77' lang='grc' dir='ltr'>τοῦτό</span> <span class='ocrx_word' id='word_1_445' title='bbox 3445 3452 3586 3508; x_wconf 78' lang='grc' dir='ltr'>ἐστιν</span> <span class='ocrx_word' id='word_1_446' title='bbox 3646 3454 3793 3509; x_wconf 72' lang='grc' dir='ltr'>ἄπο-</span> 
     </span>
    </p>
   </div>
   <div class='ocr_carea' id='block_1_75' title="bbox 2136 3537 3797 3621">
    <p class='ocr_par' dir='ltr' id='par_1_75' title="bbox 2136 3537 3797 3621">
     <span class='ocr_line' id='line_1_76' title="bbox 2136 3537 3797 3621; baseline -0.001 -23"><span class='ocrx_word' id='word_1_447' title='bbox 2136 3543 2417 3621; x_wconf 78' lang='grc' dir='ltr'>τρὸπαιος,</span> <span class='ocrx_word' id='word_1_448' title='bbox 2461 3542 2649 3618; x_wconf 79' lang='grc' dir='ltr'>ὅτιπερ</span> <span class='ocrx_word' id='word_1_449' title='bbox 2692 3537 2941 3619; x_wconf 76' lang='grc' dir='ltr'>Λιϐἐριον</span> <span class='ocrx_word' id='word_1_450' title='bbox 2999 3543 3217 3616; x_wconf 80' lang='grc' dir='ltr'>Ῥώμης</span> <span class='ocrx_word' id='word_1_451' title='bbox 3276 3541 3592 3612; x_wconf 80' lang='grc' dir='ltr'>ἐπίσκοπον,</span> <span class='ocrx_word' id='word_1_452' title='bbox 3651 3543 3797 3621; x_wconf 66' lang='grc' dir='ltr'>ὑπὲρ</span> 
     </span>
    </p>
   </div>
   <div class='ocr_carea' id='block_1_76' title="bbox 2130 3730 3792 3787">
    <p class='ocr_par' dir='ltr' id='par_1_76' title="bbox 2130 3730 3792 3787">
     <span class='ocr_line' id='line_1_77' title="bbox 2130 3730 3792 3787; baseline 0 0"><span class='ocrx_word' id='word_1_453' title='bbox 2130 3732 2233 3787; x_wconf 86' lang='lat' dir='ltr'>sed</span> <span class='ocrx_word' id='word_1_454' title='bbox 2266 3731 2380 3787; x_wconf 90' lang='lat' dir='ltr'>duo</span> <span class='ocrx_word' id='word_1_455' title='bbox 2414 3747 2572 3787; x_wconf 85' lang='lat' dir='ltr'>nunc</span> <span class='ocrx_word' id='word_1_456' title='bbox 2603 3730 2896 3787; x_wconf 88' lang='lat' dir='ltr'>habentur</span> <span class='ocrx_word' id='word_1_457' title='bbox 2929 3731 3170 3787; x_wconf 80' lang='lat' dir='ltr'>Luciferi</span> <span class='ocrx_word' id='word_1_458' title='bbox 3220 3731 3354 3785; x_wconf 82' lang='lat' dir='ltr'>libri</span> <span class='ocrx_word' id='word_1_459' title='bbox 3404 3735 3608 3786; x_wconf 86' lang='lat' dir='ltr'>contra</span> <span class='ocrx_word' id='word_1_460' title='bbox 3635 3732 3792 3787; x_wconf 86' lang='lat' dir='ltr'>Con-</span> 
     </span>
    </p>
   </div>
   <div class='ocr_carea' id='block_1_77' title="bbox 2132 3802 3795 3874">
    <p class='ocr_par' dir='ltr' id='par_1_77' title="bbox 2132 3802 3795 3874">
     <span class='ocr_line' id='line_1_78' title="bbox 2132 3802 3795 3874; baseline -0.001 -15"><span class='ocrx_word' id='word_1_461' title='bbox 2132 3803 2441 3874; x_wconf 87' lang='lat' dir='ltr'>stantium,</span> <span class='ocrx_word' id='word_1_462' title='bbox 2472 3820 2576 3859; x_wconf 87' lang='lat' dir='ltr'>seu</span> <span class='ocrx_word' id='word_1_463' title='bbox 2606 3802 2798 3859; x_wconf 89' lang='lat' dir='ltr'>verius</span> <span class='ocrx_word' id='word_1_464' title='bbox 2830 3820 2931 3874; x_wconf 91' lang='lat' dir='ltr'>pro</span> <span class='ocrx_word' id='word_1_465' title='bbox 2964 3803 3024 3859; x_wconf 91' lang='lat' dir='ltr'>S.</span> <span class='ocrx_word' id='word_1_466' title='bbox 3057 3803 3375 3858; x_wconf 55' lang='lat' dir='ltr'>Athanasio</span> <span class='ocrx_word' id='word_1_467' title='bbox 3406 3804 3478 3857; x_wconf 90' lang='lat' dir='ltr'>ad</span> <span class='ocrx_word' id='word_1_468' title='bbox 3499 3806 3795 3858; x_wconf 80' lang='lat' dir='ltr'>Constan-</span> 
     </span>
    </p>
   </div>
   <div class='ocr_carea' id='block_1_78' title="bbox 2133 3873 3796 3946">
    <p class='ocr_par' dir='ltr' id='par_1_78' title="bbox 2133 3873 3796 3946">
     <span class='ocr_line' id='line_1_79' title="bbox 2133 3873 3796 3946; baseline 0 -17"><span class='ocrx_word' id='word_1_469' title='bbox 2133 3874 2299 3946; x_wconf 81' lang='lat' dir='ltr'>tium.</span> <span class='ocrx_word' id='word_1_470' title='bbox 2332 3873 2458 3929; x_wconf 89' lang='lat' dir='ltr'>Alia</span> <span class='ocrx_word' id='word_1_471' title='bbox 2483 3874 2658 3929; x_wconf 88' lang='lat' dir='ltr'>etiam</span> <span class='ocrx_word' id='word_1_472' title='bbox 2686 3873 2916 3929; x_wconf 80' lang='lat' dir='ltr'>exstant</span> <span class='ocrx_word' id='word_1_473' title='bbox 2946 3877 3073 3946; x_wconf 75' lang='lat' dir='ltr'>ejus</span> <span class='ocrx_word' id='word_1_474' title='bbox 3096 3874 3339 3945; x_wconf 84' lang='lat' dir='ltr'>scripta,</span> <span class='ocrx_word' id='word_1_475' title='bbox 3372 3874 3588 3946; x_wconf 79' lang='lat' dir='ltr'>quibus</span> <span class='ocrx_word' id='word_1_476' title='bbox 3619 3874 3796 3929; x_wconf 89' lang='lat' dir='ltr'>colli-</span> 
     </span>
    </p>
   </div>
   <div class='ocr_carea' id='block_1_79' title="bbox 2131 3944 3793 4018">
    <p class='ocr_par' dir='ltr' id='par_1_79' title="bbox 2131 3944 3793 4018">
     <span class='ocr_line' id='line_1_80' title="bbox 2131 3944 3793 4018; baseline 0.001 -18"><span class='ocrx_word' id='word_1_477' title='bbox 2131 3945 2337 4018; x_wconf 84' lang='lat' dir='ltr'>gendis</span> <span class='ocrx_word' id='word_1_478' title='bbox 2368 3950 2542 4016; x_wconf 86' lang='lat' dir='ltr'>atque</span> <span class='ocrx_word' id='word_1_479' title='bbox 2572 3946 2943 4015; x_wconf 85' lang='lat' dir='ltr'>exornandis,</span> <span class='ocrx_word' id='word_1_480' title='bbox 2974 3945 3024 4000; x_wconf 90' lang='lat' dir='ltr'>si</span> <span class='ocrx_word' id='word_1_481' title='bbox 3056 3945 3210 4000; x_wconf 90' lang='lat' dir='ltr'>Deus</span> <span class='ocrx_word' id='word_1_482' title='bbox 3233 3944 3470 4016; x_wconf 80' lang='lat' dir='ltr'>juverit,</span> <span class='ocrx_word' id='word_1_483' title='bbox 3501 3944 3651 3999; x_wconf 86' lang='lat' dir='ltr'>dabo</span> <span class='ocrx_word' id='word_1_484' title='bbox 3681 3946 3793 4001; x_wconf 81' lang='lat' dir='ltr'>ali-</span> 
     </span>
    </p>
   </div>
   <div class='ocr_carea' id='block_1_80' title="bbox 2133 4018 2656 4087">
    <p class='ocr_par' dir='ltr' id='par_1_80' title="bbox 2133 4018 2656 4087">
     <span class='ocr_line' id='line_1_81' title="bbox 2133 4018 2656 4087; baseline 0 -16"><span class='ocrx_word' id='word_1_485' title='bbox 2133 4018 2367 4087; x_wconf 80' lang='lat' dir='ltr'>quando</span> <span class='ocrx_word' id='word_1_486' title='bbox 2399 4034 2656 4087; x_wconf 82' lang='lat' dir='ltr'>operam.</span> 
     </span>
    </p>
   </div>
   <div class='ocr_carea' id='block_1_81' title="bbox 2203 4086 3788 4158">
    <p class='ocr_par' dir='ltr' id='par_1_81' title="bbox 2203 4086 3788 4158">
     <span class='ocr_line' id='line_1_82' title="bbox 2203 4086 3788 4158; baseline 0.001 -17"><span class='ocrx_word' id='word_1_487' title='bbox 2203 4089 2223 4122; x_wconf 74' lang='grc'><strong>⁵</strong></span> <span class='ocrx_word' id='word_1_488' title='bbox 2255 4093 2420 4143; x_wconf 87' lang='lat' dir='ltr'>Anno</span> <span class='ocrx_word' id='word_1_489' title='bbox 2442 4086 2670 4143; x_wconf 67' lang='lat' dir='ltr'>Scilicet</span> <span class='ocrx_word' id='word_1_490' title='bbox 2698 4088 2822 4142; x_wconf 82' lang='lat' dir='ltr'>37l.</span> <span class='ocrx_word' id='word_1_491' title='bbox 2857 4087 3069 4142; x_wconf 87' lang='lat' dir='ltr'>Contra</span> <span class='ocrx_word' id='word_1_492' title='bbox 3105 4087 3351 4143; x_wconf 77' lang='lat' dir='ltr'>Luciferi</span> <span class='ocrx_word' id='word_1_493' title='bbox 3385 4086 3565 4158; x_wconf 82' lang='lat' dir='ltr'>hujus</span> <span class='ocrx_word' id='word_1_494' title='bbox 3590 4091 3788 4142; x_wconf 83' lang='lat' dir='ltr'>secta-</span> 
     </span>
    </p>
   </div>
   <div class='ocr_carea' id='block_1_82' title="bbox 2132 4158 3791 4286">
    <p class='ocr_par' dir='ltr' id='par_1_82' title="bbox 2132 4158 3791 4286">
     <span class='ocr_line' id='line_1_83' title="bbox 2132 4158 3791 4286; baseline 0 -72"><span class='ocrx_word' id='word_1_495' title='bbox 2132 4160 2249 4286; x_wconf 56' lang='grc' dir='ltr'>ιὲοε</span> <span class='ocrx_word' id='word_1_496' title='bbox 2275 4159 2489 4214; x_wconf 89' lang='lat' dir='ltr'>librum</span> <span class='ocrx_word' id='word_1_497' title='bbox 2521 4159 2627 4214; x_wconf 87' lang='lat' dir='ltr'>abs</span> <span class='ocrx_word' id='word_1_498' title='bbox 2678 4159 3027 4232; x_wconf 76' lang='lat' dir='ltr'>Hieronymo</span> <span class='ocrx_word' id='word_1_499' title='bbox 3076 4159 3360 4231; x_wconf 88' lang='lat' dir='ltr'>scriptum</span> <span class='ocrx_word' id='word_1_500' title='bbox 3411 4175 3591 4231; x_wconf 89' lang='lat' dir='ltr'>supra</span> <span class='ocrx_word' id='word_1_501' title='bbox 3618 4158 3791 4214; x_wconf 78' lang='lat' dir='ltr'>exhi-</span> 
     </span>
     <span class='ocr_line' id='line_1_84' title="bbox 2178 4247 2397 4286; baseline -0.005 0"><span class='ocrx_word' id='word_1_502' title='bbox 2178 4247 2397 4286; x_wconf 81' lang='lat' dir='ltr'>nimus.</span> 
     </span>
    </p>
   </div>
   <div class='ocr_carea' id='block_1_83' title="bbox 2178 4247 2397 4286">
    <p class='ocr_par' dir='ltr' id='par_1_83' title="bbox 2178 4247 2397 4286">
     <span class='ocr_line' id='line_1_85' title="bbox 2178 4247 2397 4286; baseline -0.005 0"><span class='ocrx_word' id='word_1_503' title='bbox 2178 4247 2397 4286; x_wconf 80' lang='lat' dir='ltr'>nimus.</span> 
     </span>
    </p>
   </div>
   <div class='ocr_carea' id='block_1_84' title="bbox 2203 4301 3789 4373">
    <p class='ocr_par' dir='ltr' id='par_1_84' title="bbox 2203 4301 3789 4373">
     <span class='ocr_line' id='line_1_86' title="bbox 2203 4301 3789 4373; baseline 0.002 -18"><span class='ocrx_word' id='word_1_504' title='bbox 2203 4303 2223 4336; x_wconf 77' lang='grc' dir='ltr'><strong>δ</strong></span> <span class='ocrx_word' id='word_1_505' title='bbox 2255 4324 2282 4351; x_wconf 88' lang='grc'><strong>‹‹</strong></span> <span class='ocrx_word' id='word_1_506' title='bbox 2314 4301 2497 4361; x_wconf 88' lang='lat' dir='ltr'>Tunc,</span> <span class='ocrx_word' id='word_1_507' title='bbox 2532 4322 2559 4350; x_wconf 78' lang='grc' dir='ltr'>ι)</span> <span class='ocrx_word' id='word_1_508' title='bbox 2590 4301 2785 4372; x_wconf 87' lang='lat' dir='ltr'>inquit</span> <span class='ocrx_word' id='word_1_509' title='bbox 2816 4301 2969 4357; x_wconf 90' lang='lat' dir='ltr'>Hier.</span> <span class='ocrx_word' id='word_1_510' title='bbox 3004 4302 3065 4373; x_wconf 88' lang='lat' dir='ltr'>in</span> <span class='ocrx_word' id='word_1_511' title='bbox 3096 4302 3309 4373; x_wconf 80' lang='lat' dir='ltr'>Dialog.</span> <span class='ocrx_word' id='word_1_512' title='bbox 3340 4304 3533 4357; x_wconf 80' lang='lat' dir='ltr'>contra</span> <span class='ocrx_word' id='word_1_513' title='bbox 3564 4303 3789 4373; x_wconf 67' lang='lat' dir='ltr'>Lucife-</span> 
     </span>
    </p>
   </div>
   <div class='ocr_carea' id='block_1_85' title="bbox 2132 4372 3794 4445">
    <p class='ocr_par' dir='ltr' id='par_1_85' title="bbox 2132 4372 3794 4445">
     <span class='ocr_line' id='line_1_87' title="bbox 2132 4372 3794 4445; baseline 0.002 -20"><span class='ocrx_word' id='word_1_514' title='bbox 2132 4373 2401 4445; x_wconf 38' lang='grc' dir='ltr'>νίιιηοδηα</span> <span class='ocrx_word' id='word_1_515' title='bbox 2436 4372 2507 4426; x_wconf 88' lang='lat' dir='ltr'>ad</span> <span class='ocrx_word' id='word_1_516' title='bbox 2541 4373 2795 4427; x_wconf 90' lang='lat' dir='ltr'>reditum</span> <span class='ocrx_word' id='word_1_517' title='bbox 2830 4372 3061 4429; x_wconf 84' lang='lat' dir='ltr'>Eusebii</span> <span class='ocrx_word' id='word_1_518' title='bbox 3092 4372 3376 4445; x_wconf 84' lang='lat' dir='ltr'>lugubres</span> <span class='ocrx_word' id='word_1_519' title='bbox 3409 4376 3598 4428; x_wconf 85' lang='lat' dir='ltr'>vestes</span> <span class='ocrx_word' id='word_1_520' title='bbox 3622 4372 3794 4428; x_wconf 80' lang='lat' dir='ltr'>Italia</span> 
     </span>
    </p>
   </div>
   <div class='ocr_carea' id='block_1_86' title="bbox 2134 4443 2468 4499">
    <p class='ocr_par' dir='ltr' id='par_1_86' title="bbox 2134 4443 2468 4499">
     <span class='ocr_line' id='line_1_88' title="bbox 2134 4443 2468 4499; baseline -0.006 0"><span class='ocrx_word' id='word_1_521' title='bbox 2134 4443 2405 4499; x_wconf 78' lang='lat' dir='ltr'>mutavit.</span> <span class='ocrx_word' id='word_1_522' title='bbox 2441 4466 2468 4491; x_wconf 85' lang='lat'>»</span> 
     </span>
    </p>
   </div>
   <div class='ocr_carea' id='block_1_87' title="bbox 2203 4514 3790 4588">
    <p class='ocr_par' dir='ltr' id='par_1_87' title="bbox 2203 4514 3790 4588">
     <span class='ocr_line' id='line_1_89' title="bbox 2203 4514 3790 4588; baseline 0.001 -19"><span class='ocrx_word' id='word_1_523' title='bbox 2203 4517 2221 4549; x_wconf 81' lang='grc'>⁷</span> <span class='ocrx_word' id='word_1_524' title='bbox 2255 4515 2616 4588; x_wconf 51' lang='lat' dir='ltr'>Haeqyersio,</span> <span class='ocrx_word' id='word_1_525' title='bbox 2650 4532 2827 4586; x_wconf 89' lang='lat' dir='ltr'>quam</span> <span class='ocrx_word' id='word_1_526' title='bbox 2861 4520 2918 4570; x_wconf 90' lang='lat' dir='ltr'>et</span> <span class='ocrx_word' id='word_1_527' title='bbox 2947 4514 3008 4569; x_wconf 91' lang='lat' dir='ltr'>in</span> <span class='ocrx_word' id='word_1_528' title='bbox 3040 4515 3211 4588; x_wconf 89' lang='lat' dir='ltr'>epist.</span> <span class='ocrx_word' id='word_1_529' title='bbox 3261 4515 3362 4588; x_wconf 59' lang='lat'>6|,</span> <span class='ocrx_word' id='word_1_530' title='bbox 3397 4516 3469 4571; x_wconf 86' lang='lat' dir='ltr'>ad</span> <span class='ocrx_word' id='word_1_531' title='bbox 3504 4515 3790 4586; x_wconf 48' lang='lat' dir='ltr'>Vigilaut&quot;</span> 
     </span>
    </p>
   </div>
   <div class='ocr_carea' id='block_1_88' title="bbox 378 4585 3793 4659">
    <p class='ocr_par' dir='ltr' id='par_1_88' title="bbox 378 4585 3793 4659">
     <span class='ocr_line' id='line_1_90' title="bbox 378 4585 3793 4659; baseline -0 -18"><span class='ocrx_word' id='word_1_532' title='bbox 378 4586 480 4642; x_wconf 92' lang='lat' dir='ltr'>lib.</span> <span class='ocrx_word' id='word_1_533' title='bbox 508 4604 552 4659; x_wconf 88' lang='lat' dir='ltr'>_I.</span> <span class='ocrx_word' id='word_1_534' title='bbox 589 4604 716 4658; x_wconf 89' lang='lat' dir='ltr'>cap.</span> <span class='ocrx_word' id='word_1_535' title='bbox 747 4585 837 4653; x_wconf 81' lang='lat'>36,</span> <span class='ocrx_word' id='word_1_536' title='bbox 886 4591 1188 4659; x_wconf 88' lang='lat' dir='ltr'>memorat,</span> <span class='ocrx_word' id='word_1_537' title='bbox 1219 4585 1461 4659; x_wconf 77' lang='lat' dir='ltr'>quique,</span> <span class='ocrx_word' id='word_1_538' title='bbox 1498 4585 1749 4642; x_wconf 83' lang='lat' dir='ltr'>Luciano</span> <span class='ocrx_word' id='word_1_539' title='bbox 1775 4593 2026 4656; x_wconf 84' lang='lat' dir='ltr'>martyre</span> <span class='ocrx_word' id='word_1_540' title='bbox 2056 4594 2100 4658; x_wconf 76' lang='grc' dir='ltr'>Ι)</span> <span class='ocrx_word' id='word_1_541' title='bbox 2136 4585 2336 4642; x_wconf 86' lang='lat' dir='ltr'>laudat</span> <span class='ocrx_word' id='word_1_542' title='bbox 2365 4585 2785 4659; x_wconf 81' lang='lat' dir='ltr'>Hieronymus,</span> <span class='ocrx_word' id='word_1_543' title='bbox 2806 4589 3033 4659; x_wconf 62' lang='lat' dir='ltr'>aetatem</span> <span class='ocrx_word' id='word_1_544' title='bbox 3075 4585 3206 4659; x_wconf 62' lang='lat' dir='ltr'>non</span> <span class='ocrx_word' id='word_1_545' title='bbox 3259 4585 3412 4659; x_wconf 87' lang='lat' dir='ltr'>tulit.</span> <span class='ocrx_word' id='word_1_546' title='bbox 3447 4585 3659 4643; x_wconf 79' lang='lat' dir='ltr'>Contra</span> <span class='ocrx_word' id='word_1_547' title='bbox 3688 4603 3793 4659; x_wconf 71' lang='lat' dir='ltr'>ex-</span> 
     </span>
    </p>
   </div>
   <div class='ocr_carea' id='block_1_89' title="bbox 377 4657 2022 4784">
    <p class='ocr_par' dir='ltr' id='par_1_89' title="bbox 377 4657 2022 4784">
     <span class='ocr_line' id='line_1_91' title="bbox 377 4657 2022 4784; baseline -0.001 -71"><span class='ocrx_word' id='word_1_548' title='bbox 377 4657 677 4713; x_wconf 75' lang='lat' dir='ltr'>suadente</span> <span class='ocrx_word' id='word_1_549' title='bbox 688 4658 1114 4784; x_wconf 71' lang='lat' dir='ltr'>paenitentiam,</span> <span class='ocrx_word' id='word_1_550' title='bbox 1148 4659 1217 4713; x_wconf 90' lang='lat' dir='ltr'>ad</span> <span class='ocrx_word' id='word_1_551' title='bbox 1244 4657 1609 4715; x_wconf 64' lang='lat' dir='ltr'>Christiano:</span> <span class='ocrx_word' id='word_1_552' title='bbox 1638 4660 1828 4723; x_wconf 86' lang='lat' dir='ltr'>rediit,</span> <span class='ocrx_word' id='word_1_553' title='bbox 1866 4663 2022 4728; x_wconf 88' lang='lat' dir='ltr'>post-</span> 
     </span>
     <span class='ocr_line' id='line_1_92' title="bbox 377 4728 2022 4784; baseline 0 0"><span class='ocrx_word' id='word_1_554' title='bbox 377 4745 556 4784; x_wconf 87' lang='lat' dir='ltr'>auam</span> <span class='ocrx_word' id='word_1_555' title='bbox 586 4728 682 4784; x_wconf 91' lang='lat' dir='ltr'>ido</span> <span class='ocrx_word' id='word_1_556' title='bbox 709 4730 758 4784; x_wconf 91' lang='lat' dir='ltr'>is</span> <span class='ocrx_word' id='word_1_557' title='bbox 789 4730 1173 4784; x_wconf 89' lang='lat' dir='ltr'>immolasset.</span> <span class='ocrx_word' id='word_1_558' title='bbox 1197 4736 1254 4784; x_wconf 89' lang='lat' dir='ltr'>et</span> <span class='ocrx_word' id='word_1_559' title='bbox 1279 4731 1628 4784; x_wconf 89' lang='lat' dir='ltr'>Arianorum</span> <span class='ocrx_word' id='word_1_560' title='bbox 1660 4731 1868 4784; x_wconf 88' lang='lat' dir='ltr'>deinde</span> <span class='ocrx_word' id='word_1_561' title='bbox 1901 4748 2022 4784; x_wconf 90' lang='lat' dir='ltr'>nro-</span> 
     </span>
    </p>
   </div>
   <div class='ocr_carea' id='block_1_90' title="bbox 377 4728 2026 4812">
    <p class='ocr_par' dir='ltr' id='par_1_90' title="bbox 377 4728 2026 4812">
     <span class='ocr_line' id='line_1_93' title="bbox 377 4728 2026 4812; baseline 0 -26"><span class='ocrx_word' id='word_1_562' title='bbox 377 4745 556 4812; x_wconf 82' lang='lat' dir='ltr'>quam</span> <span class='ocrx_word' id='word_1_563' title='bbox 586 4728 761 4812; x_wconf 71' lang='lat' dir='ltr'>idqlis</span> <span class='ocrx_word' id='word_1_564' title='bbox 789 4730 1173 4799; x_wconf 87' lang='lat' dir='ltr'>immolasset,</span> <span class='ocrx_word' id='word_1_565' title='bbox 1197 4736 1254 4786; x_wconf 91' lang='lat' dir='ltr'>et</span> <span class='ocrx_word' id='word_1_566' title='bbox 1279 4731 1628 4786; x_wconf 89' lang='lat' dir='ltr'>Arianorum</span> <span class='ocrx_word' id='word_1_567' title='bbox 1660 4731 1868 4787; x_wconf 88' lang='lat' dir='ltr'>deinde</span> <span class='ocrx_word' id='word_1_568' title='bbox 1898 4748 2026 4803; x_wconf 87' lang='lat' dir='ltr'>pro-</span> 
     </span>
    </p>
   </div>
   <div class='ocr_carea' id='block_1_91' title="bbox 384 4800 1842 4944">
    <p class='ocr_par' dir='ltr' id='par_1_91' title="bbox 384 4800 1842 4944">
     <span class='ocr_line' id='line_1_94' title="bbox 384 4800 789 4858; baseline -0.005 0"><span class='ocrx_word' id='word_1_569' title='bbox 384 4800 630 4858; x_wconf 87' lang='lat' dir='ltr'>machus</span> <span class='ocrx_word' id='word_1_570' title='bbox 661 4801 789 4856; x_wconf 86' lang='lat' dir='ltr'>fuit.</span> 
     </span>
     <span class='ocr_line' id='line_1_95' title="bbox 455 4871 1842 4944; baseline 0 -17"><span class='ocrx_word' id='word_1_571' title='bbox 455 4876 468 4909; x_wconf 87' lang='grc'>¹</span> <span class='ocrx_word' id='word_1_572' title='bbox 505 4871 678 4929; x_wconf 87' lang='lat' dir='ltr'>Nulla</span> <span class='ocrx_word' id='word_1_573' title='bbox 708 4888 863 4929; x_wconf 85' lang='lat' dir='ltr'>nunc</span> <span class='ocrx_word' id='word_1_574' title='bbox 895 4876 1121 4927; x_wconf 83' lang='lat' dir='ltr'>exstant</span> <span class='ocrx_word' id='word_1_575' title='bbox 1153 4871 1362 4927; x_wconf 84' lang='lat' dir='ltr'>Asterii</span> <span class='ocrx_word' id='word_1_576' title='bbox 1396 4872 1575 4943; x_wconf 90' lang='lat' dir='ltr'>hujus</span> <span class='ocrx_word' id='word_1_577' title='bbox 1605 4873 1842 4944; x_wconf 82' lang='lat' dir='ltr'>scripta.</span> 
     </span>
    </p>
   </div>
   <div class='ocr_carea' id='block_1_92' title="bbox 446 4944 2023 5014">
    <p class='ocr_par' dir='ltr' id='par_1_92' title="bbox 446 4944 2023 5014">
     <span class='ocr_line' id='line_1_96' title="bbox 446 4944 2023 5014; baseline -0.002 -13"><span class='ocrx_word' id='word_1_578' title='bbox 446 4947 466 4980; x_wconf 81' lang='grc'>³</span> <span class='ocrx_word' id='word_1_579' title='bbox 498 4944 703 5001; x_wconf 82' lang='lat' dir='ltr'>Recole</span> <span class='ocrx_word' id='word_1_580' title='bbox 750 4961 876 5014; x_wconf 85' lang='lat' dir='ltr'>cup.</span> <span class='ocrx_word' id='word_1_581' title='bbox 937 4946 1027 5011; x_wconf 76' lang='grc' dir='ltr'>δθ,</span> <span class='ocrx_word' id='word_1_582' title='bbox 1085 4944 1183 4999; x_wconf 90' lang='lat' dir='ltr'>ubi</span> <span class='ocrx_word' id='word_1_583' title='bbox 1211 4949 1413 4999; x_wconf 88' lang='lat' dir='ltr'>contra</span> <span class='ocrx_word' id='word_1_584' title='bbox 1472 4946 1811 5000; x_wconf 84' lang='lat' dir='ltr'>Marcellum</span> <span class='ocrx_word' id='word_1_585' title='bbox 1843 4944 2023 4999; x_wconf 87' lang='lat' dir='ltr'>libros</span> 
     </span>
    </p>
   </div>
   <div class='ocr_carea' id='block_1_93' title="bbox 376 5014 2023 5089">
    <p class='ocr_par' dir='ltr' id='par_1_93' title="bbox 376 5014 2023 5089">
     <span class='ocr_line' id='line_1_97' title="bbox 376 5014 2023 5089; baseline 0 -18"><span class='ocrx_word' id='word_1_586' title='bbox 376 5021 681 5084; x_wconf 89' lang='lat' dir='ltr'>memorat,</span> <span class='ocrx_word' id='word_1_587' title='bbox 716 5016 931 5089; x_wconf 87' lang='lat' dir='ltr'>quibus</span> <span class='ocrx_word' id='word_1_588' title='bbox 951 5032 1085 5072; x_wconf 85' lang='lat' dir='ltr'>eum</span> <span class='ocrx_word' id='word_1_589' title='bbox 1118 5015 1385 5072; x_wconf 87' lang='lat' dir='ltr'>Asterius</span> <span class='ocrx_word' id='word_1_590' title='bbox 1417 5017 1760 5072; x_wconf 69' lang='lat' dir='ltr'>Sabellianae</span> <span class='ocrx_word' id='word_1_591' title='bbox 1783 5014 2023 5071; x_wconf 66' lang='lat' dir='ltr'>haeresis</span> 
     </span>
    </p>
   </div>
   <div class='ocr_carea' id='block_1_94' title="bbox 379 5089 2023 5238">
    <p class='ocr_par' dir='ltr' id='par_1_94' title="bbox 379 5089 2023 5238">
     <span class='ocr_line' id='line_1_98' title="bbox 379 5089 686 5144; baseline 0.007 -2"><span class='ocrx_word' id='word_1_592' title='bbox 379 5105 445 5142; x_wconf 89' lang='lat' dir='ltr'>ar</span> <span class='ocrx_word' id='word_1_593' title='bbox 491 5089 686 5144; x_wconf 89' lang='lat' dir='ltr'>nebat.</span> 
     </span>
     <span class='ocr_line' id='line_1_99' title="bbox 379 5105 2023 5238; baseline -0.001 -27"><span class='ocrx_word' id='word_1_594' title='bbox 379 5105 865 5238; x_wconf 42' lang='lat' dir='ltr'>ngVergnensis.</span> <span class='ocrx_word' id='word_1_595' title='bbox 910 5159 1217 5238; x_wconf 43' lang='lat' dir='ltr'>militare.</span> <span class='ocrx_word' id='word_1_596' title='bbox 1268 5157 1663 5238; x_wconf 41' lang='lat' dir='ltr'>Inhcbronico</span> <span class='ocrx_word' id='word_1_597' title='bbox 1695 5158 1767 5213; x_wconf 88' lang='lat' dir='ltr'>ad</span> <span class='ocrx_word' id='word_1_598' title='bbox 1800 5173 2023 5238; x_wconf 60' lang='lat' dir='ltr'>armum</span> 
     </span>
    </p>
   </div>
   <div class='ocr_carea' id='block_1_95' title="bbox 374 5228 2023 5302">
    <p class='ocr_par' dir='ltr' id='par_1_95' title="bbox 374 5228 2023 5302">
     <span class='ocr_line' id='line_1_100' title="bbox 374 5228 2023 5302; baseline 0.001 -20"><span class='ocrx_word' id='word_1_599' title='bbox 374 5229 515 5302; x_wconf 58' lang='lat'>559:</span> <span class='ocrx_word' id='word_1_600' title='bbox 554 5230 843 5302; x_wconf 81' lang='lat' dir='ltr'>«Lucifer</span> <span class='ocrx_word' id='word_1_601' title='bbox 872 5249 938 5286; x_wconf 89' lang='lat' dir='ltr'>ac</span> <span class='ocrx_word' id='word_1_602' title='bbox 967 5230 1303 5302; x_wconf 81' lang='lat' dir='ltr'>Dionysius.</span> <span class='ocrx_word' id='word_1_603' title='bbox 1335 5230 1675 5302; x_wconf 78' lang='lat' dir='ltr'>Caralitame</span> <span class='ocrx_word' id='word_1_604' title='bbox 1707 5246 1773 5285; x_wconf 87' lang='lat' dir='ltr'>ac</span> <span class='ocrx_word' id='word_1_605' title='bbox 1807 5228 2023 5302; x_wconf 77' lang='lat' dir='ltr'>Medio-</span> 
     </span>
    </p>
   </div>
   <div class='ocr_carea' id='block_1_96' title="bbox 377 5298 2025 5425">
    <p class='ocr_par' dir='ltr' id='par_1_96' title="bbox 377 5298 2025 5425">
     <span class='ocr_line' id='line_1_101' title="bbox 377 5298 2025 5425; baseline 0.001 -74"><span class='ocrx_word' id='word_1_606' title='bbox 377 5298 637 5356; x_wconf 83' lang='lat' dir='ltr'>lancnsis</span> <span class='ocrx_word' id='word_1_607' title='bbox 667 5301 935 5356; x_wconf 71' lang='lat' dir='ltr'>Ecclesia:</span> <span class='ocrx_word' id='word_1_608' title='bbox 965 5298 1242 5425; x_wconf 70' lang='lat' dir='ltr'>cpiscbpi.</span> <span class='ocrx_word' id='word_1_609' title='bbox 1283 5301 1624 5356; x_wconf 82' lang='lat' dir='ltr'>Pancratius</span> <span class='ocrx_word' id='word_1_610' title='bbox 1656 5316 1887 5373; x_wconf 82' lang='lat' dir='ltr'>quoque</span> <span class='ocrx_word' id='word_1_611' title='bbox 1912 5300 2025 5353; x_wconf 83' lang='lat' dir='ltr'>Ro-</span> 
     </span>
     <span class='ocr_line' id='line_1_102' title="bbox 380 5370 2022 5425; baseline -0.001 -2"><span class='ocrx_word' id='word_1_612' title='bbox 380 5386 591 5425; x_wconf 88' lang='lat' dir='ltr'>manus</span> <span class='ocrx_word' id='word_1_613' title='bbox 621 5374 935 5425; x_wconf 81' lang='lat' dir='ltr'>nresbvler.</span> <span class='ocrx_word' id='word_1_614' title='bbox 983 5378 1039 5425; x_wconf 89' lang='lat' dir='ltr'>et</span> <span class='ocrx_word' id='word_1_615' title='bbox 1088 5373 1152 5425; x_wconf 87' lang='lat' dir='ltr'>Hi</span> <span class='ocrx_word' id='word_1_616' title='bbox 1184 5372 1344 5425; x_wconf 86' lang='lat' dir='ltr'>arius</span> <span class='ocrx_word' id='word_1_617' title='bbox 1392 5373 1693 5425; x_wconf 84' lang='lat' dir='ltr'>diaconus.</span> <span class='ocrx_word' id='word_1_618' title='bbox 1749 5370 2022 5425; x_wconf 84' lang='lat' dir='ltr'>distanti-</span> 
     </span>
    </p>
   </div>
   <div class='ocr_carea' id='block_1_97' title="bbox 380 5373 2022 5443">
    <p class='ocr_par' dir='ltr' id='par_1_97' title="bbox 380 5373 2022 5443">
     <span class='ocr_line' id='line_1_103' title="bbox 380 5373 2022 5443; baseline 0 -20"><span class='ocrx_word' id='word_1_619' title='bbox 380 5386 591 5443; x_wconf 84' lang='lat' dir='ltr'>manus</span> <span class='ocrx_word' id='word_1_620' title='bbox 620 5374 935 5443; x_wconf 71' lang='lat' dir='ltr'>presbyter,</span> <span class='ocrx_word' id='word_1_621' title='bbox 983 5378 1039 5427; x_wconf 89' lang='lat' dir='ltr'>et</span> <span class='ocrx_word' id='word_1_622' title='bbox 1088 5373 1344 5427; x_wconf 86' lang='lat' dir='ltr'>Hilarius</span> <span class='ocrx_word' id='word_1_623' title='bbox 1392 5373 1693 5434; x_wconf 83' lang='lat' dir='ltr'>diaconus,</span> <span class='ocrx_word' id='word_1_624' title='bbox 1749 5373 2022 5425; x_wconf 84' lang='lat' dir='ltr'>distanti-</span> 
     </span>
    </p>
   </div>
   <div class='ocr_carea' id='block_1_98' title="bbox 379 5440 2026 5522">
    <p class='ocr_par' dir='ltr' id='par_1_98' title="bbox 379 5440 2026 5522">
     <span class='ocr_line' id='line_1_104' title="bbox 379 5440 2026 5522; baseline 0 -27"><span class='ocrx_word' id='word_1_625' title='bbox 379 5440 667 5522; x_wconf 46' lang='lat' dir='ltr'>busnintér</span> <span class='ocrx_word' id='word_1_626' title='bbox 696 5461 759 5499; x_wconf 90' lang='lat' dir='ltr'>se</span> <span class='ocrx_word' id='word_1_627' title='bbox 790 5440 861 5497; x_wconf 80' lang='lat' dir='ltr'>ab</span> <span class='ocrx_word' id='word_1_628' title='bbox 892 5444 1124 5498; x_wconf 82' lang='lat' dir='ltr'>Arianis</span> <span class='ocrx_word' id='word_1_629' title='bbox 1155 5450 1210 5499; x_wconf 88' lang='lat' dir='ltr'>et</span> <span class='ocrx_word' id='word_1_630' title='bbox 1260 5446 1617 5509; x_wconf 85' lang='lat' dir='ltr'>Constantio,</span> <span class='ocrx_word' id='word_1_631' title='bbox 1667 5445 2026 5499; x_wconf 85' lang='lat' dir='ltr'>damnantur</span> 
     </span>
    </p>
   </div>
   <div class='ocr_carea' id='block_1_99' title="bbox 378 5512 2021 5655">
    <p class='ocr_par' dir='ltr' id='par_1_99' title="bbox 378 5512 2021 5655">
     <span class='ocr_line' id='line_1_105' title="bbox 378 5512 619 5568; baseline 0 0"><span class='ocrx_word' id='word_1_632' title='bbox 378 5512 619 5568; x_wconf 84' lang='lat' dir='ltr'>exsiliis.</span> 
     </span>
     <span class='ocr_line' id='line_1_106' title="bbox 445 5584 2021 5655; baseline -0.001 -15"><span class='ocrx_word' id='word_1_633' title='bbox 445 5585 466 5619; x_wconf 77' lang='lat'><strong>‘</strong></span> <span class='ocrx_word' id='word_1_634' title='bbox 496 5584 702 5651; x_wconf 88' lang='lat' dir='ltr'>Verba,</span> <span class='ocrx_word' id='word_1_635' title='bbox 730 5585 887 5655; x_wconf 65' lang='lat' dir='ltr'>eique</span> <span class='ocrx_word' id='word_1_636' title='bbox 918 5584 1206 5653; x_wconf 77' lang='lat' dir='ltr'>legendum</span> <span class='ocrx_word' id='word_1_637' title='bbox 1238 5588 1411 5649; x_wconf 74' lang='lat' dir='ltr'>misit,</span> <span class='ocrx_word' id='word_1_638' title='bbox 1445 5604 1509 5640; x_wconf 81' lang='lat' dir='ltr'>ac</span> <span class='ocrx_word' id='word_1_639' title='bbox 1540 5603 1649 5641; x_wconf 80' lang='lat' dir='ltr'>non</span> <span class='ocrx_word' id='word_1_640' title='bbox 1681 5586 1857 5640; x_wconf 78' lang='lat' dir='ltr'>multo</span> <span class='ocrx_word' id='word_1_641' title='bbox 1887 5591 2021 5655; x_wconf 74' lang='lat' dir='ltr'>past,</span> 
     </span>
    </p>
   </div>
   <div class='ocr_carea' id='block_1_100' title="bbox 375 5655 2022 5729">
    <p class='ocr_par' dir='ltr' id='par_1_100' title="bbox 375 5655 2022 5729">
     <span class='ocr_line' id='line_1_107' title="bbox 375 5655 2022 5729; baseline -0.001 -15"><span class='ocrx_word' id='word_1_642' title='bbox 375 5657 433 5714; x_wconf 87' lang='lat' dir='ltr'>S.</span> <span class='ocrx_word' id='word_1_643' title='bbox 468 5655 669 5715; x_wconf 87' lang='lat' dir='ltr'>Crueis</span> <span class='ocrx_word' id='word_1_644' title='bbox 711 5657 1009 5729; x_wconf 80' lang='lat' dir='ltr'>exemplar</span> <span class='ocrx_word' id='word_1_645' title='bbox 1054 5671 1171 5718; x_wconf 84' lang='lat' dir='ltr'>non</span> <span class='ocrx_word' id='word_1_646' title='bbox 1220 5657 1412 5715; x_wconf 84' lang='lat' dir='ltr'>habet.</span> <span class='ocrx_word' id='word_1_647' title='bbox 1472 5659 1647 5715; x_wconf 89' lang='lat' dir='ltr'>Porro</span> <span class='ocrx_word' id='word_1_648' title='bbox 1697 5674 1817 5715; x_wconf 89' lang='lat' dir='ltr'>non</span> <span class='ocrx_word' id='word_1_649' title='bbox 1846 5672 2022 5725; x_wconf 88' lang='lat' dir='ltr'>unus,</span> 
     </span>
    </p>
   </div>
   <div class='ocr_carea' id='block_1_101' title="bbox 2134 4656 3787 4731">
    <p class='ocr_par' dir='ltr' id='par_1_101' title="bbox 2134 4656 3787 4731">
     <span class='ocr_line' id='line_1_108' title="bbox 2134 4656 3787 4731; baseline 0.001 -18"><span class='ocrx_word' id='word_1_650' title='bbox 2134 4662 2294 4714; x_wconf 85' lang='lat' dir='ltr'>stant</span> <span class='ocrx_word' id='word_1_651' title='bbox 2325 4657 2555 4731; x_wconf 85' lang='lat' dir='ltr'>Eusebii</span> <span class='ocrx_word' id='word_1_652' title='bbox 2585 4656 2840 4729; x_wconf 63' lang='lat' dir='ltr'>epistola&quot;:</span> <span class='ocrx_word' id='word_1_653' title='bbox 2872 4658 2945 4713; x_wconf 83' lang='lat' dir='ltr'>de</span> <span class='ocrx_word' id='word_1_654' title='bbox 2991 4656 3193 4714; x_wconf 82' lang='lat' dir='ltr'>exsilio</span> <span class='ocrx_word' id='word_1_655' title='bbox 3224 4658 3475 4730; x_wconf 60' lang='lat' dir='ltr'>scriptae,</span> <span class='ocrx_word' id='word_1_656' title='bbox 3508 4674 3657 4731; x_wconf 88' lang='lat' dir='ltr'>quas</span> <span class='ocrx_word' id='word_1_657' title='bbox 3687 4657 3787 4714; x_wconf 80' lang='lat' dir='ltr'>hic</span> 
     </span>
    </p>
   </div>
   <div class='ocr_carea' id='block_1_102' title="bbox 2140 4730 3423 4785">
    <p class='ocr_par' dir='ltr' id='par_1_102' title="bbox 2140 4730 3423 4785">
     <span class='ocr_line' id='line_1_109' title="bbox 2140 4730 3423 4785; baseline -0.001 0"><span class='ocrx_word' id='word_1_658' title='bbox 2140 4747 2255 4785; x_wconf 91' lang='lat' dir='ltr'>non</span> <span class='ocrx_word' id='word_1_659' title='bbox 2289 4730 2575 4785; x_wconf 88' lang='lat' dir='ltr'>nominat.</span> <span class='ocrx_word' id='word_1_660' title='bbox 3418 4752 3423 4755; x_wconf 57' lang='grc' dir='ltr'>ι</span> 
     </span>
    </p>
   </div>
   <div class='ocr_carea' id='block_1_103' title="bbox 2203 4800 3789 4857">
    <p class='ocr_par' dir='ltr' id='par_1_103' title="bbox 2203 4800 3789 4857">
     <span class='ocr_line' id='line_1_110' title="bbox 2203 4800 3789 4857; baseline 0.001 -2"><span class='ocrx_word' id='word_1_661' title='bbox 2203 4802 2223 4836; x_wconf 78' lang='grc'><strong>⁸</strong></span> <span class='ocrx_word' id='word_1_662' title='bbox 2256 4801 2318 4855; x_wconf 90' lang='lat' dir='ltr'>In</span> <span class='ocrx_word' id='word_1_663' title='bbox 2351 4800 2633 4856; x_wconf 84' lang='lat' dir='ltr'>Chronico</span> <span class='ocrx_word' id='word_1_664' title='bbox 2666 4801 2842 4856; x_wconf 83' lang='lat' dir='ltr'>refert</span> <span class='ocrx_word' id='word_1_665' title='bbox 2872 4800 2943 4855; x_wconf 88' lang='lat' dir='ltr'>ad</span> <span class='ocrx_word' id='word_1_666' title='bbox 2975 4816 3070 4855; x_wconf 90' lang='lat' dir='ltr'>an.</span> <span class='ocrx_word' id='word_1_667' title='bbox 3124 4802 3161 4853; x_wconf 93' lang='lat'><strong>7</strong></span> <span class='ocrx_word' id='word_1_668' title='bbox 3207 4800 3604 4857; x_wconf 89' lang='lat' dir='ltr'>Valentiniani</span> <span class='ocrx_word' id='word_1_669' title='bbox 3633 4817 3647 4855; x_wconf 87' lang='lat'><strong>:</strong></span> <span class='ocrx_word' id='word_1_670' title='bbox 3682 4801 3789 4856; x_wconf 87' lang='lat' dir='ltr'>sed</span> 
     </span>
    </p>
   </div>
   <div class='ocr_carea' id='block_1_104' title="bbox 2133 4870 3106 4927">
    <p class='ocr_par' dir='ltr' id='par_1_104' title="bbox 2133 4870 3106 4927">
     <span class='ocr_line' id='line_1_111' title="bbox 2133 4870 3106 4927; baseline 0.001 -1"><span class='ocrx_word' id='word_1_671' title='bbox 2133 4871 2280 4927; x_wconf 89' lang='lat' dir='ltr'>nihil</span> <span class='ocrx_word' id='word_1_672' title='bbox 2311 4872 2559 4927; x_wconf 83' lang='lat' dir='ltr'>dubium</span> <span class='ocrx_word' id='word_1_673' title='bbox 2591 4888 2683 4926; x_wconf 89' lang='lat' dir='ltr'>an.</span> <span class='ocrx_word' id='word_1_674' title='bbox 2719 4872 2826 4926; x_wconf 86' lang='grc'>370</span> <span class='ocrx_word' id='word_1_675' title='bbox 2870 4870 3106 4927; x_wconf 88' lang='lat' dir='ltr'>obiisse.</span> 
     </span>
    </p>
   </div>
   <div class='ocr_carea' id='block_1_105' title="bbox 2206 4942 3791 5016">
    <p class='ocr_par' dir='ltr' id='par_1_105' title="bbox 2206 4942 3791 5016">
     <span class='ocr_line' id='line_1_112' title="bbox 2206 4942 3791 5016; baseline 0.001 -18"><span class='ocrx_word' id='word_1_676' title='bbox 2206 4946 2227 4978; x_wconf 83' lang='grc'>⁹</span> <span class='ocrx_word' id='word_1_677' title='bbox 2283 4943 2611 5016; x_wconf 85' lang='lat' dir='ltr'>Fabricius,</span> <span class='ocrx_word' id='word_1_678' title='bbox 2698 4945 3005 5016; x_wconf 71' lang='lat' dir='ltr'>imperante</span> <span class='ocrx_word' id='word_1_679' title='bbox 3089 4942 3461 5016; x_wconf 60' lang='lat' dir='ltr'>Constantio,_</span> <span class='ocrx_word' id='word_1_680' title='bbox 3507 4960 3612 5016; x_wconf 88' lang='lat' dir='ltr'>pro</span> <span class='ocrx_word' id='word_1_681' title='bbox 3666 4959 3791 5016; x_wconf 82' lang='lat' dir='ltr'>quo</span> 
     </span>
    </p>
   </div>
   <div class='ocr_carea' id='block_1_106' title="bbox 2134 5012 3793 5086">
    <p class='ocr_par' dir='ltr' id='par_1_106' title="bbox 2134 5012 3793 5086">
     <span class='ocr_line' id='line_1_113' title="bbox 2134 5012 3793 5086; baseline 0.001 -17"><span class='ocrx_word' id='word_1_682' title='bbox 2134 5016 2259 5086; x_wconf 90' lang='lat' dir='ltr'>ipse</span> <span class='ocrx_word' id='word_1_683' title='bbox 2290 5014 2529 5071; x_wconf 89' lang='lat' dir='ltr'>rescribi</span> <span class='ocrx_word' id='word_1_684' title='bbox 2584 5012 2897 5086; x_wconf 74' lang='lat' dir='ltr'>Constantio</span> <span class='ocrx_word' id='word_1_685' title='bbox 2920 5012 3115 5086; x_wconf 80' lang='lat' dir='ltr'>vellet.</span> <span class='ocrx_word' id='word_1_686' title='bbox 3162 5014 3255 5069; x_wconf 89' lang='lat' dir='ltr'>Sic</span> <span class='ocrx_word' id='word_1_687' title='bbox 3286 5031 3418 5070; x_wconf 90' lang='lat' dir='ltr'>vero</span> <span class='ocrx_word' id='word_1_688' title='bbox 3449 5012 3793 5071; x_wconf 70' lang='lat' dir='ltr'>habentco-</span> 
     </span>
    </p>
   </div>
   <div class='ocr_carea' id='block_1_107' title="bbox 2134 5085 3433 5158">
    <p class='ocr_par' dir='ltr' id='par_1_107' title="bbox 2134 5085 3433 5158">
     <span class='ocr_line' id='line_1_114' title="bbox 2134 5085 3433 5158; baseline -0.001 -17"><span class='ocrx_word' id='word_1_689' title='bbox 2134 5085 2293 5142; x_wconf 83' lang='lat' dir='ltr'>dices</span> <span class='ocrx_word' id='word_1_690' title='bbox 2324 5086 2506 5141; x_wconf 90' lang='lat' dir='ltr'>nostri</span> <span class='ocrx_word' id='word_1_691' title='bbox 2541 5100 2767 5158; x_wconf 79' lang='lat' dir='ltr'>omnes,</span> <span class='ocrx_word' id='word_1_692' title='bbox 2797 5085 3255 5158; x_wconf 14' lang='lat' dir='ltr'>etAMartianmns</span> <span class='ocrx_word' id='word_1_693' title='bbox 3286 5086 3433 5158; x_wconf 86' lang='lat' dir='ltr'>ipse.</span> 
     </span>
    </p>
   </div>
   <div class='ocr_carea' id='block_1_108' title="bbox 2212 5156 3355 5227">
    <p class='ocr_par' dir='ltr' id='par_1_108' title="bbox 2212 5156 3355 5227">
     <span class='ocr_line' id='line_1_115' title="bbox 2212 5156 3355 5227; baseline 0 -15"><span class='ocrx_word' id='word_1_694' title='bbox 2212 5159 2259 5193; x_wconf 78' lang='grc' dir='ltr'><strong>³ο</strong></span> <span class='ocrx_word' id='word_1_695' title='bbox 2289 5158 2349 5212; x_wconf 93' lang='lat' dir='ltr'>ld</span> <span class='ocrx_word' id='word_1_696' title='bbox 2381 5163 2472 5212; x_wconf 86' lang='lat' dir='ltr'>est</span> <span class='ocrx_word' id='word_1_697' title='bbox 2500 5156 2794 5227; x_wconf 86' lang='lat' dir='ltr'>capitulis,</span> <span class='ocrx_word' id='word_1_698' title='bbox 2828 5156 2949 5211; x_wconf 85' lang='lat' dir='ltr'>sive</span> <span class='ocrx_word' id='word_1_699' title='bbox 2977 5156 3355 5213; x_wconf 85' lang='lat' dir='ltr'>sectionibus.</span> 
     </span>
    </p>
   </div>
   <div class='ocr_carea' id='block_1_109' title="bbox 2213 5228 3791 5285">
    <p class='ocr_par' dir='ltr' id='par_1_109' title="bbox 2213 5228 3791 5285">
     <span class='ocr_line' id='line_1_116' title="bbox 2213 5228 3791 5285; baseline 0.002 -3"><span class='ocrx_word' id='word_1_700' title='bbox 2213 5230 2247 5263; x_wconf 76' lang='grc' dir='ltr'>ί¹</span> <span class='ocrx_word' id='word_1_701' title='bbox 2280 5229 2643 5284; x_wconf 81' lang='lat' dir='ltr'>Prael&#39;erenda</span> <span class='ocrx_word' id='word_1_702' title='bbox 2694 5228 2960 5283; x_wconf 87' lang='lat' dir='ltr'>videatur</span> <span class='ocrx_word' id='word_1_703' title='bbox 3006 5228 3277 5283; x_wconf 88' lang='lat' dir='ltr'>codicum</span> <span class='ocrx_word' id='word_1_704' title='bbox 3330 5234 3672 5285; x_wconf 87' lang='lat' dir='ltr'>nostrorum</span> <span class='ocrx_word' id='word_1_705' title='bbox 3703 5228 3791 5285; x_wconf 77' lang='lat' dir='ltr'>le—</span> 
     </span>
    </p>
   </div>
   <div class='ocr_carea' id='block_1_110' title="bbox 2133 5299 3789 5371">
    <p class='ocr_par' dir='ltr' id='par_1_110' title="bbox 2133 5299 3789 5371">
     <span class='ocr_line' id='line_1_117' title="bbox 2133 5299 3789 5371; baseline 0.001 -17"><span class='ocrx_word' id='word_1_706' title='bbox 2133 5300 2269 5370; x_wconf 87' lang='lat' dir='ltr'>ctio,</span> <span class='ocrx_word' id='word_1_707' title='bbox 2303 5300 2486 5355; x_wconf 72' lang='lat' dir='ltr'>breves</span> <span class='ocrx_word' id='word_1_708' title='bbox 2514 5300 2720 5371; x_wconf 62' lang='lat' dir='ltr'>rustico</span> <span class='ocrx_word' id='word_1_709' title='bbox 2749 5315 3017 5370; x_wconf 76' lang='lat' dir='ltr'>sermone,</span> <span class='ocrx_word' id='word_1_710' title='bbox 3051 5299 3226 5371; x_wconf 89' lang='lat' dir='ltr'>idque</span> <span class='ocrx_word' id='word_1_711' title='bbox 3271 5302 3518 5356; x_wconf 82' lang='lat' dir='ltr'>fortasse</span> <span class='ocrx_word' id='word_1_712' title='bbox 3541 5299 3652 5355; x_wconf 88' lang='lat' dir='ltr'>sibi</span> <span class='ocrx_word' id='word_1_713' title='bbox 3687 5316 3789 5356; x_wconf 79' lang='lat' dir='ltr'>vo-</span> 
     </span>
    </p>
   </div>
   <div class='ocr_carea' id='block_1_111' title="bbox 2135 5370 3790 5442">
    <p class='ocr_par' dir='ltr' id='par_1_111' title="bbox 2135 5370 3790 5442">
     <span class='ocr_line' id='line_1_118' title="bbox 2135 5370 3790 5442; baseline 0.001 -17"><span class='ocrx_word' id='word_1_714' title='bbox 2135 5371 2244 5425; x_wconf 89' lang='lat' dir='ltr'>luit</span> <span class='ocrx_word' id='word_1_715' title='bbox 2276 5371 2530 5441; x_wconf 89' lang='lat' dir='ltr'>Lipsius,</span> <span class='ocrx_word' id='word_1_716' title='bbox 2563 5370 2663 5442; x_wconf 88' lang='lat' dir='ltr'>qni</span> <span class='ocrx_word' id='word_1_717' title='bbox 2695 5370 3109 5442; x_wconf 89' lang='lat' dir='ltr'>interpretatur</span> <span class='ocrx_word' id='word_1_718' title='bbox 3132 5370 3338 5427; x_wconf 71' lang='lat' dir='ltr'>breves</span> <span class='ocrx_word' id='word_1_719' title='bbox 3362 5387 3631 5428; x_wconf 70' lang='lat' dir='ltr'>sermone.</span> <span class='ocrx_word' id='word_1_720' title='bbox 3664 5371 3790 5427; x_wconf 80' lang='lat' dir='ltr'>Ru-</span> 
     </span>
    </p>
   </div>
   <div class='ocr_carea' id='block_1_112' title="bbox 2133 5441 3791 5514">
    <p class='ocr_par' dir='ltr' id='par_1_112' title="bbox 2133 5441 3791 5514">
     <span class='ocr_line' id='line_1_119' title="bbox 2133 5441 3791 5514; baseline 0.001 -16"><span class='ocrx_word' id='word_1_721' title='bbox 2133 5444 2345 5498; x_wconf 87' lang='lat' dir='ltr'>sticum</span> <span class='ocrx_word' id='word_1_722' title='bbox 2377 5441 2710 5498; x_wconf 89' lang='lat' dir='ltr'>sermonem</span> <span class='ocrx_word' id='word_1_723' title='bbox 2744 5441 3003 5514; x_wconf 84' lang='lat' dir='ltr'>intellige</span> <span class='ocrx_word' id='word_1_724' title='bbox 3027 5443 3427 5511; x_wconf 89' lang='lat' dir='ltr'>vernaculum,</span> <span class='ocrx_word' id='word_1_725' title='bbox 3458 5444 3579 5499; x_wconf 87' lang='lat' dir='ltr'>sive</span> <span class='ocrx_word' id='word_1_726' title='bbox 3607 5460 3791 5514; x_wconf 85' lang='lat' dir='ltr'>quem</span> 
     </span>
    </p>
   </div>
   <div class='ocr_carea' id='block_1_113' title="bbox 2132 5514 3794 5585">
    <p class='ocr_par' dir='ltr' id='par_1_113' title="bbox 2132 5514 3794 5585">
     <span class='ocr_line' id='line_1_120' title="bbox 2132 5514 3794 5585; baseline 0.002 -18"><span class='ocrx_word' id='word_1_727' title='bbox 2132 5515 2440 5570; x_wconf 75' lang='lat' dir='ltr'>militarem</span> <span class='ocrx_word' id='word_1_728' title='bbox 2488 5515 2875 5585; x_wconf 82' lang='lat' dir='ltr'>vulgaremquc</span> <span class='ocrx_word' id='word_1_729' title='bbox 2927 5515 3037 5569; x_wconf 88' lang='lat' dir='ltr'>sub</span> <span class='ocrx_word' id='word_1_730' title='bbox 3081 5514 3314 5571; x_wconf 87' lang='lat' dir='ltr'>initium</span> <span class='ocrx_word' id='word_1_731' title='bbox 3347 5514 3479 5570; x_wconf 87' lang='lat' dir='ltr'>libri</span> <span class='ocrx_word' id='word_1_732' title='bbox 3513 5532 3554 5570; x_wconf 77' lang='grc' dir='ltr'>ιι</span> <span class='ocrx_word' id='word_1_733' title='bbox 3585 5521 3794 5571; x_wconf 79' lang='lat' dir='ltr'>contra</span> 
     </span>
    </p>
   </div>
   <div class='ocr_carea' id='block_1_114' title="bbox 2135 5584 3530 5643">
    <p class='ocr_par' dir='ltr' id='par_1_114' title="bbox 2135 5584 3530 5643">
     <span class='ocr_line' id='line_1_121' title="bbox 2135 5584 3530 5643; baseline -0.001 -2"><span class='ocrx_word' id='word_1_734' title='bbox 2135 5585 2413 5641; x_wconf 80' lang='lat' dir='ltr'>Ruﬁnum</span> <span class='ocrx_word' id='word_1_735' title='bbox 2444 5592 2628 5641; x_wconf 90' lang='lat' dir='ltr'>vocat.</span> <span class='ocrx_word' id='word_1_736' title='bbox 2666 5584 2798 5640; x_wconf 88' lang='lat' dir='ltr'>Vid.</span> <span class='ocrx_word' id='word_1_737' title='bbox 2834 5584 3058 5641; x_wconf 70' lang='lat' dir='ltr'>Praefat.</span> <span class='ocrx_word' id='word_1_738' title='bbox 3084 5586 3142 5642; x_wconf 91' lang='lat' dir='ltr'>in</span> <span class='ocrx_word' id='word_1_739' title='bbox 3171 5587 3530 5643; x_wconf 66' lang='lat' dir='ltr'>Mattheum.</span> 
     </span>
    </p>
   </div>
  </div>
