4104 6162
453 290 577 352 739

448 506 598 562 liber
626 506 937 561 adversum
968 504 1311 561 Valentem‘
1344 509 1401 560 et
1429 503 1759 573 Ursacium,
1790 506 2097 561 historiam

450 595 845 650 Ariminensis
875 599 933 650 et
963 593 1349 650 Seleuciensis
1370 595 1391 627 ²
1421 593 1628 665 synodi
1668 593 1970 650 continens
1995 610 2007 647 :
2045 599 2101 651 et

449 689 522 740 ad
554 684 889 755 pra-fectum
936 682 1280 749 Salustium,
1317 683 1437 737 sive
1483 687 1685 737 contra
1732 683 2095 751 Dioscorum,

448 777 506 828 et
533 771 681 827 liber
704 772 1065 844 Hymnorum
1100 777 1155 825 et
1186 770 1593 842 Mysteriorum
1638 770 1812 836 alius,
1846 775 1901 826 et
1930 772 2097 827 Com-

449 861 719 917 mentarii
753 862 811 914 in
844 860 1204 927 Matthmum,
1240 865 1297 914 et
1339 864 1623 914 tractatus
1667 860 1726 914 in
1772 860 1904 927 Job,
1952 877 2098 932 quos

447 949 520 1005 de
549 949 743 1005 Graeco
774 947 1043 1019 Origcnis
1094 948 1165 1003 ad
1218 964 1458 1003 sensum
1508 947 1830 1014 transtulit,
1861 952 1918 1003 et
1947 947 2097 1005 alius

448 1037 683 1109 elegans
709 1036 988 1091 libellus3
1031 1041 1234 1091 contra
1276 1036 1651 1105 Auxentium,
1702 1040 1758 1092 et
1801 1036 2095 1092 nonnullae

449 1126 520 1181 ad
551 1126 811 1180 diversos
842 1123 1119 1195 epistolae.
1144 1124 1323 1179 Aiunt
1344 1124 1606 1196 quidam,
1631 1125 1938 1196 scripsisse
1959 1142 2095 1181 eum

447 1219 505 1269 et
545 1212 603 1267 in
636 1212 873 1268 Cantica
921 1212 1323 1279 canticorum;
1371 1214 1470 1267 sed
1521 1231 1555 1267 a
1610 1212 1777 1268 nobis
1808 1213 1917 1268 hoc
1947 1230 2094 1286 opus

446 1301 769 1374 ignoratur.
803 1301 1069 1355 Mortuus
1122 1306 1210 1356 est
1258 1302 1505 1356 Pictavis
1527 1302 1567 1367 ‘,
1601 1300 2006 1358 Valentiniano
2037 1306 2096 1358 et

445 1390 687 1446 Valente
717 1389 1123 1462 regnantibus.

1688 289 1749 349 S.
1799 284 2111 350 EUSEBN
2157 286 2629 350 HIERONYMI.

455 418 888 485 Constantium,
919 433 1095 490 quem
1126 421 1261 489 post
1293 422 1540 473 mortem
1573 420 1702 489 ejus
1753 421 2010 492 scripsit.
2045 424 2090 477 et

2213 414 2395 492 ἕτερος
2458 419 2532 480 εἷς
2601 418 2965 472 Κωνστάντιον
3001 461 3014 487 ,

3738 282 3843 344 740

3074 415 3255 472 ὅντινα
3324 415 3457 489 μετὰ
3529 414 3625 483 τήν
3694 413 3841 468 αὖτοῦ

2214 498 2511 561 ἀποϐίωσιν
2554 506 2818 576 συνέταξε,
2875 506 2965 560 καὶ
3030 501 3216 581 βίϐλοι
3253 505 3389 559 κατὰ
3441 501 3740 565 Οὐάλεντος
3765 504 3844 558 καὶ

2210 595 2531 670 Οὐρσακίου,
2571 597 2672 665 τήν
2729 595 2969 671 ἱστορίαν
3026 602 3128 664 τῆς
3181 593 3510 670 ’Δριμησίου
3538 593 3628 647 καὶ
3661 589 3845 647 Σελευ-

2208 684 2358 746 κείας
2426 682 2651 739 συνόδου
2717 685 3117 760 περιέχουσαι,
3174 684 3264 737 καὶ
3315 683 3452 758 πρὸς
3526 679 3845 737 Σαλούστιον

2210 770 2448 849 ἔπαρχον
2482 821 2497 843 ,
2558 771 2683 842 ἤτοι
2738 774 2875 827 κατὰ
2942 771 3233 846 Διοσκόρου
3266 772 3377 829 ηκαὶ
3433 775 3541 824 τῶν
3601 765 3847 847 Λιϐερτι-

2209 847 2467 931 νιον,ᾇιαὶ
2519 859 2702 935 ἕτερος
2754 860 2923 936 λόγος
2980 860 3327 936 Μυστηρίων,
3378 860 3468 914 καὶ
3506 862 3845 933 Ὑπομνήμα-

2205 970 2273 1003 τα
2304 950 2381 1012 εἷς
2412 953 2707 1019 Ματθαῖον,
2758 950 2849 1005 καὶ
2910 950 2987 1011 εἷς
3042 950 3133 1003 τὸν
3189 944 3317 1002 Ἰὼϐ
3366 945 3606 1021 ὁμιλίαι,
3662 947 3722 1010 ἃς
3753 947 3847 1002 ἀπὸ

2207 1043 2301 1093 τοῦ
2354 1036 2682 1108 Ἑλληνικοῦ
2737 1040 3047 1115 Ὠριγένους
3107 1040 3404 1115 μετέφρασε
3439 1081 3453 1107 ,
3506 1037 3597 1091 καὶ
3673 1034 3847 1109 ἕτερος

2208 1127 2563 1206 εὐφυέστατος
2620 1123 2886 1189 λίϐελλος
2942 1128 3077 1182 κατᾶ
3140 1127 3458 1197 Αὐξεντίου,
3507 1126 3597 1203 xpi
3644 1123 3845 1181 πολλαὶ

2204 1217 2341 1291 πρὸς
2386 1214 2678 1295 διαφόρους
2732 1215 3069 1272 Ἐπιστολαί.
3133 1216 3272 1270 Φασὶ
3340 1212 3397 1270 δὲ
3462 1236 3604 1277 τινες
3656 1235 3846 1291 γεγρα-

2205 1306 2357 1382 φέναι
2414 1305 2571 1360 αὐτὸν
2633 1306 2723 1360 καὶ
2804 1305 2881 1367 εἰς
2943 1306 3011 1359 τα
3067 1307 3315 1378 ’Ἀσματα
3381 1307 3491 1357 τῶν
3548 1303 3795 1377 ᾀσμάτων
3828 1347 3842 1373 ,

2204 1394 2337 1469 ἅπερ
2396 1394 2522 1467 παρ’
2595 1396 2730 1466 ἡμῖν
2792 1393 2931 1448 ἐστιν
3001 1391 3250 1468 ἄγνωστα
3284 1437 3296 1448 .
3356 1389 3733 1462 Ἐτελεύτησεν
3787 1392 3835 1446 ἐν

2205 1476 2466 1556 Πικτάϐῃ,
2498 1480 2905 1537 Βαλεντινιανοῦ
2943 1484 3032 1537 καὶ
3081 1479 3383 1543 Οὐάλεντος
3432 1479 3835 1555 βασιλευόντῶν.

1970 1622 2203 1679 CAPUT
2258 1624 2347 1681 CI.

515 1735 667 1792 085
700 1734 1054 1803 Victorinus,
1090 1735 1323 1790 natione
1350 1736 1504 1803 Afer,
1558 1736 1751 1790 Romae
1798 1737 1909 1791 sub
1944 1736 2090 1793 Con-

2280 1742 2436 1797 986
2502 1745 2829 1815 Βικτωρῖνος
2861 1785 2876 1810 ,
2935 1741 3078 1815 γὲνει
3158 1741 3366 1816 ’Ἅφρος
3398 1784 3412 1809 ,
3482 1739 3827 1794 Κωνσταντίου

442 1825 665 1881 stantio
683 1826 704 1859 ⁵
735 1824 997 1898 principe
1020 1823 1370 1880 rhetoricam
1393 1824 1591 1879 docuit
1610 1826 1654 1888 ⁸,
1677 1829 1734 1879 et
1756 1824 1814 1879 in
1838 1830 2096 1883 extrema

443 1918 761 1983 senectute,
794 1913 1047 1968 Christi"
1077 1929 1140 1969 se
1169 1912 1407 1967 tradens
1441 1912 1594 1981 fidei,
1630 1913 1868 1985 scripsit
1898 1915 2096 1970 adver-

443 2020 547 2058 sus
577 2003 783 2057 Arium
814 2002 995 2058 libros
1027 2018 1187 2058 more
1235 2000 1537 2058 dialectico
1584 2000 1750 2055 valde
1791 2003 2092 2076 obscuros,

444 2091 548 2162 qui
580 2091 692 2147 nisi
727 2091 797 2146 ab
829 2091 1075 2146 eruditis
1131 2108 1245 2146 non
1296 2090 1709 2163 intelliguntur
1732 2092 1773 2161 ⁸,
1824 2096 1880 2146 et
1927 2092 2095 2149 Com-

446 2180 769 2236 mentarios
789 2181 811 2215 ⁹
841 2179 900 2235 in
931 2179 1300 2252 Apostolum.

2210 1825 2614 1902 βασιλεύοντος,
2675 1828 2726 1883 ἐν
2784 1833 2852 1903 τῇ
2910 1830 3092 1902 Ῥώμῃ
3136 1831 3236 1899 τήν
3288 1828 3580 1904 ῥητορικήν
3613 1826 3821 1899 διδάξας,

2207 1913 2260 1969 ἐν
2309 1920 2388 1988 τῷ
2449 1916 2663 1993 ἐσχάτῳ
2728 1919 2874 1993 γήρᾳ
2940 1918 3257 1991 Χριστιανὸς
3321 1917 3648 1991 γενόμενος,
3701 1918 3822 1971 κατᾶ

2206 2003 2422 2080 Ἀρείου
2492 2002 2694 2081 λὸγους
2753 2004 3126 2067 διαλεκτικοὺς
3192 2006 3331 2059 πάνυ
3391 2004 3657 2081 ἀμαυροὺς
3710 2026 3816 2058 συν-

2209 2091 2438 2167 έγραψεν
2470 2138 2484 2163 ,
2543 2092 2739 2156 οἵτινες
2804 2095 2950 2171 παρὰ
3016 2098 3122 2148 τῶν
3181 2090 3621 2167 πεπαιδευμένων
3681 2093 3817 2167 μόνον

2208 2186 2479 2254 νοοῦνται,
2512 2183 2601 2237 καὶ
2631 2186 2868 2257 Ύπομνή
2881 2204 3022 2257 ματα
3052 2183 3128 2246 εἷς
3157 2184 3247 2238 τὸν
3274 2181 3629 2240 Ἀπόστολον.

1970 2308 2202 2367 CAPUT
2229 2308 2342 2366 CII.

522 2420 712 2489 Titus,
739 2421 1057 2477 Bostrenus
1098 2422 1140 2455 ¹⁰
1170 2419 1502 2493 episcopus,
1544 2422 1655 2477 sub
1702 2421 1939 2478 Juliano
1970 2428 2027 2479 et

445 2640 610 2697 num.
644 2626 715 2697 2,7
750 2623 848 2697 ubi
878 2640 991 2697 Ase_
1010 2628 1174 2697 notat
1206 2625 1470 2697 scribere
1518 2624 1922 2697 quinquennio
1963 2629 2095 2697 post

446 2694 650 2751 exsilia
681 2695 937 2768 Eusebii,
969 2695 1239 2766 Luciteri,
1273 2701 1329 2751 et
1361 2694 1637 2768 Dionysii,
1670 2694 1823 2752 anno
1873 2694 2095 2753 scilicet

446 2768 572 2835 360,
605 2783 740 2821 cum
781 2767 1122 2839 insequente
1151 2768 1249 2839 36L
1288 2767 1592 2839 contigerit
1621 2769 1941 2824 Constantii
1976 2770 2094 2824 obi-

444 2844 578 2911 tus._
619 2837 1139 2911 Fortassis’autem
1194 2837 1289 2894 ille
1339 2837 1726 2911 quinquennii
1769 2841 2090 2896 terminum

444 2909 619 2982 paulo
652 2909 827 2982 latius
858 2912 1102 2982 accepit.

516 2981 710 3036 ‘Item
775 2980 1114 3047 Veron.,__et
1170 2982 1316 3035 alius
1370 2980 1509 3036 liber
1551 2980 1840 3037 adversum
1896 2983 2087 3038 Valen-

443 3056 570 3118 tem,
601 3057 710 3125 etc.
745 3052 924 3125 Grazc.
964 3045 1171 3125 βίϐλοι,
1206 3052 1463 3125 plurium
1496 3069 1759 3108 numero.

510 3125 532 3157 ²
565 3127 612 3176 Α
639 3123 824 3179 Vatic.
858 3123 1096 3186 absunt,
1133 3127 1183 3177 ct
1215 3124 1597 3188 Seleuciensis,
1645 3128 1771 3178 tum
1816 3123 1955 3193 legit
1988 3125 2086 3180 ad-

438 3210 656 3250 versum
694 3198 1037 3265 pres/eciam,
1091 3193 1262 3259 male,
1313 3198 1369 3249 et
1409 3194 1635 3250 caeteris
1685 3196 2087 3251 contradicen-

437 3266 599 3320 tibus
632 3283 799 3333 mss.,
837 3267 880 3321 si
926 3265 1193 3336 quaedam
1225 3265 1509 3320 editiones
1562 3266 1953 3321 consentiunt.
1985 3267 2087 3322 Hic

438 3341 635 3393 autem
664 3336 829 3401 liber,
866 3341 929 3391 ut
961 3340 1019 3391 et
1050 3337 1164 3391 duo
1196 3337 1668 3407 sequentes,jam
1694 3355 1805 3392 non
1833 3343 2084 3407 exstant,

438 3354 635 3393 autem
664 3354 829 3401 uber,
866 3354 929 3391 ut
961 3354 1019 3391 et
1050 3354 1164 3391 nuo
1196 3354 1668 3461 sequentes,Jam
1694 3355 1805 3392 non
1833 3354 2084 3407 exstant,

437 3413 495 3465 et
552 3409 871 3478 superioris
929 3413 1130 3462 contra
1190 3408 1273 3462 Va
1298 3413 1512 3477 entem,
1572 3416 1704 3472 etc.,
1761 3410 2088 3478 fragmenta

441 3484 673 3535 tantum
716 3479 886 3535 hodie
912 3483 1215 3551 superant,
1250 3480 1746 3550 quemadmodum
1779 3486 1835 3535 et
1865 3479 1995 3535 libri
2025 3480 2086 3535 in

438 3551 571 3607 Job.
605 3551 780 3606 Porro
813 3550 955 3623 satis
993 3550 1201 3623 supine
1248 3552 1481 3623 Griecus
1526 3551 1813 3623 interpres
1846 3551 1984 3623 legit
2014 3552 2087 3606 li-

440 3623 801 3697 bertinorum,
838 3615 1181 3697 λίϐερτίνων,
1216 3639 1317 3693 pro
1348 3622 1485 3697 lilier
1516 3615 1870 3697 hymnorum,

510 3692 1162 3766 3Vatia,perperam,
1222 3692 1284 3748 et
1355 3695 1501 3766 alios
1582 3695 1772 3766 electos
1852 3694 2083 3749 libellos.

440 3764 539 3845 [ΒΧ.
568 3764 853 3835 Epistolis
885 3764 959 3821 ad
1006 3765 1262 3845 diversos
1298 3765 1598 3845 pleraeque
1643 3765 2083 3845 interciderunt.

440 3835 818 3905 Subsequens
867 3853 1016 3907 opus
1062 3835 1121 3889 in
1171 3835 1391 3890 Cautio.
1441 3835 1651 3891 cantio.
1706 3836 1875 3908 plane
1924 3836 2087 3907 igno-

444 3910 626 3960 ratur.

512 3988 533 4009 ⁴
564 3975 831 4048 Putaan.
1055 3975 1344 4048 Eximium
1396 3977 1553 4032 hunc
1601 3978 1822 4032 Patrem
1865 3977 2085 4048 passim

438 4044 794 4120 inepistolis
828 4045 1075 4118 aliisque
1107 4045 1273 4120 libris
1300 4047 1689 4120 Hieronymus
1722 4044 1941 4120 laudat.

438 4116 740 4242 t050bvio
806 4116 998 4173 errore
1081 4119 1348 4190 quasdam
1416 4116 1579 4190 editi,
1655 4120 1753 4174 sub
1824 4119 2085 4174 Constan-

464 4205 580 4242 mo.

464 4205 580 4245 Z720.

508 4262 530 4296 ⁸
560 4259 641 4330 Si,
678 4263 744 4314 ut
790 4258 964 4331 vulgo
1011 4259 1268 4315 creditur
1313 4278 1378 4316 ex
1430 4277 1601 4331 prava
1646 4258 1892 4331 lectione
1932 4260 2084 4315 Pras-

438 4330 678 4402 l'ationis
736 4331 794 4385 in
856 4330 1172 4401 Epistolam
1229 4332 1298 4386 ad
1357 4330 1611 4397 Galatas,
1696 4330 2085 4402 Hieronymus

437 4402 569 4475 ipse
614 4401 1205 4475 Victorinum‘Romze
1258 4406 1666 4475 praeceptorem
1713 4401 1935 4475 habuit,
1964 4420 2086 4475 cur

437 4472 497 4529 in
556 4473 682 4528 loco
734 4472 1092 4540 dissimulat,
1153 4472 1416 4527 omnium
1477 4473 1547 4526 ad
1598 4472 1653 4526 id
1690 4473 2083 4543 proﬁtendum

438 4543 866 4598 ornatissimo?
910 4544 1050 4599 Vide
1102 4544 1157 4598 in
1207 4544 1489 4599 Chronico
1539 4543 1609 4598 ad
1663 4560 1799 4598 ann.
1833 4544 1901 4599 44
1931 4551 1989 4600 et
2018 4546 2089 4601 20

438 4613 764 4670 Constantii

509 4686 528 4720 ⁷
564 4682 1117 4758 Ῑιυουιεῐιίῐεείῐῐιιιιῃ
1167 4685 1237 4739 de
1284 4685 1413 4758 ej_us
1446 4685 1839 4758 conversione
1890 4688 2087 4758 Augu-

439 4756 577 4813 stini
614 4755 1017 4812 testimonium
1054 4755 1145 4810 lib.
1183 4773 1283 4811 vm
1315 4754 1680 4811 Confessi-on.
1712 4773 1758 4813 c.
1782 4758 1835 4823 2,
1860 4754 2088 4813 Mirzeus

439 4829 679 4885 recitat:
721 4847 743 4875 α
779 4827 906 4900 Ubi,
939 4826 1134 4898 inquit
1174 4827 1561 4900 Hipponensis
1610 4828 1892 4900 episcop.,
1924 4847 2087 4884 com-

438 4900 756 4973 memoravi
788 4899 1060 4973 episcopo
1090 4899 1417 4973 Ambrosio,
1452 4898 1662 4971 legisse
1688 4917 1776 4973 me
1799 4898 2087 4973 quosdam

436 4971 619 5027 libros
652 4969 924 5035 Platonis,
976 4969 1123 5042 quos
1175 4969 1848 5041 Victorinusﬁquondam
1896 4972 2091 5028 rhetor

442 5043 601 5099 urbis
655 5043 865 5111 Romaz,
917 5059 1090 5112 quem
1140 5042 1539 5097 Christianum
1590 5042 1927 5097 defunctum
1960 5059 2089 5099 esse

439 5115 760 5186 audieram,
818 5116 875 5168 in
930 5114 1190 5169 Latinam
1241 5112 1503 5186 linguam
1538 5114 1990 5186 transtulisset;
2029 5118 2091 5170 ut

440 5184 967 5254 meexhortaretur
993 5187 1062 5240 ad
1101 5184 1495 5240 humilitatem
1526 5184 1759 5254 Christi,
1790 5186 1930 5239 mihi
1965 5203 2092 5241 nar-

439 5252 589 5307 ravit
636 5256 1133 5323 quemadmodum
1195 5256 1292 5310 ille
1341 5252 1750 5311 doctissimus
1780 5272 1976 5318 senex,
2035 5261 2092 5313 et

442 5323 706 5398 omnium
735 5393 747 5398 _
779 5326 1112 5398 liberalium
1192 5327 1591 5383 doctrinarum
1632 5397 1640 5398 ί
1671 5327 2086 5398 peritissimus,

443 5395 663 5469 quique
695 5393 1173 5469 philos0phcrum
1226 5405 1343 5454 tam
1406 5398 1593 5454 multa
1631 5393 1868 5469 legerat,
1913 5405 1968 5454 et
1998 5400 2088 5454 di-

434 5465 824 5541 judicaverat,
855 5473 912 5523 et
930 5465 1382 5541 'dilucidaverat,
1427 5465 1756 5541 doctorgt‘ot
1804 5465 2090 5529 nubilium

442 5538 803 5619 senatorum,
865 5538 1082 5619 quique
1140 5540 1337 5619 etiam,
1407 5541 1482 5601 ob
1547 5539 1775 5619 insigne
1827 5542 2090 5617 praeclari

446 5555 803 5605 senatorum,
865 5555 1082 5668 quique
1140 5555 1337 5611 etiam,
1407 5555 1482 5601 on
1547 5557 1775 5619 insigne
1827 5555 2090 5617 praeclari

446 5606 791 5685 magisterii,
854 5612 1106 5667 satuam
1161 5611 1220 5667 in
1279 5612 1539 5673 Romano
1610 5612 1734 5677 foro
1800 5619 2094 5676 meruerat

2204 2428 2384 2494 Τιτος,
2432 2426 2750 2501 Βοστρήνων
2830 2423 3146 2495 ἐπίσκοπος,
3223 2424 3311 2479 ἐπὶ
3384 2421 3679 2479 Ἰουλιανοῢ
3747 2422 3818 2477 καὶ

2204 2633 2281 2700 et,
2321 2634 2641 2700 acceperat,
2703 2647 2820 2686 non
2891 2629 3188 2686 erubuerit
3254 2647 3382 2685 esse
3440 2645 3586 2700 puer
3639 2627 3820 2700 Christi

2205 2698 2287 2772 tui
2319 2705 2377 2755 et
2404 2698 2597 2755 infans
2629 2703 2805 2756 fontis
2864 2702 2971 2767 tui,
3029 2703 3292 2772 subjecto
3351 2698 3498 2756 collo
3550 2702 3620 2756 ad
3651 2699 3821 2755 humi-

2200 2771 2386 2897 :Jitatis
2434 2774 2668 2844 jugum,
2728 2774 2986 2829 edomita
3032 2771 3219 2829 fronte
3274 2772 3347 2828 ad
3406 2773 3599 2828 crucis
3632 2787 3824 2843 oppro-

2243 2859 2418 2897 rium.
2457 2866 2484 2892 ››

2243 2859 2418 2898 rium.
2457 2866 2484 2892 ))

2270 2914 2290 2947 ⁸
2317 2915 2424 2982 Qui
2470 2916 2583 2970 nisi
2626 2916 2694 2970 ab
2738 2914 2973 2971 eruditis
3017 2931 3130 2970 non
3173 2914 3583 2986 intelliguntur.
3630 2914 3829 2986 Omnes

2201 3000 2341 3040 mss.
2384 2987 2613 3058 codices
2657 2986 2984 3058 hocmodo
3034 2986 3255 3058 legunt.
3289 2984 3833 3058 QeCommentariis

2199 3072 2371 3181 porro
2428 3056 2708 3112 Victorini
2778 3057 2839 3112 in
2918 3056 3252 3139 Apostolum
3322 3056 3703 3181 Hieronﬁmus
3757 3056 3839 3110 ita

2222 3133 2459 3181 oouitur
2522 3128 2746 3181 Prasfat.
2808 3128 3376 3181 Commentariorum
3426 3145 3484 3181 in
3576 3132 3703 3181 onst.
3763 3127 3839 3181 ad

2222 3127 2459 3197 oquitur
2522 3128 2746 3183 Przefat.
2808 3127 3376 3184 Commentariorum
3426 3128 3484 3182 in
3532 3127 3703 3197 Epist.
3763 3127 3839 3182 ad

2197 3198 2524 3270 Galatasro
2563 3200 2687 3254 Non
2721 3200 2861 3270 quia
2898 3200 3156 3267 ignorem
3202 3199 3264 3254 C.
3318 3200 3560 3255 Marium
3582 3198 3842 3270 Victori-

2199 3286 2361 3342 num,
2396 3269 2496 3342 qui
2530 3267 2849 3342 Romae—me
2883 3287 3059 3342 puero
3092 3270 3440 3342 rhetoricam
3471 3269 3685 3342 docuit,
3716 3267 3843 3323 edi-

2196 3340 2353 3413 disse
2383 3341 2844 3413 Commentarios
2866 3340 2922 3396 in
2946 3340 3312 3413 Apostolum,
3336 3364 3362 3390 n
3386 3346 3497 3397 etc.
3522 3344 3615 3397 Sic
3645 3340 3845 3413 legen-

2194 3411 2336 3465 dum
2367 3429 2435 3467 ex
2464 3428 2573 3468 ms.
2609 3412 2975 3469 Cluniacensi
3001 3411 3014 3479 ξ
3047 3430 3115 3468 ex
3144 3413 3257 3468 alio
3287 3418 3482 3467 autem
3513 3411 3849 3467 Ambrosia-

2198 3500 2282 3556 na:
2319 3484 2706 3556 Bibliotheca),
2738 3487 2836 3556 qui
2867 3486 3043 3539 Itomw
3084 3500 3187 3556 sine,
3220 3501 3256 3539 α.
3301 3499 3475 3554 puero
3514 3485 3850 3556 rhetoricam

2195 3553 2395 3626 docuit.
2429 3556 2502 3626 At
2532 3556 2603 3610 de
2634 3555 2726 3610 his
2750 3553 2885 3609 ‘vide
2916 3572 3043 3626 quas
3074 3553 3333 3626 diximus
3370 3556 3428 3609 in
3462 3555 3848 3611 Additamen-

2196 3626 2272 3680 tis
2310 3625 2519 3695 prioris
2552 3626 2731 3697 partis
2762 3625 2950 3697 hujus,
2971 3625 3112 3681 tomi
3146 3625 3234 3681 IV.
3268 3626 3555 3681 Maurum.

2196 3728 2263 3735 ——
2297 3697 2391 3751 Sic
2420 3696 2641 3769 habent
2672 3714 2816 3752 mss.
2852 3697 3033 3752 nostri
3063 3714 3287 3769 omnes,
3334 3703 3391 3752 et
3421 3714 3570 3769 quos
3604 3696 3846 3753 Martia-

2198 3784 2356 3839 nraeus
2380 3767 2694 3839 consuluit,
2735 3772 2789 3823 et
2832 3769 3026 3832 plures
3073 3768 3191 3823 alii.
3240 3742 3353 3823 Nec
3401 3742 3633 3824 diverso
3664 3780 3844 3823 sensu

2195 3838 2510 3902 Victorius,
2557 3840 2624 3894 ab
2668 3839 2901 3895 eruditis
2947 3839 3103 3895 modo
3149 3840 3564 3911 intelliguntur.
3626 3840 3845 3911 Vitiosa

2196 3916 2389 3964 autem
2421 3911 2705 3966 editiones
2762 3911 2906 3981 alias,
2963 3927 3075 3967 non
3132 3908 3545 3979 intelliguntur.
3596 3911 3662 3966 Hi
3710 3908 3845 3964 libri

2197 3982 2734 4054 quatuorproprie
2789 3985 2977 4054 contra
3037 3982 3355 4054 Candidum
3412 3984 3620 4054 scripti
3677 3985 3839 4054 sunt.

2196 4054 2367 4134 cujus
2405 4052 2581 4107 etiam
2611 4052 2867 4134 epistolas
2907 4053 2974 4109 de
3015 4052 3206 4108 divina
3250 4052 3606 4122 generatione
3648 4053 3841 4108 Victo-

2196 4124 2363 4195 rinus
2385 4124 2703 4195 respondit.

2266 4196 2287 4228 9
2317 4194 2397 4249 De
2426 4193 2520 4250 his
2549 4194 2631 4249 ita
2674 4193 2904 4265 judieat
2946 4194 3004 4249 in
3050 4194 3389 4250 Praafatione
3428 4195 3499 4250 ad
3532 4196 3850 4251 Commen-

2194 4264 2371 4339 tarios
2401 4266 2467 4339 in_
2486 4264 3084 4339 _Epist.’ac_l_Galatas:
3131 4289 3157 4316 «
3211 4266 3331 4339 Non
3376 4267 3534 4338 quod
3582 4267 3844 4339 ignorem

2194 4336 2398 4391 Caium
2451 4336 2711 4410 Marium
2752 4336 3138 4410 Victorinum,
3190 4337 3287 4409 qui
3338 4336 3432 4393 me
3483 4336 3675 4410 puero?
3706 4339 3849 4410 (non

2195 4424 2286 4462 me
2328 4426 2361 4463 a
2411 4410 2609 4480 puero)
2670 4407 3018 4480 rhetoricam
3070 4407 3258 4464 Romae
3308 4407 3527 4478 docuit,
3589 4407 3846 4465 edidisse

2195 4479 2661 4552 Commentarios
2692 4479 2753 4552 in
2800 4481 3181 4552 Apostolum;
3235 4481 3335 4552 sed
3381 4482 3538 4552 quod
3590 4493 3848 4552 occupa;-

2198 4555 2292 4605 tus
2352 4548 2446 4605 ille
2499 4548 3248 4607 eruditione'smcularium
3310 4548 3641 4608 litterarum
3695 4548 3850 4606 scri-

2200 4628 2404 4695 pturas
2434 4621 2674 4695 omnino
2724 4627 2958 4677 sanctas
2980 4623 3380 4695 iignoraverit,
3424 4628 3484 4679 et
3513 4639 3685 4681 nemo
3715 4634 3849 4695 pos:

2199 4689 2296 4758 sit,
2330 4693 2597 4818 qutamvis
2627 4694 2927 4765 eloquens,
2961 4689 3126 4749 de'eo
3158 4696 3303 4749 bene
3346 4694 3647 4767 disputare
3687 4689 3845 4767 quod

2202 4781 2398 4818 nescia
2431 4807 2444 4818 .
2485 4786 2513 4814 ))

2202 4781 2444 4819 ηθεοιτιῐ..
2485 4786 2513 4814 ))

2271 4837 2313 4869 ¹⁰
2344 4835 2433 4890 Al.
2471 4836 2791 4890 Rush-ensis.
2830 4835 2909 4889 Ex
2939 4839 3195 4906 quatuor
3222 4835 3402 4906 huius
3424 4838 3684 4893 auctoris
3708 4850 3851 4892 con-

2198 4912 2288 4962 tra
2344 4906 2726 4962 Manichaaum
2778 4906 2938 4961 libris
2986 4906 3334 4964 posteriores
3382 4908 3499 4963 duo
3562 4908 3847 4964 hactenus

2200 4977 2441 5049 periisse
2474 4977 2574 5032 visi
2608 4982 2766 5049 sunt,
2817 4976 3105 5048 siquidem
3160 4978 3215 5033 in
3268 4977 3645 5035 IIolsteniano
3676 4979 3852 5034 Ham-

2203 5048 2474 5121 hurgensi
2507 5048 2723 5117 codice,
2788 5049 2849 5123 in
2900 5066 3033 5123 quo
3066 5049 3234 5123 unlce
3281 5056 3679 5123 asservantur,
3725 5065 3853 5123 per-

2198 5119 2433 5193 turbata
2488 5124 2679 5175 textus
2741 5119 2932 5193 series
2976 5120 3199 5193 librarii
3254 5121 3428 5193 culpa
3470 5119 3682 5193 ,lraudi
3727 5119 3858 5193 't'uit

2200 5192 2386 5247 obiter
2435 5192 2943 5261 pertractantibus.
2994 5192 3158 5246 Nunc
3211 5192 3481 5248 Friderici
3525 5192 3857 5249 \Vinckleri

2200 5263 2505 5345 diligentia
2559 5267 2677 5345 tres
2733 5263 2953 5333 priores
2990 5263 3228 5345 "integri
3302 5265 3513 5345 reperti
3587 5270 3860 5345 suntet:

2202 5334 2476 5403 restituti,
2510 5335 2608 5403 qui
2641 5334 2699 5388 in
2736 5350 2956 5402 nupera
2984 5334 3195 5390 Canisii
3236 5334 3616 5403 antiquarum
3650 5337 3862 5393 lectio-

2201 5422 2341 5460 num
2387 5404 2640 5460 editione
2680 5403 3046 5459 exhibentur.
3094 5406 3210 5462 Hos
3266 5403 3467 5463 laudat
3526 5408 3863 5466 Ebed-Jesu

2209 5492 2335 5557 cap:
2389 5477 2486 5557 29,
2519 5480 2643 5557 tum
2703 5475 2945 5533 Pbotius
2986 5478 3127 5557 _c_od.
3186 5479 3311 5550 232,
3370 5484 3427 5536 et
3472 5478 3628 5538 libro
3653 5482 3865 5557 primo

2204 5546 2408 5606 contra
2436 5546 2786 5605 Manichaeos
2816 5563 2938 5620 cap.
2974 5547 3061 5605 41.
