4138 6160
228 312 352 374 ’με

1328 318 1565 382 LIBER
1598 321 1710 382 DE
1752 320 1961 383 VIRIS
2005 320 2544 386 ILLUSTRIBUS.

3512 328 3641 394 ’746

1727 470 1956 526 CAPUT
1986 470 2095 526 CX.

294 569 586 636 Ὀπτᾶτος,
647 565 942 631 ἐπίσκοπος
998 575 1101 639 τῆς
1141 569 1446 627 Μελιυΐτῶν
1479 577 1627 643 ,τοῦ
1689 576 1853 648 μέρου

2069 577 2315 648 Optatus
2360 577 2514 647 Afer,
2568 577 2879 650 episcopus
2928 579 3314 650 Milovitanus,
3360 597 3431 638 ex
3473 586 3641 655 parte

217 660 326 723 τῆς
367 652 698 725 ηθολικῆς,
742 653 974 733 ἔγραψεν
1026 658 1114 713 ἐπὶ
1151 658 1563 716 Βαλεντινιανοῢ
1610 663 1699 716 καὶ
1743 661 1881 717 Οὐά-

218 739 420 805 λεντος
480 746 619 799 κατά
682 748 793 800 τῶν
851 752 1204 803 Δωνατιανῶν
1265 750 1623 827 συκοφαντίας
1680 748 1883 826 λόγους

217 827 307 901 ἓξ,
337 830 393 886 ἐν
436 834 515 893 οἷς
566 830 718 907 λέγει
764 835 827 889 τὸ
878 830 1138 911 ἔγκλημα
1189 839 1335 914 παρὰ
1380 844 1487 893 τῶν
1530 845 1880 895 Δωνατιστῶν

225 919 311 981 εἷς
350 922 498 992 ἡμὰς
528 919 741 994 ψευδῶς
774 922 1095 999 ἐπηνέχθαι.

1994 664 2297 735 catholica,
2333 665 2568 737 scripsit
2593 665 3000 724 Valentiniano
3038 671 3096 723 et
3143 668 3639 741 Valenteprinci-

1994 753 2167 824 pibus
2201 755 2237 824 ί,
2289 754 2599 809 adversum
2648 755 2984 812 Donatianae
3049 756 3233 828 partis
3279 756 3641 816 calumniam

1991 840 2170 897 libros
2204 858 2303 898 sex
2330 844 2370 912 ί,
2407 843 2465 897 in
2496 842 2713 914 quibus
2761 845 2971 901 asserit
3018 845 3240 909 crimen
3288 845 3640 903 Donatiauo-

1991 946 2122 985 rum
2152 932 2213 985 in
2248 947 2355 987 nos
2387 929 2533 987 falso
2561 934 2908 1004 retorqueri.

1726 1045 1953 1102 CAPUT
1984 1044 2117 1101 CXI.

294 1127 442 1183 94I
494 1122 751 1188 ’Δκῦλιος
797 1121 1085 1202 Σεϐἤρος,
1135 1127 1189 1183 ἐν
1236 1135 1356 1192 ταῖς
1406 1131 1696 1193 Ἱσπανίαις
1744 1133 1873 1187 ἀπό-

212 1231 379 1286 γονος
424 1207 696 1289 Σεϐήρου,
740 1216 879 1291 πρὸς
928 1217 987 1271 ὃν
1043 1214 1137 1271 δύο
1187 1219 1520 1273 Λακταντίου
1571 1218 1872 1275 ἐπιστολῶν

208 1300 471 1377 φέρονται
532 1299 729 1377 λόγοι,
786 1305 1034 1375 συνέταξε
1080 1310 1278 1381 τεῦχος
1347 1305 1398 1361 ἐν
1456 1308 1601 1378 τάξει
1656 1307 1875 1364 ὁδοιπο-

208 1394 367 1464 ρικοῦ
400 1434 416 1459 ,
470 1391 677 1453 παντὸς
723 1397 821 1446 τοῦ
877 1393 998 1467 βίου
1058 1393 1221 1448 αὖτοῦ
1280 1397 1538 1472 περιέχον
1599 1395 1871 1473 διήγημα,

204 1481 370 1532 τοῦτο
414 1479 515 1551 μὶν
574 1477 985 1555 καταλογάδην,
1031 1486 1190 1536 τοῦτο
1243 1480 1301 1537 δὲ
1347 1484 1436 1538 καὶ
1489 1486 1671 1561 μέτρῳ
1701 1489 1873 1561 ἡρωϊ-

206 1570 307 1637 κῷ,
368 1565 507 1643 ὅπερ
563 1567 817 1641 ὠνόμασε
854 1573 1263 1649 Καταστροφήν,
1320 1569 1445 1640 ἤτοι
1505 1579 1723 1650 Πεῖραν,
1781 1575 1871 1629 καὶ

206 1654 294 1708 ἐπὶ
327 1653 747 1712 Βαλεντινιανοῦ
782 1656 1054 1731 βασιλέως
1086 1657 1454 1730 ἐτελεύτησεν.

2055 1135 2208 1190 942
2253 1134 2524 1207 Aquilius
2571 1137 2594 1170 ³
2635 1136 2898 1207 Severus,
2960 1136 3019 1191 in
3070 1136 3368 1209 Hispania,
3423 1137 3495 1193 de
3543 1152 3642 1210 ge-

1983 1238 2117 1278 nere
2147 1221 2306 1277 illius
2337 1222 2527 1278 Severi
2573 1224 2645 1279 ad
2693 1241 2868 1296 quem
2914 1225 3201 1280 Lactantii
3231 1225 3254 1258 ⁴
3283 1224 3398 1280 duo
3427 1224 3641 1296 episto-

1983 1310 2175 1366 larum
2208 1311 2549 1366 scribuntur
2575 1311 2729 1381 libri,
2763 1312 3096 1385 composuit
3134 1311 3429 1384 volumen,
3462 1312 3637 1384 quasi

1983 1395 2326 1474 ὁδοιπορικὸν
2359 1400 2540 1455 totius
2572 1417 2689 1455 suae
2719 1400 2850 1456 vitae
2898 1404 3121 1457 statum
3172 1400 3480 1469 continens
3509 1405 3632 1457 tam

1982 1504 2158 1560 prosa
2212 1504 2390 1559 quam
2463 1488 2749 1558 versibus,
2827 1490 2983 1560 quod
3043 1489 3267 1546 vocavit
3324 1493 3634 1565 Καταστρο-

1982 1577 2109 1653 φήν,
2169 1576 2286 1631 sive
2344 1580 2562 1650 Πεῖραν,
2621 1582 2678 1633 et
2735 1577 2845 1633 sub
2900 1576 3309 1635 Valentiniano
3366 1577 3633 1651 principe

1981 1665 2146 1721 obiit.

1708 1780 1949 1837 CAPUT
1977 1779 2137 1837 CXII.

274 1858 556 1935 Κύριλλος
609 1905 623 1930 ,
680 1860 1077 1937 Ἱεροσολύμων
1162 1863 1457 1928 ἐπίσκοπος
1503 1911 1516 1936 ,

203 1945 456 2017 ἐξωσθεὶς
512 1956 616 2018 τῆς
662 1948 1027 2020 Ἐκκλησίας,
1078 1950 1298 2027 ὕστερον
1365 1952 1652 2009 Θεοδοσίου
1715 1957 1862 2030 βασι-

205 2033 492 2106 λεῦοντος,
532 2036 615 2091 ἐπὶ
674 2037 951 2100 ἐνιαυτοὺς
1022 2038 1165 2094 ὀκτὼ
1225 2039 1516 2096 ἀσάλευτον
1578 2039 1704 2119 ἔσχε
1760 2047 1857 2113 τήν

203 2123 534 2194 ἐπισκοπὴν,
577 2126 787 2188 οὗτινός
832 2127 935 2181 εἰσι
982 2131 1344 2204 κατηχήσεις,
1397 2130 1457 2193 ἃς
1522 2131 1573 2186 ἐν
1630 2136 1697 2206 τῇ
1746 2133 1859 2188 νεό-

194 2224 333 2283 τητι
364 2213 655 2284 συνέταξεν.

1593 1866 1863 1931 πολλάκις
1893 1873 1941 1936 Β
2045 1868 2311 1941 Cyrillus,
2345 1869 2756 1942 Hierosolyma
2802 1871 3132 1943 episcopus,
3174 1887 3325 1943 saepe
3356 1870 3565 1943 pulsus
3597 1870 3619 1905 ⁸

1972 1956 2249 2027 Ecclesia,
2283 1962 2337 2012 et
2370 1961 2656 2028 receptus,
2691 1960 2763 2013 ad
2793 1963 3119 2014 extremum
3151 1960 3260 2014 sub
3287 1958 3614 2015 Theodosio

1970 2045 2233 2117 principe
2262 2050 2389 2102 octo
2420 2046 2591 2101 annis
2638 2047 3055 2103 inconcussum
3098 2046 3498 2119 episcopatum
3527 2052 3614 2102 te-

1972 2134 2117 2189 nuit.
2151 2135 2394 2190 Exstant
2422 2135 2549 2205 ejus
2578 2136 2935 2209 κατηχήσεις,
2991 2151 3138 2207 quas
3176 2134 3237 2190 in
3268 2134 3609 2191 adolescen-

1968 2222 2050 2278 tia
2081 2222 2411 2294 composuit
2437 2223 2478 2277 ⁸.

1699 2346 1932 2405 CAPUT
1962 2345 2150 2402 CXIII.

262 2443 553 2514 Εόζώϊος,
602 2446 747 2521 ποιρά
797 2445 1074 2519 Θεσπεσίῳ
1124 2446 1336 2523 ῥήτορι,
1390 2450 1502 2521 ἅμα
1554 2450 1845 2526 Γρηγορίῳ

186 2538 496 2602 Ναζιανζοῦ
552 2532 834 2606 ἐπισκόπῳ
889 2536 1010 2596 νέος
1069 2534 1121 2589 ἐν
1182 2537 1472 2613 Καισαρείᾳ
1530 2541 1794 2615 φοιτήσας
1830 2584 1844 2609 ,

182 2623 276 2677 καὶ
338 2621 563 2696 ὕστερον
611 2629 715 2691 τῆς
774 2622 944 2693 αὐτῆς
999 2622 1219 2686 πόλεως
1276 2624 1592 2695 ἐπίσκοπος,
1647 2621 1845 2699 πολλῷ

183 2711 342 2784 πόνῳ
386 2713 677 2789 φθαρεῖσαν
730 2708 836 2781 ἤδη
885 2712 986 2780 τὴν
1043 2714 1352 2789 Ὠριγένους
1399 2715 1491 2770 καὶ
1550 2714 1845 2794 Παμφίλου

184 2795 566 2870 Βιϐλιοθήκην
627 2799 678 2854 ἐν
738 2799 1037 2873 σωματίοις
1104 2801 1400 2857 ἀνανεῶσαι
1468 2803 1840 2881 ἐπεχείρησεν.

182 2890 285 2956 καὶ
347 2888 575 2965 ὕστερον
630 2887 719 2943 ἐπὶ
777 2886 1066 2943 Θεοδοσίου
1137 2889 1405 2964 βασιλέως
1460 2899 1562 2961 τῆς
1610 2891 1843 2962 Ἐκκλη-

182 2978 304 3040 σίας
348 2978 606 3049 ἐξεώσθη.
660 2978 924 3051 Φέρονται
971 2977 1167 3033 τούτου
1212 2977 1423 3034 πολλαὶ
1467 2982 1557 3036 καὶ
1588 2980 1843 3037 πλεῖσται

185 3064 434 3139 ὁμιλίαι,
466 3068 552 3129 αῖς
592 3065 703 3122 ἐστι
736 3064 920 3142 ῥᾴδιον
953 3067 1215 3145 ἐντυχεῖν.

2027 2450 2296 2522 Euzoius,
2327 2452 2479 2524 apud
2521 2452 2907 2525 Thespesium
2951 2452 3265 2522 rhetorem,
3299 2467 3435 2507 cum
3465 2451 3607 2508 Gre-

1955 2541 2118 2613 gorio
2175 2541 2536 2596 Nazianzeno
2602 2542 2876 2614 episcopo
2934 2541 3272 2598 adolescens
3335 2540 3608 2597 Caasarea

1956 2627 2219 2683 eruditus
2267 2630 2373 2697 est,
2420 2631 2478 2683 et
2520 2628 2784 2698 ejusdem
2835 2631 3037 2700 postea
3083 2627 3248 2684 urbis
3296 2624 3608 2699 episeopus

1955 2715 2209 2789 plurimo
2233 2715 2430 2771 labore
2460 2719 2793 2788 corruptam
2814 2717 2942 2787 jam
2973 2717 2993 2751 ⁷
3037 2715 3454 2772 Bibliothecam
3485 2714 3610 2772 Ori-

1954 2806 2119 2877 genis
2151 2809 2208 2859 et
2228 2805 2517 2876 Pamphili
2539 2804 2599 2860 in
2625 2805 2986 2861 membranis
3006 2805 3334 2861 instaurare
3358 2810 3604 2861 conatus

1954 2898 2061 2950 est.
2095 2894 2179 2948 Ad
2213 2898 2537 2949 extremum
2569 2894 2679 2949 sub
2701 2894 3027 2950 Theodosio
3049 2892 3312 2966 principe
3341 2892 3604 2950 Ecclesia

1952 2982 2161 3055 pulsus
2191 2986 2297 3039 est.
2335 2984 2618 3039 Feruntur
2645 2984 2774 3053 ejus
2803 2983 2946 3038 varii
2978 2982 3453 3055 multiplicesque
3474 2985 3602 3038 tra-

1954 3076 2165 3143 ctatus,
2194 3088 2343 3143 quos
2375 3088 2549 3129 nosse
2579 3071 2852 3145 perfacile
2885 3076 2993 3128 est.

1687 3195 1917 3252 CAPUT
1946 3195 2131 3251 CXIV.

255 3299 596 3375 Ἐπιῳάνιος,
655 3291 875 3372 Κύπρου
932 3296 1255 3372 Σαλαμίνης
1316 3299 1629 3371 ἐπίσκοπος,
1679 3297 1836 3377 ἔγρα-

2018 3302 2401 3375 Epiphanius,
2436 3303 2606 3376 Cypri
2637 3302 2944 3358 Salaminze
2993 3302 3325 3375 episcopus,
3359 3300 3599 3375 scripsit

180 3391 252 3460 ψε
309 3387 448 3441 κατά
504 3390 687 3440 πασῶν
747 3390 854 3440 τῶν
915 3387 1170 3463 αἱρέσεων
1232 3384 1433 3462 λόγους
1468 3432 1481 3456 ,
1535 3388 1624 3443 καὶ
1681 3385 1837 3463 ἕτερα

181 3472 403 3542 πολλὰ,
436 3476 584 3528 ἅτινα
609 3475 756 3547 παρά
815 3475 907 3548 μὲν
965 3479 1072 3529 τῶν
1132 3473 1572 3549 πεπαιδευμένων
1635 3474 1723 3530 διὰ
1771 3477 1838 3530 τὰ

185 3564 658 3639 πρά-ςματα,παρὶ
698 3561 756 3618 δὲ
790 3567 897 3617 τῶν
952 3561 1184 3618 ἰδιωτῶν
1224 3561 1313 3618 διὰ
1360 3566 1426 3618 τὰ
1456 3564 1675 3640 ῥήματα
1716 3565 1837 3619 ἀνα-

194 3650 549 3725 γινώσκεται.
600 3652 871 3727 Περίεστιν
927 3651 1059 3729 ἄχρι
1114 3650 1295 3721 τοῦδε,
1352 3653 1441 3708 καὶ
1501 3653 1551 3708 ἐν
1623 3652 1839 3730 ἐσχάτῳ

189 3742 349 3817 γήρᾳ
372 3738 589 3795 ποικίκα
618 3742 893 3796 συντάττει
926 3742 1345 3817 συγγράμματα.

1947 3391 2258 3447 adversum
2289 3408 2493 3448 omnes
2518 3391 2767 3447 haereses
2796 3390 2997 3461 libros,
3020 3395 3076 3447 et
3097 3391 3284 3447 multa
3304 3390 3440 3461 alia,
3466 3407 3595 3462 qua

1948 3480 2019 3536 ab
2053 3479 2297 3535 eruditis
2348 3484 2585 3552 propter
2631 3496 2744 3549 res,
2795 3496 2830 3534 a
2874 3479 3331 3550 simplicioribus
3360 3483 3600 3550 propter

1947 3568 2123 3623 verba
2169 3567 2506 3623 lectitantur
2552 3569 2592 3620 ⁸.
2647 3568 2924 3635 Superest
2970 3582 3158 3638 usque
3206 3566 3399 3636 hodie,
3451 3565 3596 3621 etin

1949 3660 2207 3712 extrema
2226 3657 2351 3728 jam
2384 3659 2684 3711 senectute
2718 3655 2875 3711 varia
2904 3654 3067 3711 cudit
3096 3670 3289 3725 opera.

1692 3869 1924 3926 CAPUT
1954 3870 2116 3926 CXV.

261 3976 426 4031 9-18
481 3972 741 4049 Ἐφραὶμ,
802 3979 904 4042 τῆς
963 3973 1016 4027 ἐν
1075 3970 1295 4047 Ἐδέσσῃ
1350 3971 1673 4043 Ἐκκλησίας
1734 3971 1846 4028 διάη

185 4083 373 4131 ιιονος,
408 4059 598 4116 πολλὰ
625 4065 696 4133 τῇ
736 4065 842 4115 τῶν
895 4060 1081 4137 Σύρων
1134 4058 1365 4131 διαλέξει
1406 4064 1721 4132 συντέθεικε,
1755 4062 1846 4116 καὶ

188 4151 270 4213 εἰς
306 4149 582 4219 τοσαύτην
623 4148 760 4220 ᾖ).οε
804 4147 1190 4227 λαμπρότητα,
1233 4149 1371 4204 ὥστε
1421 4152 1555 4224 μετὰ
1592 4154 1689 4222 τήν
1724 4152 1845 4205 ἀνά-

189 4260 396 4313 γνωσιν
426 4243 538 4293 τῶν
580 4237 738 4292 θείων
780 4243 1005 4317 Γραφῶν
1051 4236 1291 4312 δημοσίᾳ
1346 4236 1396 4293 ἓν
1454 4261 1563 4294 τισι
1618 4245 1725 4294 τῶν
1757 4240 1847 4294 έκ-

268 4423 284 4455 ¹
316 4420 406 4474 Ad
439 4434 669 4475 annum
698 4418 912 4475 Christi
944 4422 1069 4475 270.

266 4494 289 4527 ⁸
319 4491 463 4547 Cod.
497 4491 558 4545 8.
596 4490 1299 4573 Crucisnseptevndegitxet
1344 4494 1429 4573 tot
1474 4491 1714 4562 quidem
1748 4490 1852 4573 he-

201 4563 293 4619 die
323 4567 752 4635 enumerantur
779 4561 971 4635 Optati
1003 4561 1158 4631 libri,
1187 4562 1362 4617 etiam
1392 4562 1451 4616 in
1480 4561 1703 4635 nupera
1731 4563 1854 4618 edi-

2025 3978 2181 4032 944
2237 3974 2525 4047 Ephraem,
2603 3973 2907 4029 Edessena:
2965 3971 3234 4029 Ecclesiae
3293 3971 3597 4043 diaconus,

1957 4063 2143 4120 multa
2170 4070 2305 4136 Syro
2336 4078 2605 4119 sermone
2636 4061 2986 4133 composuit,
3019 4065 3077 4117 et
3107 4062 3178 4117 ad
3203 4065 3428 4117 tantam
3448 4059 3607 4117 venit

1957 4151 2391 4220 claritudinem,
2424 4155 2491 4206 ut
2517 4154 2648 4223 post
2677 4149 2984 4205 lectionem
3027 4148 3465 4221 Scripturarum
3495 4163 3604 4221 pu-

1960 4240 2108 4297 blice
2138 4242 2197 4296 in
2229 4240 2585 4313 quibusdam
2625 4238 2884 4296 ecclesiis
2934 4238 3063 4310 ejus
3111 4238 3331 4311 scripta
3356 4236 3603 4293 reciten-

1966 4420 2173 4476 Noster
2196 4421 2263 4500 in
2294 4420 2577 4500 Chronico
2608 4419 2678 4500 ad
2710 4437 2804 4475 an.
3033 4440 3061 4468 ‹‹
3094 4415 3362 4500 Cyrillus,
3396 4414 3609 4500 inquit,

1967 4509 2101 4547 cum
2135 4509 2169 4546 a
2195 4492 2444 4546 Maximo
2476 4492 2684 4563 fuisset
2714 4492 3019 4563 presbyter
3038 4491 3367 4563 ordinatus,
3387 4492 3445 4544 et
3475 4493 3612 4560 post

1968 4568 2224 4645 mortem
2249 4562 2325 4644 ei.
2350 4564 2422 4617 ab
2460 4562 2665 4644 Acacio
2713 4561 2985 4645 episcopo
3013 4561 3386 4645 .Czesariensi‘
3421 4564 3479 4615 et
3498 4576 3612 4645 lcea-

196 4635 362 4715 tione
388 4632 707 4715 a_Dupinio
736 4632 1037 4715 adornata.
1086 4637 1355 4715 Attamen
1398 4632 1586 4715 totum
1616 4651 1764 4715 opus
1792 4634 1853 4688 in
1887 4642 1931 4706 Ι)
1963 4635 2102 4715 teris
2134 4633 2362 4715 {tria-uis
2405 4633 2695 4715 episcopis
2734 4632 3103 4715 episcopatus
3146 4632 3609 4715 promitteretur,

201 4721 313 4761 sex
332 4703 563 4776 tantum
594 4703 1059 4776 librosqpartitus
1098 4709 1188 4759 est
1232 4704 1357 4776 ipse
1397 4703 1671 4776 Optatus,
1697 4710 1760 4760 ut
1788 4722 1856 4760 ex

203 4777 345 4845 ejus
367 4772 475 4847 lib.
506 4792 546 4847 1,
580 4793 639 4829 n.
672 4778 729 4847 ’77.
763 4772 979 4846 liquet:
1004 4772 1574 4847 proinde'septimus,
1598 4772 1698 4847 qui
1722 4776 1855 4831 sub-

192 4820 494 4917 jungitur,
524 4820 756 4902 laciniis
795 4820 1036 4902 e’onstat
1070 4847 1143 4900 ab
1189 4820 1366 4917 ipso:
1389 4851 1453 4902 ut
1493 4820 1722 4901 videtur
1750 4865 1853 4902 au-

198 4915 388 4984 ctore,
424 4915 483 4972 in
513 4917 1053 4973 additamentorum
1079 4915 1260 4972 vicem
1295 4917 1627 4973 elaboratis.
1654 4918 1768 4972 Nec
1787 4934 1857 4973 ex

205 4989 547 5060 Hieronymi
576 4989 876 5045 codicibus
907 4987 1088 5043 alium
1120 4988 1240 5045 scio
1279 4988 1381 5061 qui
1424 4997 1624 5059 septem
1654 4988 1859 5061 legerit

347 5076 468 5115 sex.
834 5088 845 5099 -

204 5076 311 5164 pr?
324 5130 676 5212 yaticanus,
704 5133 1284 5212 nosterque‘Ver-pn”.
1310 5129 1538 5212 Acilius,
1572 5129 1856 5212 quemad-

208 5203 453 5260 modum
483 5200 606 5271 alii,
640 5174 783 5272 ques
813 5174 1106 5258 SulIridus
1140 5174 1286 5258 Petri
1327 5174 1642 5258 consuiuit.
1672 5203 1859 5256 Hono-

207 5274 352 5339 rius,
384 5273 689 5331 Achilz‘um.

278 5348 301 5379 ‘
328 5344 544 5402 Recole
576 5344 851 5416 superius
882 5360 1010 5416 cap.
1045 5345 1133 5413 80,
1169 5344 1240 5399 de
1271 5343 1553 5400 Lactantii
1575 5342 1858 5416 epistolis.

278 5361 301 5379 ο
328 5361 544 5402 uecone
576 5361 644 5400 su
694 5361 851 5400 enus
882 5361 1010 5416 cap.
1045 5361 1133 5413 δυ,
1169 5361 1240 5399 ae
1271 5361 1304 5399 L

207 5415 404 5474 Severi
437 5417 622 5487 hujus
654 5361 808 5472 fiber
826 5416 952 5485 jam
977 5431 1093 5471 non
1129 5419 1304 5487 extat.

282 5490 305 5523 ⁸
336 5489 434 5545 Bis
463 5506 499 5544 a
522 5484 870 5543 Constantio
890 5488 1099 5559 jussus
1130 5484 1413 5553 exsulare,
1448 5491 1621 5557 atque
1652 5486 1863 5559 iterum

212 5576 251 5614 a
278 5561 525 5616 Valente
556 5576 590 5613 a
621 5574 737 5629 quo
768 5557 1002 5614 demum
1039 5562 1358 5627 revocatus,
1383 5559 1529 5629 rexit
1551 5557 1866 5629 Ecclesiam

208 5632 287 5688 ab
320 5649 459 5690 ann.
491 5631 602 5687 879
631 5628 821 5701 usque
850 5631 919 5685 ad
951 5631 1076 5704 386,
1109 5646 1224 5703 quo
1254 5632 1312 5685 et
1348 5628 1539 5686 vivere
1564 5628 1757 5685 desiit.

542 5756 814 5819 Parant.
860 5756 1075 5822 XXIll.

1965 4705 2014 4760 si
2049 4700 2476 4775 ordinationem
2524 4700 3183 4775 Maximi'repudiassef,
3237 4700 3611 4775 diaconus_in

1965 4775 2221 4831 Ecclesia
2254 4774 2622 4844 ministravit,
2656 4770 3321 4847 obiquamimpietatem
3342 4770 3613 4847 sacerdo-

1961 4847 2027 4901 tii
2062 4847 2324 4902 mercede
2379 4841 2677 4917 pensatus,
2728 4841 3077 4913 Heraclium',
3130 4859 3302 4914 quem
3337 4841 3612 4917 ‘mpriens

1962 4918 2247 4973 Maximus
2276 4917 2335 4970 in
2368 4912 2542 4971 suum
2576 4916 2769 4971 locum
2802 4912 3204 4983 substituerat,
3231 4913 3390 4968 varia
3408 4912 3614 4968 fraude

1967 4988 2310 5057 sollicitans,
2371 4988 2443 5041 de
2491 4988 2762 5059 episcopo
2828 4987 2890 5040 in
2960 4985 3366 5057 presbyterum
3415 4999 3611 5056 regre-

1966 5061 2141 5115 davit.
2182 5081 2208 5108 ››

2037 5133 2059 5166 ⁸
2087 5131 2369 5202 Quodque
2393 5133 2482 5185 est
2509 5129 2726 5183 mirum
2750 5128 2959 5201 magis,
2983 5143 3054 5183 ex
3074 5131 3336 5199 tempore
3358 5142 3619 5199 pronun-

1970 5202 2160 5258 tiavit.

2041 5273 2411 5342 “Veronens,
2441 5270 2707 5326 voculam
2727 5271 2850 5341 jam
2898 5269 3079 5342 addit,
3113 5269 3618 5342 quemadmodum

1972 5347 2029 5399 et
2077 5343 2310 5399 Graecus
2356 5339 2457 5411 ἢδη
2496 5342 2575 5396 Ex
2621 5339 2814 5397 Euzbii
2883 5339 3240 5415 scriptis—ne
3288 5341 3445 5397 tituli
3494 5340 3627 5413 qui-

1974 5417 2105 5470 dem
2139 5420 2482 5485 supersunt.

2044 5485 2065 5518 ⁸
2098 5484 2253 5558 Idem
2284 5484 2492 5558 Veron.
2526 5488 2583 5540 et
2604 5485 2889 5557 Vatican.,
2912 5490 3133 5558 propter
3169 5486 3353 5553 verba,
3380 5498 3637 5555 quoque:

1975 5562 2099 5613 tum
2132 5556 2192 5612 in
2226 5556 2339 5612 line
2368 5556 2519 5613 cadit
2548 5559 2831 5630 opuscula.

3235 5750 3314 5815 28
