4138 6160
290 344 414 482 ris

1399 396 1627 463 LIBER
1668 401 1774 465 DE
1812 400 2022 469 VIRIS
2065 404 2610 472 ILLUSTRIBUS.

3574 368 3705 484 ᾰέο

1751 560 1983 618 CAPUT
2022 562 2252 620 CXVIII.

358 638 618 745 Aoéxtog,
679 643 815 745 μετὰ
870 646 1183 701 Ἀθανάσιον
1243 654 1529 726 Ἀρειανῆς
1602 655 1803 728 θρησκε
1864 655 1907 711 ία

2032 720 2033 723 η
2135 660 2371 732 Lucius,
2404 665 2538 733 post
2564 662 2948 721 Athanasium
2980 665 3211 722 Arianm
3258 669 3442 740 partis
3487 672 3709 745 episco-

288 727 610 801 ἐπίσκοπος,
690 727 821 806 ἄχρι
879 731 1169 790 Θεοδοσίου
1232 727 1661 812 βύσιλεύοντος,
1702 749 1828 819 παρ’
1885 745 1947 799 οὗ

290 819 385 907 καὶ
434 816 664 889 ἐξεώσθη
695 863 710 888 ,
752 821 852 890 τήν
907 820 1385 900 ’Δλεξανδρειανὴν
1423 831 1685 907 κατέσχεν
1718 816 1948 904 Ἐκκλη-

296 906 436 964 σίαν.
507 908 769 983 Φέρονται
822 910 1018 967 τούτου
1074 915 1332 989 περὶτοῦ
1393 919 1586 996 Πάσχα
1622 906 1947 992 ἐπιστολαὶ,

292 996 386 1050 καὶ
417 993 599 1070 ὀλίγοι
627 995 900 1056 ποικίλων
936 1001 1238 1059 ὑποθέσεων
1272 1002 1452 1081 λόγοι.

2057 763 2189 818 pus,
2244 765 2431 820 usque
2476 752 2548 806 ad
2597 750 2990 809 Theodosium
3039 755 3384 829 principem,
3428 775 3462 813 a
3508 775 3624 831 quo
3653 763 3714 816 et

2058 835 2267 906 pulsus
2296 841 2387 894 est
2424 845 2461 909 ί,
2494 836 2951 897 Alexandrinam
2994 843 3311 900 Ecclesiam
3356 846 3563 904 tenuit.
3596 849 3713 904 Ex-

2060 928 2221 980 stant
2249 926 2379 996 ejus
2425 926 2716 984 solemnes
2764 929 2835 985 de
2883 930 3106 988 Pascha
3147 933 3407 1006 epistolae
3456 939 3514 991 et
3539 936 3712 1009 pauci

2058 1013 2355 1071 variarum
2383 1014 2781 1088 hypotheseon
2808 1016 3011 1074 libelii.

1777 1108 2011 1166 CAPUT
2041 1109 2227 1166 CXIX.

355 1179 657 1269 Διόδωρος,
711 1190 919 1262 Ταρσοῦ
988 1187 1323 1262 ἐπίσκοπος,
1383 1194 1547 1263 ἡνίκα
1610 1194 1678 1269 ᾖν
1735 1200 1945 1251 Ἀντιο-

278 1271 441 1347 χείας
486 1267 875 1349 πρεσϐύτερος,
929 1275 1142 1350 μᾶλλον
1195 1278 1451 1358 λαμπρὸς
1498 1284 1584 1352 ἦν.
1622 1267 1763 1338 *Εἰσὶ
1818 1284 1942 1340 τοῦ-

272 1380 374 1415 του
452 1361 532 1423 εἰς
608 1363 698 1417 τὸν
757 1363 1093 1421 ’Δπόστολον
1166 1368 1538 1445 ὑπομνήματα
1570 1420 1584 1440 ,
1644 1374 1733 1428 καὶ
1786 1371 1942 1449 ἕτερα

278 1447 518 1504 πλεῖστα
586 1451 663 1514 είς
712 1454 803 1507 τὸν
872 1451 1141 1533 Εὖιρεϐίου
1202 1458 1414 1531 μᾶλλον
1472 1467 1569 1516 τοῦ
1640 1447 1940 1536 Ἐμεσηνοῦ

277 1545 606 1615 χαρακτῆρα
678 1544 1067 1619 προσήκοντα,
1128 1547 1342 1611 οὗτινος
1397 1554 1466 1623 τῇ
1548 1552 1745 1626 γνώμη
1808 1553 1938 1607 ἀκο-

276 1625 577 1713 λουθήσας,
639 1630 702 1684 τὸ
761 1628 1065 1708 ἐλλόγιμον
1126 1634 1225 1690 οὐκ
1272 1622 1519 1708 ἠδυνήθη
1563 1622 1939 1713 μιμήσασθαι,

274 1712 366 1771 διὰ
392 1719 499 1788 τήν
534 1717 781 1793 ἀπειρίαν
811 1725 920 1776 τῶν
952 1728 1231 1797 κοσμικῶν
1264 1728 1625 1802 γραμμάτων.

2129 1199 2433 1272 Diodorus,
2465 1201 2773 1259 Tarsensis
2793 1203 3104 1278 episcopus
3133 1207 3175 1275 ³,
3210 1207 3352 1264 dum
3381 1209 3703 1267 Antiochia:

2052 1293 2210 1344 esset
2261 1290 2580 1363 presbyter,
2642 1291 2832 1364 magis
2888 1292 3115 1351 claruit.
3174 1300 3414 1353 Exstant
3470 1299 3599 1370 ejus
3641 1298 3704 1355 in

2050 1376 2397 1449 Apostolum
2428 1381 2853 1452 commentarii,
2890 1387 2948 1438 et
2999 1383 3187 1440 multa
3235 1384 3369 1457 alia,
3420 1387 3492 1443 ad
3521 1390 3700 1444 Euse-

2050 1465 2131 1520 bii
2164 1466 2352 1538 magis
2382 1467 2640 1523 Emiseni
2662 1469 2683 1501 ³
2710 1468 3108 1527 characterem
3130 1473 3500 1547 pertinentia,
3529 1476 3701 1548 cujus

2051 1570 2184 1609 cum
2218 1570 2460 1611 sensum
2492 1561 2729 1614 secutus
2760 1558 2856 1629 sit,
2890 1559 3283 1631 eloquentiam
3330 1562 3551 1620 imitari
3581 1579 3699 1621 non

2049 1643 2258 1715 potuit,
2320 1648 2557 1717 propter
2615 1646 3006 1718 ignorantiam
3057 1650 3428 1707 saecularium
3479 1652 3700 1710 littera-

2051 1748 2206 1787 rum.

1772 1827 2001 1883 CAPUT
2029 1828 2187 1884 CXX.

345 1900 643 1975 Εὖνόμιος,
704 1905 989 2002 Ἀρειανῆς
1055 1910 1376 1985 θρησκείας,
1428 1913 1660 1982 Κυζίκου
1719 1913 1907 1968 ἐπίσκο

2120 1918 2461 1981 Eunomius,
2494 1918 2720 1975 Arianae
2761 1920 2966 1992 partis,
3011 1922 3329 1996 Cyzicenus
3360 1927 3696 2002 episcopus,

273 2010 404 2059 πος,
434 1996 691 2047 τοσοῦτον
730 1993 808 2056 είς
861 1993 1212 2076 βλασφημίαν
1263 1998 1400 2074 ᾔλθε
1445 2009 1545 2071 τῆς
1599 2002 1803 2065 οἰκείας
1853 2003 1935 2056 αἱ-

280 2079 505 2154 ρέσεως,
532 2079 667 2136 ὥστε
711 2081 844 2157 ὅπερ
884 2083 1082 2141 ἐκεῖνοι
1128 2087 1449 2162 κρύπτουσι,
1492 2095 1652 2145 τοῦτο
1684 2096 1931 2169 φανερῶς

277 2165 669 2243 ὁμολογῆσαι.
742 2174 887 2235 Ἕως
949 2179 1046 2229 τοῦ
1118 2180 1213 2243 νῦν
1274 2175 1491 2253 λέγεται
1552 2165 1828 2257 περιεῖναι*
1876 2179 1928 2235 ἐν

272 2254 673 2329 Καππαδοκίᾳ,
722 2261 814 2315 καὶ
862 2260 1049 2318 πολλὰ
1090 2266 1226 2320 κατά
1270 2273 1372 2336 τῆς
1412 2254 1740 2339 Ἐκκλησίας
1798 2290 1927 2345 συγ-

264 2346 521 2424 γράφειν,
572 2348 727 2420 ᾧτινι
785 2349 1122 2427 ἀντέγραψαν
1181 2354 1601 2431 Ἀπολινάριος,
1665 2354 1923 2431 Δίδυμος,

262 2432 557 2498 Βασίλειος
611 2438 979 2514 Καισαρείας,
1041 2443 1347 2520 Γρηγόριος
1416 2447 1779 2516 Ναζιανζηνὸς
1834 2447 1924 2501 καὶ

264 2524 570 2595 Νυσσηνός.

2046 2005 2104 2060 in
2136 2010 2393 2079 apertam
2442 2008 2729 2064 haereseos
2779 2026 2898 2065 suae
2944 2027 3337 2085 prorumpens
3366 2014 3388 2050 ’θ
3416 2015 3693 2090 blasphe-

2042 2093 2243 2163 miam,
2277 2099 2342 2151 ut
2372 2096 2527 2166 quod
2559 2096 2644 2151 illi
2687 2102 2918 2169 tegunt,
2968 2099 3077 2156 iste
3123 2101 3354 2173 publice
3391 2104 3698 2175 fateretur,

2039 2200 2227 2255 usque
2283 2183 2457 2240 hodie
2512 2185 2705 2241 vivere
2770 2185 2987 2242 dicitur
3040 2188 3101 2244 in
3158 2191 3525 2263 Cappadocia
3551 2195 3592 2265 ⁸,
3633 2199 3695 2252 et

2038 2270 2224 2326 multa
2254 2275 2454 2329 contra
2495 2273 2811 2329 Ecclesiam
2857 2274 3111 2332 scribere
3140 2279 3181 2333 δ.
3233 2279 3685 2352 Responderunt

2036 2358 2089 2414 ei
2118 2358 2516 2431 Apollinarius
2546 2362 2586 2430 ⁷,
2632 2361 2939 2435 Didymus,
2990 2363 3247 2421 Basilius
3292 2365 3687 2442 Caesariensis,

2033 2447 2350 2520 Gregorius
2381 2448 2806 2522 Nazianzenus,
2840 2456 2898 2507 et
2925 2452 3241 2525 Gregorius
3262 2455 3582 2528 Nyssenus.

1707 2620 1712 2626 ’
1776 2633 2006 2689 CAPUT
2035 2634 2216 2691 CXXI.

330 2719 484 2775 947
546 2717 1019 2793 Πρισκιλλιανὸς,
1071 2714 1306 2790 Ἀϐέλης
1363 2718 1695 2790 ἐπίσκοπος,
1764 2721 1911 2784 ὅστις

254 2814 492 2877 συσκευῆ
544 2805 787 2864 Ὑδατίου
834 2807 925 2863 καὶ
975 2807 1205 2862 Ἰθακίου
1237 2855 1253 2881 ,
1316 2809 1392 2871 εἷς
1454 2805 1699 2886 Τρίϐεριν
1767 2811 1914 2887 παρὰ

252 2896 510 2971 Μαξίμου
566 2901 665 2951 τοῦ
711 2898 971 2975 τυράννου
1025 2895 1256 2974 ἐσφάγη,
1308 2894 1534 2967 ἐξέδωκε
1577 2896 1764 2953 πολλὰ
1793 2920 1913 2954 συν-

251 2986 559 3060 τάγματα,
624 2986 711 3064 ἀφ’
767 2987 840 3040 ὧν
898 3007 1020 3041 τινα
1073 2985 1149 3047 εἷς
1226 2988 1415 3059 ἡμᾶςο
1447 2984 1908 3063 παρεληλύθασιν.

249 3071 425 3136 Οὗτος
472 3071 607 3151 ἄχρι
655 3076 895 3152 τήμερον
944 3076 1092 3150 παρά
1136 3095 1299 3129 τινων
1346 3076 1444 3144 τήν
1490 3078 1799 3147 Γνωστικὴν
1832 3075 1914 3131 α’ί-

252 3183 400 3238 ρεσιν
435 3210 451 3235 ,
510 3164 790 3219 τουτέστιν
847 3161 1167 3219 Βασιλείδου
1213 3164 1303 3218 καὶ
1362 3164 1682 3240 Μαρκίωνος
1718 3212 1733 3237 ,
1791 3167 1916 3242 περὶ

2098 2724 2253 2780 948
2303 2723 2707 2782 Priscillianus
2752 2726 2793 2781 ⁸.
2844 2725 3018 2783 Abilaa
3080 2727 3412 2803 episcopus,
3463 2732 3565 2804 qui
3610 2734 3693 2811 Γα-

2022 2813 2240 2869 cliones
2273 2813 2490 2869 Hidatii
2528 2821 2584 2870 et
2629 2814 2832 2871 Ithacii
2866 2816 2887 2851 ⁹
2932 2816 3196 2875 Treveris
3240 2836 3276 2875 a
3318 2819 3571 2877 Maximo
3594 2827 3684 2896 ty.

2023 2918 2210 2957 ranno
2243 2918 2428 2958 caesus
2451 2906 2559 2974 est,
2579 2902 2763 2959 edidit
2782 2902 3342 2977 multaopuscula‘”,
3363 2909 3435 2964 de
3455 2910 3642 2981 quibu
3656 2928 3686 2968 s

2023 2990 2096 3045 ad
2158 3007 2265 3046 nos
2309 2989 2510 3063 aliqua
2552 2996 2956 3063 pervenerunt.
3009 2993 3112 3049 Hic
3169 3011 3356 3067 usque
3412 2997 3587 3054 hodie
3646 3015 3683 3056 a

2024 3078 2325 3136 nonnullis
2357 3078 2665 3147 Gnosticaa,
2696 3079 2754 3135 id
2786 3084 2875 3136 est
2903 3080 3179 3139 Basilidis
3207 3088 3264 3139 et
3304 3085 3480 3140 Marci
3506 3087 3572 3155 “,
3601 3087 3680 3145 de

2026 3169 2243 3241 quibus
2284 3170 2535 3224 Irenaeus
2585 3168 2841 3241 scripsit,
2873 3169 3159 3227 haereseos
3203 3176 3533 3245 accusatur,
3569 3174 3676 3232 de-

248 3254 328 3306 ὧν
394 3252 689 3327 Εἷρηναῖος
764 3254 1091 3329 συνέγραψεν
1125 3299 1140 3326 ,
1191 3253 1267 3314 ὡς
1338 3254 1607 3330 αἱρετικὸς
1662 3275 1903 3330 κατηγο·-

2032 3256 2417 3329 Fendentibus}
2438 3256 2589 3327 aliis,
2641 3273 2757 3313 non
2790 3257 2871 3313 ita
2889 3273 3026 3313 eum
3057 3260 3336 3333 sensisse,
3370 3265 3438 3316 ut
3466 3262 3669 3335 argui-

244 3346 445 3417 ρεῖται,
496 3339 852 3398 ἐκδικούντων
902 3364 1087 3415 τινων,
1129 3340 1237 3419 οὐχ
1284 3339 1459 3404 οὕτως
1510 3343 1667 3400 αὐτὸν
1717 3365 1905 3415 νενοη-

241 3431 401 3486 κέναι
439 3431 516 3493 ὡς
546 3429 837 3489 εὐθύνεται.

249 3600 435 3674 editis
464 3603 651 3674 antea.
672 3602 888 3659 Suidas
918 3616 1130 3674 nempe
1171 3600 1514 3674 Gregorium
1558 3603 1760 3674 tradit,
1795 3621 1893 3661 an.

248 3672 326 3728 43
352 3671 655 3746 Theodosii
682 3673 967 3746 principis
1012 3671 1246 3730 abiisse.
1288 3671 1573 3746 Sequenti
1603 3671 1796 3730 autem
1828 3677 1897 3731 14

244 3742 993 3827 εστὶρίβεσῌίθιῆιιγιιιᾲιιι,
1026 3762 1146 3827 npn
1186 3742 1422 3827 est__qui
1463 3746 1898 3827 _ig_noret.hPuta

237 3814 392 3872 adeo
422 3814 660 3887 initium
689 3814 902 3872 decimi
929 3814 1105 3885 tertii,
1138 3832 1254 3887 quo
1284 3814 1380 3871 ille
1422 3814 1586 3887 obiit,
1631 3823 1689 3873 et
1719 3818 1894 3875 finem

233 3886 456 3960 decimi
484 3886 700 3959 quarti,
735 3904 851 3960 quo
882 3887 978 3960 hic
1005 3886 1263 3960 scripsit,
1307 3887 1571 3943 indicari:

311 3960 327 3993 ¹
361 3956 691 4013 Verdnens.
723 3956 781 4014 et
815 3956 1368 4030 Guelpherbitanus,
1418 3976 1451 4030 ιι
1486 3974 1589 4030 quo
1635 3961 1896 4030 expulsus

228 4034 331 4102 est.
362 4030 453 4085 Ad
488 4046 713 4102 annum
740 4030 852 4102 hoc
882 4029 1142 4085 referunt
1171 4029 1295 4099 379,
1323 4029 1480 4084 Lucii
1499 4029 1894 4102 'autem’hujus

228 4101 418 4173 libri,_
454 4101 679 4173 exiguo
728 4101 1054 4173 fragmento
1114 4105 1370 4173 excepto,
1422 4102 1481 4157 in
1534 4101 1890 4173 rActispRo’m.

228 4117 395 4170 non,
454 4117 671 4227 ωιιῖυο
728 4117 1054 4173 iragmento
1114 4117 1370 4173 excepto,
1422 4117 1481 4157 ιιι
1541 4117 1701 4156 acus
1726 4117 1890 4157 nom.

228 4171 445 4229 conci].
480 4189 552 4228 su
626 4171 877 4227 Martino
909 4176 931 4226 Ι
962 4173 1034 4227 ad
1066 4188 1253 4226 unum
1292 4189 1499 4228 omnes
1528 4171 1891 4229 intercidere.

228 4244 375 4300 Vide
398 4243 706 4299 Socratem
727 4260 804 4312 ιν,
833 4244 902 4299 37
925 4261 939 4311 ;
960 4243 1349 4315 Sozomenum
1370 4260 1449 4314 νι,
1471 4246 1525 4315 5,
1542 4248 1716 4315 atque
1729 4243 1891 4300 alibi.

299 4318 456 4371 Ante
484 4289 856 4387 annum37’8,
908 4289 1026 4387 quo
1063 4289 1453 4386 episcopalem
1493 4289 1660 4371 Tarsi
1698 4315 1892 4371 cathe-

227 4387 401 4443 dram
436 4385 803 4443 conscendit.

299 4459 322 4491 ³
352 4459 610 4530 Emiseni
651 4455 1001 4530 vocabulum
1056 4473 1171 4530 npn
1223 4456 1483 4530 agnoscit
1538 4456 1893 4530 Veronensis

225 4528 404 4603 liber,
439 4528 684 4603 sed_nec
714 4528 1039 4603 Facundus
1070 4527 1553 4603 Hermijapensis,
1586 4529 1688 4603 qui
1718 4532 1894 4603 c_apu_t

225 4598 394 4673 istud
415 4615 498 4673 ex
522 4599 871 4673 Hieronymo
892 4598 1141 4655 totidem
1153 4598 1355 4673 verbis
1375 4598 1700 4673 exscripsit.
1726 4598 1889 4673 Quod

230 4672 337 4743 ait,
357 4672 432 4743 ad
446 4673 578 4743 ejus
600 4670 999 4743 characterem
1018 4671 1371 4742 pertinuisse
1394 4671 1530 4728 Diod
1540 4670 1624 4728 o—ri
1648 4671 1888 4743 scripta,

234 4742 325 4797 sic
352 4741 638 4815 intelligo,
673 4747 739 4798 ut
758 4741 1115 4815 historicum
1136 4757 1399 4815 sensum,
1421 4759 1595 4814 quem
1626 4743 1685 4797 in
1716 4741 1893 4813 expo-

236 4812 458 4895 nendis
482 4812 804 4895 scripturis
832 4812 1150 4868 Eusebium
1181 4812 1293 4895 sibi
1325 4812 1700 4895 proposuisse
1721 4812 1893 4895 testa-

228 4888 336 4957 tur
363 4900 495 4957 cap.
526 4884 633 4957 91;
655 4885 941 4957 Diodorus
984 4900 1124 4957 cum
1174 4884 1381 4957 primis
1419 4884 1497 4941 sit
1528 4888 1889 4957 persecutus.

227 4953 451 5029 Mirum
483 4953 641 5028 quod
663 4957 847 5029 addit.
875 4953 1129 5029 Emiseni
1161 4953 1556 5029 eloquentiam
1588 4972 1725 5029 eum
1758 4956 1890 5029 imi-

226 5028 341 5099 tari
376 5025 521 5083 non'
544 5028 805 5099 potuisse
828 5045 861 5099 ς,
891 5042 1026 5083 cum
1065 5025 1218 5099 hanc
1266 5025 1608 5099 eloquentiae
1653 5026 1891 5083 laudem

228 5098 462 5155 illicum
513 5097 722 5171 primis
772 5098 1038 5171 tribuant
1077 5097 1464 5155 Theodoritus
1500 5098 1613 5171 lib.
1664 5116 1739 5170 ιν,
1792 5099 1889 5171 ubi

227 5186 377 5243 cum
401 5169 567 5243 amni
598 5169 1014 5243 limpidissimo
1046 5175 1364 5243 comparat,
1408 5174 1465 5225 et
1498 5170 1771 5243 Photius,
1790 5169 1890 5241 qui

229 5242 287 5297 in
319 5241 579 5323 dicendo
610 5240 823 5314 purum
861 5257 928 5323 ac
973 5240 1353 5323 perspicuum
1391 5241 1691 5323 pqzedicat.
1721 5240 1891 5323 _Nupc

226 5329 367 5386 vero
400 5315 536 5383 ejus
557 5311 732 5386 opera
754 5318 962 5386 praeter
980 5311 1268 5386 quasdam
1294 5311 1542 5369 lacinias
1564 5313 1623 5368 in
1647 5311 1886 5381 catenis,

228 5385 462 5456 frustra,
488 5383 736 5455 quaeras.
756 5383 1058 5456 Exiguum
1095 5383 1487 5456 fragmentum
1532 5386 1766 5440 Hieron.
1801 5399 1889 5438 re-

230 5457 346 5513 fert
374 5472 409 5511 e
439 5453 977 5511 commentariis—in
1008 5453 1347 5528 Apostolum
1378 5456 1448 5528 in
1492 5456 1739 5528 epistola
1766 5457 1913 5525 is9,‘

230 5528 303 5583 ad
332 5528 664 5599 Minervium
692 5531 740 5582 et
770 5525 1167 5582 Alexandrum.
1201 5525 1343 5580 Vide
1376 5525 1735 5599 infra—caput
1755 5527 1885 5599 Δ120,

305 5599 328 5630 ⁸
364 5597 714 5667 Veronens.,
744 5600 1013 5669 prorupit,
1041 5602 1099 5654 et
1128 5612 1264 5653 mox
1295 5600 1556 5669 fateatur.
1607 5596 1669 5655 In
1708 5596 1886 5652 Chro-

232 5668 373 5724 nico
401 5669 473 5724 ad
508 5685 601 5724 an.
634 5669 707 5723 10
752 5668 1137 5728 Valentiniani
1189 5671 1248 5724 et
1293 5668 1590 5727 Valentis:
1632 5692 1659 5719 ‹‹
1696 5669 1887 5724 Ευιιο-

235 5739 402 5798 mins
427 5738 760 5814 discipulus
786 5739 930 5798 Aetii
975 5738 1483 5817 Constantinopoli
1530 5739 1885 5817 agnoscitur,

2016 3349 2131 3402 tur.

2113 3620 2193 3679 uo,
2217 3601 2871 3679 hieresisEunomiana.
2905 3625 2934 3654 »
2966 3603 3096 3660 Vid.
3132 3603 3192 3660 in
3218 3608 3332 3660 Isa.
3364 3621 3492 3678 cap.
3526 3623 3652 3679 va,

2180 3674 2274 3754 ist,
2310 3674 2380 3728 ad
2415 3674 2528 3754 Tit,
2563 3689 2689 3754 cap.
2733 3691 2772 3729 11
2804 3679 2862 3729 et
2890 3691 2975 3754 ιιι.

2173 3749 2442 3826 estquam
2511 3745 2773 3826 tertium.
2798 3745 3142 3826 exsulasset,
3175 3745 3326 3826 haue
3360 3746 3591 3826 veniam
3622 3766 3657 3805 a

2006 3815 2332 3873 Theodosio
2366 3816 2575 3889 Magno
2598 3815 3028 3889 impetraverat,
3083 3820 3145 3870 ut
3195 3817 3266 3872 ad
3299 3818 3518 3889 patrios
3548 3825 3658 3876 Da-

2005 3905 2150 3972 corzs
2182 3903 2352 3960 agros
2378 3887 2474 3972 "in
2502 3887 2873 3972 Eappadocia
2918 3887 3337 3972 regrederetur,
3371 3892 3655 3972 quemad-

2007 3957 2247 4034 modum
2278 3958 2482 4014 scribit
2502 3957 2951 4034 Philostorgius,
2971 3957 3038 4015 ex
3060 3975 3243 4034 eoque
3265 3957 3650 4034 Nicephorus.

2003 4032 2149 4085 Ante
2175 4046 2394 4085 annum
2426 4033 2622 4084 tamen
2654 4029 2760 4084 396
2788 4029 3005 4085 dicitur
3033 4029 3269 4087 obiisse.

2074 4103 2095 4135 δ
2120 4101 2256 4157 Cod.
2297 4099 2741 4225 Guelpherbg‘tg
2789 4101 3027 4157 scribere
3074 4117 3244 4157 ausus
3284 4111 3382 4172 est,
3418 4102 3499 4156 Ex
3526 4105 3656 4174 ejus

2074 4172 2239 4225 rintis
2289 4164 2489 4225 ἔκθεσιν
2543 4170 2648 4224 ἀπο
2692 4172 2949 4225 ογητικὸν
3004 4188 3120 4225 non
3177 4172 3261 4225 ita
3320 4172 3545 4225 nridem
3576 4190 3651 4225 αι.

2004 4172 2239 4245 scriptis
2289 4169 2489 4245 ἔκθεσιν
2543 4169 2949 4245 ᾁπολογητικὸν
3004 4188 3120 4228 non
3177 4172 3261 4227 ita
3318 4169 3651 4243 pridemVCI.

2005 4242 2303 4300 Fabricius
2332 4242 2605 4315 vulgavit.

2074 4316 2093 4350 ⁷
2124 4314 2354 4385 Didymi
2373 4312 2821 4386 etAppollinarii
2839 4312 3407 4386 contraEunomium
3430 4313 3653 4386 scripta

2004 4403 2118 4442 non
2150 4383 2391 4442 exstant.
2424 4383 2545 4442 Cod
2571 4384 2974 4442 Cisterciensis
2994 4383 3256 4456 Gregorii
3287 4400 3499 4456 nomen
3533 4383 3648 4442 non

2003 4455 3647 4561 metuj'a'assuefamsmarmaarma;

2127 4530 2288 4583 llunc
2361 4527 2793 4584 Priscillianum
2849 4526 3322 4584 Abulensem'in
3371 4526 3652 4585 Hispania

2002 4597 2270 4680 ulteriori
2306 4599 2669 4680 ‘episcopum
2726 4599 2899 4680 etiam
2948 4598 3007 4652 in
3057 4598 3311 4680 prologo
3342 4597 3648 4680 adlibros

2006 3621 2041 3659 a

2005 3679 2063 3731 et

2077 3747 2098 3780 5

1920 4655 1968 4719 D
1999 4675 2201 4725 contra
2232 4655 2573 4752 gel‘agianos
2603 4674 2889 4752 memorat
2926 4685 2993 4725 ac
3041 4655 3338 4752 suggi‘ltlst:
3387 4668 3534 4725 Vide
3563 4685 3649 4725 se-

1999 4757 2201 4798 verum
2235 4739 2552 4812 Sulpitium
2581 4742 2691 4796 sub
2731 4741 2906 4796 tinem
2937 4739 3182 4797 secundi
3207 4739 3359 4812 libri.

2071 4813 2092 4847 9
2124 4808 2381 4884 Erasmf,
2419 4813 2675 4884 Hythaciz'
2700 4815 2751 4867 et
2778 4812 3014 4868 Hithatz'i
3055 4829 3069 4880 ;
3110 4812 3213 4868 sed
3245 4815 3302 4866 et
3344 4808 3571 4880 Hydiatz'
3596 4819 3649 4866 et

2000 4882 2164 4939 Idatii
2193 4882 2504 4939 invenitur.

2073 4955 2115 4990 ¹⁰
2146 4955 2230 5010 Ad
2265 4971 2371 5010 nos
2402 4969 2588 5026 usque
2618 4951 2778 5026 nulla
2817 4955 3228 5026 pervenerunt.

2072 5027 2110 5060 “
2149 5026 2442 5082 Hactenus
2490 5020 2628 5080 editi
2680 5020 2836 5079 falso'
2867 5022 3128 5094 legerant
3172 5020 3463 5094 Marcionis
3511 5038 3648 5080 cum

2000 5096 2194 5153 Graeco
2252 5099 2581 5168 interprete.
2640 5095 2747 5149 Sed
2821 5093 2990 5168 Mazfci
3058 5093 3522 5168 rescribendum,
3587 5099 3651 5168 ut

2001 5169 2384 5224 emendamus
2407 5164 2748 5224 nostrorum
2780 5164 3045 5221 omnium
3094 5165 3361 5221 codicum
3392 5167 3648 5221 auctori-

1999 5243 2134 5311 tate,
2170 5240 2377 5311 probat
2418 5240 2595 5295 etiam
2637 5236 2843 5311 Εεηωὶ
2883 5236 3047 5311 locus
3090 5235 3206 5311 lib._
3244 5254 3283 5311 ι,
3326 5252 3454 5309 cap.
3487 5238 3542 5307 8,
3575 5239 3649 5311 de

1997 5307 2348 5380 Heresibus,
2381 5312 2452 5365 ab
2482 5311 2607 5381 ipso
2636 5308 2993 5381 Hieronymo
3014 5307 3161 5381 locis
3193 5307 3346 5381 intra
3373 5307 3649 5381 notandis

1998 5381 2272 5454 laudatus
2303 5378 2477 5454 atque
2499 5378 2962 5454 exscriptus'ltu
2980 5378 3197 5454 habere
3208 5379 3392 5454 etiam
3415 5379 3647 5454 codices

1998 5452 2188 5523 regios
2217 5449 2465 5509 testatur
2494 5449 2733 5535 doctiss.
2782 5449 3121 5533 Cotslerius.
3174 5451 3321 5506 Vide
3348 5451 3524 5522 epist.
3554 5449 3647 5514 65,

1998 5525 2067 5577 ad
2114 5524 2500 5579 Theodoram.
2562 5526 2620 5578 et
2672 5540 2732 5577 ιη
2788 5523 2948 5578 Isaia:
3005 5539 3131 5579 can.
3194 5538 3341 5577 wa.
3402 5526 3654 5578 Severus

1998 5538 2067 5577 ad
2114 5538 2500 5588 'l‘neoaoram,
2562 5538 2620 5578 ΘῙ.
2672 5540 2732 5577 1n
2789 5538 2948 5578 188183
3005 5539 3131 5588 cap.
3194 5538 3341 5577 LXIV.
3402 5538 3514 5578 δον

1998 5540 2067 5577 aa
2114 5540 2500 5588 'i'neoaoram,
2562 5540 2620 5578 et
2672 5540 2732 5577 ιη
2789 5540 2948 5578 issue
3005 5540 3131 5594 cap.
3194 5540 3341 5577 wa.
3402 5540 3654 5596 sever-ua

1996 5592 2283 5665 Sulpitius
2326 5595 2427 5651 lib.
2486 5610 2666 5666 supra
2718 5593 2996 5666 laudato,
3045 5618 3066 5643 ι
3119 5593 3375 5666 Ριὶιιιυε,
3428 5586 3663 5666 inqu“?

1996 5660 2131 5721 eum
2163 5666 2319 5724 intra
2363 5660 2675 5741 Hispanias
2714 5664 2937 5726 Marius
2985 5664 3184 5723 intulit
3229 5660 3496 5731 Egyth
3533 5660 3678 5731 pro-

1994 5735 2204 5798 fectus.
2236 5759 2266 5792 »
2300 5741 2409 5798 etc.

2018 5750 2204 5814 actus,
2236 5759 2266 5792 »
2300 5750 2409 5800 etc.
