4088 6166
1367 411 1600 474 LIBER
1641 410 1745 473 DE
1784 409 1995 475 VIRIS
2028 405 2583 474 ILLUSTRIBUS.

270 566 3675 599 Μ

1530 749 2439 852 έιριιΒῑνωκ.

1942 1002 2013 1093 Ι.

902 1253 1108 1380 DE
1227 1251 1664 1385 VlTlS
1778 1244 3059 1393 APOSTOLORUM.

278 1523 483 1594 Quam
568 1521 842 1582 versioni
897 1523 1126 1583 Graecae
1210 1519 1380 1579 Libri
1438 1518 1509 1579 de
1562 1519 1705 1579 viris
1770 1516 2115 1578 Illustrz'bus
2195 1516 2309 1577 sub
2384 1517 2710 1577 SOPHRONII
2795 1514 3051 1575 nomine
3125 1515 3189 1575 in
3277 1534 3391 1575 ms.
3466 1514 3684 1576 codice

682 1637 794 1680 suo
823 1618 1129 1679 intextam
1154 1616 1316 1697 (cap.
1355 1620 1411 1690 1,
1444 1622 1587 1695 post
1615 1618 1754 1695 c‘ap.
1791 1618 1847 1688 1,
1880 1622 1937 1677 et

2064 1621 2201 1676 tera
2230 1618 2371 1693 post
2398 1632 2538 1692 cap.
2571 1612 2630 1692 4)
2670 1615 2959 1674 ERASMUS
2997 1612 3252 1692 reperit.
3650 1636 3655 1641 ·

354 2012 500 2072 957
550 2019 624 2069 A'.
670 2008 926 2087 Ἀνδρέας
969 2011 997 2064 6
1055 2006 1286 2087 ἀδελφὸς
1347 2008 1528 2078 αὐτοῦ,
1589 2009 1665 2072 ὡς
1723 2010 1774 2063 οἱ
1825 2009 1930 2086 πρὸ

2115 2008 2288 2065 958.
2346 2010 2386 2064 Ι.
2444 2009 2705 2064 Andreas
2765 2006 2941 2064 frater
2997 2007 3178 2079 hujus
3237 2007 3274 2079 ί,
3318 2010 3382 2063 ut
3438 2002 3692 2079 majores

280 2106 450 2175 ἡμῶν
499 2098 961 2175 παραδεδώκασιν,
1025 2098 1255 2160 Σκύθαις
1310 2099 1400 2152 καὶ
1461 2096 1781 2172 Σογδιανοῖς
1846 2098 1935 2151 καὶ

288 2192 530 2252 Σάκκαις
585 2190 807 2261 ἐκήρυξε
869 2190 932 2244 τὸ
990 2186 1325 2263 Εὐαγγέλιον
1383 2192 1479 2241 τοῦ
1538 2188 1734 2262 Κυρίου
1774 2190 1934 2260 ἡμῶν

281 2281 474 2350 Ἰησοῦ
524 2284 800 2352 Χριστοῦ,
859 2278 949 2332 καὶ
1018 2277 1068 2331 ἐν
1122 2271 1522 2331 Σεϐαποπὸλει
1582 2276 1803 2351 ἐκήρυξε

282 2367 549 2444 μεγάλῃ,
609 2367 744 2422 ὅπου
804 2367 943 2422 ἐστὶν
1003 2369 1038 2434 ἡ
1106 2361 1434 2440 παρεμϐολὴ
1504 2366 1743 2441 Ἀψάρου
1779 2410 1793 2433 ,
1846 2365 1936 2419 καὶ

280 2465 461 2521 Φᾶσις
511 2460 539 2512 6
577 2457 844 2529 ποταμὸς,
879 2451 1003 2510 ἔνθα
1052 2455 1288 2509 οἰκοῦσιν
1341 2455 1596 2516 Αἰθίοπες
1637 2456 1689 2508 οἱ
1749 2453 1939 2507 ἐσώτε-

282 2569 377 2625 pot
405 2551 447 2604 ².
496 2548 764 2602 ϐάπτεται
822 2543 880 2600 δὲ
933 2544 982 2598 ἐν
1046 2545 1281 2619 Πάτραις
1338 2551 1438 2612 τῆς
1488 2541 1739 2619 Ἀχαίας,
1783 2564 1938 2596 σταυ-

279 2642 369 2712 ρῷ
424 2632 750 2712 παραδοθεὶς
809 2635 909 2688 ὑπὸ
967 2633 1137 2707 Αἰγέα
1191 2637 1287 2686 τοῦ
1356 2630 1627 2707 βασιλέως
1684 2628 1937 2701 Ἐδέσση-

279 2729 417 2781 νῶν.

357 2820 429 2871 B'.
464 2807 722 2875 Ἰάκωϐος
761 2812 789 2865 6
817 2815 915 2865 τοῦ
966 2806 1273 2880 Ζεϐεδαίου,
1322 2815 1441 2872 ταῖς
1491 2807 1703 2864 δώδεκα
1741 2807 1939 2887 φυλαῖς

277 2909 406 2965 ταῖς
438 2901 492 2958 ἐν
545 2905 613 2975 τῇ
672 2898 960 2972 διασπορᾷ,
993 2906 1151 2954 πᾶσιν
1207 2898 1430 2972 ἐκήρυξε
1490 2899 1550 2952 τὸ
1603 2895 1937 2973 Εὖαγγέλιον

281 2997 385 3049 τοῦ
461 2991 676 3067 Κυρίου
720 2992 881 3062 ἡμῶν
948 2989 1126 3059 Ἰησοῦ
1195 2992 1426 3062 Χριστοῦ
1468 3032 1480 3044 .
1554 2988 1812 3061 ’Λνῃρέθη
1846 3057 1851 3063 γ
1883 2984 1941 3040 δὲ

290 3080 543 3156 μαχαίρᾳ
574 3079 676 3133 ὑπὸ
716 3075 960 3150 Ἡρώδου
990 3078 1291 3153 τετράρχου
1321 3081 1428 3131 τῶν
1462 3074 1756 3132 Ἰουδαίων.

362 3175 433 3226 Γ¹.
477 3166 760 3228 Φίλιππος
791 3167 818 3219 ὁ
868 3165 1172 3228 ἀπόστολος
1214 3166 1265 3220 ἐν
1318 3166 1531 3241 Φρυγίᾳ
1578 3164 1836 3239 κηρύσσει
1880 3165 1941 3218 τὸ

288 3254 629 3332 Εὖαγγέλιον
708 3260 805 3309 τοῦ
862 3254 1060 3327 Κυρίου
1114 3260 1293 3324 Ἰησοῦ
1336 3299 1348 3310 .
1411 3256 1675 3309 ϐάπτεται
1736 3254 1785 3308 ἐν
1846 3259 1940 3307 Ἱε-

292 3344 521 3402 οαπόλει
555 3347 691 3418 μετά
717 3349 825 3398 τῶν
856 3345 1161 3419 θυγατέρων
1207 3341 1453 3414 ἐνδόξως.

363 3442 431 3491 Δ’.
473 3430 903 3508 Βαρθωλομαῖος
962 3434 990 3487 6
1049 3431 1376 3503 ἀπόστολος,
1418 3430 1609 3493 Ἰνδοῖς
1674 3438 1792 3493 τοῖς
1850 3452 1942 3486 κα-

293 3522 584 3596 λουμένοις
652 3519 985 3595 Εὐδαίμοσιν
1045 3521 1270 3597 ἐκήρῦξε
1318 3522 1380 3575 τὸ
1455 3519 1791 3595 Εὐαγγέλιον
1848 3525 1942 3574 τοῦ

297 3616 555 3687 Χριστοῦ,
606 3613 695 3665 καὶ
749 3611 812 3665 τὸ
868 3612 1004 3665 κατᾶ
1043 3612 1313 3665 Ματθαῖον
1373 3609 1557 3671 αὐτοῖς
1608 3606 1940 3684 Εὖαγγέλιον

305 3694 523 3754 ἔδωκεν.
580 3702 871 3772 Ἐκοιμήθη
937 3697 995 3755 δὲ
1054 3698 1104 3754 ἐν
1156 3694 1558 3754 ’Δλϐανοπὸλει
1613 3706 1714 3767 τῆς
1779 3700 1943 3773 μεγά-

306 3784 413 3857 λης
451 3788 751 3862 ’Δρμενίας.

370 3883 443 3933 E’.
476 3883 674 3949 Θωμᾶς
714 3878 742 3931 6
800 3875 1126 3939 ἀπόστολος,
1178 3878 1356 3939 καθὼς
1409 3879 1443 3945 ἡ
1496 3875 1792 3952 παράδοσις
1852 3897 1943 3929 πε-

296 3966 509 4042 ριέχει,
568 3966 802 4038 Πάρθοις
844 3967 934 4019 καὶ
983 3962 1193 4036 Μήδοις
1240 3966 1331 4020 καὶ
1388 3966 1615 4041 Πέρσαις
1652 3966 1740 4018 καὶ
1808 3971 1943 4041 Καρ-

299 4060 492 4127 μανοῖς
558 4055 648 4108 καὶ
726 4059 996 4130 Ὑρκανοῖς
1077 4055 1166 4108 καὶ
1256 4056 1511 4129 Βάκτροις
1577 4054 1666 4108 καὶ
1737 4055 1943 4128 Μάγοις

285 4143 512 4217 ἐκήρυξε
568 4143 631 4197 τὸ
698 4142 1028 4218 Εὐαγγέγιον
1086 4148 1182 4198 τοῦ
1251 4144 1466 4217 Κυρίου.
1524 4145 1825 4215 Ἐκοιμήθη
1890 4142 1939 4196 ἐν

284 4231 448 4288 πόλει
480 4230 767 4306 Καλαμίνῃ
790 4238 907 4294 τοῖς
938 4229 1190 4301 Ἰνδικῆς.

356 4324 464 4397 75’.
526 4321 714 4394 Σίμων
788 4327 1088 4383 Χαναναῖος
1138 4366 1151 4391 ,
1220 4322 1247 4374 ὁ
1314 4319 1628 4391 ἐπικληθεὶς
1684 4317 1889 4381 Ἰούδας
1927 4362 1940 4389 ,

283 4409 520 4491 ἀδελφὸς
588 4405 851 4465 Ἰακώϐου
909 4415 1007 4464 τοῦ
1070 4409 1365 4465 ἐπισκόπου
1400 4453 1413 4479 ,
1479 4409 1625 4472 ὅστις
1692 4411 1783 4464 καὶ
1849 4409 1939 4463 τὸν

283 4499 494 4577 κλῆρον
548 4506 649 4569 τῆς
701 4499 999 4569 ἐπισκοπῆς
1058 4496 1272 4569 ἐδέξατο
1334 4502 1468 4572 μετὰ
1522 4501 1622 4567 τήν
1679 4494 1939 4553 Ἰακώϐου

277 4593 380 4645 τοῦ
438 4589 658 4645 Δικαίου
708 4590 987 4663 κοίμησιν.
1049 4590 1275 4658 ’Έζησεν
1329 4589 1513 4643 ἑκατὸν
1563 4586 1759 4642 εἷ’κοσιν
1822 4582 1934 4655 ἔτη.

282 4682 516 4753 Σταῦρῷ
574 4676 631 4733 δὲ
687 4676 1011 4752 παραδοθεὶς
1063 4676 1148 4731 ἐπὶ
1195 4682 1459 4754 Τραϊανοῦ
1516 4681 1612 4731 τοῦ
1644 4677 1936 4750 βασιλέως,

279 4764 538 4842 διωγμοῦ
572 4766 815 4843 μεγάλου
844 4767 1179 4836 κινηθέντος,
1215 4766 1505 4840 ἐκοιμήθη.

357 4861 420 4914 Ζ’.
473 4856 735 4927 Ματθίας,
796 4856 873 4918 εἷς
930 4854 1003 4910 ὣν
1057 4860 1165 4911 τῶν
1198 4851 1625 4929 Ἐϐδομήκοντα,
1676 4863 1939 4928 συγκατα-

276 4946 570 5020 ριθμηθεὶς
611 4943 670 5000 δὲ
747 4946 883 5019 μετά
952 4950 1060 5000 τῶν
1141 4942 1330 5000 ἕνδεκα
1395 4941 1710 4999 ἀποστὸλων
1750 4988 1763 5012 ,
1820 4943 1934 4996 ἀντὶ

274 5031 461 5090 Ἰουδα
508 5039 608 5089 τοῦ
658 5033 1006 5110 Ἰσκαριώτου
1044 5039 1141 5089 του
1197 5034 1465 5108 προδότου
1524 5032 1839 5107 γενομένου,
1882 5031 1934 5085 ἐν

270 5126 349 5198 τῇ
378 5126 401 5160 ³
438 5121 663 5196 δευτέρᾳ
691 5123 969 5195 Αίθιοπίᾳ,
1020 5123 1155 5179 ὅπου
1204 5127 1239 5193 ἠ
1288 5118 1615 5199 παρεμϐολὴ
1669 5122 1933 5194 Ἀψάρου,

274 5212 372 5268 καὶ
418 5215 618 5268 Ὕσσου
664 5211 870 5287 λιμὴν,
916 5212 1140 5288 ἐκήρυξε
1193 5214 1255 5268 τὸ
1303 5210 1662 5287 Εὐαγγέλιον,
1716 5210 1929 5285 ἀγρίοις

276 5301 590 5378 ἀνθρώποις
637 5300 776 5374 οὖσι,
830 5304 985 5362 969
1015 5303 1115 5357 Καὶ
1156 5302 1448 5375 ἐκοιμήθη,
1499 5301 1588 5355 καὶ
1620 5300 1731 5354 ἐκεῖ
1759 5298 1925 5377 ἐτάφη

274 5385 389 5455 ἕως
423 5396 530 5462 τῆς
560 5392 825 5466 σήμερον.

351 5578 370 5611 ⁸
403 5578 637 5636 Scilicet
687 5578 926 5636 Simonis
977 5579 1153 5647 Petri,
1186 5594 1322 5634 nam
1384 5578 1647 5648 proxime
1676 5595 1710 5633 a
1742 5576 1928 5648 capite

276 5648 472 5722 primo
502 5650 633 5722 haec
662 5651 892 5707 Pseudo
920 5650 1291 5722 Sophronius
1315 5648 1632 5706 subtexuit.

356 5720 379 5756 ²
404 5721 602 5779 Mallet
648 5722 973 5780 Bochertus
996 5719 1214 5794 ’ἕτεροι
1266 5721 1480 5778 Contra
1521 5722 1595 5778 el.
1629 5719 1928 5777 Fabricius

2047 2100 2231 2154 nostri
2290 2098 2693 2171 prodiderunt.
2725 2097 2956 2170 Scythis
2986 2102 3043 2154 et
3070 2097 3378 2169 Sogdianis
3409 2102 3466 2154 et
3497 2097 3692 2155 Saecis

2048 2188 2383 2260 prmdieavit
2404 2187 2781 2260 Evangelium
2804 2188 3035 2242 Domini
3068 2188 3253 2243 nostri
3285 2188 3425 2244 Jesu
3450 2187 3689 2259 Christi,

2047 2281 2104 2333 et
2151 2278 2210 2332 in
2261 2276 2621 2347 SebastOpoli
2670 2276 3023 2348 praedicavit,
3058 2294 3184 2348 qua:
3243 2277 3696 2349 cognominatur

2049 2383 2281 2439 magna,
2317 2366 2417 2421 ubi
2450 2371 2538 2421 est
2569 2365 2815 2437 irruptio
2837 2366 3065 2437 Apsari,
3099 2370 3157 2421 et
3194 2365 3400 2421 Phasis
3431 2366 3644 2422 fluvius
3678 2385 3690 2422 :

2046 2454 2165 2510 illic
2224 2454 2487 2511 incolunt
2535 2454 2834 2526 ZEthiopes
2892 2453 3195 2510 interiores
3226 2457 3264 2510 ³.
3301 2454 3576 2526 Sepultus
3607 2459 3696 2511 est

2048 2549 2245 2600 autem
2295 2543 2482 2599 Patris
2530 2543 2759 2599 civitate
2805 2542 3057 2615 Achaiae,
3107 2543 3264 2599 cruci
3313 2544 3564 2601 suffixus
3621 2544 3693 2611 ab

2049 2638 2225 2705 ngea
2255 2633 2525 2706 praefecto
2557 2633 3008 2688 Edessenorum.

2120 2813 2192 2867 ΙΙ.
2230 2811 2486 2867 Jacobus
2518 2809 2771 2865 Zebedaei
2796 2808 2972 2881 ﬁlius,
3007 2810 3316 2866 duodecim
3347 2810 3537 2867 tribus
3568 2828 3695 2884 qua:

2050 2906 2213 2957 erant
2242 2901 2301 2955 in
2332 2899 2715 2971 dispersione,
2750 2900 3026 2955 omnibus
3072 2900 3407 2971 praedicavit
3435 2901 3696 2972 Evange-

2048 2990 2196 3046 lium
2231 2989 2459 3045 Domini
2519 2989 2704 3044 nostri
2768 2989 2911 3045 Jesu
2941 2988 3176 3044 Christi.
3210 2989 3554 3045 Interfectus
3609 2992 3699 3045 est

2050 3084 2247 3135 autem
2277 3077 2471 3150 gladio
2494 3080 2565 3134 ab
2600 3078 2818 3133 llerode
2847 3078 3145 3133 tetrarcha
3171 3078 3535 3133 Judaeorum.

2124 3168 2217 3223 III.
2283 3167 2582 3239 Philippus
2638 3166 2938 3238 apostolus
2981 3168 3038 3221 in
3100 3166 3346 3239 Phrygia
3420 3166 3698 3239 praedicat

2050 3256 2429 3329 Evangelium
2460 3255 2693 3311 Domini
2721 3255 2753 3312 J
2760 3273 2882 3312 esu.
2907 3255 3198 3327 Sepelitur
3226 3255 3537 3327 Hierapoli,
3563 3272 3694 3312 cum

1974 3380 2022 3443 B
2054 3345 2307 3416 ﬁliabus,
2338 3345 2676 3400 honorifice.

2129 3437 2221 3489 IV.
2246 3434 2706 3489 Bartholomzeus
2728 3432 3048 3504 apostolus,
3073 3432 3232 3488 Indis
3264 3432 3335 3487 iis
3366 3432 3467 3504 qui
3498 3432 3700 3489 dicun-
3733 3439 3737 3443 ’

2052 3527 2149 3578 tur
2204 3523 2506 3578 Fortunati
2562 3520 2895 3592 praedicavit
2939 3520 3318 3593 Evangelium
3378 3521 3611 3592 Christi,
3644 3526 3702 3577 et

2052 3611 2426 3684 Evangelium
2457 3611 2611 3682 quod
2645 3614 2734 3665 est
2760 3611 3084 3665 secundum
3110 3610 3447 3664 Matthzeum
3470 3609 3553 3664 eis
3584 3614 3701 3665 tra-

2054 3700 2222 3756 didit.
2255 3700 2538 3755 Dormivit
2579 3704 2776 3755 autem
2810 3697 3154 3770 Albanopoli
3204 3699 3417 3771 Oppido
3459 3699 3702 3770 majoris

2052 3788 2339 3845 Armeniae
2354 3829 2367 3841 .

2124 3877 2190 3931 V.
2215 3878 2471 3933 Thomas
2500 3877 2820 3948 apostolus,
2855 3877 3353 3948 quemadmodum
3412 3876 3696 3933 traditum

2053 3971 2142 4022 est
2190 3967 2377 4036 nobis,
2411 3967 2641 4022 Parthis
2696 3971 2752 4021 et
2781 3965 2960 4021 Medis
3003 3970 3060 4022 et
3089 3966 3281 4021 Persis
3312 3970 3368 4021 et
3396 3967 3702 4024 Carmanis

2054 4059 2110 4112 et
2137 4056 2418 4128 Hyrcanis
2449 4060 2503 4110 et
2552 4055 2773 4109 Bactris
2801 4060 2856 4109 et
2887 4053 3072 4126 Magis
3120 4053 3455 4126 praedicavit
3510 4056 3701 4111 Evan-

2052 4144 2272 4217 gelium
2305 4144 2556 4200 Domini.
2580 4143 2864 4199 Dormivit
2891 4142 2951 4197 in
2983 4142 3212 4198 civitate
3234 4142 3553 4215 Calamina,
3573 4161 3700 4215 quae
3752 4156 3757 4163 ‘

2053 4238 2142 4289 est
2172 4232 2368 4289 Indiae.

2123 4323 2216 4379 VI.
2260 4323 2460 4378 Simon
2493 4323 2870 4391 Chananmus,
2905 4324 3288 4393 cognomento
3317 4320 3522 4391 Judas,
3583 4320 3697 4375 fra-

2051 4416 2139 4467 ter
2165 4412 2367 4468 Jacobi
2427 4410 2703 4483 episcopi,
2739 4409 2838 4481 qui
2868 4414 2925 4465 et
2954 4408 3237 4464 successit
3260 4408 3346 4463 illi
3377 4408 3434 4463 in
3468 4406 3697 4480 episco-

2051 4506 2275 4573 patum,
2301 4505 2432 4573 post
2460 4500 2686 4556 obitum
2717 4498 2917 4555 Jacobi
2949 4500 3334 4570 cognomento
3365 4497 3696 4568 Justi,vixit

2050 4606 2235 4645 annos
2264 4590 2468 4661 viginti
2501 4605 2681 4661 supra
2709 4592 2963 4643 centum.
2996 4584 3317 4641 Cruciﬁxus
3360 4590 3557 4641 autem
3585 4587 3696 4642 sub

2048 4678 2297 4748 Trajano
2329 4678 2699 4750 imperatore,
2732 4680 2891 4732 mota
2918 4673 3321 4748 persecutione
3349 4674 3529 4748 gravi,
3562 4676 3694 4731 dor-

1970 4742 2012 4808 C
2052 4742 2238 4820 mivit.

2119 4854 2239 4909 VII.
2275 4854 2719 4924 Matthias,cum
2754 4871 2909 4910 unus
2938 4858 3093 4921 esset
3120 4869 3150 4908 e
3180 4868 3426 4909 numero
3454 4852 3694 4923 septua-

2047 4943 2228 5015 ginta,
2263 4941 2507 4998 allectus
2538 4947 2625 4998 est
2680 4943 2740 4996 in
2773 4942 3036 4997 ordinem
3088 4941 3361 4996 undecim
3397 4940 3691 5013 apostolo-

2046 5049 2199 5098 rum,
2236 5032 2294 5086 in
2326 5031 2519 5086 locum
2549 5030 2712 5085 Judaa
2771 5031 3079 5099 Iscariotaa,
3104 5030 3204 5101 qui
3265 5029 3375 5084 fuit
3405 5028 3690 5100 proditor.

2046 5122 2109 5175 In
2139 5121 2322 5176 altera
2376 5120 2667 5191 fEthiopia
2694 5119 2735 5188 ³,
2772 5120 2870 5174 ubi
2923 5123 3014 5173 est
3070 5117 3316 5189 irruptio
3372 5117 3599 5190 Apsari,
3635 5123 3693 5175 et

2043 5210 2213 5282 Hyssi
2272 5215 2496 5282 portus,
2528 5207 2862 5280 pradieavit
2913 5206 3315 5278 Evangelium,
3347 5207 3503 5263 960
3554 5223 3688 5263 cum

2041 5304 2239 5357 essent
2266 5299 2537 5354 homines
2563 5301 2844 5369 agrestes.
2880 5297 2946 5351 Et
2972 5294 3095 5351 illic
3129 5293 3425 5367 dormivit,
3459 5300 3518 5352 et
3565 5294 3688 5352 illic

2042 5387 2307 5461 sepultus
2336 5391 2447 5455 est,
2481 5402 2666 5457 usque
2689 5386 2760 5441 ad
2792 5384 3141 5441 hodiernum
3173 5384 3352 5440 diem.

2039 5576 2389 5647 impressam
2421 5572 2731 5647 lectionem
2763 5571 3018 5647 ἐσώτεροι
3051 5572 3267 5647 rectius
3298 5576 3523 5627 tuetur.
3552 5643 3567 5647 _
3594 5586 3597 5589 '

2108 5641 2362 5701 3'lluetio
2422 5641 3003 5717 probaretuamagis
3060 5641 3297 5717 ἐσωτέρα
3358 5643 3572 5713 :quod
3631 5657 3661 5695 e

2036 5735 2214 5791 supra
2245 5735 2296 5773 ο.
2330 5719 2381 5788 1,
2415 5714 2669 5777 Ᾱίθίοπες
2701 5715 2753 5769 οἱ
2785 5714 3040 5791 ἐσώτεροι
3076 5714 3462 5789 appellentur.
