4088 6166
241 376 374 466 ’168
1347 371 1582 437 LIBER
1621 369 1725 436 DE
1768 369 1982 436 VIRIS
2023 368 2569 436 ILLUSTRIBUS.
3536 370 3660 453 766

240 513 318 570 Et
342 525 553 586 pauca,
589 506 790 583 inquit,
823 507 896 564 de
925 503 1308 579 scriptoribus
1341 505 1819 561 manifestissime
1845 504 2056 560 dicam.
2099 506 2287 559 Verius
2318 504 2468 559 illud
2498 505 2632 559 vitio
2663 499 2977 560 vertendum
3030 502 3252 578 fuisset,
3312 507 3457 579 quod
3503 509 3657 565 Hila-

242 605 396 660 rium
424 604 736 658 Romanum
762 596 1091 669 Pontificem
1117 613 1234 667 cap.
1266 595 1496 650 secundo
1553 598 1834 660 memoret,
1893 595 1990 664 qui
2017 593 2072 648 S.
2133 595 2301 648 Leoni
2327 595 2603 660 successit,
2661 600 2714 648 et
2736 593 2834 648 diu
2886 601 3011 666 post
3062 603 3297 651 mortem
3338 599 3658 670 Hieronymi

243 691 536 748 inclaruit.
569 688 674 744 Sed
702 687 977 742 hominem
1007 700 1175 756 usque
1206 685 1336 739 adeo
1367 683 1601 737 bardum
1628 699 1690 736 ac
1719 681 2017 753 stupidum,
2080 683 2174 752 qui
2202 681 2316 736 hac
2372 683 2672 748 ignoraret,
2704 684 2850 738 hunc
2890 685 3058 754 fuisse
3087 701 3197 739 non
3250 693 3381 756 puto
3401 703 3422 749 ;
3450 689 3658 758 factum

243 795 376 835 vero
408 777 771 832 librariorum
797 774 983 844 culpa,
1016 778 1075 828 ut
1103 774 1341 844 episcopi
1369 777 1565 826 nomen
1593 771 1860 840 irreperet
1886 770 2029 842 quod
2060 772 2171 842 ipse
2225 786 2337 825 non
2364 772 2601 841 scripsit.
2659 770 2812 826 Certe
2856 773 3139 828 Hilarium
3190 775 3492 831 Romanum
3535 777 3656 833 dia-

247 884 450 925 conum
480 866 853 936 Luciferianae
881 871 1038 918 secta
1065 866 1390 917 assertorem
1416 863 1588 931 ferme
1633 861 1998 930 praecipuum,
2032 859 2180 929 quod
2209 867 2259 914 et
2313 861 2674 929 Hieronymus
2703 867 2855 914 notat
2908 877 3025 932 cap.
3057 863 3146 931 95,
3179 872 3229 918 et
3285 865 3376 918 cui
3432 866 3491 918 in
3531 868 3660 938 Epi-

250 957 455 1014 stolam
475 955 542 1010 ad
572 955 836 1009 Romanos
868 951 1265 1008 Commentarii
1293 950 1634 1018 tribuuntur,
1671 949 1894 1003 laudari
1924 950 2044 1020 ipsa
2073 947 2216 1003 mihi
2241 947 2570 1020 persuadent
2613 949 2811 1018 priora
2857 949 3020 1004 verba
3057 952 3254 1021 quibus
3302 955 3522 1025 Lucifer
3549 958 3662 1028 ipse

256 1045 616 1101 Calaritanus
642 1041 952 1097 alluditur:
987 1040 1263 1107 Hilarius,
1297 1040 1494 1110 inquit,
1544 1037 1772 1092 Lucifer
1821 1037 2240 1093 Romanorum.
2292 1042 2426 1093 Htec
2467 1037 2729 1106 dixerim,
2763 1055 2832 1091 ne
2878 1055 3045 1108 supra
3073 1057 3239 1112 quam
3285 1043 3506 1098 videtur
3527 1061 3659 1115 pro-

247 1135 474 1203 mereri,
505 1133 750 1187 censuris
779 1134 972 1185 auctor
998 1128 1396 1200 pseudonymus
1425 1129 1735 1182 vexaretur.
1772 1126 2045 1182 Caeterum
2073 1127 2176 1182 hac
2225 1143 2336 1182 una
2365 1130 2480 1198 fere
2534 1126 2598 1181 de
2627 1143 2792 1181 causa
2848 1126 3003 1181 hocce
3031 1129 3151 1199 ejus
3209 1133 3533 1202 opusculum
3562 1135 3662 1190 ad-

233 1224 438 1295 jungo,
469 1229 520 1276 et
544 1220 615 1276 ad
644 1236 771 1275 mss.
804 1234 1013 1290 quoque
1041 1216 1202 1287 fidem
1230 1215 1458 1271 subinde
1484 1217 1662 1286 exigo,
1695 1231 1765 1271 ne
1808 1215 1939 1286 quid
1989 1215 2131 1288 quod
2185 1215 2256 1270 ad
2287 1217 2677 1286 Hieronymum
2728 1217 3025 1286 pertineat,
3059 1217 3225 1274 lector
3281 1224 3375 1274 aut
3404 1222 3651 1278 eruditus

250 1315 358 1367 aut
387 1308 697 1366 ineruditus
719 1307 1006 1364 desideret.

1033 1883 1194 1935 9‘"
1260 1874 2092 1970 HIERONYMUS
2175 1875 2889 1972 DESIDERIO.

341 2297 444 2354 Vis
474 2314 625 2354 nunc
655 2297 882 2366 acriter,
913 2296 993 2352 mi
1025 2297 1201 2352 frater
1222 2296 1503 2367 Desideri,
1525 2300 1590 2352 ut
1609 2297 1715 2352 tibi
1739 2295 1909 2368 quasi
1937 2302 1992 2369 Α
2023 2314 2192 2358 secus
2223 2300 2376 2354 viam
2406 2299 2428 2331 ³
2457 2297 2740 2354 cecidisse
2769 2298 3117 2370 potuissent,
3168 2305 3366 2358 tamen
3409 2305 3483 2360 ab
3512 2322 3577 2362 eo
3609 2307 3668 2362 in

254 2389 341 2444 de
369 2387 782 2457 luminaribus,
813 2403 944 2458 quae
991 2390 1110 2442 toto
1155 2387 1522 2441 firmamento
1573 2386 1779 2440 mundi
1825 2401 1914 2440 re-

252 2477 507 2550 fulgent,
541 2492 727 2548 pauca
755 2476 826 2530 de
855 2474 1259 2547 scriptoribus,
1293 2473 1393 2546 qui
1420 2475 1592 2533 nobis
1621 2474 1808 2530 multa
1845 2474 1916 2529 de

254 2565 746 2635 obscuritatibus,
779 2581 904 2636 qua;
935 2568 1170 2637 propter
1198 2565 1490 2620 carnalem
1536 2568 1791 2620 mentem
1823 2562 1912 2618 in-

253 2655 648 2728 telligentiam
679 2653 1025 2726 impediam,
1060 2655 1132 2709 ad
1161 2654 1535 2726 splendorem
1576 2653 1916 2709 considera-

255 2745 443 2802 tionis
472 2741 840 2816 spiritualem
891 2742 1145 2814 proferre
1191 2745 1523 2814 potuerunt,
1567 2741 1914 2798 manifestis-

257 2835 415 2891 sime
443 2832 656 2888 dicam.
685 2831 796 2886 Sed
827 2846 1027 2887 vereor
1055 2831 1335 2886 Susanna;
1377 2831 1625 2887 Helchiae
1658 2831 1807 2902 ﬁlias,
1842 2847 1914 2886 ne

259 2925 329 2980 in
357 2937 448 2978 me
479 2920 771 2978 sententia
800 2919 1001 2992 iniquo
1025 2919 1247 2990 judicio
1277 2921 1752 2992 presbyterorum
1804 2920 1912 2975 im-

259 3012 512 3087 pleatur,
553 3008 880 3065 -dicentis:
937 3009 1230 3081 Anguslias
1288 3009 1434 3064 mihi
1493 3010 1755 3083 undique
1806 3008 1912 3082 [Αι.

266 3101 507 3174 ubique]
538 3103 701 3155 sunt.
733 3099 804 3153 Et
832 3097 977 3153 mihi
1009 3097 1281 3153 similiter
1325 3102 1464 3154 sunt
1507 3099 1811 3171 angustiae.
1855 3098 1916 3154 Si

269 3191 426 3249 enim
456 3188 695 3246 voluero
725 3186 980 3259 aliquem
1011 3204 1080 3243 ex
1107 3187 1200 3243 his
1230 3188 1671 3260 reprehendere,
1716 3189 1914 3244 adver-

273 3280 460 3337 sarios
489 3283 666 3350 atque
697 3275 1040 3332 inimicitias
1089 3276 1234 3331 mihi
1286 3277 1545 3348 undique
1591 3277 1913 3332 concitabo.

275 3369 340 3426 Si
371 3372 563 3423 autem
597 3364 861 3436 noluero,
895 3380 1195 3436 nunquam
1245 3381 1372 3436 quae
1421 3365 1729 3438 postulasti
1770 3366 1921 3420 inve-

277 3458 426 3515 nies.
476 3455 587 3512 Sed
633 3453 809 3510 unius
857 3458 1085 3509 tantum
1134 3453 1494 3510 voluntatem
1533 3455 1920 3511 condemnare

255 3547 416 3603 002
448 3559 626 3616 quam
657 3541 980 3598 multorum
1013 3542 1254 3599 consilia
1283 3543 1532 3598 transire
1574 3544 1662 3598 vel
1712 3543 1877 3616 despi

257 3649 418 3702 cere,
451 3631 661 3687 melius
689 3647 816 3687 esse
847 3631 1097 3701 videtur,
1119 3632 1258 3703 quia
1277 3634 1688 3704 unusquisque
1711 3648 1910 3688 eorum

262 3723 334 3778 in
364 3720 678 3792 Scripturis
705 3720 921 3776 sanctis
951 3720 1263 3793 diligenter
1291 3721 1516 3776 laudari
1548 3721 1781 3792 meruit,
1811 3721 1911 3777 sed

265 3826 476 3867 omnes
504 3809 747 3865 breviter
778 3808 1135 3881 leviterque‘
1170 3826 1306 3865 cum
1337 3810 1497 3866 omni
1547 3827 1745 3866 amore
1785 3814 1911 3865 tan-

258 3915 428 3974 gam,
469 3902 531 3954 ut
552 3902 868 3970 utrumque
898 3897 1137 3970 paciﬁce
1167 3899 1466 3971 impleam.

339 3993 381 4043 l.
415 3987 785 4059 Augustinus
832 3987 1141 4060 episcopus
1187 3988 1390 4043 volans
1467 4005 1570 4060 per
1623 3987 1916 4043 montium

263 4076 574 4133 cacumina
605 4075 775 4148 quasi
833 4075 1049 4147 aquila,
1111 4081 1168 4131 et
1213 4094 1280 4132 ea
1328 4095 1454 4148 quae
1505 4077 1562 4131 in
1621 4076 1916 4132 radicibus

266 4166 559 4222 montium
591 4165 764 4233 ﬁunt,
796 4181 910 4219 non
960 4165 1356 4236 considerans,
1402 4165 1588 4221 multa
1635 4166 1914 4220 oculorum

264 4256 477 4327 spatia,
511 4258 920 4325 terrarumque
969 4253 1139 4322 situs,
1184 4259 1240 4309 et
1285 4271 1572 4327 aquarum
1607 4255 1913 4324 circulum,

263 4343 422 4399 claro
479 4358 752 4399 sermone
814 4343 1174 4414 pronuntiat.
1237 4343 1343 4406 Qui
1402 4344 1557 4399 enim
1590 4343 1649 4399 in
1689 4343 1916 4416 lignum

267 4432 642 4488 fructuosum
675 4431 987 4488 ascendere
1018 4431 1163 4502 vult,
1198 4431 1479 4504 paulatim
1513 4433 1585 4488 ad
1617 4433 1920 4504 superiora

266 4525 327 4577 et
381 4522 607 4593 majora
664 4536 899 4592 carpere
957 4536 1133 4592 poma
1172 4521 1430 4590 festinat,
1495 4538 1689 4577 ramos
1721 4525 1916 4577 autem

266 4608 566 4681 proximos
599 4607 856 4681 parvulis
886 4608 1185 4682 relinquit.
1215 4614 1332 4666 Nos
1353 4614 1549 4666 autem
1572 4610 1672 4682 qui
1693 4609 1917 4682 parvuli

269 4715 501 4769 sumus,
536 4697 874 4769 inﬁrmique
905 4701 1080 4771 atque
1111 4698 1387 4770 minores,
1411 4699 1460 4754 si
1491 4699 1770 4754 inferiora
1788 4715 1919 4754 con-

269 4786 493 4860 gregari
526 4784 906 4857 valuerimus,
941 4787 1248 4844 nobiscum
1280 4789 1428 4843 bene
1458 4793 1682 4860 agetur.

348 4876 501 4932 968
552 4875 622 4930 ΙΙ.
685 4873 941 4930 Hilarius
999 4875 1309 4948 episcopus
1367 4875 1919 4932 Romanorum’lu-

272 4965 418 5019 cifer
470 4963 824 5034 lucernaque
883 4963 1298 5036 Ecclesiarum,
1332 4969 1388 5020 et
1443 4965 1735 5037 pretiosus
1765 4964 1918 5036 lapis

2025 2389 2344 2463 Scripturis
2376 2387 2586 2444 messis
2616 2392 2813 2444 exorta
2841 2393 2930 2445 est
2959 2405 3191 2462 magna.

2098 2479 2193 2535 ΙΙΙ.
2223 2479 2502 2551 Origenes
2533 2477 2944 2549 Adamantius,
2977 2478 3185 2536 altiora
3238 2487 3414 2554 atque
3444 2486 3672 2557 majora

2027 2567 2308 2640 cogitans,
2344 2566 2765 2639 propriumque
2795 2566 3095 2639 ingenium
3150 2571 3298 2626 ferre
3347 2590 3461 2629 non
3503 2576 3670 2631 suffi-

2025 2657 2182 2712 ciens
2203 2658 2243 2727 ‘,
2277 2656 2418 2711 dum
2453 2655 2611 2711 aliud
2637 2655 2917 2728 loquitur,
2951 2674 3054 2729 per
3081 2658 3240 2715 aliud
3273 2678 3335 2717 se
3375 2663 3572 2719 nectit.
3603 2666 3674 2721 Et

2025 2762 2160 2800 cum
2190 2746 2313 2800 haec
2343 2743 2520 2800 nimis
2551 2745 2764 2801 mentis
2795 2746 3000 2802 ardore
3029 2747 3361 2820 cogitasset,
3395 2753 3672 2810 oneribus

2024 2835 2350 2906 majoribus
2381 2833 2674 2890 caricabat
2726 2851 2808 2905 se,
2862 2838 2919 2890 et
2950 2852 3081 2892 cum
3128 2837 3212 2893 sic
3256 2838 3523 2897 incedere
3553 2859 3669 2898 non

2025 2923 2330 2996 potuisset,
2364 2922 2532 2978 ruina
2563 2939 2778 2995 magna
2798 2923 2935 2979 illuc
2952 2925 3260 2982 devolutus
3280 2933 3386 3000 est,
3408 2934 3474 2987 ut
3499 2931 3669 2987 ruina

2025 3014 2155 3084 ejus
2185 3017 2414 3084 pararet
2471 3012 2763 3068 doctrinas
2821 3028 2924 3084 per
2979 3013 3209 3086 aliquas
3258 3018 3668 3076 seductiones"

2026 3101 2276 3175 ineptas,
2334 3101 2669 3173 multosque
2725 3103 2796 3157 de
2823 3102 2915 3157 via
2975 3109 3131 3159 recta
3184 3105 3243 3160 in
3295 3106 3472 3164 aliam
3509 3109 3664 3164 viam

2026 3191 2292 3264 perducit
2343 3196 2401 3246 et
2447 3207 2734 3246 venenum
2796 3192 2897 3257 [AL
2955 3195 3264 3266 venenose]
3319 3197 3446 3268 ejus
3498 3199 3666 3269 quasi

2028 3279 2275 3336 tinnuiis
2331 3279 2588 3349 vocibus,
2651 3279 3109 3353 Sirenarumque
3165 3285 3430 3355 canticis,
3472 3286 3669 3358 plures

2029 3385 2235 3424 necare
2266 3368 2474 3441 potuit.
2508 3368 2706 3424 Melior
2751 3369 3025 3426 omnibus
3083 3371 3142 3426 in
3199 3373 3390 3445 bonis,
3424 3375 3586 3447 pejor
3615 3376 3676 3433 in

2030 3457 2224 3514 malis.
2257 3457 2469 3530 Aliqua
2496 3474 2631 3513 vero
2656 3475 2759 3529 per
2787 3476 2921 3514 eum
2963 3476 3132 3516 secus
3187 3461 3341 3517 viam
3388 3464 3679 3521 seminata

2031 3551 2189 3618 sunt,
2225 3546 2394 3602 multi
2421 3551 2619 3601 tamen
2637 3545 2866 3617 aliquos
2888 3549 3017 3619 ejus
3045 3550 3331 3620 pessimos
3356 3551 3675 3625 discipulos

2033 3637 2255 3692 multa6
2283 3653 2572 3692 venenosa
2603 3636 2712 3690 sub
2744 3637 2872 3707 ejus
2902 3638 3137 3694 nomine
3166 3639 3420 3696 edidisse
3450 3645 3676 3698 testan-

2025 3730 2140 3781 tur.

2096 3814 2190 3870 ιν.
2221 3814 2504 3870 Eusebius
2552 3812 2944 3884 Czesariensis,
2985 3813 3163 3870 clavis
3213 3815 3669 3891 Scripturarum,

2023 3908 2309 3975 cutosque
2338 3903 2480 3958 Novi
2510 3903 2889 3973 Testamenti,
2943 3902 3148 3958 multis
3195 3906 3386 3976 major
3432 3906 3489 3963 in
3537 3926 3671 3965 con-

2024 3991 2444 4064 scriptionibus
2477 4009 2512 4046 a
2542 3991 2756 4046 Graecis
2807 3992 3238 4062 comprobatur.
3284 3995 3530 4068 Scripsit
3568 4003 3673 4054 Ca-

2026 4097 2208 4136 nones
2265 4086 2518 4151 quatuor
2574 4079 3043 4152 Evangeliorum,
3104 4087 3160 4137 et
3233 4085 3506 4141 undecim
3564 4089 3670 4158 [Αἱ.

2025 4169 2387 4242 quindecim]
2422 4168 2604 4224 libros
2634 4168 2902 4224 Historiae
2935 4169 3371 4243 Ecclesiasticae,
3431 4174 3533 4244 qui
3563 4177 3674 4231 No-

2023 4275 2160 4314 vum
2194 4260 2639 4314 Testamentum
2699 4263 2939 4314 narrant
2995 4263 3169 4331 atque
3227 4261 3584 4334 custodiunt,
3618 4269 3676 4320 et

2025 4347 2310 4422 Χρονικὸν,
2343 4347 2398 4402 id
2432 4351 2521 4402 est
2579 4350 2916 4418 temporum
2965 4348 3338 4414 breviarium.
3398 4349 3527 4406 Haec
3566 4352 3678 4408 tria

2025 4440 2167 4492 sunt
2196 4436 2494 4509 praeclara,
2528 4451 2656 4508 quae
2687 4435 2747 4490 in
2776 4436 3053 4508 operibus
3113 4437 3240 4507 ejus
3295 4441 3588 4495 testantur
3622 4444 3680 4495 et

2026 4543 2132 4582 nos
2177 4531 2310 4582 ante
2339 4525 2540 4582 omnia
2597 4526 2726 4596 ejus
2755 4525 3000 4596 vestigia
3051 4525 3149 4598 qui
3203 4525 3420 4583 imitari
3453 4528 3677 4599 potuis-

2027 4615 2176 4685 set",
2210 4631 2514 4686 nunquam
2549 4614 2896 4687 reperimus.

2095 4703 2164 4758 V.
2199 4703 2544 4759 Heliodorus
2577 4705 2899 4776 presbyter,
2949 4704 3190 4759 domum
3247 4704 3679 4777 amplissimam

2028 4806 2132 4864 per
2164 4790 2461 4846 modicum
2493 4793 2756 4847 foramen
2779 4791 3118 4864 respiciens,
3152 4797 3510 4864 tentansque
3531 4795 3682 4850 ostia

2029 4880 2324 4950 conclusa,
2359 4879 2666 4952 clavesque
2698 4898 2812 4936 non
2844 4881 3089 4950 habens,
3123 4881 3217 4936 vix
3248 4897 3436 4952 pauca
3488 4883 3558 4937 ad
3595 4885 3682 4939 Iu-

2029 4985 2155 5024 cem
2189 4969 2432 5041 prodere
2493 4968 2804 5038 convaluit,
2864 4970 2965 5024 sed
3015 4986 3141 5040 quas
3202 4969 3390 5040 potuit
3421 4987 3676 5043 narrare,

274 5053 345 5108 ad
370 5069 546 5125 quem
580 5052 851 5108 mortalia
877 5052 972 5107 vix
1002 5054 1346 5126 ascendunt,
1380 5054 1622 5127 pulchro
1654 5069 1922 5109 sermone
1952 5039 1994 5105 C
2032 5039 2282 5113 ﬁdeliter
2300 5057 2574 5112 narravit.

273 5158 569 5214 aureoque
599 5157 697 5197 ore
727 5140 998 5198 universa
1035 5141 1315 5214 loquitur.
1368 5143 1486 5199 Etsi
1539 5143 1694 5198 enim
1731 5141 1926 5213 aliqua

350 5339 365 5371 ¹
400 5338 463 5411 in
496 5354 667 5408 mss.,
698 5339 920 5394 Leniter
947 5339 1263 5411 leviterque.

345 5411 369 5443 ²
399 5409 606 5465 Iidem.
638 5411 927 5536 Episcopus
955 5409 1176 5482 Luci/er
1233 5413 1616 5476 Romanorum,
1657 5412 1921 5467 Ecclesia-

345 5497 510 5536 maue
542 5480 786 5536 lucerna.
868 5482 1024 5536 ecole
1054 5482 1412 5536 superiorem
1440 5499 1768 5536 censuram.

275 5497 510 5554 rumque
542 5480 786 5554 lucerna.
819 5480 1024 5537 Recole
1054 5480 1412 5554 superiorem
1440 5499 1768 5538 censuram.

348 5553 372 5626 ἓ
402 5552 618 5626 Iidem,
640 5552 700 5608 Si
725 5553 843 5623 ejus
872 5554 1062 5626 aliqua
1089 5552 1240 5609 secus
1268 5556 1435 5624 viam,
1463 5559 1572 5608 etc.

349 5624 558 5697 fuas,
589 5625 927 5696 Proprioque
959 5623 1203 5694 'ingenio
1258 5641 1368 5681 non
1422 5623 1717 5697 sufﬁciens,
1766 5623 1922 5680 aliud

275 5695 568 5767 subnectit,
601 5695 710 5752 etc;

2106 5150 2203 5203 VI.
2221 5145 2566 5202 Ambrosius
2589 5146 2784 5217 frater,
2811 5146 3233 5217 profundorum
3256 5146 3436 5218 pinna
3457 5153 3678 5222 raptus,

2105 5343 2126 5376 ⁵
2158 5343 2319 5412 Mss.,
2357 5343 2420 5416 Ut
2450 5343 2614 5416 ruina
2638 5341 2755 5412 ejus
2780 5345 3051 5412 'parasset
3098 5340 3168 5396 ad
3213 5341 3520 5397 doctrinam
3565 5346 3680 5416 ejus

2034 5415 2253 5484 aliquas
2283 5413 2634 5482 seductiones,
2665 5417 2775 5467 etc.

2103 5486 2340 5611 “ullisst.,
2401 5485 2556 5538 Multi
2603 5488 2782 5538 tamen
2837 5483 3232 5554 discipulorum
3287 5485 3406 5555 ejus
3450 5488 3683 5554 pessimi

2103 5572 2128 5609 ιι
2173 5573 2226 5611 a.
2253 5571 2282 5609 e
2312 5571 2362 5609 c.

2034 5571 2226 5622 multa,
2253 5571 2362 5609 etc.

2103 5628 2122 5660 ⁷
2147 5621 2310 5695 Mes,
2342 5626 2406 5681 Et
2432 5628 2621 5681 omnia
2648 5628 2765 5698 ejus
2822 5628 3049 5697 vestigia
3076 5643 3179 5698 quo
3236 5628 3440 5683 iterare
3464 5632 3679 5698 potuis-

2029 5707 2132 5769 set,
2165 5702 2272 5754 etc.
