  <div class='ocr_page' id='page_1' title='image "/cluster/home/n/w/nwhite01/storage/ocr_20150623/23/hvd.32044052772480/391.png"; bbox 0 0 4088 6166; ppageno 0'>
   <div class='ocr_carea' id='block_1_1' title="bbox 512 366 632 437">
    <p class='ocr_par' dir='ltr' id='par_1_1' title="bbox 512 366 632 437">
     <span class='ocr_line' id='line_1_1' title="bbox 512 366 632 437; baseline -0.058 0"><span class='ocrx_word' id='word_1_1' title='bbox 512 366 632 437; x_wconf 73' lang='grc'><strong>’167</strong></span> 
     </span>
    </p>
   </div>
   <div class='ocr_carea' id='block_1_2' title="bbox 1521 326 3855 445">
    <p class='ocr_par' dir='ltr' id='par_1_2' title="bbox 1521 326 3855 445">
     <span class='ocr_line' id='line_1_2' title="bbox 1521 326 3855 445; baseline 0.002 -8"><span class='ocrx_word' id='word_1_2' title='bbox 1521 371 1761 439; x_wconf 85' lang='lat' dir='ltr'>INDEX</span> <span class='ocrx_word' id='word_1_3' title='bbox 1805 374 2083 440; x_wconf 74' lang='lat' dir='ltr'>aenum</span> <span class='ocrx_word' id='word_1_4' title='bbox 2128 374 2229 439; x_wconf 78' lang='lat' dir='ltr'>er</span> <span class='ocrx_word' id='word_1_5' title='bbox 2271 373 2920 442; x_wconf 83' lang='lat' dir='ltr'>SENTENTIARUM.</span> <span class='ocrx_word' id='word_1_6' title='bbox 3442 326 3445 331; x_wconf 47' lang='grc'><em>’</em></span> <span class='ocrx_word' id='word_1_7' title='bbox 3758 368 3855 445; x_wconf 68' lang='lat' dir='ltr'>ne</span> 
     </span>
    </p>
   </div>
   <div class='ocr_carea' id='block_1_3' title="bbox 511 503 3858 582">
    <p class='ocr_par' dir='ltr' id='par_1_3' title="bbox 511 503 3858 582">
     <span class='ocr_line' id='line_1_3' title="bbox 511 503 3858 582; baseline 0.002 -20"><span class='ocrx_word' id='word_1_8' title='bbox 511 507 571 562; x_wconf 90' lang='lat' dir='ltr'>et</span> <span class='ocrx_word' id='word_1_9' title='bbox 593 504 747 561; x_wconf 87' lang='lat' dir='ltr'>aeris</span> <span class='ocrx_word' id='word_1_10' title='bbox 776 503 1027 571; x_wconf 78' lang='lat' dir='ltr'>volucer,</span> <span class='ocrx_word' id='word_1_11' title='bbox 1076 506 1339 580; x_wconf 87' lang='lat' dir='ltr'>quandiu</span> <span class='ocrx_word' id='word_1_12' title='bbox 1388 507 1447 563; x_wconf 91' lang='lat' dir='ltr'>in</span> <span class='ocrx_word' id='word_1_13' title='bbox 1494 510 1853 581; x_wconf 87' lang='lat' dir='ltr'>profundum</span> <span class='ocrx_word' id='word_1_14' title='bbox 1900 510 2158 581; x_wconf 69' lang='lat' dir='ltr'>ingrcrli-</span> <span class='ocrx_word' id='word_1_15' title='bbox 2190 514 2241 579; x_wconf 83' lang='grc' dir='ltr'><strong>Α</strong></span> <span class='ocrx_word' id='word_1_16' title='bbox 2276 513 2483 566; x_wconf 73' lang='lat' dir='ltr'>trarias</span> <span class='ocrx_word' id='word_1_17' title='bbox 2515 512 2838 566; x_wconf 82' lang='lat' dir='ltr'>sententias</span> <span class='ocrx_word' id='word_1_18' title='bbox 2871 528 2971 582; x_wconf 88' lang='lat' dir='ltr'>per</span> <span class='ocrx_word' id='word_1_19' title='bbox 3002 510 3203 565; x_wconf 89' lang='lat' dir='ltr'>odium</span> <span class='ocrx_word' id='word_1_20' title='bbox 3233 505 3591 567; x_wconf 83' lang='lat' dir='ltr'>occasionum</span> <span class='ocrx_word' id='word_1_21' title='bbox 3616 509 3858 570; x_wconf 81' lang='lat' dir='ltr'>Christia-</span> 
     </span>
    </p>
   </div>
   <div class='ocr_carea' id='block_1_4' title="bbox 508 594 2156 669">
    <p class='ocr_par' dir='ltr' id='par_1_4' title="bbox 508 594 2156 669">
     <span class='ocr_line' id='line_1_4' title="bbox 508 594 2156 669; baseline 0.002 -19"><span class='ocrx_word' id='word_1_22' title='bbox 508 596 625 669; x_wconf 86' lang='lat' dir='ltr'>tur,</span> <span class='ocrx_word' id='word_1_23' title='bbox 659 594 913 651; x_wconf 90' lang='lat' dir='ltr'>fructum</span> <span class='ocrx_word' id='word_1_24' title='bbox 972 597 1042 653; x_wconf 90' lang='lat' dir='ltr'>de</span> <span class='ocrx_word' id='word_1_25' title='bbox 1075 596 1192 653; x_wconf 89' lang='lat' dir='ltr'>alto</span> <span class='ocrx_word' id='word_1_26' title='bbox 1253 614 1490 669; x_wconf 88' lang='lat' dir='ltr'>carpere</span> <span class='ocrx_word' id='word_1_27' title='bbox 1544 598 1790 654; x_wconf 89' lang='lat' dir='ltr'>videtur.</span> <span class='ocrx_word' id='word_1_28' title='bbox 1854 600 1923 653; x_wconf 83' lang='lat' dir='ltr'>Et</span> <span class='ocrx_word' id='word_1_29' title='bbox 1952 615 2156 654; x_wconf 79' lang='lat' dir='ltr'>omnes</span> 
     </span>
    </p>
   </div>
   <div class='ocr_carea' id='block_1_5' title="bbox 509 684 2153 757">
    <p class='ocr_par' dir='ltr' id='par_1_5' title="bbox 509 684 2153 757">
     <span class='ocr_line' id='line_1_5' title="bbox 509 684 2153 757; baseline 0.002 -17"><span class='ocrx_word' id='word_1_30' title='bbox 509 684 639 756; x_wconf 86' lang='lat' dir='ltr'>ejus</span> <span class='ocrx_word' id='word_1_31' title='bbox 670 686 988 755; x_wconf 82' lang='lat' dir='ltr'>sententiae,</span> <span class='ocrx_word' id='word_1_32' title='bbox 1025 687 1159 742; x_wconf 80' lang='lat' dir='ltr'>fidei</span> <span class='ocrx_word' id='word_1_33' title='bbox 1190 686 1475 757; x_wconf 76' lang='lat' dir='ltr'>Ecclesiae,</span> <span class='ocrx_word' id='word_1_34' title='bbox 1501 692 1556 743; x_wconf 90' lang='lat' dir='ltr'>et</span> <span class='ocrx_word' id='word_1_35' title='bbox 1578 687 1842 743; x_wconf 81' lang='lat' dir='ltr'>omnium</span> <span class='ocrx_word' id='word_1_36' title='bbox 1874 688 2153 743; x_wconf 88' lang='lat' dir='ltr'>virtutum</span> 
     </span>
    </p>
   </div>
   <div class='ocr_carea' id='block_1_6' title="bbox 509 773 1199 831">
    <p class='ocr_par' dir='ltr' id='par_1_6' title="bbox 509 773 1199 831">
     <span class='ocr_line' id='line_1_6' title="bbox 509 773 1199 831; baseline 0.003 -3"><span class='ocrx_word' id='word_1_37' title='bbox 509 773 696 830; x_wconf 76' lang='lat' dir='ltr'>firmae</span> <span class='ocrx_word' id='word_1_38' title='bbox 724 780 864 830; x_wconf 91' lang='lat' dir='ltr'>sunt</span> <span class='ocrx_word' id='word_1_39' title='bbox 893 775 1199 831; x_wconf 74' lang='lat' dir='ltr'>columnae.</span> 
     </span>
    </p>
   </div>
   <div class='ocr_carea' id='block_1_7' title="bbox 578 865 2153 939">
    <p class='ocr_par' dir='ltr' id='par_1_7' title="bbox 578 865 2153 939">
     <span class='ocr_line' id='line_1_7' title="bbox 578 865 2153 939; baseline 0.002 -19"><span class='ocrx_word' id='word_1_40' title='bbox 578 866 734 921; x_wconf 73' lang='lat'>964</span> <span class='ocrx_word' id='word_1_41' title='bbox 765 865 882 921; x_wconf 86' lang='lat' dir='ltr'>VII.</span> <span class='ocrx_word' id='word_1_42' title='bbox 905 866 1231 935; x_wconf 86' lang='lat' dir='ltr'>Dardanus,</span> <span class='ocrx_word' id='word_1_43' title='bbox 1258 865 1474 921; x_wconf 88' lang='lat' dir='ltr'>multas</span> <span class='ocrx_word' id='word_1_44' title='bbox 1497 866 1850 937; x_wconf 67' lang='lat' dir='ltr'>quaestiones</span> <span class='ocrx_word' id='word_1_45' title='bbox 1869 867 2153 939; x_wconf 79' lang='lat' dir='ltr'>arripiens</span> 
     </span>
    </p>
   </div>
   <div class='ocr_carea' id='block_1_8' title="bbox 507 953 2153 1026">
    <p class='ocr_par' dir='ltr' id='par_1_8' title="bbox 507 953 2153 1026">
     <span class='ocr_line' id='line_1_8' title="bbox 507 953 2153 1026; baseline 0.002 -18"><span class='ocrx_word' id='word_1_46' title='bbox 507 968 612 1026; x_wconf 87' lang='lat' dir='ltr'>per</span> <span class='ocrx_word' id='word_1_47' title='bbox 642 953 858 1009; x_wconf 87' lang='lat' dir='ltr'>mentis</span> <span class='ocrx_word' id='word_1_48' title='bbox 891 955 1187 1023; x_wconf 75' lang='lat' dir='ltr'>astutiam,</span> <span class='ocrx_word' id='word_1_49' title='bbox 1215 971 1542 1026; x_wconf 90' lang='lat' dir='ltr'>nucemque</span> <span class='ocrx_word' id='word_1_50' title='bbox 1563 957 1715 1011; x_wconf 90' lang='lat' dir='ltr'>circa</span> <span class='ocrx_word' id='word_1_51' title='bbox 1735 955 2007 1010; x_wconf 88' lang='lat' dir='ltr'>nucleum</span> <span class='ocrx_word' id='word_1_52' title='bbox 2037 974 2153 1012; x_wconf 90' lang='lat' dir='ltr'>non</span> 
     </span>
    </p>
   </div>
   <div class='ocr_carea' id='block_1_9' title="bbox 506 1041 2151 1116">
    <p class='ocr_par' dir='ltr' id='par_1_9' title="bbox 506 1041 2151 1116">
     <span class='ocr_line' id='line_1_9' title="bbox 506 1041 2151 1116; baseline 0.002 -19"><span class='ocrx_word' id='word_1_53' title='bbox 506 1041 899 1116; x_wconf 83' lang='lat' dir='ltr'>confringens,</span> <span class='ocrx_word' id='word_1_54' title='bbox 935 1042 1120 1099; x_wconf 90' lang='lat' dir='ltr'>multa</span> <span class='ocrx_word' id='word_1_55' title='bbox 1149 1044 1540 1115; x_wconf 80' lang='lat' dir='ltr'>impossibilia</span> <span class='ocrx_word' id='word_1_56' title='bbox 1571 1046 1641 1100; x_wconf 91' lang='lat' dir='ltr'>de</span> <span class='ocrx_word' id='word_1_57' title='bbox 1664 1045 1982 1116; x_wconf 87' lang='lat' dir='ltr'>Scripturis</span> <span class='ocrx_word' id='word_1_58' title='bbox 2017 1063 2151 1101; x_wconf 89' lang='lat' dir='ltr'>cum</span> 
     </span>
    </p>
   </div>
   <div class='ocr_carea' id='block_1_10' title="bbox 504 1130 1029 1204">
    <p class='ocr_par' dir='ltr' id='par_1_10' title="bbox 504 1130 1029 1204">
     <span class='ocr_line' id='line_1_10' title="bbox 504 1130 1029 1204; baseline 0.004 -18"><span class='ocrx_word' id='word_1_59' title='bbox 504 1131 720 1187; x_wconf 87' lang='lat' dir='ltr'>ﬁducia</span> <span class='ocrx_word' id='word_1_60' title='bbox 750 1130 1029 1204; x_wconf 80' lang='lat' dir='ltr'>loquitur.</span> 
     </span>
    </p>
   </div>
   <div class='ocr_carea' id='block_1_11' title="bbox 573 1219 2147 1295">
    <p class='ocr_par' dir='ltr' id='par_1_11' title="bbox 573 1219 2147 1295">
     <span class='ocr_line' id='line_1_11' title="bbox 573 1219 2147 1295; baseline 0.003 -22"><span class='ocrx_word' id='word_1_61' title='bbox 573 1219 723 1277; x_wconf 88' lang='lat' dir='ltr'>VIII.</span> <span class='ocrx_word' id='word_1_62' title='bbox 755 1220 995 1277; x_wconf 90' lang='lat' dir='ltr'>Paulino</span> <span class='ocrx_word' id='word_1_63' title='bbox 1024 1223 1215 1278; x_wconf 89' lang='lat' dir='ltr'>visum</span> <span class='ocrx_word' id='word_1_64' title='bbox 1246 1227 1334 1278; x_wconf 90' lang='lat' dir='ltr'>est</span> <span class='ocrx_word' id='word_1_65' title='bbox 1364 1222 1711 1295; x_wconf 80' lang='lat' dir='ltr'>magistrum</span> <span class='ocrx_word' id='word_1_66' title='bbox 1744 1222 1890 1291; x_wconf 84' lang='lat' dir='ltr'>ﬁeri,</span> <span class='ocrx_word' id='word_1_67' title='bbox 1942 1228 1995 1278; x_wconf 87' lang='lat' dir='ltr'>et</span> <span class='ocrx_word' id='word_1_68' title='bbox 2036 1240 2147 1277; x_wconf 89' lang='lat' dir='ltr'>non</span> 
     </span>
    </p>
   </div>
   <div class='ocr_carea' id='block_1_12' title="bbox 504 1310 2149 1382">
    <p class='ocr_par' dir='ltr' id='par_1_12' title="bbox 504 1310 2149 1382">
     <span class='ocr_line' id='line_1_12' title="bbox 504 1310 2149 1382; baseline 0.001 -17"><span class='ocrx_word' id='word_1_69' title='bbox 504 1313 629 1365; x_wconf 90' lang='lat' dir='ltr'>erat</span> <span class='ocrx_word' id='word_1_70' title='bbox 658 1313 791 1366; x_wconf 84' lang='lat' dir='ltr'>ante</span> <span class='ocrx_word' id='word_1_71' title='bbox 820 1310 1166 1382; x_wconf 76' lang='lat' dir='ltr'>discipulus,</span> <span class='ocrx_word' id='word_1_72' title='bbox 1201 1316 1259 1366; x_wconf 91' lang='lat' dir='ltr'>et</span> <span class='ocrx_word' id='word_1_73' title='bbox 1298 1312 1551 1366; x_wconf 85' lang='lat' dir='ltr'>fructum</span> <span class='ocrx_word' id='word_1_74' title='bbox 1606 1311 1730 1366; x_wconf 85' lang='lat' dir='ltr'>sine</span> <span class='ocrx_word' id='word_1_75' title='bbox 1791 1312 1981 1366; x_wconf 83' lang='lat' dir='ltr'>radice</span> <span class='ocrx_word' id='word_1_76' title='bbox 2015 1312 2149 1366; x_wconf 89' lang='lat' dir='ltr'>oriri</span> 
     </span>
    </p>
   </div>
   <div class='ocr_carea' id='block_1_13' title="bbox 502 1399 2151 1471">
    <p class='ocr_par' dir='ltr' id='par_1_13' title="bbox 502 1399 2151 1471">
     <span class='ocr_line' id='line_1_13' title="bbox 502 1399 2151 1471; baseline 0.001 -17"><span class='ocrx_word' id='word_1_77' title='bbox 502 1399 747 1471; x_wconf 86' lang='lat' dir='ltr'>ﬁerique</span> <span class='ocrx_word' id='word_1_78' title='bbox 804 1401 1064 1455; x_wconf 82' lang='lat' dir='ltr'>tentavit.</span> <span class='ocrx_word' id='word_1_79' title='bbox 1124 1401 1254 1455; x_wconf 89' lang='lat' dir='ltr'>Ideo</span> <span class='ocrx_word' id='word_1_80' title='bbox 1311 1401 1438 1471; x_wconf 88' lang='lat' dir='ltr'>ejus</span> <span class='ocrx_word' id='word_1_81' title='bbox 1497 1401 1958 1471; x_wconf 86' lang='lat' dir='ltr'>conscriptiones</span> <span class='ocrx_word' id='word_1_82' title='bbox 2014 1402 2151 1456; x_wconf 90' lang='lat' dir='ltr'>scri-</span> 
     </span>
    </p>
   </div>
   <div class='ocr_carea' id='block_1_14' title="bbox 504 1488 1438 1561">
    <p class='ocr_par' dir='ltr' id='par_1_14' title="bbox 504 1488 1438 1561">
     <span class='ocr_line' id='line_1_14' title="bbox 504 1488 1438 1561; baseline 0 -18"><span class='ocrx_word' id='word_1_83' title='bbox 504 1492 669 1560; x_wconf 88' lang='lat' dir='ltr'>ptore</span> <span class='ocrx_word' id='word_1_84' title='bbox 700 1492 756 1543; x_wconf 91' lang='lat' dir='ltr'>et</span> <span class='ocrx_word' id='word_1_85' title='bbox 783 1488 986 1544; x_wconf 82' lang='lat' dir='ltr'>charta</span> <span class='ocrx_word' id='word_1_86' title='bbox 1013 1506 1129 1544; x_wconf 91' lang='lat' dir='ltr'>non</span> <span class='ocrx_word' id='word_1_87' title='bbox 1151 1489 1438 1561; x_wconf 83' lang='lat' dir='ltr'>indigent.</span> 
     </span>
    </p>
   </div>
   <div class='ocr_carea' id='block_1_15' title="bbox 574 1576 2150 1649">
    <p class='ocr_par' dir='ltr' id='par_1_15' title="bbox 574 1576 2150 1649">
     <span class='ocr_line' id='line_1_15' title="bbox 574 1576 2150 1649; baseline 0.001 -17"><span class='ocrx_word' id='word_1_88' title='bbox 574 1576 667 1632; x_wconf 83' lang='lat' dir='ltr'>IX.</span> <span class='ocrx_word' id='word_1_89' title='bbox 698 1576 987 1648; x_wconf 79' lang='lat' dir='ltr'>Pelagius,</span> <span class='ocrx_word' id='word_1_90' title='bbox 1022 1578 1093 1631; x_wconf 89' lang='lat' dir='ltr'>de</span> <span class='ocrx_word' id='word_1_91' title='bbox 1124 1593 1238 1648; x_wconf 92' lang='lat' dir='ltr'>quo</span> <span class='ocrx_word' id='word_1_92' title='bbox 1271 1579 1423 1649; x_wconf 89' lang='lat' dir='ltr'>apud</span> <span class='ocrx_word' id='word_1_93' title='bbox 1458 1576 1658 1633; x_wconf 85' lang='lat' dir='ltr'>fideles</span> <span class='ocrx_word' id='word_1_94' title='bbox 1690 1594 1881 1632; x_wconf 87' lang='lat' dir='ltr'>sermo</span> <span class='ocrx_word' id='word_1_95' title='bbox 1936 1582 2043 1641; x_wconf 75' lang='lat' dir='ltr'>est,</span> <span class='ocrx_word' id='word_1_96' title='bbox 2080 1580 2150 1633; x_wconf 92' lang='lat' dir='ltr'>de</span> 
     </span>
    </p>
   </div>
   <div class='ocr_carea' id='block_1_16' title="bbox 502 1665 2149 1737">
    <p class='ocr_par' dir='ltr' id='par_1_16' title="bbox 502 1665 2149 1737">
     <span class='ocr_line' id='line_1_16' title="bbox 502 1665 2149 1737; baseline 0.001 -17"><span class='ocrx_word' id='word_1_97' title='bbox 502 1681 619 1737; x_wconf 91' lang='lat' dir='ltr'>quo</span> <span class='ocrx_word' id='word_1_98' title='bbox 649 1665 825 1720; x_wconf 90' lang='lat' dir='ltr'>etiam</span> <span class='ocrx_word' id='word_1_99' title='bbox 857 1669 913 1721; x_wconf 89' lang='lat' dir='ltr'>et</span> <span class='ocrx_word' id='word_1_100' title='bbox 942 1666 1088 1720; x_wconf 88' lang='lat' dir='ltr'>mihi</span> <span class='ocrx_word' id='word_1_101' title='bbox 1117 1665 1309 1737; x_wconf 83' lang='lat' dir='ltr'>gravis</span> <span class='ocrx_word' id='word_1_102' title='bbox 1340 1682 1517 1721; x_wconf 88' lang='lat' dir='ltr'>causa</span> <span class='ocrx_word' id='word_1_103' title='bbox 1573 1666 1989 1736; x_wconf 84' lang='lat' dir='ltr'>disputationis</span> <span class='ocrx_word' id='word_1_104' title='bbox 2022 1667 2149 1736; x_wconf 88' lang='lat' dir='ltr'>ejus</span> 
     </span>
    </p>
   </div>
   <div class='ocr_carea' id='block_1_17' title="bbox 499 1753 2145 1827">
    <p class='ocr_par' dir='ltr' id='par_1_17' title="bbox 499 1753 2145 1827">
     <span class='ocr_line' id='line_1_17' title="bbox 499 1753 2145 1827; baseline 0.001 -19"><span class='ocrx_word' id='word_1_105' title='bbox 499 1753 810 1809; x_wconf 86' lang='lat' dir='ltr'>verborum</span> <span class='ocrx_word' id='word_1_106' title='bbox 839 1754 855 1787; x_wconf 83' lang='grc'>¹</span> <span class='ocrx_word' id='word_1_107' title='bbox 888 1770 1034 1826; x_wconf 90' lang='lat' dir='ltr'>pene</span> <span class='ocrx_word' id='word_1_108' title='bbox 1062 1754 1123 1808; x_wconf 93' lang='lat' dir='ltr'>in</span> <span class='ocrx_word' id='word_1_109' title='bbox 1151 1758 1270 1810; x_wconf 86' lang='lat' dir='ltr'>toto</span> <span class='ocrx_word' id='word_1_110' title='bbox 1301 1755 1437 1809; x_wconf 88' lang='lat' dir='ltr'>orbe</span> <span class='ocrx_word' id='word_1_111' title='bbox 1469 1754 1816 1809; x_wconf 88' lang='lat' dir='ltr'>annuntiata</span> <span class='ocrx_word' id='word_1_112' title='bbox 1837 1761 1945 1826; x_wconf 87' lang='lat' dir='ltr'>est,</span> <span class='ocrx_word' id='word_1_113' title='bbox 1973 1773 2145 1827; x_wconf 90' lang='lat' dir='ltr'>quem</span> 
     </span>
    </p>
   </div>
   <div class='ocr_carea' id='block_1_18' title="bbox 2270 599 3861 673">
    <p class='ocr_par' dir='ltr' id='par_1_18' title="bbox 2270 599 3861 673">
     <span class='ocr_line' id='line_1_18' title="bbox 2270 599 3861 673; baseline 0.002 -18"><span class='ocrx_word' id='word_1_114' title='bbox 2270 601 2359 656; x_wconf 88' lang='lat' dir='ltr'>nis</span> <span class='ocrx_word' id='word_1_115' title='bbox 2393 602 2692 672; x_wconf 75' lang='lat' dir='ltr'>proferens</span> <span class='ocrx_word' id='word_1_116' title='bbox 2724 599 3072 672; x_wconf 79' lang='lat' dir='ltr'>composuit,</span> <span class='ocrx_word' id='word_1_117' title='bbox 3105 603 3161 655; x_wconf 87' lang='lat' dir='ltr'>et</span> <span class='ocrx_word' id='word_1_118' title='bbox 3191 616 3284 655; x_wconf 90' lang='lat' dir='ltr'>me</span> <span class='ocrx_word' id='word_1_119' title='bbox 3312 603 3653 673; x_wconf 83' lang='lat' dir='ltr'>(quanquam</span> <span class='ocrx_word' id='word_1_120' title='bbox 3682 599 3734 657; x_wconf 89' lang='lat' dir='ltr'>in</span> <span class='ocrx_word' id='word_1_121' title='bbox 3761 617 3861 658; x_wconf 87' lang='lat' dir='ltr'>om-</span> 
     </span>
    </p>
   </div>
   <div class='ocr_carea' id='block_1_19' title="bbox 2266 688 3860 761">
    <p class='ocr_par' dir='ltr' id='par_1_19' title="bbox 2266 688 3860 761">
     <span class='ocr_line' id='line_1_19' title="bbox 2266 688 3860 761; baseline 0.002 -18"><span class='ocrx_word' id='word_1_122' title='bbox 2266 689 2442 745; x_wconf 88' lang='lat' dir='ltr'>nibus</span> <span class='ocrx_word' id='word_1_123' title='bbox 2500 689 2889 757; x_wconf 77' lang='lat' dir='ltr'>laboriosum)</span> <span class='ocrx_word' id='word_1_124' title='bbox 2920 689 3155 744; x_wconf 84' lang='lat' dir='ltr'>assidue</span> <span class='ocrx_word' id='word_1_125' title='bbox 3212 688 3621 761; x_wconf 66' lang='lat' dir='ltr'>quaestionibus</span> <span class='ocrx_word' id='word_1_126' title='bbox 3647 689 3860 746; x_wconf 83' lang='lat' dir='ltr'>infinitis</span> 
     </span>
    </p>
   </div>
   <div class='ocr_carea' id='block_1_20' title="bbox 2265 779 2752 835">
    <p class='ocr_par' dir='ltr' id='par_1_20' title="bbox 2265 779 2752 835">
     <span class='ocr_line' id='line_1_20' title="bbox 2265 779 2752 835; baseline 0.002 -3"><span class='ocrx_word' id='word_1_127' title='bbox 2265 779 2445 833; x_wconf 77' lang='lat' dir='ltr'>afficit</span> <span class='ocrx_word' id='word_1_128' title='bbox 2466 784 2521 835; x_wconf 89' lang='lat' dir='ltr'>et</span> <span class='ocrx_word' id='word_1_129' title='bbox 2549 782 2752 834; x_wconf 83' lang='lat' dir='ltr'>vexat.</span> 
     </span>
    </p>
   </div>
   <div class='ocr_carea' id='block_1_21' title="bbox 2334 866 3866 940">
    <p class='ocr_par' dir='ltr' id='par_1_21' title="bbox 2334 866 3866 940">
     <span class='ocr_line' id='line_1_21' title="bbox 2334 866 3866 940; baseline 0.001 -18"><span class='ocrx_word' id='word_1_130' title='bbox 2334 868 2426 922; x_wconf 91' lang='grc' dir='ltr'>ΧΙ.</span> <span class='ocrx_word' id='word_1_131' title='bbox 2459 866 2653 922; x_wconf 88' lang='lat' dir='ltr'>Julius</span> <span class='ocrx_word' id='word_1_132' title='bbox 2680 868 2785 938; x_wconf 85' lang='lat' dir='ltr'>[Al;</span> <span class='ocrx_word' id='word_1_133' title='bbox 2818 866 3119 940; x_wconf 84' lang='lat' dir='ltr'>Julianus]</span> <span class='ocrx_word' id='word_1_134' title='bbox 3153 866 3477 937; x_wconf 89' lang='lat' dir='ltr'>Africanus,</span> <span class='ocrx_word' id='word_1_135' title='bbox 3530 867 3687 937; x_wconf 88' lang='lat' dir='ltr'>cujus</span> <span class='ocrx_word' id='word_1_136' title='bbox 3721 868 3866 923; x_wconf 86' lang='lat' dir='ltr'>vesti-</span> 
     </span>
    </p>
   </div>
   <div class='ocr_carea' id='block_1_22' title="bbox 2263 955 3866 1028">
    <p class='ocr_par' dir='ltr' id='par_1_22' title="bbox 2263 955 3866 1028">
     <span class='ocr_line' id='line_1_22' title="bbox 2263 955 3866 1028; baseline 0.002 -18"><span class='ocrx_word' id='word_1_137' title='bbox 2263 956 2427 1027; x_wconf 85' lang='lat' dir='ltr'>gium</span> <span class='ocrx_word' id='word_1_138' title='bbox 2459 973 2663 1012; x_wconf 90' lang='lat' dir='ltr'>omnes</span> <span class='ocrx_word' id='word_1_139' title='bbox 2695 955 3008 1011; x_wconf 88' lang='lat' dir='ltr'>orientales</span> <span class='ocrx_word' id='word_1_140' title='bbox 3039 955 3409 1027; x_wconf 89' lang='lat' dir='ltr'>autralesque</span> <span class='ocrx_word' id='word_1_141' title='bbox 3443 955 3729 1028; x_wconf 85' lang='lat' dir='ltr'>diligenter</span> <span class='ocrx_word' id='word_1_142' title='bbox 3754 974 3866 1013; x_wconf 86' lang='lat' dir='ltr'>una-</span> 
     </span>
    </p>
   </div>
   <div class='ocr_carea' id='block_1_23' title="bbox 2264 1044 3861 1118">
    <p class='ocr_par' dir='ltr' id='par_1_23' title="bbox 2264 1044 3861 1118">
     <span class='ocr_line' id='line_1_23' title="bbox 2264 1044 3861 1118; baseline 0.001 -19"><span class='ocrx_word' id='word_1_143' title='bbox 2264 1044 2616 1117; x_wconf 89' lang='lat' dir='ltr'>nimiterque</span> <span class='ocrx_word' id='word_1_144' title='bbox 2660 1046 2717 1100; x_wconf 92' lang='lat' dir='ltr'>in</span> <span class='ocrx_word' id='word_1_145' title='bbox 2754 1044 3006 1101; x_wconf 90' lang='lat' dir='ltr'>Danielis</span> <span class='ocrx_word' id='word_1_146' title='bbox 3040 1045 3505 1101; x_wconf 87' lang='lat' dir='ltr'>hebdomadibus</span> <span class='ocrx_word' id='word_1_147' title='bbox 3535 1046 3861 1118; x_wconf 78' lang='lat' dir='ltr'>investigent,</span> 
     </span>
    </p>
   </div>
   <div class='ocr_carea' id='block_1_24' title="bbox 2263 1132 3863 1206">
    <p class='ocr_par' dir='ltr' id='par_1_24' title="bbox 2263 1132 3863 1206">
     <span class='ocr_line' id='line_1_24' title="bbox 2263 1132 3863 1206; baseline 0.001 -19"><span class='ocrx_word' id='word_1_148' title='bbox 2263 1133 2534 1189; x_wconf 89' lang='lat' dir='ltr'>universa</span> <span class='ocrx_word' id='word_1_149' title='bbox 2565 1138 2897 1206; x_wconf 88' lang='lat' dir='ltr'>temporum</span> <span class='ocrx_word' id='word_1_150' title='bbox 2932 1133 3123 1206; x_wconf 87' lang='lat' dir='ltr'>spatia</span> <span class='ocrx_word' id='word_1_151' title='bbox 3153 1151 3288 1189; x_wconf 90' lang='lat' dir='ltr'>cum</span> <span class='ocrx_word' id='word_1_152' title='bbox 3324 1133 3477 1189; x_wconf 86' lang='lat' dir='ltr'>omni</span> <span class='ocrx_word' id='word_1_153' title='bbox 3512 1132 3707 1205; x_wconf 88' lang='lat' dir='ltr'>peritia</span> <span class='ocrx_word' id='word_1_154' title='bbox 3734 1134 3863 1206; x_wconf 88' lang='lat' dir='ltr'>jugi-</span> 
     </span>
    </p>
   </div>
   <div class='ocr_carea' id='block_1_25' title="bbox 2264 1221 3865 1293">
    <p class='ocr_par' dir='ltr' id='par_1_25' title="bbox 2264 1221 3865 1293">
     <span class='ocr_line' id='line_1_25' title="bbox 2264 1221 3865 1293; baseline -0.001 -17"><span class='ocrx_word' id='word_1_155' title='bbox 2264 1237 2376 1292; x_wconf 90' lang='lat' dir='ltr'>que</span> <span class='ocrx_word' id='word_1_156' title='bbox 2408 1238 2674 1278; x_wconf 86' lang='lat' dir='ltr'>sermone</span> <span class='ocrx_word' id='word_1_157' title='bbox 2696 1222 3037 1291; x_wconf 84' lang='lat' dir='ltr'>construxit,</span> <span class='ocrx_word' id='word_1_158' title='bbox 3074 1226 3130 1276; x_wconf 88' lang='lat' dir='ltr'>et</span> <span class='ocrx_word' id='word_1_159' title='bbox 3161 1221 3322 1277; x_wconf 91' lang='lat' dir='ltr'>nulla</span> <span class='ocrx_word' id='word_1_160' title='bbox 3348 1222 3420 1277; x_wconf 90' lang='lat' dir='ltr'>ab</span> <span class='ocrx_word' id='word_1_161' title='bbox 3441 1222 3716 1292; x_wconf 89' lang='lat' dir='ltr'>omnibus,</span> <span class='ocrx_word' id='word_1_162' title='bbox 3761 1238 3865 1293; x_wconf 69' lang='lat' dir='ltr'>qua:</span> 
     </span>
    </p>
   </div>
   <div class='ocr_carea' id='block_1_26' title="bbox 2263 1310 3863 1383">
    <p class='ocr_par' dir='ltr' id='par_1_26' title="bbox 2263 1310 3863 1383">
     <span class='ocr_line' id='line_1_26' title="bbox 2263 1310 3863 1383; baseline 0.001 -18"><span class='ocrx_word' id='word_1_163' title='bbox 2263 1310 2418 1365; x_wconf 91' lang='lat' dir='ltr'>dicta</span> <span class='ocrx_word' id='word_1_164' title='bbox 2466 1315 2604 1365; x_wconf 88' lang='lat' dir='ltr'>sunt</span> <span class='ocrx_word' id='word_1_165' title='bbox 2634 1328 2736 1382; x_wconf 87' lang='lat' dir='ltr'>per</span> <span class='ocrx_word' id='word_1_166' title='bbox 2765 1327 2922 1382; x_wconf 91' lang='lat' dir='ltr'>eum,</span> <span class='ocrx_word' id='word_1_167' title='bbox 2957 1311 3015 1365; x_wconf 93' lang='lat' dir='ltr'>in</span> <span class='ocrx_word' id='word_1_168' title='bbox 3047 1315 3167 1366; x_wconf 89' lang='lat' dir='ltr'>toto</span> <span class='ocrx_word' id='word_1_169' title='bbox 3201 1312 3340 1366; x_wconf 90' lang='lat' dir='ltr'>orbe</span> <span class='ocrx_word' id='word_1_170' title='bbox 3370 1327 3621 1383; x_wconf 88' lang='lat' dir='ltr'>unquam</span> <span class='ocrx_word' id='word_1_171' title='bbox 3650 1312 3770 1366; x_wconf 89' lang='lat' dir='ltr'>data</span> <span class='ocrx_word' id='word_1_172' title='bbox 3794 1314 3863 1366; x_wconf 88' lang='lat' dir='ltr'>est</span> 
     </span>
    </p>
   </div>
   <div class='ocr_carea' id='block_1_27' title="bbox 2262 1398 2667 1453">
    <p class='ocr_par' dir='ltr' id='par_1_27' title="bbox 2262 1398 2667 1453">
     <span class='ocr_line' id='line_1_27' title="bbox 2262 1398 2667 1453; baseline 0 0"><span class='ocrx_word' id='word_1_173' title='bbox 2262 1398 2667 1453; x_wconf 86' lang='lat' dir='ltr'>contradictio.</span> 
     </span>
    </p>
   </div>
   <div class='ocr_carea' id='block_1_28' title="bbox 2332 1487 3861 1559">
    <p class='ocr_par' dir='ltr' id='par_1_28' title="bbox 2332 1487 3861 1559">
     <span class='ocr_line' id='line_1_28' title="bbox 2332 1487 3861 1559; baseline 0.001 -19"><span class='ocrx_word' id='word_1_174' title='bbox 2332 1487 2448 1542; x_wconf 80' lang='lat' dir='ltr'>XII.</span> <span class='ocrx_word' id='word_1_175' title='bbox 2485 1487 2773 1543; x_wconf 85' lang='lat' dir='ltr'>Favonius</span> <span class='ocrx_word' id='word_1_176' title='bbox 2794 1490 2815 1522; x_wconf 74' lang='grc'><strong>²</strong></span> <span class='ocrx_word' id='word_1_177' title='bbox 2845 1507 2878 1544; x_wconf 88' lang='lat' dir='ltr'>a</span> <span class='ocrx_word' id='word_1_178' title='bbox 2910 1488 3112 1544; x_wconf 86' lang='lat' dir='ltr'>multis</span> <span class='ocrx_word' id='word_1_179' title='bbox 3144 1488 3473 1559; x_wconf 89' lang='lat' dir='ltr'>culpabilis,</span> <span class='ocrx_word' id='word_1_180' title='bbox 3505 1490 3645 1544; x_wconf 89' lang='lat' dir='ltr'>dura</span> <span class='ocrx_word' id='word_1_181' title='bbox 3669 1492 3861 1544; x_wconf 87' lang='lat' dir='ltr'>sentcn-</span> 
     </span>
    </p>
   </div>
   <div class='ocr_carea' id='block_1_29' title="bbox 2274 1574 3864 1649">
    <p class='ocr_par' dir='ltr' id='par_1_29' title="bbox 2274 1574 3864 1649">
     <span class='ocr_line' id='line_1_29' title="bbox 2274 1574 3864 1649; baseline 0.001 -20"><span class='ocrx_word' id='word_1_182' title='bbox 2274 1574 2357 1630; x_wconf 89' lang='lat' dir='ltr'>tia</span> <span class='ocrx_word' id='word_1_183' title='bbox 2384 1577 2724 1647; x_wconf 80' lang='lat' dir='ltr'>fortiterque</span> <span class='ocrx_word' id='word_1_184' title='bbox 2746 1577 3017 1632; x_wconf 87' lang='lat' dir='ltr'>universa</span> <span class='ocrx_word' id='word_1_185' title='bbox 3043 1575 3398 1632; x_wconf 88' lang='lat' dir='ltr'>difﬁcillima</span> <span class='ocrx_word' id='word_1_186' title='bbox 3425 1576 3675 1649; x_wconf 83' lang='lat' dir='ltr'>ingerere</span> <span class='ocrx_word' id='word_1_187' title='bbox 3717 1592 3864 1632; x_wconf 84' lang='lat' dir='ltr'>cona-</span> 
     </span>
    </p>
   </div>
   <div class='ocr_carea' id='block_1_30' title="bbox 2258 1665 3863 1737">
    <p class='ocr_par' dir='ltr' id='par_1_30' title="bbox 2258 1665 3863 1737">
     <span class='ocr_line' id='line_1_30' title="bbox 2258 1665 3863 1737; baseline 0.001 -20"><span class='ocrx_word' id='word_1_188' title='bbox 2258 1667 2356 1719; x_wconf 88' lang='lat' dir='ltr'>tus</span> <span class='ocrx_word' id='word_1_189' title='bbox 2389 1669 2496 1731; x_wconf 84' lang='lat' dir='ltr'>cst,</span> <span class='ocrx_word' id='word_1_190' title='bbox 2530 1669 2589 1720; x_wconf 80' lang='lat' dir='ltr'>et</span> <span class='ocrx_word' id='word_1_191' title='bbox 2620 1666 2787 1736; x_wconf 91' lang='lat' dir='ltr'>quasi</span> <span class='ocrx_word' id='word_1_192' title='bbox 2820 1666 2919 1737; x_wconf 86' lang='lat' dir='ltr'>qui</span> <span class='ocrx_word' id='word_1_193' title='bbox 2953 1670 3156 1721; x_wconf 88' lang='lat' dir='ltr'>contra</span> <span class='ocrx_word' id='word_1_194' title='bbox 3186 1666 3378 1722; x_wconf 89' lang='lat' dir='ltr'>undas</span> <span class='ocrx_word' id='word_1_195' title='bbox 3419 1666 3591 1722; x_wconf 87' lang='lat' dir='ltr'>maris</span> <span class='ocrx_word' id='word_1_196' title='bbox 3635 1665 3863 1737; x_wconf 81' lang='lat' dir='ltr'>navigare</span> 
     </span>
    </p>
   </div>
   <div class='ocr_carea' id='block_1_31' title="bbox 2260 1753 3863 1826">
    <p class='ocr_par' dir='ltr' id='par_1_31' title="bbox 2260 1753 3863 1826">
     <span class='ocr_line' id='line_1_31' title="bbox 2260 1753 3863 1826; baseline -0.001 -18"><span class='ocrx_word' id='word_1_197' title='bbox 2260 1770 2377 1808; x_wconf 89' lang='lat' dir='ltr'>non</span> <span class='ocrx_word' id='word_1_198' title='bbox 2426 1758 2633 1825; x_wconf 82' lang='lat' dir='ltr'>potest,</span> <span class='ocrx_word' id='word_1_199' title='bbox 2695 1753 2781 1808; x_wconf 90' lang='lat' dir='ltr'>vel</span> <span class='ocrx_word' id='word_1_200' title='bbox 2836 1758 3038 1809; x_wconf 87' lang='lat' dir='ltr'>contra</span> <span class='ocrx_word' id='word_1_201' title='bbox 3094 1755 3380 1826; x_wconf 88' lang='lat' dir='ltr'>impetum</span> <span class='ocrx_word' id='word_1_202' title='bbox 3435 1753 3692 1810; x_wconf 85' lang='lat' dir='ltr'>torrentis</span> <span class='ocrx_word' id='word_1_203' title='bbox 3729 1770 3863 1825; x_wconf 70' lang='lat' dir='ltr'>aqua:</span> 
     </span>
    </p>
   </div>
   <div class='ocr_carea' id='block_1_32' title="bbox 501 1842 3865 1944">
    <p class='ocr_par' dir='ltr' id='par_1_32' title="bbox 501 1842 3865 1944">
     <span class='ocr_line' id='line_1_32' title="bbox 501 1842 3865 1944; baseline -0.001 -46"><span class='ocrx_word' id='word_1_204' title='bbox 501 1858 705 1898; x_wconf 89' lang='lat' dir='ltr'>omnes</span> <span class='ocrx_word' id='word_1_205' title='bbox 733 1842 1000 1898; x_wconf 70' lang='lat' dir='ltr'>Eccle’size</span> <span class='ocrx_word' id='word_1_206' title='bbox 1031 1843 1202 1914; x_wconf 88' lang='lat' dir='ltr'>quasi</span> <span class='ocrx_word' id='word_1_207' title='bbox 1232 1843 1437 1915; x_wconf 88' lang='lat' dir='ltr'>lupum</span> <span class='ocrx_word' id='word_1_208' title='bbox 1461 1845 1530 1897; x_wconf 92' lang='lat' dir='ltr'>de</span> <span class='ocrx_word' id='word_1_209' title='bbox 1549 1843 1693 1898; x_wconf 85' lang='lat' dir='ltr'>silva</span> <span class='ocrx_word' id='word_1_210' title='bbox 1716 1843 2022 1907; x_wconf 75' lang='lat' dir='ltr'>mirantur,</span> <span class='ocrx_word' id='word_1_211' title='bbox 2052 1862 2151 1899; x_wconf 90' lang='lat' dir='ltr'>au-</span> <span class='ocrx_word' id='word_1_212' title='bbox 2182 1881 2226 1944; x_wconf 78' lang='grc' dir='ltr'>Β</span> <span class='ocrx_word' id='word_1_213' title='bbox 2260 1847 2460 1897; x_wconf 89' lang='lat' dir='ltr'>natare</span> <span class='ocrx_word' id='word_1_214' title='bbox 2510 1859 2624 1896; x_wconf 91' lang='lat' dir='ltr'>non</span> <span class='ocrx_word' id='word_1_215' title='bbox 2666 1843 2839 1912; x_wconf 89' lang='lat' dir='ltr'>valet,</span> <span class='ocrx_word' id='word_1_216' title='bbox 2877 1844 2955 1898; x_wconf 84' lang='lat' dir='ltr'>ita</span> <span class='ocrx_word' id='word_1_217' title='bbox 2985 1848 3216 1913; x_wconf 90' lang='lat' dir='ltr'>cuncta,</span> <span class='ocrx_word' id='word_1_218' title='bbox 3249 1861 3381 1915; x_wconf 67' lang='lat' dir='ltr'>quae</span> <span class='ocrx_word' id='word_1_219' title='bbox 3432 1843 3652 1914; x_wconf 88' lang='lat' dir='ltr'>scripsit</span> <span class='ocrx_word' id='word_1_220' title='bbox 3692 1846 3865 1897; x_wconf 85' lang='lat' dir='ltr'>contra</span> 
     </span>
    </p>
   </div>
   <div class='ocr_carea' id='block_1_33' title="bbox 500 1930 2143 2004">
    <p class='ocr_par' dir='ltr' id='par_1_33' title="bbox 500 1930 2143 2004">
     <span class='ocr_line' id='line_1_33' title="bbox 500 1930 2143 2004; baseline 0.001 -19"><span class='ocrx_word' id='word_1_221' title='bbox 500 1946 666 1986; x_wconf 90' lang='lat' dir='ltr'>reum</span> <span class='ocrx_word' id='word_1_222' title='bbox 698 1930 948 1986; x_wconf 91' lang='lat' dir='ltr'>colorem</span> <span class='ocrx_word' id='word_1_223' title='bbox 981 1949 1156 2002; x_wconf 85' lang='lat' dir='ltr'>super</span> <span class='ocrx_word' id='word_1_224' title='bbox 1188 1932 1422 2004; x_wconf 85' lang='lat' dir='ltr'>nigrum</span> <span class='ocrx_word' id='word_1_225' title='bbox 1444 1948 1735 1987; x_wconf 84' lang='lat' dir='ltr'>venenum</span> <span class='ocrx_word' id='word_1_226' title='bbox 1768 1949 2143 2004; x_wconf 89' lang='lat' dir='ltr'>componens,</span> 
     </span>
    </p>
   </div>
   <div class='ocr_carea' id='block_1_34' title="bbox 498 2019 2146 2092">
    <p class='ocr_par' dir='ltr' id='par_1_34' title="bbox 498 2019 2146 2092">
     <span class='ocr_line' id='line_1_34' title="bbox 498 2019 2146 2092; baseline 0 -17"><span class='ocrx_word' id='word_1_227' title='bbox 498 2019 720 2076; x_wconf 84' lang='lat' dir='ltr'>fontem</span> <span class='ocrx_word' id='word_1_228' title='bbox 753 2020 981 2077; x_wconf 87' lang='lat' dir='ltr'>dulcem</span> <span class='ocrx_word' id='word_1_229' title='bbox 1014 2019 1185 2092; x_wconf 88' lang='lat' dir='ltr'>primi</span> <span class='ocrx_word' id='word_1_230' title='bbox 1221 2020 1430 2091; x_wconf 87' lang='lat' dir='ltr'>mellis,</span> <span class='ocrx_word' id='word_1_231' title='bbox 1464 2020 1877 2076; x_wconf 85' lang='lat' dir='ltr'>amaritudinis</span> <span class='ocrx_word' id='word_1_232' title='bbox 1910 2020 2146 2075; x_wconf 68' lang='lat' dir='ltr'>malitiae</span> 
     </span>
    </p>
   </div>
   <div class='ocr_carea' id='block_1_35' title="bbox 497 2108 896 2165">
    <p class='ocr_par' dir='ltr' id='par_1_35' title="bbox 497 2108 896 2165">
     <span class='ocr_line' id='line_1_35' title="bbox 497 2108 896 2165; baseline -0.008 0"><span class='ocrx_word' id='word_1_233' title='bbox 497 2108 896 2165; x_wconf 87' lang='lat' dir='ltr'>commiscuit.</span> 
     </span>
    </p>
   </div>
   <div class='ocr_carea' id='block_1_36' title="bbox 570 2197 2145 2269">
    <p class='ocr_par' dir='ltr' id='par_1_36' title="bbox 570 2197 2145 2269">
     <span class='ocr_line' id='line_1_36' title="bbox 570 2197 2145 2269; baseline 0.001 -18"><span class='ocrx_word' id='word_1_234' title='bbox 570 2197 636 2251; x_wconf 87' lang='lat' dir='ltr'>X.</span> <span class='ocrx_word' id='word_1_235' title='bbox 667 2197 1010 2253; x_wconf 87' lang='lat' dir='ltr'>Jovinianus</span> <span class='ocrx_word' id='word_1_236' title='bbox 1041 2198 1173 2253; x_wconf 72' lang='lat' dir='ltr'>laeta</span> <span class='ocrx_word' id='word_1_237' title='bbox 1203 2198 1366 2268; x_wconf 89' lang='lat' dir='ltr'>facie,</span> <span class='ocrx_word' id='word_1_238' title='bbox 1421 2203 1475 2253; x_wconf 90' lang='lat' dir='ltr'>et</span> <span class='ocrx_word' id='word_1_239' title='bbox 1523 2199 1694 2253; x_wconf 90' lang='lat' dir='ltr'>corde</span> <span class='ocrx_word' id='word_1_240' title='bbox 1745 2215 1969 2269; x_wconf 76' lang='lat' dir='ltr'>aspero,</span> <span class='ocrx_word' id='word_1_241' title='bbox 2006 2203 2145 2269; x_wconf 90' lang='lat' dir='ltr'>potu</span> 
     </span>
    </p>
   </div>
   <div class='ocr_carea' id='block_1_37' title="bbox 498 2276 2144 2359">
    <p class='ocr_par' dir='ltr' id='par_1_37' title="bbox 498 2276 2144 2359">
     <span class='ocr_line' id='line_1_37' title="bbox 498 2276 2144 2359; baseline 0.001 -18"><span class='ocrx_word' id='word_1_242' title='bbox 498 2286 841 2343; x_wconf 88' lang='lat' dir='ltr'>dulcissimo</span> <span class='ocrx_word' id='word_1_243' title='bbox 872 2287 1001 2343; x_wconf 83' lang='lat' dir='ltr'>felle</span> <span class='ocrx_word' id='word_1_244' title='bbox 1031 2276 1358 2357; x_wconf 66' lang='lat' dir='ltr'>commist&#39;o,</span> <span class='ocrx_word' id='word_1_245' title='bbox 1393 2286 1611 2343; x_wconf 91' lang='lat' dir='ltr'>multos</span> <span class='ocrx_word' id='word_1_246' title='bbox 1646 2288 1879 2359; x_wconf 76' lang='lat' dir='ltr'>potavit.</span> <span class='ocrx_word' id='word_1_247' title='bbox 1916 2292 1972 2342; x_wconf 90' lang='lat' dir='ltr'>et</span> <span class='ocrx_word' id='word_1_248' title='bbox 2003 2301 2144 2342; x_wconf 87' lang='lat' dir='ltr'>con-</span> 
     </span>
    </p>
   </div>
   <div class='ocr_carea' id='block_1_38' title="bbox 569 2465 1813 2536">
    <p class='ocr_par' dir='ltr' id='par_1_38' title="bbox 569 2465 1813 2536">
     <span class='ocr_line' id='line_1_38' title="bbox 569 2465 1813 2536; baseline -0.001 -16"><span class='ocrx_word' id='word_1_249' title='bbox 569 2465 583 2498; x_wconf 85' lang='grc'>¹</span> <span class='ocrx_word' id='word_1_250' title='bbox 619 2466 782 2534; x_wconf 68' lang='lat' dir='ltr'>Mss,</span> <span class='ocrx_word' id='word_1_251' title='bbox 816 2465 1008 2521; x_wconf 82' lang='lat' dir='ltr'>Gravis</span> <span class='ocrx_word' id='word_1_252' title='bbox 1034 2466 1330 2536; x_wconf 69' lang='lat' dir='ltr'>disputatio</span> <span class='ocrx_word' id='word_1_253' title='bbox 1358 2466 1670 2535; x_wconf 81' lang='lat' dir='ltr'>verborum,</span> <span class='ocrx_word' id='word_1_254' title='bbox 1704 2469 1813 2520; x_wconf 87' lang='lat' dir='ltr'>etc.</span> 
     </span>
    </p>
   </div>
   <div class='ocr_carea' id='block_1_39' title="bbox 2260 1929 3866 2003">
    <p class='ocr_par' dir='ltr' id='par_1_39' title="bbox 2260 1929 3866 2003">
     <span class='ocr_line' id='line_1_39' title="bbox 2260 1929 3866 2003; baseline -0.001 -19"><span class='ocrx_word' id='word_1_255' title='bbox 2260 1930 2593 2002; x_wconf 88' lang='lat' dir='ltr'>Scripturas</span> <span class='ocrx_word' id='word_1_256' title='bbox 2654 1937 2908 2002; x_wconf 86' lang='lat' dir='ltr'>sanctas,</span> <span class='ocrx_word' id='word_1_257' title='bbox 2973 1933 3205 1987; x_wconf 88' lang='lat' dir='ltr'>obstare</span> <span class='ocrx_word' id='word_1_258' title='bbox 3263 1948 3382 1987; x_wconf 90' lang='lat' dir='ltr'>non</span> <span class='ocrx_word' id='word_1_259' title='bbox 3441 1933 3711 2003; x_wconf 86' lang='lat' dir='ltr'>poterant:</span> <span class='ocrx_word' id='word_1_260' title='bbox 3756 1929 3866 1985; x_wconf 89' lang='lat' dir='ltr'>ideo</span> 
     </span>
    </p>
   </div>
   <div class='ocr_carea' id='block_1_40' title="bbox 2260 2020 3397 2097">
    <p class='ocr_par' dir='ltr' id='par_1_40' title="bbox 2260 2020 3397 2097">
     <span class='ocr_line' id='line_1_40' title="bbox 2260 2020 3397 2097; baseline 0.001 -23"><span class='ocrx_word' id='word_1_261' title='bbox 2260 2020 2429 2091; x_wconf 89' lang='lat' dir='ltr'>quasi</span> <span class='ocrx_word' id='word_1_262' title='bbox 2461 2021 2672 2097; x_wconf 86' lang='lat' dir='ltr'>umbra</span> <span class='ocrx_word' id='word_1_263' title='bbox 2703 2036 2875 2075; x_wconf 88' lang='lat' dir='ltr'>secus</span> <span class='ocrx_word' id='word_1_264' title='bbox 2910 2020 3209 2076; x_wconf 83' lang='lat' dir='ltr'>hominem</span> <span class='ocrx_word' id='word_1_265' title='bbox 3236 2026 3397 2076; x_wconf 88' lang='lat' dir='ltr'>sunt.</span> 
     </span>
    </p>
   </div>
   <div class='ocr_carea' id='block_1_41' title="bbox 2331 2109 3677 2183">
    <p class='ocr_par' dir='ltr' id='par_1_41' title="bbox 2331 2109 3677 2183">
     <span class='ocr_line' id='line_1_41' title="bbox 2331 2109 3677 2183; baseline -0.002 -19"><span class='ocrx_word' id='word_1_266' title='bbox 2331 2109 2603 2179; x_wconf 85' lang='lat' dir='ltr'>Hilarius,</span> <span class='ocrx_word' id='word_1_267' title='bbox 2637 2126 2704 2164; x_wconf 82' lang='lat' dir='ltr'>ex</span> <span class='ocrx_word' id='word_1_268' title='bbox 2733 2109 3067 2182; x_wconf 83' lang='lat' dir='ltr'>Hieronymi</span> <span class='ocrx_word' id='word_1_269' title='bbox 3098 2109 3379 2183; x_wconf 86' lang='lat' dir='ltr'>Catalogo</span> <span class='ocrx_word' id='word_1_270' title='bbox 3412 2126 3535 2182; x_wconf 89' lang='lat' dir='ltr'>cap.</span> <span class='ocrx_word' id='word_1_271' title='bbox 3572 2109 3677 2163; x_wconf 86' lang='lat'>100.</span> 
     </span>
    </p>
   </div>
   <div class='ocr_carea' id='block_1_42' title="bbox 2329 2198 3050 2270">
    <p class='ocr_par' dir='ltr' id='par_1_42' title="bbox 2329 2198 3050 2270">
     <span class='ocr_line' id='line_1_42' title="bbox 2329 2198 3050 2270; baseline 0.001 -18"><span class='ocrx_word' id='word_1_272' title='bbox 2329 2198 2636 2267; x_wconf 85' lang='lat' dir='ltr'>Damasus,</span> <span class='ocrx_word' id='word_1_273' title='bbox 2672 2215 2740 2252; x_wconf 79' lang='lat' dir='ltr'>ex</span> <span class='ocrx_word' id='word_1_274' title='bbox 2770 2215 2899 2270; x_wconf 88' lang='lat' dir='ltr'>cap.</span> <span class='ocrx_word' id='word_1_275' title='bbox 2929 2200 3050 2253; x_wconf 88' lang='lat'>103.</span> 
     </span>
    </p>
   </div>
   <div class='ocr_carea' id='block_1_43' title="bbox 2328 2286 3368 2358">
    <p class='ocr_par' dir='ltr' id='par_1_43' title="bbox 2328 2286 3368 2358">
     <span class='ocr_line' id='line_1_43' title="bbox 2328 2286 3368 2358; baseline 0.001 -18"><span class='ocrx_word' id='word_1_276' title='bbox 2328 2286 2640 2358; x_wconf 82' lang='lat' dir='ltr'>Gregorius</span> <span class='ocrx_word' id='word_1_277' title='bbox 2671 2286 2944 2341; x_wconf 87' lang='lat' dir='ltr'>Nazianz.</span> <span class='ocrx_word' id='word_1_278' title='bbox 2978 2303 3044 2342; x_wconf 83' lang='lat' dir='ltr'>ex</span> <span class='ocrx_word' id='word_1_279' title='bbox 3076 2304 3203 2358; x_wconf 90' lang='lat' dir='ltr'>cap.</span> <span class='ocrx_word' id='word_1_280' title='bbox 3240 2289 3368 2342; x_wconf 88' lang='grc'><strong>117.</strong></span> 
     </span>
    </p>
   </div>
   <div class='ocr_carea' id='block_1_44' title="bbox 565 2533 3571 2609">
    <p class='ocr_par' dir='ltr' id='par_1_44' title="bbox 565 2533 3571 2609">
     <span class='ocr_line' id='line_1_44' title="bbox 565 2533 3571 2609; baseline -0 -17"><span class='ocrx_word' id='word_1_281' title='bbox 565 2537 588 2571; x_wconf 87' lang='grc'>²</span> <span class='ocrx_word' id='word_1_282' title='bbox 618 2533 781 2592; x_wconf 87' lang='lat' dir='ltr'>Hunc</span> <span class='ocrx_word' id='word_1_283' title='bbox 806 2533 1145 2607; x_wconf 82' lang='lat' dir='ltr'>Favonium,</span> <span class='ocrx_word' id='word_1_284' title='bbox 1180 2537 1292 2592; x_wconf 88' lang='lat' dir='ltr'>nisi</span> <span class='ocrx_word' id='word_1_285' title='bbox 1324 2533 1664 2609; x_wconf 88' lang='lat' dir='ltr'>corruptum</span> <span class='ocrx_word' id='word_1_286' title='bbox 1696 2553 1906 2593; x_wconf 87' lang='lat' dir='ltr'>nomen</span> <span class='ocrx_word' id='word_1_287' title='bbox 1937 2540 2043 2605; x_wconf 86' lang='lat' dir='ltr'>est,</span> <span class='ocrx_word' id='word_1_288' title='bbox 2079 2537 2233 2609; x_wconf 90' lang='lat' dir='ltr'>apud</span> <span class='ocrx_word' id='word_1_289' title='bbox 2265 2534 2413 2592; x_wconf 90' lang='lat' dir='ltr'>alios</span> <span class='ocrx_word' id='word_1_290' title='bbox 2444 2538 2662 2591; x_wconf 84' lang='lat' dir='ltr'>veteres</span> <span class='ocrx_word' id='word_1_291' title='bbox 2693 2550 2988 2606; x_wconf 87' lang='lat' dir='ltr'>nusquam</span> <span class='ocrx_word' id='word_1_292' title='bbox 3020 2533 3214 2590; x_wconf 88' lang='lat' dir='ltr'>inveni</span> <span class='ocrx_word' id='word_1_293' title='bbox 3244 2534 3571 2592; x_wconf 87' lang='lat' dir='ltr'>laudatum.</span> 
     </span>
    </p>
   </div>
   <div class='ocr_carea' id='block_1_45' title="bbox 1940 2893 2479 2993">
    <p class='ocr_par' dir='ltr' id='par_1_45' title="bbox 1940 2893 2479 2993">
     <span class='ocr_line' id='line_1_45' title="bbox 1940 2893 2479 2993; baseline -0.002 -2"><span class='ocrx_word' id='word_1_294' title='bbox 1940 2893 2479 2993; x_wconf 71' lang='lat' dir='ltr'>INDEX</span> 
     </span>
    </p>
   </div>
   <div class='ocr_carea' id='block_1_46' title="bbox 501 3103 3858 3227">
    <p class='ocr_par' dir='ltr' id='par_1_46' title="bbox 501 3103 3858 3227">
     <span class='ocr_line' id='line_1_46' title="bbox 501 3103 3858 3227; baseline -0.005 -18"><span class='ocrx_word' id='word_1_295' title='bbox 501 3112 1225 3225; x_wconf 81' lang='lat' dir='ltr'>VERBOBUM,</span> <span class='ocrx_word' id='word_1_296' title='bbox 1284 3109 2256 3204; x_wconf 80' lang='lat' dir='ltr'>SENTENTIABUM</span> <span class='ocrx_word' id='word_1_297' title='bbox 2306 3109 2462 3201; x_wconf 92' lang='lat' dir='ltr'>ET</span> <span class='ocrx_word' id='word_1_298' title='bbox 2532 3107 2974 3201; x_wconf 82' lang='lat' dir='ltr'>BERUM</span> <span class='ocrx_word' id='word_1_299' title='bbox 3035 3103 3858 3227; x_wconf 82' lang='lat' dir='ltr'>INSIGNIORUM.</span> 
     </span>
    </p>
   </div>
   <div class='ocr_carea' id='block_1_47' title="bbox 502 3280 3178 3401">
    <p class='ocr_par' dir='ltr' id='par_1_47' title="bbox 502 3280 3178 3401">
     <span class='ocr_line' id='line_1_47' title="bbox 502 3280 3178 3401; baseline -0.002 -11"><span class='ocrx_word' id='word_1_300' title='bbox 502 3280 507 3284; x_wconf 9' lang='grc' dir='ltr'><strong>ι</strong></span> <span class='ocrx_word' id='word_1_301' title='bbox 1225 3316 1446 3401; x_wconf 71' lang='grc' dir='ltr'>ΟυίΕ</span> <span class='ocrx_word' id='word_1_302' title='bbox 1499 3316 1593 3388; x_wconf 88' lang='grc' dir='ltr'>ΙΝ</span> <span class='ocrx_word' id='word_1_303' title='bbox 1649 3316 1914 3389; x_wconf 86' lang='grc' dir='ltr'><strong>ΤΟΜΟ</strong></span> <span class='ocrx_word' id='word_1_304' title='bbox 1970 3315 2408 3388; x_wconf 88' lang='lat' dir='ltr'>SECUNDO</span> <span class='ocrx_word' id='word_1_305' title='bbox 2466 3312 3178 3387; x_wconf 83' lang='lat' dir='ltr'>CONTINENTUR.</span> 
     </span>
    </p>
   </div>
   <div class='ocr_carea' id='block_1_48' title="bbox 1292 3625 1352 3687">
    <p class='ocr_par' dir='ltr' id='par_1_48' title="bbox 1292 3625 1352 3687">
     <span class='ocr_line' id='line_1_48' title="bbox 1292 3625 1352 3687; baseline 0 0"><span class='ocrx_word' id='word_1_306' title='bbox 1292 3625 1352 3687; x_wconf 91' lang='lat' dir='ltr'>A</span> 
     </span>
    </p>
   </div>
   <div class='ocr_carea' id='block_1_49' title="bbox 559 3725 2144 3790">
    <p class='ocr_par' dir='ltr' id='par_1_49' title="bbox 559 3725 2144 3790">
     <span class='ocr_line' id='line_1_49' title="bbox 559 3725 2144 3790; baseline -0.007 -6"><span class='ocrx_word' id='word_1_307' title='bbox 559 3733 773 3784; x_wconf 87' lang='lat' dir='ltr'>Abacuc</span> <span class='ocrx_word' id='word_1_308' title='bbox 798 3728 1070 3781; x_wconf 86' lang='lat' dir='ltr'>Canticum</span> <span class='ocrx_word' id='word_1_309' title='bbox 1102 3740 1208 3790; x_wconf 90' lang='lat' dir='ltr'>quo</span> <span class='ocrx_word' id='word_1_310' title='bbox 1229 3727 1378 3776; x_wconf 85' lang='lat' dir='ltr'>titulo</span> <span class='ocrx_word' id='word_1_311' title='bbox 1397 3725 1723 3790; x_wconf 81' lang='lat' dir='ltr'>inscribitur,</span> <span class='ocrx_word' id='word_1_312' title='bbox 1756 3729 1863 3774; x_wconf 88' lang='lat'>738.</span> <span class='ocrx_word' id='word_1_313' title='bbox 1890 3726 2144 3790; x_wconf 84' lang='lat' dir='ltr'>Loquitur</span> 
     </span>
    </p>
   </div>
   <div class='ocr_carea' id='block_1_50' title="bbox 495 3789 2144 3851">
    <p class='ocr_par' dir='ltr' id='par_1_50' title="bbox 495 3789 2144 3851">
     <span class='ocr_line' id='line_1_50' title="bbox 495 3789 2144 3851; baseline -0.007 -4"><span class='ocrx_word' id='word_1_314' title='bbox 495 3796 753 3847; x_wconf 76' lang='lat' dir='ltr'>audacter</span> <span class='ocrx_word' id='word_1_315' title='bbox 782 3793 846 3842; x_wconf 88' lang='lat' dir='ltr'>ad</span> <span class='ocrx_word' id='word_1_316' title='bbox 870 3789 1172 3846; x_wconf 89' lang='lat' dir='ltr'>Dominum,</span> <span class='ocrx_word' id='word_1_317' title='bbox 1195 3803 1311 3837; x_wconf 84' lang='lat' dir='ltr'>sese</span> <span class='ocrx_word' id='word_1_318' title='bbox 1333 3789 1690 3850; x_wconf 80' lang='lat' dir='ltr'>reprehendit,</span> <span class='ocrx_word' id='word_1_319' title='bbox 1715 3793 1765 3837; x_wconf 87' lang='lat' dir='ltr'>et</span> <span class='ocrx_word' id='word_1_320' title='bbox 1784 3789 1992 3851; x_wconf 80' lang='lat' dir='ltr'>scripsit</span> <span class='ocrx_word' id='word_1_321' title='bbox 2011 3789 2144 3836; x_wconf 88' lang='lat' dir='ltr'>Can-</span> 
     </span>
    </p>
   </div>
   <div class='ocr_carea' id='block_1_51' title="bbox 497 3852 2143 3920">
    <p class='ocr_par' dir='ltr' id='par_1_51' title="bbox 497 3852 2143 3920">
     <span class='ocr_line' id='line_1_51' title="bbox 497 3852 2143 3920; baseline -0.007 -10"><span class='ocrx_word' id='word_1_322' title='bbox 497 3860 659 3909; x_wconf 81' lang='lat' dir='ltr'>ticum</span> <span class='ocrx_word' id='word_1_323' title='bbox 689 3855 1043 3920; x_wconf 68' lang='lat' dir='ltr'>pcenitentize,</span> <span class='ocrx_word' id='word_1_324' title='bbox 1072 3856 1198 3920; x_wconf 76' lang='lat'>739._</span> <span class='ocrx_word' id='word_1_325' title='bbox 1217 3852 1353 3911; x_wconf 86' lang='lat' dir='ltr'>Quid</span> <span class='ocrx_word' id='word_1_326' title='bbox 1384 3852 1716 3920; x_wconf 69' lang='lat' dir='ltr'>deprecatur,</span> <span class='ocrx_word' id='word_1_327' title='bbox 1749 3853 1857 3920; x_wconf 67' lang='lat'>772.</span> <span class='ocrx_word' id='word_1_328' title='bbox 1903 3852 2143 3920; x_wconf 46' lang='lat' dir='ltr'>historia</span> 
     </span>
    </p>
   </div>
   <div class='ocr_carea' id='block_1_52' title="bbox 502 3913 2138 3973">
    <p class='ocr_par' dir='ltr' id='par_1_52' title="bbox 502 3913 2138 3973">
     <span class='ocr_line' id='line_1_52' title="bbox 502 3913 2138 3973; baseline -0.006 -1"><span class='ocrx_word' id='word_1_329' title='bbox 502 3913 715 3972; x_wconf 80' lang='lat' dir='ltr'>Abacuc</span> <span class='ocrx_word' id='word_1_330' title='bbox 745 3918 889 3966; x_wconf 88' lang='lat' dir='ltr'>missi</span> <span class='ocrx_word' id='word_1_331' title='bbox 916 3917 982 3964; x_wconf 87' lang='lat' dir='ltr'>ad</span> <span class='ocrx_word' id='word_1_332' title='bbox 1020 3915 1307 3973; x_wconf 89' lang='lat' dir='ltr'>Danielem,</span> <span class='ocrx_word' id='word_1_333' title='bbox 1358 3928 1468 3963; x_wconf 88' lang='lat' dir='ltr'>non</span> <span class='ocrx_word' id='word_1_334' title='bbox 1498 3914 1768 3963; x_wconf 87' lang='lat' dir='ltr'>invenitur</span> <span class='ocrx_word' id='word_1_335' title='bbox 1814 3914 1869 3961; x_wconf 90' lang='lat' dir='ltr'>in</span> <span class='ocrx_word' id='word_1_336' title='bbox 1901 3913 2138 3971; x_wconf 68' lang='lat' dir='ltr'>Hebraeo,</span> 
     </span>
    </p>
   </div>
   <div class='ocr_carea' id='block_1_53' title="bbox 562 4039 1251 4096">
    <p class='ocr_par' dir='ltr' id='par_1_53' title="bbox 562 4039 1251 4096">
     <span class='ocr_line' id='line_1_53' title="bbox 562 4039 1251 4096; baseline -0.013 -2"><span class='ocrx_word' id='word_1_337' title='bbox 562 4041 857 4096; x_wconf 88' lang='lat' dir='ltr'>Abradotas</span> <span class='ocrx_word' id='word_1_338' title='bbox 886 4039 1108 4096; x_wconf 83' lang='lat' dir='ltr'>occisus,</span> <span class='ocrx_word' id='word_1_339' title='bbox 1141 4040 1251 4087; x_wconf 86' lang='lat'>311.</span> 
     </span>
    </p>
   </div>
   <div class='ocr_carea' id='block_1_54' title="bbox 556 4099 2144 4160">
    <p class='ocr_par' dir='ltr' id='par_1_54' title="bbox 556 4099 2144 4160">
     <span class='ocr_line' id='line_1_54' title="bbox 556 4099 2144 4160; baseline -0.006 -3"><span class='ocrx_word' id='word_1_340' title='bbox 556 4105 821 4157; x_wconf 86' lang='lat' dir='ltr'>Abraham</span> <span class='ocrx_word' id='word_1_341' title='bbox 845 4102 1028 4160; x_wconf 88' lang='lat' dir='ltr'>virtus,</span> <span class='ocrx_word' id='word_1_342' title='bbox 1053 4101 1198 4160; x_wconf 84' lang='lat' dir='ltr'>ﬁdes,</span> <span class='ocrx_word' id='word_1_343' title='bbox 1222 4102 1330 4149; x_wconf 86' lang='lat'>713.</span> <span class='ocrx_word' id='word_1_344' title='bbox 1356 4099 1617 4149; x_wconf 79' lang='lat' dir='ltr'>Abraham</span> <span class='ocrx_word' id='word_1_345' title='bbox 1641 4100 1966 4148; x_wconf 76' lang='lat' dir='ltr'>conscientia</span> <span class='ocrx_word' id='word_1_346' title='bbox 1988 4099 2144 4160; x_wconf 79' lang='lat' dir='ltr'>fragi-</span> 
     </span>
    </p>
   </div>
   <div class='ocr_carea' id='block_1_55' title="bbox 493 4164 2137 4228">
    <p class='ocr_par' dir='ltr' id='par_1_55' title="bbox 493 4164 2137 4228">
     <span class='ocr_line' id='line_1_55' title="bbox 493 4164 2137 4228; baseline -0.007 -8"><span class='ocrx_word' id='word_1_347' title='bbox 493 4170 657 4220; x_wconf 84' lang='lat' dir='ltr'>litatis</span> <span class='ocrx_word' id='word_1_348' title='bbox 686 4182 796 4217; x_wconf 67' lang='lat' dir='ltr'>suze</span> <span class='ocrx_word' id='word_1_349' title='bbox 816 4178 1022 4228; x_wconf 86' lang='lat' dir='ltr'>pronus</span> <span class='ocrx_word' id='word_1_350' title='bbox 1050 4165 1239 4228; x_wconf 82' lang='lat' dir='ltr'>cecidit</span> <span class='ocrx_word' id='word_1_351' title='bbox 1267 4164 1321 4211; x_wconf 90' lang='lat' dir='ltr'>in</span> <span class='ocrx_word' id='word_1_352' title='bbox 1352 4165 1706 4228; x_wconf 81' lang='lat' dir='ltr'>te_rram_._7_96._</span> <span class='ocrx_word' id='word_1_353' title='bbox 1743 4164 1943 4228; x_wconf 67' lang='lat' dir='ltr'>l’utans</span> <span class='ocrx_word' id='word_1_354' title='bbox 1969 4176 2023 4210; x_wconf 89' lang='lat' dir='ltr'>se</span> <span class='ocrx_word' id='word_1_355' title='bbox 2054 4176 2137 4228; x_wconf 55' lang='lat' dir='ltr'>cc:</span> 
     </span>
    </p>
   </div>
   <div class='ocr_carea' id='block_1_56' title="bbox 491 4224 2136 4291">
    <p class='ocr_par' dir='ltr' id='par_1_56' title="bbox 491 4224 2136 4291">
     <span class='ocr_line' id='line_1_56' title="bbox 491 4224 2136 4291; baseline -0.009 -7"><span class='ocrx_word' id='word_1_356' title='bbox 491 4233 604 4284; x_wconf 86' lang='lat' dir='ltr'>lare</span> <span class='ocrx_word' id='word_1_357' title='bbox 628 4234 753 4288; x_wconf 89' lang='lat' dir='ltr'>Deo,</span> <span class='ocrx_word' id='word_1_358' title='bbox 784 4224 963 4291; x_wconf 76' lang='lat' dir='ltr'>aperte</span> <span class='ocrx_word' id='word_1_359' title='bbox 986 4226 1158 4276; x_wconf 89' lang='lat' dir='ltr'>ridere</span> <span class='ocrx_word' id='word_1_360' title='bbox 1181 4239 1287 4275; x_wconf 89' lang='lat' dir='ltr'>non</span> <span class='ocrx_word' id='word_1_361' title='bbox 1312 4226 1491 4291; x_wconf 67' lang='lat' dir='ltr'>audet,</span> <span class='ocrx_word' id='word_1_362' title='bbox 1518 4224 1780 4291; x_wconf 18' lang='lat' dir='ltr'>ibi¢l.ANon</span> <span class='ocrx_word' id='word_1_363' title='bbox 1805 4225 1972 4291; x_wconf 71' lang='lat' dir='ltr'>credit</span> <span class='ocrx_word' id='word_1_364' title='bbox 1992 4224 2136 4291; x_wconf 81' lang='lat' dir='ltr'>quod</span> 
     </span>
    </p>
   </div>
   <div class='ocr_carea' id='block_1_57' title="bbox 492 4286 2133 4356">
    <p class='ocr_par' dir='ltr' id='par_1_57' title="bbox 492 4286 2133 4356">
     <span class='ocr_line' id='line_1_57' title="bbox 492 4286 2133 4356; baseline -0.008 -9"><span class='ocrx_word' id='word_1_365' title='bbox 492 4296 633 4347; x_wconf 87' lang='lat' dir='ltr'>Deus</span> <span class='ocrx_word' id='word_1_366' title='bbox 663 4286 986 4356; x_wconf 71' lang='lat' dir='ltr'>repromisit,</span> <span class='ocrx_word' id='word_1_367' title='bbox 1017 4294 1284 4356; x_wconf 88' lang='lat' dir='ltr'>et_causas</span> <span class='ocrx_word' id='word_1_368' title='bbox 1314 4286 1701 4356; x_wconf 71' lang='lat' dir='ltr'>incredulitatis</span> <span class='ocrx_word' id='word_1_369' title='bbox 1723 4287 1967 4356; x_wconf 68' lang='lat' dir='ltr'>exponit,</span> <span class='ocrx_word' id='word_1_370' title='bbox 2006 4286 2133 4335; x_wconf 71' lang='lat' dir='ltr'>ibid.</span> 
     </span>
    </p>
   </div>
   <div class='ocr_carea' id='block_1_58' title="bbox 488 4348 2137 4422">
    <p class='ocr_par' dir='ltr' id='par_1_58' title="bbox 488 4348 2137 4422">
     <span class='ocr_line' id='line_1_58' title="bbox 488 4348 2137 4422; baseline -0.008 -12"><span class='ocrx_word' id='word_1_371' title='bbox 488 4348 742 4422; x_wconf 72' lang='lat' dir='ltr'>Arguitur</span> <span class='ocrx_word' id='word_1_372' title='bbox 762 4369 792 4403; x_wconf 89' lang='lat' dir='ltr'>a</span> <span class='ocrx_word' id='word_1_373' title='bbox 809 4355 916 4402; x_wconf 89' lang='lat' dir='ltr'>Deo</span> <span class='ocrx_word' id='word_1_374' title='bbox 938 4348 1686 4422; x_wconf 44' lang='lat' dir='ltr'>occultaresi_ionsione,_ibid.</span> <span class='ocrx_word' id='word_1_375' title='bbox 1708 4349 1975 4422; x_wconf 68' lang='lat' dir='ltr'>Abraham</span> <span class='ocrx_word' id='word_1_376' title='bbox 1990 4363 2137 4422; x_wconf 63' lang='lat' dir='ltr'>assc-</span> 
     </span>
    </p>
   </div>
   <div class='ocr_carea' id='block_1_59' title="bbox 490 4410 2138 4480">
    <p class='ocr_par' dir='ltr' id='par_1_59' title="bbox 490 4410 2138 4480">
     <span class='ocr_line' id='line_1_59' title="bbox 490 4410 2138 4480; baseline -0.008 -9"><span class='ocrx_word' id='word_1_377' title='bbox 490 4410 626 4471; x_wconf 62' lang='lat' dir='ltr'>rithr</span> <span class='ocrx_word' id='word_1_378' title='bbox 642 4419 917 4480; x_wconf 85' lang='lat' dir='ltr'>trigamus,</span> <span class='ocrx_word' id='word_1_379' title='bbox 936 4415 1043 4463; x_wconf 86' lang='lat'>268.</span> <span class='ocrx_word' id='word_1_380' title='bbox 1062 4414 1135 4463; x_wconf 89' lang='lat' dir='ltr'>Ad</span> <span class='ocrx_word' id='word_1_381' title='bbox 1138 4413 1156 4475; x_wconf 86' lang='lat' dir='ltr'>j</span> <span class='ocrx_word' id='word_1_382' title='bbox 1167 4410 1281 4480; x_wconf 82' lang='lat' dir='ltr'>urat</span> <span class='ocrx_word' id='word_1_383' title='bbox 1302 4425 1517 4480; x_wconf 63' lang='lat' dir='ltr'>servum</span> <span class='ocrx_word' id='word_1_384' title='bbox 1530 4412 1592 4480; x_wconf 18' lang='lat' dir='ltr'>Ain</span> <span class='ocrx_word' id='word_1_385' title='bbox 1610 4410 1834 4480; x_wconf 61' lang='lat' dir='ltr'>Qhristo,</span> <span class='ocrx_word' id='word_1_386' title='bbox 1854 4414 1959 4460; x_wconf 77' lang='lat'>232.</span> <span class='ocrx_word' id='word_1_387' title='bbox 1978 4412 2138 4480; x_wconf 77' lang='lat' dir='ltr'>Abra-</span> 
     </span>
    </p>
   </div>
   <div class='ocr_carea' id='block_1_60' title="bbox 489 4473 2135 4545">
    <p class='ocr_par' dir='ltr' id='par_1_60' title="bbox 489 4473 2135 4545">
     <span class='ocr_line' id='line_1_60' title="bbox 489 4473 2135 4545; baseline -0.007 -12"><span class='ocrx_word' id='word_1_388' title='bbox 489 4484 614 4533; x_wconf 86' lang='lat' dir='ltr'>ham</span> <span class='ocrx_word' id='word_1_389' title='bbox 646 4473 1268 4545; x_wconf 38' lang='lat' dir='ltr'>ctVSaraarguuuturin</span> <span class='ocrx_word' id='word_1_390' title='bbox 1298 4476 1435 4545; x_wconf 33' lang='lat' dir='ltr'>risu,“</span> <span class='ocrx_word' id='word_1_391' title='bbox 1457 4478 1567 4523; x_wconf 94' lang='lat'>731.</span> <span class='ocrx_word' id='word_1_392' title='bbox 1608 4473 1771 4521; x_wconf 85' lang='lat' dir='ltr'>iidem</span> <span class='ocrx_word' id='word_1_393' title='bbox 1802 4487 1869 4522; x_wconf 81' lang='lat' dir='ltr'>ex</span> <span class='ocrx_word' id='word_1_394' title='bbox 1899 4487 1961 4545; x_wconf 80' lang='lat' dir='ltr'>eo</span> <span class='ocrx_word' id='word_1_395' title='bbox 1992 4474 2135 4545; x_wconf 68' lang='lat' dir='ltr'>quod</span> 
     </span>
    </p>
   </div>
   <div class='ocr_carea' id='block_1_61' title="bbox 490 4535 2133 4608">
    <p class='ocr_par' dir='ltr' id='par_1_61' title="bbox 490 4535 2133 4608">
     <span class='ocr_line' id='line_1_61' title="bbox 490 4535 2133 4608; baseline -0.005 -16"><span class='ocrx_word' id='word_1_396' title='bbox 490 4547 677 4608; x_wconf 79' lang='lat' dir='ltr'>postea</span> <span class='ocrx_word' id='word_1_397' title='bbox 708 4535 1065 4608; x_wconf 66' lang='lat' dir='ltr'>crediderhnt,</span> <span class='ocrx_word' id='word_1_398' title='bbox 1094 4538 1319 4608; x_wconf 74' lang='lat' dir='ltr'>justitiae</span> <span class='ocrx_word' id='word_1_399' title='bbox 1353 4536 1592 4608; x_wconf 45' lang='lat' dir='ltr'>palmam.</span> <span class='ocrx_word' id='word_1_400' title='bbox 1632 4539 1968 4608; x_wconf 53' lang='lat' dir='ltr'>acceperunt,</span> <span class='ocrx_word' id='word_1_401' title='bbox 2006 4535 2133 4584; x_wconf 82' lang='lat' dir='ltr'>ibid.</span> 
     </span>
    </p>
   </div>
   <div class='ocr_carea' id='block_1_62' title="bbox 492 4598 1945 4658">
    <p class='ocr_par' dir='ltr' id='par_1_62' title="bbox 492 4598 1945 4658">
     <span class='ocr_line' id='line_1_62' title="bbox 492 4598 1945 4658; baseline -0.008 -2"><span class='ocrx_word' id='word_1_402' title='bbox 492 4598 763 4658; x_wconf 70' lang='lat' dir='ltr'>Abraham</span> <span class='ocrx_word' id='word_1_403' title='bbox 795 4606 848 4651; x_wconf 89' lang='lat' dir='ltr'>et</span> <span class='ocrx_word' id='word_1_404' title='bbox 876 4602 1051 4650; x_wconf 61' lang='lat' dir='ltr'>caeteri</span> <span class='ocrx_word' id='word_1_405' title='bbox 1086 4598 1193 4648; x_wconf 84' lang='lat' dir='ltr'>non</span> <span class='ocrx_word' id='word_1_406' title='bbox 1225 4600 1322 4647; x_wconf 88' lang='lat' dir='ltr'>sibi</span> <span class='ocrx_word' id='word_1_407' title='bbox 1354 4598 1542 4645; x_wconf 89' lang='lat' dir='ltr'>divites</span> <span class='ocrx_word' id='word_1_408' title='bbox 1570 4598 1806 4657; x_wconf 84' lang='lat' dir='ltr'>fuerunt,</span> <span class='ocrx_word' id='word_1_409' title='bbox 1837 4600 1945 4646; x_wconf 85' lang='lat'>703.</span> 
     </span>
    </p>
   </div>
   <div class='ocr_carea' id='block_1_63' title="bbox 551 4659 2131 4725">
    <p class='ocr_par' dir='ltr' id='par_1_63' title="bbox 551 4659 2131 4725">
     <span class='ocr_line' id='line_1_63' title="bbox 551 4659 2131 4725; baseline -0.008 -6"><span class='ocrx_word' id='word_1_410' title='bbox 551 4667 881 4719; x_wconf 82' lang='lat' dir='ltr'>Abrotanum</span> <span class='ocrx_word' id='word_1_411' title='bbox 912 4676 1054 4725; x_wconf 80' lang='lat' dir='ltr'>aegro</span> <span class='ocrx_word' id='word_1_412' title='bbox 1076 4676 1186 4711; x_wconf 87' lang='lat' dir='ltr'>non</span> <span class='ocrx_word' id='word_1_413' title='bbox 1206 4659 1529 4725; x_wconf 85' lang='lat' dir='ltr'>audet_dare,</span> <span class='ocrx_word' id='word_1_414' title='bbox 1554 4660 1655 4707; x_wconf 87' lang='lat' dir='ltr'>nisi</span> <span class='ocrx_word' id='word_1_415' title='bbox 1678 4660 2000 4725; x_wconf 75' lang='lat' dir='ltr'>quididicit,</span> <span class='ocrx_word' id='word_1_416' title='bbox 2024 4661 2131 4708; x_wconf 80' lang='grc'><strong>472.</strong></span> 
     </span>
    </p>
   </div>
   <div class='ocr_carea' id='block_1_64' title="bbox 550 4723 2132 4782">
    <p class='ocr_par' dir='ltr' id='par_1_64' title="bbox 550 4723 2132 4782">
     <span class='ocr_line' id='line_1_64' title="bbox 550 4723 2132 4782; baseline -0.008 -1"><span class='ocrx_word' id='word_1_417' title='bbox 550 4725 901 4782; x_wconf 63' lang='lat' dir='ltr'>Abstinentiae</span> <span class='ocrx_word' id='word_1_418' title='bbox 932 4723 1135 4774; x_wconf 81' lang='lat' dir='ltr'>bonum</span> <span class='ocrx_word' id='word_1_419' title='bbox 1179 4727 1230 4773; x_wconf 88' lang='lat' dir='ltr'>et</span> <span class='ocrx_word' id='word_1_420' title='bbox 1278 4723 1475 4771; x_wconf 81' lang='lat' dir='ltr'>nmium</span> <span class='ocrx_word' id='word_1_421' title='bbox 1527 4723 1836 4780; x_wconf 87' lang='lat' dir='ltr'>saturitatis,</span> <span class='ocrx_word' id='word_1_422' title='bbox 1881 4726 1988 4780; x_wconf 77' lang='grc'><strong>346,</strong></span> <span class='ocrx_word' id='word_1_423' title='bbox 2022 4725 2132 4771; x_wconf 87' lang='grc'><strong>347.</strong></span> 
     </span>
    </p>
   </div>
   <div class='ocr_carea' id='block_1_65' title="bbox 488 4785 2137 4851">
    <p class='ocr_par' dir='ltr' id='par_1_65' title="bbox 488 4785 2137 4851">
     <span class='ocr_line' id='line_1_65' title="bbox 488 4785 2137 4851; baseline -0.007 -6"><span class='ocrx_word' id='word_1_424' title='bbox 488 4788 767 4845; x_wconf 85' lang='lat' dir='ltr'>Beatitudo</span> <span class='ocrx_word' id='word_1_425' title='bbox 796 4787 1031 4851; x_wconf 84' lang='lat' dir='ltr'>paradisi</span> <span class='ocrx_word' id='word_1_426' title='bbox 1060 4787 1260 4849; x_wconf 88' lang='lat' dir='ltr'>absque</span> <span class='ocrx_word' id='word_1_427' title='bbox 1292 4785 1616 4834; x_wconf 86' lang='lat' dir='ltr'>abstinentia</span> <span class='ocrx_word' id='word_1_428' title='bbox 1655 4785 1756 4833; x_wconf 90' lang='lat' dir='ltr'>cibi</span> <span class='ocrx_word' id='word_1_429' title='bbox 1805 4798 1915 4834; x_wconf 90' lang='lat' dir='ltr'>non</span> <span class='ocrx_word' id='word_1_430' title='bbox 1965 4785 2137 4846; x_wconf 88' lang='lat' dir='ltr'>potuit</span> 
     </span>
    </p>
   </div>
   <div class='ocr_carea' id='block_1_66' title="bbox 490 4854 890 4913">
    <p class='ocr_par' dir='ltr' id='par_1_66' title="bbox 490 4854 890 4913">
     <span class='ocr_line' id='line_1_66' title="bbox 490 4854 890 4913; baseline -0.023 -4"><span class='ocrx_word' id='word_1_431' title='bbox 490 4854 748 4913; x_wconf 89' lang='lat' dir='ltr'>dedicari,</span> <span class='ocrx_word' id='word_1_432' title='bbox 782 4854 890 4902; x_wconf 91' lang='grc'><strong>346.</strong></span> 
     </span>
    </p>
   </div>
   <div class='ocr_carea' id='block_1_67' title="bbox 554 4914 1016 4973">
    <p class='ocr_par' dir='ltr' id='par_1_67' title="bbox 554 4914 1016 4973">
     <span class='ocr_line' id='line_1_67' title="bbox 554 4914 1016 4973; baseline -0.028 -2"><span class='ocrx_word' id='word_1_433' title='bbox 554 4915 875 4973; x_wconf 85' lang='lat' dir='ltr'>Academici,</span> <span class='ocrx_word' id='word_1_434' title='bbox 906 4914 1016 4961; x_wconf 78' lang='lat'>558.</span> 
     </span>
    </p>
   </div>
   <div class='ocr_carea' id='block_1_68' title="bbox 549 4972 1872 5034">
    <p class='ocr_par' dir='ltr' id='par_1_68' title="bbox 549 4972 1872 5034">
     <span class='ocr_line' id='line_1_68' title="bbox 549 4972 1872 5034; baseline -0.011 -1"><span class='ocrx_word' id='word_1_435' title='bbox 549 4978 829 5034; x_wconf 90' lang='lat' dir='ltr'>Accusatio</span> <span class='ocrx_word' id='word_1_436' title='bbox 858 4972 985 5025; x_wconf 75' lang='lat' dir='ltr'>Vera</span> <span class='ocrx_word' id='word_1_437' title='bbox 1013 4978 1198 5022; x_wconf 88' lang='lat' dir='ltr'>contra</span> <span class='ocrx_word' id='word_1_438' title='bbox 1229 4973 1439 5021; x_wconf 83' lang='lat' dir='ltr'>fratrem</span> <span class='ocrx_word' id='word_1_439' title='bbox 1471 4972 1732 5034; x_wconf 85' lang='lat' dir='ltr'>displicet,</span> <span class='ocrx_word' id='word_1_440' title='bbox 1764 4974 1872 5021; x_wconf 79' lang='grc'><strong>467.</strong></span> 
     </span>
    </p>
   </div>
   <div class='ocr_carea' id='block_1_69' title="bbox 552 5034 2130 5097">
    <p class='ocr_par' dir='ltr' id='par_1_69' title="bbox 552 5034 2130 5097">
     <span class='ocr_line' id='line_1_69' title="bbox 552 5034 2130 5097; baseline -0.008 -3"><span class='ocrx_word' id='word_1_441' title='bbox 552 5043 767 5095; x_wconf 77' lang='lat' dir='ltr'>Achaiae</span> <span class='ocrx_word' id='word_1_442' title='bbox 797 5037 1037 5089; x_wconf 73' lang='lat' dir='ltr'>Ecclesite</span> <span class='ocrx_word' id='word_1_443' title='bbox 1057 5035 1297 5097; x_wconf 89' lang='lat' dir='ltr'>pluribus</span> <span class='ocrx_word' id='word_1_444' title='bbox 1316 5034 1608 5084; x_wconf 79' lang='lat' dir='ltr'>hmresibus</span> <span class='ocrx_word' id='word_1_445' title='bbox 1641 5038 1860 5091; x_wconf 64' lang='lat' dir='ltr'>vexatae,</span> <span class='ocrx_word' id='word_1_446' title='bbox 1893 5036 1997 5091; x_wconf 92' lang='lat'>891,</span> <span class='ocrx_word' id='word_1_447' title='bbox 2023 5036 2130 5083; x_wconf 88' lang='lat'>893.</span> 
     </span>
    </p>
   </div>
   <div class='ocr_carea' id='block_1_70' title="bbox 550 5101 1128 5156">
    <p class='ocr_par' dir='ltr' id='par_1_70' title="bbox 550 5101 1128 5156">
     <span class='ocr_line' id='line_1_70' title="bbox 550 5101 1128 5156; baseline -0.017 0"><span class='ocrx_word' id='word_1_448' title='bbox 550 5105 779 5155; x_wconf 79' lang='lat' dir='ltr'>Achilias</span> <span class='ocrx_word' id='word_1_449' title='bbox 805 5102 987 5156; x_wconf 89' lang='lat' dir='ltr'>lector,</span> <span class='ocrx_word' id='word_1_450' title='bbox 1021 5101 1128 5148; x_wconf 89' lang='lat'>193.</span> 
     </span>
    </p>
   </div>
   <div class='ocr_carea' id='block_1_71' title="bbox 556 5158 1860 5219">
    <p class='ocr_par' dir='ltr' id='par_1_71' title="bbox 556 5158 1860 5219">
     <span class='ocr_line' id='line_1_71' title="bbox 556 5158 1860 5219; baseline -0.009 -2"><span class='ocrx_word' id='word_1_451' title='bbox 556 5166 773 5219; x_wconf 86' lang='lat' dir='ltr'>Achillis</span> <span class='ocrx_word' id='word_1_452' title='bbox 801 5162 1036 5214; x_wconf 88' lang='lat' dir='ltr'>tumulus</span> <span class='ocrx_word' id='word_1_453' title='bbox 1065 5161 1131 5209; x_wconf 90' lang='lat' dir='ltr'>ab</span> <span class='ocrx_word' id='word_1_454' title='bbox 1161 5158 1462 5209; x_wconf 79' lang='lat' dir='ltr'>Alexandro</span> <span class='ocrx_word' id='word_1_455' title='bbox 1496 5160 1750 5216; x_wconf 67' lang='lat' dir='ltr'>visitatus,</span> <span class='ocrx_word' id='word_1_456' title='bbox 1786 5160 1860 5207; x_wconf 86' lang='lat'>13.</span> 
     </span>
    </p>
   </div>
   <div class='ocr_carea' id='block_1_72' title="bbox 552 5219 2132 5283">
    <p class='ocr_par' dir='ltr' id='par_1_72' title="bbox 552 5219 2132 5283">
     <span class='ocr_line' id='line_1_72' title="bbox 552 5219 2132 5283; baseline -0.008 -4"><span class='ocrx_word' id='word_1_457' title='bbox 552 5229 763 5280; x_wconf 88' lang='lat' dir='ltr'>Actoria</span> <span class='ocrx_word' id='word_1_458' title='bbox 794 5226 954 5275; x_wconf 68' lang='lat' dir='ltr'>Paula</span> <span class='ocrx_word' id='word_1_459' title='bbox 981 5236 1117 5272; x_wconf 87' lang='lat' dir='ltr'>uxor</span> <span class='ocrx_word' id='word_1_460' title='bbox 1145 5224 1213 5271; x_wconf 84' lang='grc' dir='ltr'>Μ.</span> <span class='ocrx_word' id='word_1_461' title='bbox 1246 5223 1459 5271; x_wconf 85' lang='lat' dir='ltr'>Catonis</span> <span class='ocrx_word' id='word_1_462' title='bbox 1480 5221 1733 5279; x_wconf 85' lang='lat' dir='ltr'>Censorii,</span> <span class='ocrx_word' id='word_1_463' title='bbox 1765 5223 1874 5271; x_wconf 89' lang='lat'>316.</span> <span class='ocrx_word' id='word_1_464' title='bbox 1897 5219 2023 5283; x_wconf 89' lang='lat' dir='ltr'>Ejus</span> <span class='ocrx_word' id='word_1_465' title='bbox 2058 5220 2132 5267; x_wconf 86' lang='lat' dir='ltr'>vi-</span> 
     </span>
    </p>
   </div>
   <div class='ocr_carea' id='block_1_73' title="bbox 493 5290 747 5352">
    <p class='ocr_par' dir='ltr' id='par_1_73' title="bbox 493 5290 747 5352">
     <span class='ocr_line' id='line_1_73' title="bbox 493 5290 747 5352; baseline -0.035 -7"><span class='ocrx_word' id='word_1_466' title='bbox 493 5295 587 5352; x_wconf 88' lang='lat' dir='ltr'>tia,</span> <span class='ocrx_word' id='word_1_467' title='bbox 619 5290 747 5339; x_wconf 83' lang='lat' dir='ltr'>ibid.</span> 
     </span>
    </p>
   </div>
   <div class='ocr_carea' id='block_1_74' title="bbox 552 5344 2133 5412">
    <p class='ocr_par' dir='ltr' id='par_1_74' title="bbox 552 5344 2133 5412">
     <span class='ocr_line' id='line_1_74' title="bbox 552 5344 2133 5412; baseline -0.007 -10"><span class='ocrx_word' id='word_1_468' title='bbox 552 5344 720 5406; x_wconf 74' lang='lat' dir='ltr'>Adam</span> <span class='ocrx_word' id='word_1_469' title='bbox 743 5361 836 5412; x_wconf 87' lang='lat' dir='ltr'>spe</span> <span class='ocrx_word' id='word_1_470' title='bbox 858 5347 1150 5412; x_wconf 81' lang='lat' dir='ltr'>divinitatis</span> <span class='ocrx_word' id='word_1_471' title='bbox 1170 5345 1540 5412; x_wconf 82' lang='lat' dir='ltr'>supplantatus</span> <span class='ocrx_word' id='word_1_472' title='bbox 1558 5348 1749 5412; x_wconf 46' lang='lat' dir='ltr'>c5513.</span> <span class='ocrx_word' id='word_1_473' title='bbox 1768 5344 1931 5412; x_wconf 75' lang='lat' dir='ltr'>Adam</span> <span class='ocrx_word' id='word_1_474' title='bbox 1955 5350 2006 5393; x_wconf 89' lang='lat' dir='ltr'>et</span> <span class='ocrx_word' id='word_1_475' title='bbox 2028 5345 2133 5412; x_wconf 69' lang='lat' dir='ltr'>Eva</span> 
     </span>
    </p>
   </div>
   <div class='ocr_carea' id='block_1_75' title="bbox 488 5409 2129 5482">
    <p class='ocr_par' dir='ltr' id='par_1_75' title="bbox 488 5409 2129 5482">
     <span class='ocr_line' id='line_1_75' title="bbox 488 5409 2129 5482; baseline -0.005 -19"><span class='ocrx_word' id='word_1_476' title='bbox 488 5422 546 5471; x_wconf 81' lang='lat' dir='ltr'>in</span> <span class='ocrx_word' id='word_1_477' title='bbox 576 5409 820 5482; x_wconf 63' lang='lat' dir='ltr'>paradiso</span> <span class='ocrx_word' id='word_1_478' title='bbox 849 5410 1099 5482; x_wconf 56' lang='lat' dir='ltr'>virgines,</span> <span class='ocrx_word' id='word_1_479' title='bbox 1133 5409 1401 5482; x_wconf 62' lang='lat' dir='ltr'>consortio</span> <span class='ocrx_word' id='word_1_480' title='bbox 1434 5409 1641 5457; x_wconf 89' lang='lat' dir='ltr'>Domini</span> <span class='ocrx_word' id='word_1_481' title='bbox 1666 5409 1996 5467; x_wconf 88' lang='lat' dir='ltr'>fruebantur,</span> <span class='ocrx_word' id='word_1_482' title='bbox 2021 5410 2129 5465; x_wconf 74' lang='grc'><strong>241,</strong></span> 
     </span>
    </p>
   </div>
   <div class='ocr_carea' id='block_1_76' title="bbox 489 5471 1264 5535">
    <p class='ocr_par' dir='ltr' id='par_1_76' title="bbox 489 5471 1264 5535">
     <span class='ocr_line' id='line_1_76' title="bbox 489 5471 1264 5535; baseline -0.019 -4"><span class='ocrx_word' id='word_1_483' title='bbox 489 5471 600 5534; x_wconf 71' lang='grc' dir='ltr'><strong>26ὅῖ</strong></span> <span class='ocrx_word' id='word_1_484' title='bbox 632 5471 981 5535; x_wconf 79' lang='lat' dir='ltr'>Monogamus</span> <span class='ocrx_word' id='word_1_485' title='bbox 1009 5471 1122 5525; x_wconf 83' lang='lat' dir='ltr'>fuit,</span> <span class='ocrx_word' id='word_1_486' title='bbox 1157 5473 1264 5519; x_wconf 72' lang='grc'><strong>264.</strong></span> 
     </span>
    </p>
   </div>
   <div class='ocr_carea' id='block_1_77' title="bbox 549 5534 1489 5597">
    <p class='ocr_par' dir='ltr' id='par_1_77' title="bbox 549 5534 1489 5597">
     <span class='ocr_line' id='line_1_77' title="bbox 549 5534 1489 5597; baseline -0.016 -4"><span class='ocrx_word' id='word_1_487' title='bbox 549 5534 1095 5597; x_wconf 50' lang='grc' dir='ltr'>Αᾱιιιῶυέᾳυειηῐιιιῃ</span> <span class='ocrx_word' id='word_1_488' title='bbox 1126 5536 1347 5597; x_wconf 77' lang='lat' dir='ltr'>amatus.</span> <span class='ocrx_word' id='word_1_489' title='bbox 1381 5534 1489 5579; x_wconf 86' lang='lat'>311.</span> 
     </span>
    </p>
   </div>
   <div class='ocr_carea' id='block_1_78' title="bbox 554 5594 1549 5660">
    <p class='ocr_par' dir='ltr' id='par_1_78' title="bbox 554 5594 1549 5660">
     <span class='ocr_line' id='line_1_78' title="bbox 554 5594 1549 5660; baseline -0.011 -7"><span class='ocrx_word' id='word_1_490' title='bbox 554 5594 813 5657; x_wconf 71' lang='lat' dir='ltr'>Adulator</span> <span class='ocrx_word' id='word_1_491' title='bbox 843 5594 1112 5660; x_wconf 64' lang='lat' dir='ltr'>Quomodo</span> <span class='ocrx_word' id='word_1_492' title='bbox 1143 5594 1413 5660; x_wconf 76' lang='lat' dir='ltr'>delinitur,</span> <span class='ocrx_word' id='word_1_493' title='bbox 1442 5597 1549 5643; x_wconf 84' lang='lat'>723.</span> 
     </span>
    </p>
   </div>
   <div class='ocr_carea' id='block_1_79' title="bbox 550 5656 1680 5724">
    <p class='ocr_par' dir='ltr' id='par_1_79' title="bbox 550 5656 1680 5724">
     <span class='ocr_line' id='line_1_79' title="bbox 550 5656 1680 5724; baseline -0.02 -4"><span class='ocrx_word' id='word_1_494' title='bbox 550 5656 769 5720; x_wconf 78' lang='lat' dir='ltr'>Adulari</span> <span class='ocrx_word' id='word_1_495' title='bbox 800 5656 1021 5724; x_wconf 68' lang='lat' dir='ltr'>proprie</span> <span class='ocrx_word' id='word_1_496' title='bbox 1044 5656 1414 5724; x_wconf 69' lang='lat' dir='ltr'>haereticorum</span> <span class='ocrx_word' id='word_1_497' title='bbox 1446 5662 1539 5724; x_wconf 73' lang='lat' dir='ltr'>est,</span> <span class='ocrx_word' id='word_1_498' title='bbox 1572 5659 1680 5724; x_wconf 9' lang='lat'>72,2.</span> 
     </span>
    </p>
   </div>
   <div class='ocr_carea' id='block_1_80' title="bbox 549 5718 1807 5795">
    <p class='ocr_par' dir='ltr' id='par_1_80' title="bbox 549 5718 1807 5795">
     <span class='ocr_line' id='line_1_80' title="bbox 549 5718 1807 5795; baseline -0.01 -14"><span class='ocrx_word' id='word_1_499' title='bbox 549 5718 746 5795; x_wconf 58' lang='grc' dir='ltr'>Βετοὶὶ</span> <span class='ocrx_word' id='word_1_500' title='bbox 775 5718 928 5773; x_wconf 77' lang='lat' dir='ltr'>multi</span> <span class='ocrx_word' id='word_1_501' title='bbox 956 5720 1076 5770; x_wconf 81' lang='lat' dir='ltr'>vitae</span> <span class='ocrx_word' id='word_1_502' title='bbox 1106 5721 1331 5767; x_wconf 89' lang='lat' dir='ltr'>mortem</span> <span class='ocrx_word' id='word_1_503' title='bbox 1360 5718 1667 5779; x_wconf 72' lang='lat' dir='ltr'>praeferunt,</span> <span class='ocrx_word' id='word_1_504' title='bbox 1700 5720 1807 5768; x_wconf 82' lang='grc'><strong>483.</strong></span> 
     </span>
    </p>
   </div>
   <div class='ocr_carea' id='block_1_81' title="bbox 2314 3615 3860 3692">
    <p class='ocr_par' dir='ltr' id='par_1_81' title="bbox 2314 3615 3860 3692">
     <span class='ocr_line' id='line_1_81' title="bbox 2314 3615 3860 3692; baseline 0 -27"><span class='ocrx_word' id='word_1_505' title='bbox 2314 3617 2521 3692; x_wconf 55' lang='grc' dir='ltr'>ᾼΞξξγρῄ</span> <span class='ocrx_word' id='word_1_506' title='bbox 2552 3616 2775 3689; x_wconf 60' lang='lat' dir='ltr'>singulae</span> <span class='ocrx_word' id='word_1_507' title='bbox 2807 3616 3062 3692; x_wconf 40' lang='lat' dir='ltr'>civitates.</span> <span class='ocrx_word' id='word_1_508' title='bbox 3078 3615 3860 3692; x_wconf 54' lang='lat' dir='ltr'>singulasbestiasvenerautgf.</span> 
     </span>
    </p>
   </div>
   <div class='ocr_carea' id='block_1_82' title="bbox 2252 3674 3858 3742">
    <p class='ocr_par' dir='ltr' id='par_1_82' title="bbox 2252 3674 3858 3742">
     <span class='ocr_line' id='line_1_82' title="bbox 2252 3674 3858 3742; baseline -0.006 -13"><span class='ocrx_word' id='word_1_509' title='bbox 2252 3680 2361 3729; x_wconf 86' lang='lat'>335.</span> <span class='ocrx_word' id='word_1_510' title='bbox 2378 3674 2465 3728; x_wconf 45' lang='lat' dir='ltr'>“Ex”</span> <span class='ocrx_word' id='word_1_511' title='bbox 2484 3680 2549 3727; x_wconf 81' lang='lat' dir='ltr'>iis</span> <span class='ocrx_word' id='word_1_512' title='bbox 2575 3674 2796 3727; x_wconf 71' lang='lat' dir='ltr'>nomina</span> <span class='ocrx_word' id='word_1_513' title='bbox 2818 3693 2915 3727; x_wconf 91' lang='lat' dir='ltr'>sua</span> <span class='ocrx_word' id='word_1_514' title='bbox 2935 3674 3251 3742; x_wconf 68' lang='lat' dir='ltr'>sortiuntnr,</span> <span class='ocrx_word' id='word_1_515' title='bbox 3275 3680 3389 3730; x_wconf 87' lang='lat'>336.</span> <span class='ocrx_word' id='word_1_516' title='bbox 3411 3681 3473 3729; x_wconf 85' lang='lat' dir='ltr'>In</span> <span class='ocrx_word' id='word_1_517' title='bbox 3493 3679 3706 3742; x_wconf 68' lang='lat' dir='ltr'>Egypto</span> <span class='ocrx_word' id='word_1_518' title='bbox 3724 3679 3770 3724; x_wconf 86' lang='lat' dir='ltr'>et</span> <span class='ocrx_word' id='word_1_519' title='bbox 3791 3674 3858 3720; x_wconf 85' lang='lat' dir='ltr'>Pa-</span> 
     </span>
    </p>
   </div>
   <div class='ocr_carea' id='block_1_83' title="bbox 2252 3741 3273 3799">
    <p class='ocr_par' dir='ltr' id='par_1_83' title="bbox 2252 3741 3273 3799">
     <span class='ocr_line' id='line_1_83' title="bbox 2252 3741 3273 3799; baseline -0.001 -10"><span class='ocrx_word' id='word_1_520' title='bbox 2252 3742 2458 3791; x_wconf 66' lang='lat' dir='ltr'>laestina</span> <span class='ocrx_word' id='word_1_521' title='bbox 2485 3756 2644 3790; x_wconf 87' lang='lat' dir='ltr'>vacca</span> <span class='ocrx_word' id='word_1_522' title='bbox 2676 3755 2783 3789; x_wconf 87' lang='lat' dir='ltr'>non</span> <span class='ocrx_word' id='word_1_523' title='bbox 2817 3741 3130 3799; x_wconf 71' lang='lat' dir='ltr'>comedztur,</span> <span class='ocrx_word' id='word_1_524' title='bbox 3163 3743 3273 3790; x_wconf 75' lang='grc'><strong>334.</strong></span> 
     </span>
    </p>
   </div>
   <div class='ocr_carea' id='block_1_84' title="bbox 2313 3802 3862 3921">
    <p class='ocr_par' dir='ltr' id='par_1_84' title="bbox 2313 3802 3862 3921">
     <span class='ocr_line' id='line_1_84' title="bbox 2313 3802 3862 3921; baseline -0.006 -61"><span class='ocrx_word' id='word_1_525' title='bbox 2313 3812 2459 3921; x_wconf 54' lang='lat' dir='ltr'>Aetris</span> <span class='ocrx_word' id='word_1_526' title='bbox 2488 3812 2829 3921; x_wconf 49' lang='lat' dir='ltr'>iptemperies</span> <span class='ocrx_word' id='word_1_527' title='bbox 2861 3812 2993 3861; x_wconf 85' lang='lat' dir='ltr'>nihil</span> <span class='ocrx_word' id='word_1_528' title='bbox 3023 3810 3167 3861; x_wconf 90' lang='lat' dir='ltr'>aliud</span> <span class='ocrx_word' id='word_1_529' title='bbox 3194 3815 3394 3874; x_wconf 62' lang='lat' dir='ltr'>praeter</span> <span class='ocrx_word' id='word_1_530' title='bbox 3442 3810 3688 3876; x_wconf 80' lang='lat' dir='ltr'>pudenda</span> <span class='ocrx_word' id='word_1_531' title='bbox 3728 3802 3862 3855; x_wconf 85' lang='lat' dir='ltr'>velari</span> 
     </span>
     <span class='ocr_line' id='line_1_85' title="bbox 2313 3889 2583 3921; baseline 0 0"><span class='ocrx_word' id='word_1_532' title='bbox 2313 3893 2322 3921; x_wconf 87' lang='lat' dir='ltr'>L</span> <span class='ocrx_word' id='word_1_533' title='bbox 2349 3890 2362 3921; x_wconf 85' lang='grc' dir='ltr'>ι</span> <span class='ocrx_word' id='word_1_534' title='bbox 2391 3889 2471 3921; x_wconf 84' lang='lat' dir='ltr'>UI&#39;.</span> <span class='ocrx_word' id='word_1_535' title='bbox 2571 3911 2583 3921; x_wconf 89' lang='lat'>.</span> 
     </span>
    </p>
   </div>
   <div class='ocr_carea' id='block_1_85' title="bbox 2291 3876 2583 3931">
    <p class='ocr_par' dir='ltr' id='par_1_85' title="bbox 2291 3876 2583 3931">
     <span class='ocr_line' id='line_1_86' title="bbox 2291 3876 2583 3931; baseline -0.007 -7"><span class='ocrx_word' id='word_1_536' title='bbox 2291 3876 2471 3931; x_wconf 86' lang='lat' dir='ltr'>atitur,</span> <span class='ocrx_word' id='word_1_537' title='bbox 2504 3876 2583 3922; x_wconf 77' lang='grc'>44.</span> 
     </span>
    </p>
   </div>
   <div class='ocr_carea' id='block_1_86' title="bbox 2254 3889 2865 3994">
    <p class='ocr_par' dir='ltr' id='par_1_86' title="bbox 2254 3889 2865 3994">
     <span class='ocr_line' id='line_1_87' title="bbox 2254 3889 2583 3937; baseline -0.006 -13"><span class='ocrx_word' id='word_1_538' title='bbox 2254 3889 2471 3937; x_wconf 80' lang='lat' dir='ltr'>patitur,</span> <span class='ocrx_word' id='word_1_539' title='bbox 2504 3889 2583 3922; x_wconf 68' lang='lat' dir='ltr'>In.</span> 
     </span>
     <span class='ocr_line' id='line_1_88' title="bbox 2317 3936 2865 3994; baseline -0.005 -7"><span class='ocrx_word' id='word_1_540' title='bbox 2317 3938 2459 3987; x_wconf 90' lang='lat' dir='ltr'>Acrii</span> <span class='ocrx_word' id='word_1_541' title='bbox 2488 3936 2724 3994; x_wconf 69' lang='lat' dir='ltr'>haeresis,</span> <span class='ocrx_word' id='word_1_542' title='bbox 2756 3938 2865 3985; x_wconf 87' lang='grc'><strong>416.</strong></span> 
     </span>
    </p>
   </div>
   <div class='ocr_carea' id='block_1_87' title="bbox 2312 3989 3862 4061">
    <p class='ocr_par' dir='ltr' id='par_1_87' title="bbox 2312 3989 3862 4061">
     <span class='ocr_line' id='line_1_89' title="bbox 2312 3989 3862 4061; baseline -0.004 -13"><span class='ocrx_word' id='word_1_543' title='bbox 2312 4001 2398 4048; x_wconf 61' lang='lat' dir='ltr'>[Es</span> <span class='ocrx_word' id='word_1_544' title='bbox 2427 4000 2678 4061; x_wconf 82' lang='lat' dir='ltr'>Cyprium</span> <span class='ocrx_word' id='word_1_545' title='bbox 2712 3989 2776 4046; x_wconf 81' lang='lat' dir='ltr'>in</span> <span class='ocrx_word' id='word_1_546' title='bbox 2809 4011 2915 4060; x_wconf 91' lang='lat' dir='ltr'>quo</span> <span class='ocrx_word' id='word_1_547' title='bbox 2947 3998 3130 4059; x_wconf 68' lang='lat' dir='ltr'>ﬁgurae</span> <span class='ocrx_word' id='word_1_548' title='bbox 3181 4001 3513 4059; x_wconf 67' lang='lat' dir='ltr'>portentosa:</span> <span class='ocrx_word' id='word_1_549' title='bbox 3557 3995 3775 4061; x_wconf 57' lang='lat' dir='ltr'>sculpta),</span> <span class='ocrx_word' id='word_1_550' title='bbox 3800 3989 3862 4038; x_wconf 82' lang='lat'>23-</span> 
     </span>
    </p>
   </div>
   <div class='ocr_carea' id='block_1_88' title="bbox 2309 4013 3786 4124">
    <p class='ocr_par' dir='ltr' id='par_1_88' title="bbox 2309 4013 3786 4124">
     <span class='ocr_line' id='line_1_90' title="bbox 2312 4013 3775 4061; baseline -0.003 -13"><span class='ocrx_word' id='word_1_551' title='bbox 2312 4013 2398 4048; x_wconf 64' lang='lat' dir='ltr'>1m</span> <span class='ocrx_word' id='word_1_552' title='bbox 2427 4013 2462 4048; x_wconf 75' lang='grc' dir='ltr'>υ</span> <span class='ocrx_word' id='word_1_553' title='bbox 2504 4013 2678 4061; x_wconf 79' lang='lat' dir='ltr'>prium</span> <span class='ocrx_word' id='word_1_554' title='bbox 2720 4013 2776 4046; x_wconf 85' lang='lat' dir='ltr'>1n</span> <span class='ocrx_word' id='word_1_555' title='bbox 2809 4013 2915 4060; x_wconf 91' lang='lat' dir='ltr'>quo</span> <span class='ocrx_word' id='word_1_556' title='bbox 2947 4013 3130 4059; x_wconf 69' lang='lat' dir='ltr'>ngurze</span> <span class='ocrx_word' id='word_1_557' title='bbox 3181 4013 3513 4059; x_wconf 68' lang='lat' dir='ltr'>portentosa:</span> <span class='ocrx_word' id='word_1_558' title='bbox 3557 4013 3775 4058; x_wconf 73' lang='lat' dir='ltr'>sculpue,</span> 
     </span>
     <span class='ocr_line' id='line_1_91' title="bbox 2309 4013 3786 4124; baseline -0.005 -13"><span class='ocrx_word' id='word_1_559' title='bbox 2309 4013 2659 4123; x_wconf 51' lang='lat' dir='ltr'>Escui&#39;apius,</span> <span class='ocrx_word' id='word_1_560' title='bbox 2693 4063 2803 4108; x_wconf 79' lang='lat'>622.</span> <span class='ocrx_word' id='word_1_561' title='bbox 2834 4060 3116 4122; x_wconf 62' lang='lat' dir='ltr'>Aﬁsculapii</span> <span class='ocrx_word' id='word_1_562' title='bbox 3143 4065 3297 4124; x_wconf 78' lang='lat' dir='ltr'>vates</span> <span class='ocrx_word' id='word_1_563' title='bbox 3326 4060 3651 4124; x_wconf 73' lang='lat' dir='ltr'>interrogati,</span> <span class='ocrx_word' id='word_1_564' title='bbox 3680 4057 3750 4124; x_wconf 76' lang='grc'><strong>23.</strong></span> <span class='ocrx_word' id='word_1_565' title='bbox 3776 4115 3786 4124; x_wconf 37' lang='grc'><strong>⁸</strong></span> 
     </span>
    </p>
   </div>
   <div class='ocr_carea' id='block_1_89' title="bbox 2310 4121 3859 4181">
    <p class='ocr_par' dir='ltr' id='par_1_89' title="bbox 2310 4121 3859 4181">
     <span class='ocr_line' id='line_1_92' title="bbox 2310 4121 3859 4181; baseline -0.008 -8"><span class='ocrx_word' id='word_1_566' title='bbox 2310 4126 2495 4174; x_wconf 65' lang='lat' dir='ltr'>ditatis</span> <span class='ocrx_word' id='word_1_567' title='bbox 2516 4121 2647 4173; x_wconf 84' lang='lat' dir='ltr'>ordo</span> <span class='ocrx_word' id='word_1_568' title='bbox 2669 4121 3091 4181; x_wconf 76' lang='lat' dir='ltr'>commendatur,</span> <span class='ocrx_word' id='word_1_569' title='bbox 3113 4125 3221 4173; x_wconf 87' lang='lat'>279.</span> <span class='ocrx_word' id='word_1_570' title='bbox 3247 4121 3389 4180; x_wconf 89' lang='lat' dir='ltr'>Quid</span> <span class='ocrx_word' id='word_1_571' title='bbox 3410 4121 3603 4172; x_wconf 83' lang='lat' dir='ltr'>dicitur</span> <span class='ocrx_word' id='word_1_572' title='bbox 3621 4121 3681 4170; x_wconf 88' lang='lat' dir='ltr'>de</span> <span class='ocrx_word' id='word_1_573' title='bbox 3701 4121 3859 4168; x_wconf 87' lang='lat' dir='ltr'>utrius-</span> 
     </span>
    </p>
   </div>
   <div class='ocr_carea' id='block_1_90' title="bbox 2246 4186 3128 4249">
    <p class='ocr_par' dir='ltr' id='par_1_90' title="bbox 2246 4186 3128 4249">
     <span class='ocr_line' id='line_1_93' title="bbox 2246 4186 3128 4249; baseline -0.002 -14"><span class='ocrx_word' id='word_1_574' title='bbox 2246 4201 2350 4249; x_wconf 84' lang='lat' dir='ltr'>que</span> <span class='ocrx_word' id='word_1_575' title='bbox 2384 4200 2541 4235; x_wconf 77' lang='lat' dir='ltr'>sexus</span> <span class='ocrx_word' id='word_1_576' title='bbox 2571 4190 2725 4233; x_wconf 74' lang='lat' dir='ltr'>mtate</span> <span class='ocrx_word' id='word_1_577' title='bbox 2760 4186 2985 4239; x_wconf 76' lang='lat' dir='ltr'>diversa,</span> <span class='ocrx_word' id='word_1_578' title='bbox 3018 4187 3128 4235; x_wconf 82' lang='grc'><strong>789.</strong></span> 
     </span>
    </p>
   </div>
   <div class='ocr_carea' id='block_1_91' title="bbox 2308 4251 3859 4318">
    <p class='ocr_par' dir='ltr' id='par_1_91' title="bbox 2308 4251 3859 4318">
     <span class='ocr_line' id='line_1_94' title="bbox 2308 4251 3859 4318; baseline -0.005 -13"><span class='ocrx_word' id='word_1_579' title='bbox 2308 4257 2415 4305; x_wconf 85' lang='lat' dir='ltr'>Afri</span> <span class='ocrx_word' id='word_1_580' title='bbox 2446 4256 2654 4305; x_wconf 88' lang='lat' dir='ltr'>lacertis</span> <span class='ocrx_word' id='word_1_581' title='bbox 2688 4255 2941 4303; x_wconf 84' lang='lat' dir='ltr'>viridibvs</span> <span class='ocrx_word' id='word_1_582' title='bbox 2971 4256 3109 4303; x_wconf 85' lang='lat' dir='ltr'>vesci</span> <span class='ocrx_word' id='word_1_583' title='bbox 3132 4255 3326 4315; x_wconf 88' lang='lat' dir='ltr'>solent,</span> <span class='ocrx_word' id='word_1_584' title='bbox 3349 4258 3460 4306; x_wconf 88' lang='grc'><strong>334.</strong></span> <span class='ocrx_word' id='word_1_585' title='bbox 3485 4257 3556 4305; x_wconf 87' lang='lat' dir='ltr'>De</span> <span class='ocrx_word' id='word_1_586' title='bbox 3573 4254 3693 4318; x_wconf 76' lang='lat' dir='ltr'>Afro</span> <span class='ocrx_word' id='word_1_587' title='bbox 3709 4251 3859 4318; x_wconf 65' lang='lat' dir='ltr'>Grani-</span> 
     </span>
    </p>
   </div>
   <div class='ocr_carea' id='block_1_92' title="bbox 2248 4313 3859 4382">
    <p class='ocr_par' dir='ltr' id='par_1_92' title="bbox 2248 4313 3859 4382">
     <span class='ocr_line' id='line_1_95' title="bbox 2248 4313 3859 4382; baseline -0.003 -13"><span class='ocrx_word' id='word_1_588' title='bbox 2248 4320 2438 4369; x_wconf 88' lang='lat' dir='ltr'>matico</span> <span class='ocrx_word' id='word_1_589' title='bbox 2470 4318 2597 4381; x_wconf 91' lang='lat' dir='ltr'>quid</span> <span class='ocrx_word' id='word_1_590' title='bbox 2627 4318 2870 4370; x_wconf 86' lang='lat' dir='ltr'>refertur.</span> <span class='ocrx_word' id='word_1_591' title='bbox 2903 4320 3011 4367; x_wconf 86' lang='lat'>556.</span> <span class='ocrx_word' id='word_1_592' title='bbox 3058 4320 3196 4382; x_wconf 79' lang='lat' dir='ltr'>Ager</span> <span class='ocrx_word' id='word_1_593' title='bbox 3214 4313 3465 4382; x_wconf 71' lang='lat' dir='ltr'>irriguos</span> <span class='ocrx_word' id='word_1_594' title='bbox 3512 4320 3564 4368; x_wconf 89' lang='lat' dir='ltr'>et</span> <span class='ocrx_word' id='word_1_595' title='bbox 3590 4313 3859 4377; x_wconf 66' lang='lat' dir='ltr'>voluptatis.</span> 
     </span>
    </p>
   </div>
   <div class='ocr_carea' id='block_1_93' title="bbox 2245 4379 3447 4443">
    <p class='ocr_par' dir='ltr' id='par_1_93' title="bbox 2245 4379 3447 4443">
     <span class='ocr_line' id='line_1_96' title="bbox 2245 4379 3447 4443; baseline -0.002 -10"><span class='ocrx_word' id='word_1_596' title='bbox 2245 4385 2354 4433; x_wconf 90' lang='lat'>337.</span> <span class='ocrx_word' id='word_1_597' title='bbox 2386 4379 3014 4443; x_wconf 65' lang='lat' dir='ltr'>Nemosecurusagrum</span> <span class='ocrx_word' id='word_1_598' title='bbox 3049 4379 3307 4443; x_wconf 86' lang='lat' dir='ltr'>possidet,</span> <span class='ocrx_word' id='word_1_599' title='bbox 3332 4379 3447 4432; x_wconf 66' lang='lat'>196.</span> 
     </span>
    </p>
   </div>
   <div class='ocr_carea' id='block_1_94' title="bbox 2310 4442 3409 4504">
    <p class='ocr_par' dir='ltr' id='par_1_94' title="bbox 2310 4442 3409 4504">
     <span class='ocr_line' id='line_1_97' title="bbox 2310 4442 3409 4504; baseline -0.003 -10"><span class='ocrx_word' id='word_1_600' title='bbox 2310 4444 2521 4504; x_wconf 78' lang='lat' dir='ltr'>Agnitio</span> <span class='ocrx_word' id='word_1_601' title='bbox 2553 4442 2605 4490; x_wconf 91' lang='lat' dir='ltr'>in</span> <span class='ocrx_word' id='word_1_602' title='bbox 2637 4456 2744 4504; x_wconf 83' lang='lat' dir='ltr'>quo</span> <span class='ocrx_word' id='word_1_603' title='bbox 2775 4442 2950 4490; x_wconf 78' lang='lat' dir='ltr'>differt</span> <span class='ocrx_word' id='word_1_604' title='bbox 2979 4458 3008 4490; x_wconf 91' lang='lat' dir='ltr'>a</span> <span class='ocrx_word' id='word_1_605' title='bbox 3034 4444 3271 4503; x_wconf 87' lang='lat' dir='ltr'>notione,</span> <span class='ocrx_word' id='word_1_606' title='bbox 3298 4445 3409 4500; x_wconf 88' lang='grc'><strong>614,</strong></span> 
     </span>
    </p>
   </div>
   <div class='ocr_carea' id='block_1_95' title="bbox 2310 4458 3401 4562">
    <p class='ocr_par' dir='ltr' id='par_1_95' title="bbox 2310 4458 3401 4562">
     <span class='ocr_line' id='line_1_98' title="bbox 2310 4458 3401 4504; baseline -0.003 -10"><span class='ocrx_word' id='word_1_607' title='bbox 2310 4458 2351 4494; x_wconf 72' lang='grc' dir='ltr'>Α</span> <span class='ocrx_word' id='word_1_608' title='bbox 2390 4458 2521 4491; x_wconf 82' lang='grc' dir='ltr'>Πιιιο</span> <span class='ocrx_word' id='word_1_609' title='bbox 2553 4458 2605 4490; x_wconf 85' lang='lat' dir='ltr'>1n</span> <span class='ocrx_word' id='word_1_610' title='bbox 2637 4458 2744 4504; x_wconf 82' lang='lat' dir='ltr'>quo</span> <span class='ocrx_word' id='word_1_611' title='bbox 2775 4458 2950 4490; x_wconf 70' lang='grc' dir='ltr'>(ΠΠΘΓῙ.</span> <span class='ocrx_word' id='word_1_612' title='bbox 2979 4458 3008 4490; x_wconf 76' lang='grc'>0.</span> <span class='ocrx_word' id='word_1_613' title='bbox 3034 4458 3271 4503; x_wconf 75' lang='grc' dir='ltr'>ιιοιιοηθ,</span> <span class='ocrx_word' id='word_1_614' title='bbox 3298 4458 3401 4500; x_wconf 36' lang='grc'><strong>614.</strong></span> 
     </span>
     <span class='ocr_line' id='line_1_99' title="bbox 2310 4458 3401 4562; baseline -0.002 -7"><span class='ocrx_word' id='word_1_615' title='bbox 2310 4458 2420 4555; x_wconf 55' lang='grc' dir='ltr'>Αῇθ.</span> <span class='ocrx_word' id='word_1_616' title='bbox 2452 4506 2576 4555; x_wconf 89' lang='lat' dir='ltr'>urbs</span> <span class='ocrx_word' id='word_1_617' title='bbox 2608 4504 2893 4552; x_wconf 88' lang='lat' dir='ltr'>imminens</span> <span class='ocrx_word' id='word_1_618' title='bbox 2924 4505 3054 4553; x_wconf 88' lang='lat' dir='ltr'>mari</span> <span class='ocrx_word' id='word_1_619' title='bbox 3085 4505 3289 4562; x_wconf 82' lang='lat' dir='ltr'>Rubro,</span> <span class='ocrx_word' id='word_1_620' title='bbox 3320 4508 3401 4553; x_wconf 88' lang='lat'>21.</span> 
     </span>
    </p>
   </div>
   <div class='ocr_carea' id='block_1_96' title="bbox 2305 4558 3860 4630">
    <p class='ocr_par' dir='ltr' id='par_1_96' title="bbox 2305 4558 3860 4630">
     <span class='ocr_line' id='line_1_100' title="bbox 2305 4558 3860 4630; baseline -0.003 -13"><span class='ocrx_word' id='word_1_621' title='bbox 2305 4569 2530 4618; x_wconf 86' lang='lat' dir='ltr'>Albinus</span> <span class='ocrx_word' id='word_1_622' title='bbox 2560 4581 2837 4616; x_wconf 78' lang='lat' dir='ltr'>successor</span> <span class='ocrx_word' id='word_1_623' title='bbox 2863 4568 3001 4630; x_wconf 75' lang='lat' dir='ltr'>Festi</span> <span class='ocrx_word' id='word_1_624' title='bbox 3033 4567 3085 4615; x_wconf 90' lang='lat' dir='ltr'>in</span> <span class='ocrx_word' id='word_1_625' title='bbox 3115 4558 3509 4630; x_wconf 80' lang='lat' dir='ltr'>gubernatione</span> <span class='ocrx_word' id='word_1_626' title='bbox 3535 4558 3860 4630; x_wconf 44' lang='lat' dir='ltr'>Judaztejjiilc</span> 
     </span>
    </p>
   </div>
   <div class='ocr_carea' id='block_1_97' title="bbox 2305 4623 3811 4692">
    <p class='ocr_par' dir='ltr' id='par_1_97' title="bbox 2305 4623 3811 4692">
     <span class='ocr_line' id='line_1_101' title="bbox 2305 4623 3811 4692; baseline -0.005 -12"><span class='ocrx_word' id='word_1_627' title='bbox 2305 4631 2537 4680; x_wconf 87' lang='lat' dir='ltr'>Alcestin</span> <span class='ocrx_word' id='word_1_628' title='bbox 2569 4630 2735 4678; x_wconf 91' lang='lat' dir='ltr'>fertur</span> <span class='ocrx_word' id='word_1_629' title='bbox 2760 4644 2854 4692; x_wconf 87' lang='lat' dir='ltr'>pro</span> <span class='ocrx_word' id='word_1_630' title='bbox 2886 4623 3335 4692; x_wconf 46' lang='lat' dir='ltr'>Admetovspoute</span> <span class='ocrx_word' id='word_1_631' title='bbox 3373 4629 3688 4683; x_wconf 88' lang='lat' dir='ltr'>defunctam,</span> <span class='ocrx_word' id='word_1_632' title='bbox 3717 4623 3811 4692; x_wconf 69' lang='lat'>311.</span> 
     </span>
    </p>
   </div>
   <div class='ocr_carea' id='block_1_98' title="bbox 2307 4684 3861 4754">
    <p class='ocr_par' dir='ltr' id='par_1_98' title="bbox 2307 4684 3861 4754">
     <span class='ocr_line' id='line_1_102' title="bbox 2307 4684 3861 4754; baseline -0.01 -12"><span class='ocrx_word' id='word_1_633' title='bbox 2307 4692 2627 4748; x_wconf 86' lang='lat' dir='ltr'>Alcibiades,</span> <span class='ocrx_word' id='word_1_634' title='bbox 2661 4684 2775 4741; x_wconf 75' lang='grc' dir='ltr'><strong>241ῖ</strong></span> <span class='ocrx_word' id='word_1_635' title='bbox 2800 4694 2843 4741; x_wconf 89' lang='lat' dir='ltr'>A</span> <span class='ocrx_word' id='word_1_636' title='bbox 2873 4705 2978 4754; x_wconf 90' lang='lat' dir='ltr'>quo</span> <span class='ocrx_word' id='word_1_637' title='bbox 3008 4684 3229 4750; x_wconf 71' lang='lat' dir='ltr'>occisus,</span> <span class='ocrx_word' id='word_1_638' title='bbox 3248 4693 3363 4742; x_wconf 87' lang='grc'><strong>311.</strong></span> <span class='ocrx_word' id='word_1_639' title='bbox 3392 4692 3558 4741; x_wconf 91' lang='lat' dir='ltr'>Amor</span> <span class='ocrx_word' id='word_1_640' title='bbox 3585 4684 3861 4740; x_wconf 72' lang='lat' dir='ltr'>concubinis</span> 
     </span>
    </p>
   </div>
   <div class='ocr_carea' id='block_1_99' title="bbox 2246 4753 2663 4813">
    <p class='ocr_par' dir='ltr' id='par_1_99' title="bbox 2246 4753 2663 4813">
     <span class='ocr_line' id='line_1_103' title="bbox 2246 4753 2663 4813; baseline -0.014 -6"><span class='ocrx_word' id='word_1_641' title='bbox 2246 4759 2303 4807; x_wconf 90' lang='lat' dir='ltr'>in</span> <span class='ocrx_word' id='word_1_642' title='bbox 2330 4756 2495 4813; x_wconf 89' lang='lat' dir='ltr'>illum,</span> <span class='ocrx_word' id='word_1_643' title='bbox 2528 4753 2663 4803; x_wconf 84' lang='lat' dir='ltr'>ibid.</span> 
     </span>
    </p>
   </div>
   <div class='ocr_carea' id='block_1_100' title="bbox 2305 4815 3081 4868">
    <p class='ocr_par' dir='ltr' id='par_1_100' title="bbox 2305 4815 3081 4868">
     <span class='ocr_line' id='line_1_104' title="bbox 2305 4815 3081 4868; baseline -0.003 -1"><span class='ocrx_word' id='word_1_644' title='bbox 2305 4818 2568 4868; x_wconf 65' lang='lat' dir='ltr'>Alcmenae</span> <span class='ocrx_word' id='word_1_645' title='bbox 2602 4815 2940 4865; x_wconf 86' lang='lat' dir='ltr'>adulterium.</span> <span class='ocrx_word' id='word_1_646' title='bbox 2973 4818 3081 4865; x_wconf 91' lang='lat'>397.</span> 
     </span>
    </p>
   </div>
   <div class='ocr_carea' id='block_1_101' title="bbox 2303 4873 3858 4941">
    <p class='ocr_par' dir='ltr' id='par_1_101' title="bbox 2303 4873 3858 4941">
     <span class='ocr_line' id='line_1_105' title="bbox 2303 4873 3858 4941; baseline -0.009 -12"><span class='ocrx_word' id='word_1_647' title='bbox 2303 4880 2607 4929; x_wconf 81' lang='lat' dir='ltr'>Alexander</span> <span class='ocrx_word' id='word_1_648' title='bbox 2635 4880 2878 4941; x_wconf 81' lang='lat' dir='ltr'>Magnus,</span> <span class='ocrx_word' id='word_1_649' title='bbox 2912 4881 3019 4941; x_wconf 82' lang='grc'><strong>567.</strong></span> <span class='ocrx_word' id='word_1_650' title='bbox 3050 4877 3350 4927; x_wconf 82' lang='lat' dir='ltr'>Alexander</span> <span class='ocrx_word' id='word_1_651' title='bbox 3387 4876 3520 4941; x_wconf 87' lang='lat' dir='ltr'>quid</span> <span class='ocrx_word' id='word_1_652' title='bbox 3549 4873 3734 4924; x_wconf 84' lang='lat' dir='ltr'>dixisse</span> <span class='ocrx_word' id='word_1_653' title='bbox 3759 4878 3858 4918; x_wconf 83' lang='lat' dir='ltr'>nar-</span> 
     </span>
    </p>
   </div>
   <div class='ocr_carea' id='block_1_102' title="bbox 2244 4940 3149 4999">
    <p class='ocr_par' dir='ltr' id='par_1_102' title="bbox 2244 4940 3149 4999">
     <span class='ocr_line' id='line_1_106' title="bbox 2244 4940 3149 4999; baseline -0.004 -6"><span class='ocrx_word' id='word_1_654' title='bbox 2244 4948 2392 4993; x_wconf 90' lang='lat' dir='ltr'>ratur</span> <span class='ocrx_word' id='word_1_655' title='bbox 2423 4943 2490 4992; x_wconf 92' lang='lat' dir='ltr'>ad</span> <span class='ocrx_word' id='word_1_656' title='bbox 2513 4940 2743 4992; x_wconf 78' lang='lat' dir='ltr'>Achillis</span> <span class='ocrx_word' id='word_1_657' title='bbox 2758 4940 3041 4999; x_wconf 84' lang='lat' dir='ltr'>tumulum,</span> <span class='ocrx_word' id='word_1_658' title='bbox 3075 4941 3149 4989; x_wconf 88' lang='grc'>13.</span> 
     </span>
    </p>
   </div>
   <div class='ocr_carea' id='block_1_103' title="bbox 2307 4999 3856 5066">
    <p class='ocr_par' dir='ltr' id='par_1_103' title="bbox 2307 4999 3856 5066">
     <span class='ocr_line' id='line_1_107' title="bbox 2307 4999 3856 5066; baseline -0.007 -11"><span class='ocrx_word' id='word_1_659' title='bbox 2307 5006 2607 5056; x_wconf 80' lang='lat' dir='ltr'>Alexander</span> <span class='ocrx_word' id='word_1_660' title='bbox 2632 5002 2869 5066; x_wconf 88' lang='lat' dir='ltr'>Aphrod.</span> <span class='ocrx_word' id='word_1_661' title='bbox 2913 5002 3207 5066; x_wconf 80' lang='lat' dir='ltr'>Aristotelis</span> <span class='ocrx_word' id='word_1_662' title='bbox 3252 5001 3529 5052; x_wconf 88' lang='lat' dir='ltr'>volumina</span> <span class='ocrx_word' id='word_1_663' title='bbox 3566 4999 3856 5051; x_wconf 69' lang='lat' dir='ltr'>edisset-eus.</span> 
     </span>
    </p>
   </div>
   <div class='ocr_carea' id='block_1_104' title="bbox 2245 5064 3194 5129">
    <p class='ocr_par' dir='ltr' id='par_1_104' title="bbox 2245 5064 3194 5129">
     <span class='ocr_line' id='line_1_108' title="bbox 2245 5064 3194 5129; baseline -0.005 -11"><span class='ocrx_word' id='word_1_664' title='bbox 2245 5070 2351 5119; x_wconf 89' lang='grc'><strong>476.</strong></span> <span class='ocrx_word' id='word_1_665' title='bbox 2382 5064 2763 5117; x_wconf 80' lang='lat' dir='ltr'>Commentarii</span> <span class='ocrx_word' id='word_1_666' title='bbox 2793 5064 3050 5129; x_wconf 86' lang='lat' dir='ltr'>ejusdem,</span> <span class='ocrx_word' id='word_1_667' title='bbox 3085 5068 3194 5115; x_wconf 87' lang='lat'>635.</span> 
     </span>
    </p>
   </div>
   <div class='ocr_carea' id='block_1_105' title="bbox 2304 5123 3852 5197">
    <p class='ocr_par' dir='ltr' id='par_1_105' title="bbox 2304 5123 3852 5197">
     <span class='ocr_line' id='line_1_109' title="bbox 2304 5123 3852 5197; baseline -0.006 -9"><span class='ocrx_word' id='word_1_668' title='bbox 2304 5137 2601 5188; x_wconf 78' lang='lat' dir='ltr'>Alexander</span> <span class='ocrx_word' id='word_1_669' title='bbox 2628 5123 2933 5197; x_wconf 72' lang='lat' dir='ltr'>imperator,</span> <span class='ocrx_word' id='word_1_670' title='bbox 2966 5137 3073 5186; x_wconf 88' lang='lat'>893.</span> <span class='ocrx_word' id='word_1_671' title='bbox 3123 5135 3283 5184; x_wconf 88' lang='lat' dir='ltr'>Filius</span> <span class='ocrx_word' id='word_1_672' title='bbox 3325 5138 3405 5184; x_wconf 88' lang='lat' dir='ltr'>est</span> <span class='ocrx_word' id='word_1_673' title='bbox 3451 5136 3735 5197; x_wconf 65' lang='lat' dir='ltr'>Mammaea,</span> <span class='ocrx_word' id='word_1_674' title='bbox 3762 5123 3852 5197; x_wconf 43' lang='lat'>8.99:</span> 
     </span>
    </p>
   </div>
   <div class='ocr_carea' id='block_1_106' title="bbox 2304 5193 3855 5264">
    <p class='ocr_par' dir='ltr' id='par_1_106' title="bbox 2304 5193 3855 5264">
     <span class='ocr_line' id='line_1_110' title="bbox 2304 5193 3855 5264; baseline -0.005 -14"><span class='ocrx_word' id='word_1_675' title='bbox 2304 5200 2600 5264; x_wconf 79' lang='lat' dir='ltr'>Alexander</span> <span class='ocrx_word' id='word_1_676' title='bbox 2619 5193 3107 5264; x_wconf 74' lang='lat' dir='ltr'>Hierosolymorum</span> <span class='ocrx_word' id='word_1_677' title='bbox 3128 5193 3855 5264; x_wconf 53' lang='lat' dir='ltr'>Episcopus,_879.E_§st§l§J}js</span> 
     </span>
    </p>
   </div>
   <div class='ocr_carea' id='block_1_107' title="bbox 2244 5250 3853 5327">
    <p class='ocr_par' dir='ltr' id='par_1_107' title="bbox 2244 5250 3853 5327">
     <span class='ocr_line' id='line_1_111' title="bbox 2244 5250 3853 5327; baseline -0.008 -15"><span class='ocrx_word' id='word_1_678' title='bbox 2244 5263 2491 5327; x_wconf 86' lang='lat' dir='ltr'>Epistola,</span> <span class='ocrx_word' id='word_1_679' title='bbox 2514 5261 2643 5309; x_wconf 84' lang='lat' dir='ltr'>ibid.</span> <span class='ocrx_word' id='word_1_680' title='bbox 2666 5263 2793 5309; x_wconf 89' lang='lat' dir='ltr'>Cum</span> <span class='ocrx_word' id='word_1_681' title='bbox 2824 5250 3067 5327; x_wconf 67' lang='lat' dir='ltr'>Narcisso</span> <span class='ocrx_word' id='word_1_682' title='bbox 3090 5250 3566 5327; x_wconf 47' lang='lat' dir='ltr'>reniit_l&#39;i_1c‘c_lesiau_11</span> <span class='ocrx_word' id='word_1_683' title='bbox 3591 5251 3713 5304; x_wconf 79' lang='lat' dir='ltr'>ibid.</span> <span class='ocrx_word' id='word_1_684' title='bbox 3743 5250 3853 5300; x_wconf 82' lang='lat' dir='ltr'>Dor-</span> 
     </span>
    </p>
   </div>
   <div class='ocr_carea' id='block_1_108' title="bbox 2242 5321 3590 5384">
    <p class='ocr_par' dir='ltr' id='par_1_108' title="bbox 2242 5321 3590 5384">
     <span class='ocr_line' id='line_1_112' title="bbox 2242 5321 3590 5384; baseline -0.005 -9"><span class='ocrx_word' id='word_1_685' title='bbox 2242 5321 2393 5375; x_wconf 79' lang='lat' dir='ltr'>niivit</span> <span class='ocrx_word' id='word_1_686' title='bbox 2426 5326 2477 5373; x_wconf 89' lang='lat' dir='ltr'>in</span> <span class='ocrx_word' id='word_1_687' title='bbox 2512 5336 2721 5372; x_wconf 89' lang='lat' dir='ltr'>carcere</span> <span class='ocrx_word' id='word_1_688' title='bbox 2746 5336 2842 5384; x_wconf 90' lang='lat' dir='ltr'>pro</span> <span class='ocrx_word' id='word_1_689' title='bbox 2874 5322 3211 5372; x_wconf 85' lang='lat' dir='ltr'>confessione</span> <span class='ocrx_word' id='word_1_690' title='bbox 3240 5321 3450 5379; x_wconf 87' lang='lat' dir='ltr'>Christi,</span> <span class='ocrx_word' id='word_1_691' title='bbox 3480 5323 3590 5371; x_wconf 87' lang='lat'>895.</span> 
     </span>
    </p>
   </div>
   <div class='ocr_carea' id='block_1_109' title="bbox 2303 5386 3855 5453">
    <p class='ocr_par' dir='ltr' id='par_1_109' title="bbox 2303 5386 3855 5453">
     <span class='ocr_line' id='line_1_113' title="bbox 2303 5386 3855 5453; baseline -0.008 -8"><span class='ocrx_word' id='word_1_692' title='bbox 2303 5393 2670 5445; x_wconf 66' lang='lat' dir='ltr'>Alexandrinae</span> <span class='ocrx_word' id='word_1_693' title='bbox 2702 5392 2944 5443; x_wconf 64' lang='lat' dir='ltr'>Ecclesiae</span> <span class='ocrx_word' id='word_1_694' title='bbox 2965 5392 3315 5453; x_wconf 87' lang='lat' dir='ltr'>consuetudo,</span> <span class='ocrx_word' id='word_1_695' title='bbox 3333 5393 3444 5441; x_wconf 80' lang='lat'>875.</span> <span class='ocrx_word' id='word_1_696' title='bbox 3467 5390 3590 5452; x_wconf 70' lang='lat' dir='ltr'>Ejus</span> <span class='ocrx_word' id='word_1_697' title='bbox 3604 5386 3855 5453; x_wconf 50' lang='lat' dir='ltr'>Martyres.</span> 
     </span>
    </p>
   </div>
   <div class='ocr_carea' id='block_1_110' title="bbox 2244 5441 3853 5529">
    <p class='ocr_par' dir='ltr' id='par_1_110' title="bbox 2244 5441 3853 5529">
     <span class='ocr_line' id='line_1_114' title="bbox 2244 5441 3853 5529; baseline -0.008 -20"><span class='ocrx_word' id='word_1_698' title='bbox 2375 5441 2714 5529; x_wconf 41' lang='lat' dir='ltr'>‘Alesandria</span> <span class='ocrx_word' id='word_1_699' title='bbox 2728 5459 2797 5529; x_wconf 54' lang='lat' dir='ltr'>et</span> <span class='ocrx_word' id='word_1_700' title='bbox 2815 5441 3288 5529; x_wconf 15' lang='lat' dir='ltr'>@gj&#39;ptusiinlhxx</span> <span class='ocrx_word' id='word_1_701' title='bbox 3305 5441 3761 5529; x_wconf 48' lang='lat' dir='ltr'>suis_He:sychigm;</span> <span class='ocrx_word' id='word_1_702' title='bbox 3760 5441 3853 5529; x_wconf 52' lang='lat'>12:1;</span> 
     </span>
    </p>
   </div>
   <div class='ocr_carea' id='block_1_111' title="bbox 2242 5500 3854 5581">
    <p class='ocr_par' dir='ltr' id='par_1_111' title="bbox 2242 5500 3854 5581">
     <span class='ocr_line' id='line_1_115' title="bbox 2242 5500 3854 5581; baseline -0.007 -11"><span class='ocrx_word' id='word_1_703' title='bbox 2242 5500 2796 5576; x_wconf 46' lang='lat' dir='ltr'>datanegata-212:</span> <span class='ocrx_word' id='word_1_704' title='bbox 2815 5500 2975 5577; x_wconf 67' lang='grc' dir='ltr'>δῧῖᾱ</span> <span class='ocrx_word' id='word_1_705' title='bbox 2987 5500 3516 5581; x_wconf 57' lang='grc' dir='ltr'>’Ξόὀὲιῆιᾶὶὶιὶιῗῷίὶ</span> <span class='ocrx_word' id='word_1_706' title='bbox 3540 5500 3624 5581; x_wconf 68' lang='lat' dir='ltr'>&quot;in</span> <span class='ocrx_word' id='word_1_707' title='bbox 3665 5500 3854 5581; x_wconf 42' lang='lat'>83499910</span> 
     </span>
    </p>
   </div>
   <div class='ocr_carea' id='block_1_112' title="bbox 2245 5560 3853 5639">
    <p class='ocr_par' dir='ltr' id='par_1_112' title="bbox 2245 5560 3853 5639">
     <span class='ocr_line' id='line_1_116' title="bbox 2245 5560 3853 5639; baseline -0.014 -5"><span class='ocrx_word' id='word_1_708' title='bbox 2245 5560 3364 5636; x_wconf 47' lang='lat' dir='ltr'>“animast?1637023585;aggessi;</span> <span class='ocrx_word' id='word_1_709' title='bbox 3406 5560 3717 5639; x_wconf 53' lang='lat' dir='ltr'>(ii—praebuit;</span> <span class='ocrx_word' id='word_1_710' title='bbox 3744 5560 3853 5639; x_wconf 71' lang='lat' dir='ltr'>ibid.</span> 
     </span>
    </p>
   </div>
   <div class='ocr_carea' id='block_1_113' title="bbox 2306 5637 3855 5714">
    <p class='ocr_par' dir='ltr' id='par_1_113' title="bbox 2306 5637 3855 5714">
     <span class='ocr_line' id='line_1_117' title="bbox 2306 5637 3855 5714; baseline -0.009 -12"><span class='ocrx_word' id='word_1_711' title='bbox 2306 5655 2377 5702; x_wconf 91' lang='lat' dir='ltr'>De</span> <span class='ocrx_word' id='word_1_712' title='bbox 2409 5651 2571 5701; x_wconf 87' lang='lat' dir='ltr'>verbo</span> <span class='ocrx_word' id='word_1_713' title='bbox 2604 5650 2750 5701; x_wconf 85' lang='lat' dir='ltr'>Alma</span> <span class='ocrx_word' id='word_1_714' title='bbox 2796 5651 3164 5714; x_wconf 87' lang='lat' dir='ltr'>interpretatio</span> <span class='ocrx_word' id='word_1_715' title='bbox 3209 5637 3536 5706; x_wconf 70' lang='lat' dir='ltr'>Judzeorum,</span> <span class='ocrx_word' id='word_1_716' title='bbox 3579 5645 3686 5693; x_wconf 83' lang='lat'>287.</span> <span class='ocrx_word' id='word_1_717' title='bbox 3740 5637 3855 5689; x_wconf 66' lang='lat' dir='ltr'>Ver!</span> 
     </span>
    </p>
   </div>
   <div class='ocr_carea' id='block_1_114' title="bbox 2243 5715 2711 5780">
    <p class='ocr_par' dir='ltr' id='par_1_114' title="bbox 2243 5715 2711 5780">
     <span class='ocr_line' id='line_1_118' title="bbox 2243 5715 2711 5780; baseline -0.011 -13"><span class='ocrx_word' id='word_1_718' title='bbox 2243 5717 2572 5780; x_wconf 82' lang='lat' dir='ltr'>assignatur,</span> <span class='ocrx_word' id='word_1_719' title='bbox 2599 5715 2711 5764; x_wconf 85' lang='lat'>288.</span> 
     </span>
    </p>
   </div>
  </div>
