4088 6166
366 313 481 381 787

362 450 687 516 conscientia
714 456 1070 516 peccatorum,
1102 454 1240 505 labia
1273 470 1366 505 sua
1399 457 1662 506 fatebatur
1705 455 1998 513 immunda,

364 515 645 581 773._lsaia_
671 515 925 581 arrogans
954 518 1126 567 dictus
1152 522 1233 568 est
1264 534 1295 568 a
1326 519 1552 580 Pelagio,
1583 524 1689 567 799.

429 576 666 644 Isboseth
692 576 871 644 just'us
900 581 1235 644 appellatur;
1267 584 1411 644 quod
1441 576 1642 644 absque
1673 596 1812 631 noxa
1841 581 2003 630 inter-

364 637 534 689 fectus
563 640 648 699 sit,
678 637 787 691 737.

428 702 815 753 lsmaelitarum
846 709 1024 754 vestes
1054 710 1108 753 et
1140 719 1304 764 arma,
1337 709 1413 756 43.

430 764 591 837 Israel
621 767 933 837 angelprum
965 768 1141 817 cibum
1156 773 1716 828 contemnens,carnes
1735 767 2008 830 Egyptias

364 827 679 900 suspirabat,
699 827 821 879 347.
1258 893 1268 902 .
1377 892 1387 902 .
1506 827 1509 828 ⁷

427 889 577 964 italia
604 891 875 964 quondam
898 905 1088 964 magna
1107 892 1308 964 graecia
1337 891 1782 964 dicebaturn'bbs.‘

428 951 935 1017 italicusmuniceps
953 955 1281 1006 Christianus
1299 954 1514 1017 adjutus
1535 956 1601 1003 ab
1624 953 1909 1008 Hilarione,
1928 954 2005 1001 22.

428 1013 611 1064 lthacii
641 1014 815 1075 factio,
847 1013 953 1067 947.

1162 1147 1198 1210 J

427 1266 593 1318 Jacob
622 1266 1023 1317 bcnedictiones
1052 1268 1216 1318 Patris
1244 1267 1431 1316 artiﬁci
1463 1268 1767 1330 impetravit
1796 1267 2012 1330 menda-

367 1332 607 1441 cio,Jl:)75.
636 1330 803 1441 ἑασῆιέ
831 1331 1019 1392 prohat
1045 1345 1100 1380 se
1121 1330 1392 1380 hominem
1413 1329 1646 1393 lugendo
1671 1335 1896 1380 mortem
1920 1329 2008 1379 filii

367 1406 447 1441 sui
539 1406 631 1441 sen
676 1429 689 1441 .
819 1430 830 1441 .

364 1394 447 1443 sui
472 1394 689 1450 Joseph,
719 1394 830 1442 731.

423 1407 594 1441 14088
637 1407 671 1440 n
720 1407 830 1441 '31.

423 1407 652 1505 Jacobu;
676 1407 995 1504 'etIJoannes
1023 1455 1244 1503 nimium
1277 1454 1542 1503 ferventes
1583 1454 1781 1517 absque
1827 1467 2007 1503 errore

361 1529 471 1566 non
502 1518 736 1576 fuerunt,
762 1518 871 1566 759.
904 1517 1018 1565 Duo
1040 1516 1265 1578 apostoli
1286 1517 1468 1564 Jacobi
1492 1516 1726 1570 nomine,
1750 1518 1858 1564 219.
1876 1517 2007 1564 Lau-

361 1578 520 1628 datur
544 1579 772 1628 Jaeobus
803 1578 967 1627 frater
998 1579 1224 1635 Domini,
1257 1580 1364 1633 829,
1398 1580 1504 1626 301.
1537 1578 1662 1635 Ejus
1684 1578 1937 1627 sanctitas
1958 1582 2011 1626 et

360 1641 639 1712 virginitas
661 1640 1048 1697 commendata,
1072 1641 1200 1689 ibid.
1223 1640 1329 1688 Soli
1352 1641 1550 1711 Jacobo
1573 1640 1773 1710 licitum
1796 1644 1909 1711 erat
1928 1641 2007 1688 in-

361 1704 511 1751 gredi
540 1704 734 1751 Sancta
779 1706 1105 1751 sanctorum.
1136 1705 1226 1750 829
1301 1702 1519 1751 Josephi
1550 1705 1911 1750 testimonium
1945 1702 2007 1750 de

398 1715 511 1751 P801
541 1715 734 1751 Sancta
779 1715 1105 1755 εαοαιονυιη.
1136 1715 1226 1750 821)
1301 1715 1519 1755 δοεεβιιι
1550 1715 1911 1750 ιρειιωοοιυω
1945 1715 2009 1750 ue

398 1716 511 1751 rem
541 1716 734 1763 Sancta
779 1716 1105 1755 sanctorum.
1136 1716 1226 1750 829
1301 1716 1519 1764 Josepm
1550 1716 1911 1750 tesumonium
1945 1716 2006 1750 ne

361 1717 468 1821 ﬁlo,
502 1767 608 1813 831.
644 1764 998 1813 Plurimorum
1041 1769 1317 1813 auctorum
1366 1764 1667 1812 testimonia
1701 1764 1766 1811 de
1798 1765 2006 1821 eodem,

364 1824 491 1873 ibid.
507 1826 741 1875 Jacobus
759 1824 966 1874 titulum
985 1827 1226 1875 usauead
1245 1826 1580 1874 obsidionem
1591 1826 1689 1874 Titi
1706 1832 1757 1874 et
1771 1827 2006 1874 ultimam

365 1887 606 1951 Adriani.
623 1888 957 1951 notissimum
989 1887 1189 1947 habuit,
1222 1892 1329 1951 833.
1356 1888 1501 1951 Falsa
1518 1889 1874 1951 quorumdam
1898 1889 2006 1949 opi-

364 1949 456 1999 nio
485 1949 550 1998 de
578 1949 709 2013 loco,
727 1950 841 2011 ejus
869 1951 1175 2013 sepulturas,
1209 1949 1335 1997 ibid.
1363 1949 1736 2013 Mater—Jacobi
1768 1951 2006 1999 Minoris.

366 2025 485 2076 quae
504 2015 528 2060 ?
551 2013 668 2076 219.
699 2012 926 2076 Diversis
954 2014 1259 2062 nominibus
1289 2013 1537 2071 donatur,
1571 2012 1699 2061 ibid.

384 2073 398 2076 “
428 2073 758 2123 Jamblichus
787 2074 1138 2138 philosophus
1158 2079 1547 2124 commentatus
1569 2078 1646 2124 est
1674 2075 1728 2123 in
1759 2074 2008 2137 dogmata

364 2136 695 2187 Pvthagora».
726 2139 837 2187 565.

443 2142 695 2195 tbagora»,
726 2142 837 2187 565.

405 2150 695 2200 ytnagora»,
726 2150 837 2187 565.

424 2198 612 2262 Jarbas
641 2213 731 2248 rex
761 2200 938 2262 Lybiae
957 2198 1223 2262 Didonem
1254 2199 1442 2262 petivit
1470 2199 1523 2247 in
1547 2198 1874 2262 coujugium,
1898 2200 2008 2249 310.

428 2260 544 2324 Non
570 2262 747 2310 statim
778 2260 867 2324 qui
893 2261 1119 2324 jejunat,
1154 2260 1514 2324 Deo’jejunat.
1549 2264 1654 2309 118.

424 2323 755 2385 Jejuniorum
787 2321 1194 2379 commendatio,
1228 2321 1456 2379 348349
1486 2328 1540 2372 et
1568 2337 1679 2386 seq.
1710 2321 2007 2372 Sanctiﬁca-

362 2385 458 2444 tio,
489 2388 599 2448 353.
627 2385 897 2448 Jejunium
926 2386 1345 2435 Christianorum
1374 2386 1611 2434 Christus
1640 2385 2005 2442 sanctiticavit,

366 2450 477 2499 352.
509 2447 742 2497 Solvitur
770 2448 855 2497 die
888 2449 1160 2497 Dominico
1193 2454 1244 2497 et
1273 2448 1328 2496 in
1383 2448 1707 2504 Pentecoste,
1758 2451 1865 2495 180.
1916 2448 2010 2495 Per

360 2508 627 2573 jejunium
661 2524 943 2571 possumus
973 2511 1143 2559 redire
1164 2512 1217 2558 in
1251 2511 1573 2573 paradisum,
1596 2514 1704 2557 318.
1734 2510 2006 2573 Jejunium

366 2571 427 2635 40
455 2572 659 2635 dierum
713 2586 823 2621 non
853 2573 1052 2635 patitur
1107 2571 1298 2621 natura
1351 2572 1647 2629 hominum,
1680 2575 1787 2620 443.
1820 2571 1918 2628 Qui
1950 2574 2007 2620 40

367 2633 556 2697 diebus
586 2638 759 2696 potest
783 2633 1028 2697 jej‘unare
1056 2639 1109 2684 et
1136 2635 1334 2683 vivere.
1365 2639 1566 2684 interno
1594 2638 1833 2696 tempore
1863 2638 2007 2695 pote-

368 2696 451 2759 rit,
464 2695 665 2759 absque
685 2695 804 2745 esea
832 2695 884 2745 et
917 2702 1045 2759 potu
1069 2697 1267 2753 vivere,
1290 2699 1399 2745 444.

428 2757 618 2817 Jephte
648 2758 787 2809 inter
816 2757 957 2808 viros
983 2759 1069 2808 SS.
1102 2763 1435 2818 numeratus,
1457 2757 1580 2807 licet
1599 2757 1754 2806 fuerit
1776 2757 2010 2805 meretri-

368 2819 444 2870 cis
471 2819 628 2878 ﬁlius,
660 2823 768 2871 428.
801 2821 1055 2880 Arguitur
1086 2821 1348 2870 temerarii
1377 2820 1506 2879 voti,
1528 2822 1635 2869 273.

428 2882 688 2932 Jeremias
707 2883 1063 2934 sanctiﬁcatus
1092 2885 1148 2932 in
1182 2888 1347 2940 utero,
1370 2884 1480 2931 777.
1502 2882 1619 2930 Fuit
1638 2882 1785 2943 virgo
1816 2883 1867 2928 et
1889 2893 2009 2942 pro—

367 2944 551 3057 pheta,
588 2946 718 2996 ibid.
737 2947 915 3019 .'l‘imet
962 2946 1184 3007 impium
1217 2960 1413 3017 regem,
1450 2944 1577 2991 ibid.
1636 2944 1904 2991 Carcerem
1929 2955 2013 3013 re:

391 3008 635 3057 ormidat.
667 3023 749 3057 ραι
774 3012 989 3057 naratus
1019 3011 1130 3057 erat
1147 3016 1438 3057 paradisus.
1461 3011 1571 3055 778.
1595 3006 1650 3053 In
1674 3011 1800 3057 tvno
1820 3003 2010 3053 Christi

391 3008 635 3067 ormidat,
667 3009 749 3058 cui
774 3012 989 3070 paratus
1019 3003 1130 3057 erat
1147 3003 1438 3069 paradisus,
1461 3011 1571 3055 778.
1595 3006 1650 3053 In
1674 3011 1800 3068 typo
1820 3003 2010 3053 Christi

369 3070 634 3134 propheta
659 3072 906 3134 gentibus
941 3071 1183 3134 mittitur,
1212 3072 1319 3134 477.

432 3129 491 3181 In
522 3129 868 3181 subvérsione
893 3132 1122 3190 Jericho,
1154 3132 1386 3179 mundus
1414 3131 1717 3184 subversus,
1750 3129 1857 3175 271.

430 3194 719 3242 Jerusalem
752 3194 919 3242 multo
965 3195 1115 3256 pejor
1142 3200 1221 3242 est
1262 3192 1508 3256 Sodoma,
1538 3194 1647 3256 712.
1689 3190 2012 3239 Credebatur

372 3256 632 3304 subversa
657 3256 948 3304 Jerusalem
968 3254 1194 3317 propter
1224 3269 1405 3303 necem
1434 3254 1635 3309 Jacobi,
1667 3256 1775 3301 831.

430 3317 555 3366 Jesu
587 3317 728 3366 Nave
759 3316 1421 3375 castitas’commendatur,
1452 3319 1560 3364 279.

429 3379 587 3445 Jesus
613 3379 892 3431 Josedech.
922 3384 1079 3445 typus
1107 3379 1409 3445 Salvatoris,
1441 3380 1547 3427 328.
1852 3437 1883 3445 __

427 3440 528 3490 Job
559 3438 1141 3490 tormentorum—victor
1171 3442 1407 3490 miserias
1436 3454 1559 3488 suas
1605 3438 2010 3489 resurrectionis

366 3516 461 3565 spe
490 3508 544 3552 et
578 3502 796 3552 veritate
827 3503 1043 3559 solatur,
1079 3506 1186 3553 437.
1221 3504 1406 3553 Nullus
1452 3507 1556 3551 tam
1588 3507 1773 3565 aperte
1800 3503 2010 3565 locutus

364 3563 445 3614 est
472 3565 539 3615 de
569 3566 745 3614 carnis
772 3566 1178 3622 resurrectione,
1208 3567 1315 3616 438.
1348 3566 1463 3613 Fuit
1499 3566 1693 3613 athleta
1740 3563 2006 3620 Ecclesiae,

362 3626 495 3691 ibid.
524 3627 744 3677 Videtur
763 3632 947 3677 contra
970 3628 1248 3691 Origenem
1272 3628 1562 3691 scripsisse,
1587 3626 1708 3691 ibid.
1724 3626 1883 3691 _Quali
1902 3624 2006 3691 ﬁne

358 3688 577 3752 justitiaa
607 3696 911 3748 coronatur,
943 3687 1199 3740 746.’⁷.Ιυ1)
1228 3695 1280 3738 et
1307 3687 1501 3746 cae—teri,
1528 3688 1656 3752 justi
1706 3687 1831 3752 dicli
1862 3690 2003 3745 sunt,

361 3750 657 3816 secundum
689 3767 804 3801 eam
829 3753 1112 3816 justitiam,
1144 3766 1264 3816 quas
1286 3755 1456 3814 potest
1477 3750 1869 3813 in’injustitiam
1891 3764 2006 3799 mu-

359 3814 482 3872 tari,
512 3818 603 3865 809
633 3819 688 3863 et
714 3829 824 3875 seq.

419 3877 669 3934 Joannes,
702 3873 808 3926 843.
843 3876 1056 3938 Angelis
1084 3878 1424 3936 comparatur
1445 3874 1749 3924 testimonio
1772 3873 2000 3938 Domini,

358 3939 471 4000 712.
494 3938 713 3987 Minimo
742 3940 794 3986 in
825 3937 989 4000 regno
1016 3938 1268 3988 scelerum
1300 3939 1475 3986 minor
1519 3937 2001 4000 esseperhihetur,

359 3951 467 3986 712.
494 3951 713 3987 Minimo
742 3953 794 3986 In
825 3952 989 4000 regno
1016 3951 1268 3988 scelerum
1300 3951 1475 3986 mmor
1519 3951 1633 3985 esse
1673 3951 2001 4046 geminatur,

358 3999 486 4048 ibid.
520 4002 576 4049 ln
606 4000 921 4055 baptismate
949 4014 1046 4049 suo
1071 4000 1231 4049 dedit.
1264 4000 1519 4055 Spiritum
1550 4001 1601 4049 ὃ.
1632 3998 1669 4047 C
1716 4000 1860 4055 risto,
1895 4012 2001 4047 non

359 4061 495 4119 aliis,
530 4063 633 4112 178.
658 4060 899 4120 Quaestio
942 4063 1264 4124 preponitur
1292 4060 1359 4111 de
1388 4062 1705 4124 baptismate
1736 4060 1996 4122 ejusdem,

358 4124 444 4173 cui
474 4125 846 4187 respondetur.
877 4124 1006 4173 ibid.

416 4184 638 4249 Joannis
667 4187 1016 4248 Evangelistm
1047 4184 1380 4249 privilegium
1414 4189 1492 4234 est
1522 4184 1997 4249 virginitatisL280.

415 4246 1007 4313 Joannis‘Evangelium
1023 4246 1283 4313 scriptum
1301 4253 1493 4313 contra
1516 4246 1753 4313 Corinthi
1774 4250 1827 4313 et
1845 4247 1997 4295 Ebio-

355 4310 587 4375 nitarum
619 4308 835 4375 dogma:
860 4314 953 4375 843
1018 4309 1275 4375 διαφωνίαῖ
1300 4309 1575 4375 Evangelii
1617 4308 1839 4375 Joannis
1877 4323 1998 4357 cum

354 4374 560 4436 caeteris
577 4370 1229 4436 quomodotolliturfslis.
1256 4370 1627 4436 Duaeepistola}
1648 4370 1889 4430 ejusdem
1910 4386 1996 4436 cu-

359 4433 439 4487 ius
455 4433 804 4485 asseruntur?
824 4435 950 4484 ibid.
971 4436 1205 4484 Joannes
1225 4436 1417 4487 Evang.
1434 4433 1683 4481 laminam
1702 4444 1917 4481 auream
1940 4434 1995 4481 in

376 4502 527 4546 route
556 4499 938 4558 portabat,885.
966 4498 1219 4546 Dormivit
1238 4498 1292 4545 in
1314 4495 1543 4558 Epheso,
1571 4492 1716 4558 ibid;
1733 4495 1857 4543 Duas
1889 4509 1993 4543 nie-

353 4560 536 4608 moriae
560 4557 800 4622 ejusdem
820 4559 961 4622 apud
992 4559 1277 4621 Ephesum,
1299 4560 1408 4607 845.
1429 4557 1994 4622 JoannesEvangquo

351 4618 605 4682 tempore
635 4618 894 4672 mortuus.
937 4618 1051 4670 279.‘
1104 4622 1243 4670 Idem
1297 4619 1597 4681 Apostolus,
1642 4618 1991 4682 Evangelista,

348 4687 403 4731 et
430 4680 699 4743 Propheta
725 4683 840 4740 fuit,
874 4683 1004 4732 ibid.
1036 4683 1155 4732 Fuit
1182 4680 1449 4743 relegatus
1478 4682 1531 4729 in
1565 4680 1814 4729 Pathmos
1845 4682 1991 4732 insu-

348 4744 471 4803 lam,
502 4748 613 4795 280.
645 4746 718 4794 De
748 4744 935 4795 eodem
966 4745 1095 4807 quid
1126 4744 1288 4794 refert
1312 4743 1686 4799 Tertullianus,
1709 4744 1832 4807 ibid.

405 4808 641 4857 Joannes
669 4808 858 4857 Senior
886 4805 1022 4856 alius
1066 4807 1131 4856 ab
1179 4807 1535 4870 Evangelista,
1564 4809 1670 4870 859.
1723 4805 1846 4868 Ejus
1876 4820 1989 4855 esse

343 4869 597 4920 dicuntur
624 4871 744 4921 duas
772 4870 1023 4933 Epistolas
1052 4870 1278 4933 Joannis
1302 4869 1524 4933 Evang.,
1548 4869 1674 4915 ibid.

400 4933 641 4983 Joannes
667 4931 923 4983 Hiero'sol.
956 4933 1207 4982 irridetur
1233 4931 1299 4980 ab
1330 4932 1669 4993 Hieronymo,
1719 4932 1846 4993 448.
1877 4932 1984 4979 449.

339 4994 581 5057 Nominis
610 4996 693 5044 sui
721 4999 976 5045 extenuat
1003 4995 1335 5057 dignitatem,
1364 4996 1473 5057 419.
1504 4991 1631 5057 Octo
1662 4991 1988 5054 quaestiones

341 5056 407 5138 99
443 5057 545 5138 θοις
574 5057 799 5138 ῼΡέείξιεε
831 5055 1838 5138 λρθυιρίοζ⁴¹³·.1τευίιυε99;[ίὲἐὲηιὶοε
1862 5068 1987 5138 9.":-

331 5120 550 5191 gayerit,
573 5115 678 5170 447.
700 5119 894 5169 Joanni
910 5120 1159 5183 episcopo
1177 5115 1775 5191 non'commu'nicabant
1789 5129 1971 5188 mona-

330 5180 447 5245 chi,
469 5184 578 5231 410.
605 5181 830 5245 Eosdem
860 5182 1013 5245 quasi
1045 5182 1223 5245 hostes
1254 5181 1496 5245 publicos
1516 5182 1759 5245 aestimat,
1779 5177 1903 5245 ibid.
1927 5181 1967 5228 A

334 5241 528 5307 Ruﬁno
557 5240 904 5307 approbatur,
938 5245 1044 5293 468.
1077 5240 1405 5307 Epiphanius
1432 5246 1588 5307 vocat
1606 5244 1794 5307 aperte
1822 5240 1983 5307 Joan-

339 5303 827 5367 nem_ha:reticum,
844 5309 953 5355 411.
975 5303 1212 5355 Joannes
1231 5309 1402 5355 tacere
1428 5304 1587 5367 jussit
1606 5303 1981 5364 Epiphanium,

336 5367 446 5429 420.
478 5365 609 5429 γιιιιο
632 5366 987 5429 Epiphanium
1020 5372 1322 5427 suspectum
1359 5365 1532 5417 facere
1563 5365 1846 5429 haereseos,
1870 5369 1976 5429 «118.

334 5427 594 5491 Eumdem
624 5427 844 5491 deridet,
875 5429 1000 5477 ibid.
1032 5431 1156 5491 Ejus
1188 5430 1240 5477 in
1274 5430 1420 5478 illum
1453 5428 1802 5491 impudentia,
1853 5427 1974 5491 ibid.

332 5489 812 5601 Pgibiushfrohibet
840 5489 1133 5554 ingressum
1156 5492 1417 5550 Ecclesim,
1457 5493 1563 5539 452.
1599 5490 1723 5553 Ejus
1750 5489 1974 5539 crudeli-

358 5571 385 5601 αι
424 5588 436 5601 ι
502 5573 516 5597 l
580 5587 592 5599 .

358 5567 436 5608 as,
467 5566 592 5600 ima.

388 5616 624 5664 Joannes
646 5614 972 5676 Praepositus
996 5616 1190 5664 Domus
1223 5614 1449 5663 Monast.
1481 5615 1707 5670 Chnum,
1738 5618 1817 5663 90.

387 5678 551 5727 Jonas
582 5674 781 5737 injusti'
800 5676 1043 5724 mceroris
1073 5675 1332 5738 arguitur,
1365 5678 1472 5725 788.

385 5740 538 5790 Jonas
569 5739 770 5795 Portus,
804 5740 911 5786 551.

384 5801 643 5852 Jonathas
672 5798 878 5849 medius
902 5798 1040 5847 inter
1068 5797 1230 5845 David
1264 5801 1314 5846 et
1343 5798 1480 5853 Saul,
1507 5800 1616 5845 377.

382 5863 639 5930 Josaphat
669 5874 850 5913 errore
877 5873 987 5912 non
1017 5860 1205 5920 caruit,
1236 5859 1344 5909 768.

1362 318 1603 388 mnsx
1651 320 1922 387 RERUM
1968 320 2068 386 ar
2115 289 2766 425 SENTENTlARUM.

3642 318 3762 384 ’188

2175 456 2400 520 Josedee
2431 458 2813 520 interpretatur
2834 456 3015 520 justus
3048 456 3271 517 Domini,
3304 455 3416 507 772.

2174 519 2370 583 Joscph
2402 522 2551 583 virgo
2574 517 2683 569 'fuit
2712 535 2804 583 per
2835 517 3079 574 Mariam.
3113 523 3221 571 227.
3276 520 3464 569 Custos
3490 518 3611 583 ejus
3665 517 3766 567 fuit

2113 581 2750 695 gggius'quam'maritus,
2768 583 2892 634 ibid.
2915 585 3019 632 Cur
3038 588 3188 647 pater
3210 583 3415 632 Domini
3437 581 3761 645 appellatur,

2176 706 2442 769 Josephus
2470 706 2667 757 fatetur
2684 707 2947 756 Christum
2976 722 3007 756 a
3033 706 3308 756 Pharisaeis
3324 706 3663 755 interfectum
3680 706 3761 769 iob

2118 769 2542 832 magnitudinem
2566 770 2859 832 signorum,
2882 772 2998 832 851.
3012 770 3085 818 De
3103 770 3292 818 eodem
3312 769 3517 832 Christo
3542 768 3764 832 Domino

2126 835 2312 881 nostro
2333 831 2448 894 ejus
2474 830 2859 890 testimonium,
2889 831 3016 881 ibid.
3044 831 3309 893 Josephus
3338 831 3562 893 scriptor
3592 830 3764 894 Histof

2124 894 2216 956 riae
2238 892 2681 953 Machabmorum,
2703 895 2829 955 quid
2852 894 3012 943 sentit
3031 896 3096 943 de
3116 892 3490 956 passionibus?
3511 892 3766 942 749.Ν11111

2116 955 2280 1005 refert
2309 957 2375 1005 de
2405 957 2607 1006 cellulis
2664 958 2785 1006 LXX
2836 955 3202 1018 interpretum,
3234 958 3343 1006 520.
3403 957 3474 1004 De
3530 956 3761 1018 Essasnis

2117 1018 2283 1068 multa
2311 1019 2486 1075 refert,
2511 1020 2617 1068 343.
2650 1020 2762 1068 Duo
2792 1017 3030 1080 ejusdem
3054 1024 3241 1068 contra
3259 1018 3519 1079 Apionem
3536 1017 3763 1080 volumi-

2117 1094 2203 1140 na,
2227 1080 2357 1129 ibid.
2399 1081 2533 1139 Quid
2565 1081 2774 1143 scripsit
2799 1079 2859 1128 de
2893 1081 3111 1136 Jacobo.
3142 1083 3251 1130 301.
3285 1080 3422 1129 Libri
3450 1079 3764 1143 Josephiide

2117 1144 2420 1254 ggptivitate
2473 1142 2697 1193 Judaica
2755 1143 3094 1193 Bibliotheca:
3149 1144 3510 1192 Romanorum
3580 1142 3763 1192 traditi

2176 1267 2387 1316 Joviani
2418 1266 2719 1329 imperium,
2753 1270 2862 1317 925.

2178 1327 2798 1378 Jovinianus‘monachus
2819 1329 2968 1378 canis
2985 1333 3257 1378 revertens
3277 1327 3342 1376 ad
3366 1328 3759 1386 vomitum,303.

2119 1392 2320 1440 Nomen
2353 1392 2517 1453 ipsius
2552 1392 2616 1440 de
2648 1391 2799 1440 idolis
2828 1392 3124 1440 derivatum
3158 1394 3253 1449 est,
3286 1392 3393 1438 384.
3434 1390 3763 1453 Jovinianus

2118 1452 2405 1524 Epicureus
2429 1453 2591 1524 simul
2610 1455 2903 1524 etStoieus,
2928 1455 3099 1524 357.31
3108 1454 3280 1524 nptias
3303 1452 3558 1524 priedieat
3580 1457 3637 1501 ut
3659 1453 3764 1501 vir-

2119 1514 2613 1588 ginitati-detrahat,
2647 1514 3293 1588 239..VocaturIEpicu'rus
3321 1514 3763 1588 Christianorum,

2117 1580 2226 1626 237.
2256 1577 2392 1641 Vitia
2439 1580 2700 1641 sermonis
2730 1578 2993 1641 ejusdem,
3018 1577 3143 1641 ibid.
3184 1578 3262 1641 7an
3282 1590 3571 1641 commune
3596 1577 3766 1625 hostis

2117 1644 2196 1688 est
2224 1640 2480 1702 omnium,
2518 1642 2622 1689 241.
2649 1639 2841 1689 Multos
2871 1640 3156 1702 discipulos
3182 1640 3387 1697 habuit,
3409 1641 3518 1689 380.
3544 1639 3765 1688 Senten-

2118 1702 2242 1750 tiam
2263 1701 2531 1750 Joviniani
2553 1702 2804 1751 damnata
2825 1701 3083 1751 llomte’et
3099 1702 3149 1750 in
3181 1702 3493 1758 Africa,781.
3515 1702 3765 1750 Basilides

2117 1763 2528 1812 transformatur
2558 1764 2610 1811 in
2640 1764 2982 1813 Jovinianum
3000 1764 3149 1826 quasi
3182 1764 3235 1811 in
3266 1763 3633 1825 Euphorbum,
3653 1766 3763 1813 381.

2117 1825 2442 1874 Auctoritate
2475 1827 2726 1875 Romana:
2756 1825 3133 1875 Ecclesiee’fuit
3161 1825 3465 1885 damnatus,
3498 1827 3606 1875 389.

2179 1888 2343 1936 Judas
2371 1888 2537 1937 frater
2561 1890 2759 1944 Jacobi,
2795 1892 2902 1938 833.

2176 1950 2199 1997 J
2212 1950 2347 1998 ιιόωὶ
2368 1950 2421 1998 in
2441 1950 2649 1999 deserto
2664 1964 2771 1999 non
2783 1950 3409 2000 senseruntincrementa
3428 1949 3754 2011 capillorum,

2117 2015 2226 2061 410.
2259 2012 2503 2061 Heretici
2526 2013 2850 2071 Judaaorum,
2879 2016 2984 2063 197.
3009 2012 3163 2061 Aliud
3182 2016 3260 2060 est
3287 2011 3340 2061 in
3361 2012 3601 2060 Ecclesiis
3622 2011 3761 2060 Psal-

2118 2087 2233 2122 mos
2262 2075 2456 2184 legere,
2488 2075 2631 2184 ξξὲἓά
2660 2075 2858 2124 Judasis
2888 2074 3096 2137 singula
3124 2074 3291 2123 verba
3311 2074 3762 2123 calumniantibus

2118 2150 2313 2184 resnon
2356 2150 2462 2184 ere.
2493 2158 2518 2184 ο
2594 2175 2604 2184 .

2495 2141 2516 2164 τε

2117 2140 2462 2209 respondere,
2493 2140 2604 2208 526.
3510 2197 3519 2206 ι
3604 2197 3615 2208 .
3656 2197 3666 2206 .

2177 2199 2441 2270 Judicrum
2477 2200 2676 2270 Detest
2705 2212 2821 2270 cum
2855 2197 3763 2270 pondere,.76’1_.Certumjudicinm

2119 2260 2282 2309 solius
2336 2262 2425 2309 Dei
2455 2266 2549 2319 est,
2581 2263 2690 2311 748.
2737 2260 2903 2309 Nemo
2960 2264 3133 2321 potest
3187 2260 3378 2308 Christi
3402 2260 3634 2322 palmam
3665 2260 3761 2308 sibi

2118 2336 2386 2385 assumere
2417 2327 2539 2372 ante
2569 2322 2705 2371 diem
2733 2322 2937 2385 judicii,
2959 2326 3064 2371 196.
3098 2321 3596 2385 Nullusintrepidus
3618 2323 3765 2370 vadit

2118 2385 2184 2446 ad
2210 2384 2469 2446 judicium
2498 2384 2859 2442 Domini,’769.
2892 2386 3056 2433 Nemo
3080 2388 3255 2446 potest
3274 2384 3763 2446 antediemjudicii

2118 2399 2184 2433 au
2237 2399 2469 2433 nuncium
2498 2399 2723 2442 nomini,
2752 2399 2859 2434 709.
2892 2399 3056 2433 nemo
3080 2399 3255 2446 petest
3274 2399 3396 2433 ante
3417 2399 3761 2446 eiemjuaicn

2118 2399 2520 2518 debo‘minibus
2542 2447 2801 2509 judicare,
2835 2451 2942 2518 196..
2961 2447 3143 2518 ()‘muis
3161 2450 3302 2518 terra
3323 2445 3761 2509 indigetjudicio,

2119 2511 2227 2557 774.
2266 2510 2569 2557 Amantium
2602 2523 2740 2558 caeca
2768 2514 2895 2557 sunt
2918 2509 3150 2571 judicia,
3172 2510 3280 2558 409.

2178 2570 2362 2619 Judith
2392 2571 2640 2632 prudenti
2672 2569 2954 2620 verborum
2998 2569 3339 2619 simulatione
3369 2569 3495 2619 vicit
3525 2570 3764 2618 Holofer-

2123 2646 2267 2688 nem,
2297 2636 2404 2682 474.

2180 2695 2349 2744 Judaei
2382 2694 2558 2744 traditi
2581 2694 2850 2755 Romanis,
2874 2692 3018 2757 quod
3041 2692 3491 2743 exacerbaverunt
3509 2693 3762 2755 Spiritum

2119 2760 2383 2813 sanctum,
2417 2760 2523 2806 154.

2179 2819 2419 2867 Julianus
2440 2820 2564 2880 imp.
2589 2817 2757 2867 hostis
2770 2817 2959 2866 Christi
2981 2817 3391 2875 infensissimus,
3415 2818 3526 2866 823.
3548 2816 3759 2867 Succes-

2120 2880 2187 2943 sit
2215 2881 2543 2943 Constantio,
2576 2893 2627 2929 et
2657 2881 2771 2942 ejus
2801 2880 3135 2943 indulgentia
3164 2880 3400 2942 episcopi
3444 2881 3654 2929 exsules
3682 2894 3760 2929 re-

2123 2942 2289 2991 deunt
2318 2942 2383 2991 ad
2415 2957 2535 2990 suas
2558 2943 2832 2998 Ecclesiae,
2864 2942 2969 2991 191.

2178 3005 2301 3053 .Iulii
2332 3010 2386 3053 et
2418 3005 2693 3053 Athanasii
2722 3005 3033 3053 Pontificum
3064 3004 3387 3061 communio,
3419 3006 3528 3052 911.

2183 3067 2432 3115 Jumenta
2463 3068 2603 3115 unde
2633 3068 2707 3115 sic
2740 3067 2901 3126 dicta,
2930 3070 3039 3116 329.

2182 3130 2410 3177 Junouis
2440 3129 2682 3183 univirae.
2714 3132 2821 3179 254.

2178 3191 2384 3252 Jupiter
2412 3192 2677 3239 Gentelius
2707 3197 2758 3239 et
2785 3190 3113 3245 Genethlius,
3154 3190 3262 3237 318.
3293 3189 3509 3252 Templa
3535 3189 3682 3239 Jovis
3710 3194 3760 3239 et

2120 3256 2450 3302 caeremoniis:
2481 3252 2831 3302 conciderunt
2861 3255 3058 3312 Romae,
3082 3254 3190 3300 384.
3216 3252 3597 3314 Prophetarum
3616 3252 3759 3302 Jovis

2120 3316 2463 3372 abstinentia,
2494 3318 2603 3365 344.

2182 3379 2296 3426 Non
2316 3378 2642 3426 Justiticatur
2657 3378 2834 3427 homo.
2859 3377 2959 3424 nisi
2985 3390 3076 3437 per
3096 3375 3251 3424 tidem
3273 3375 3483 3434 Christi,
3506 3376 3759 3426 752.Ante

2119 3440 2209 3488 Dei
2241 3446 2583 3501 conspectum
2616 3439 2792 3488 nuhus
2815 3438 3154 3501 justiﬁeatur,
3185 3443 3295 3488 780.

2180 3502 2422 3550 Justinus
2454 3502 2817 3563 Philosophus,
2851 3504 2959 3549 863.

2177 3564 2388 3612 Justitia
2423 3564 2614 3625 duplex
2648 3562 2700 3611 in
2733 3562 3015 3625 Scripturis
3045 3562 3257 3615 sanctis.
3291 3566 3401 3611 709.
3428 3562 3643 3610 Justitia
3669 3576 3757 3612 en-

2116 3627 2342 3688 stoditur
2371 3624 2568 3676 labore.
2602 3624 2875 3688 diligentia
2905 3629 2958 3673 et
2988 3625 3075 3688 Dei
3101 3624 3401 3688 clementia.
3425 3627 3533 3672 781.
3566 3625 3682 3673 Non
3704 3624 3758 3673 in

2115 3686 2348 3736 hominis
2376 3689 2581 3743 merito,
2612 3685 2785 3736 sed'in
2818 3688 2905 3735 Dei
2936 3687 3120 3747 gratia,
3146 3685 3352 3747 justitia
3380 3691 3478 3746 est,
3508 3688 3615 3736 750.
3638 3688 3755 3735 Jus-

2115 3702 2348 3736 nominis
2376 3702 2581 3743 merito,
2612 3702 2702 3736 seu
2734 3702 2785 3735 ιιι
2818 3702 2905 3735 Del
2972 3702 3120 3740 uiua,
3146 3702 3352 3747 jusuua
3380 3702 3478 3746 est,
3519 3702 3615 3736 mu.
3638 3702 3752 3735 Jus-

2115 3750 2230 3798 titia
2259 3751 2680 3799 Patriarcharum
2713 3753 2766 3797 et
2796 3702 3174 3810 Propﬁetaram
3205 3762 3311 3796 non
3353 3748 3454 3797 fuit
3500 3749 3752 3811 perfecta.

2113 3815 2221 3861 707.
2254 3813 2467 3860 Plenam
2496 3812 2755 3874 justitiam
2786 3825 2893 3859 non
2943 3810 3107 3859 habet
3135 3814 3225 3872 qui
3257 3824 3366 3859 non
3395 3811 3511 3860 vult
3534 3824 3751 3874 erogare

2115 3876 2440 3935 pauperibus
2469 3875 2816 3923 substantiam
2850 3887 3022 3928 suam,
3053 3876 3163 3921 757.

2173 3933 2357 3985 Justus
2385 3940 2463 3985 est
2493 3938 2546 3984 in
2577 3950 2636 3984 eo
2665 3941 2805 3997 quod
2826 3937 2974 3983 lloret
3002 3934 3181 3983 multis
3211 3933 3507 3993 virtutibus,
3530 3936 3640 3983 748.
3663 3935 3753 3983 Vix

2113 4000 2359 4054 salvatur.
2392 4012 2555 4060 quare
2575 4000 2599 4045 ‘I
2628 3996 2754 4046 ibid.
2805 3998 2991 4045 Nullus
3019 3997 3082 4044 ad
3112 3996 3420 4060 perfectum
3445 3999 3623 4058 justus
3652 4000 3745 4060 est,

2112 4060 2200 4108 sed
2230 4076 2292 4109 ex
2321 4059 2498 4123 aliqua
2526 4065 2671 4123 parte
2695 4065 2955 4122 peccator,
2982 4061 3090 4107 755.
3108 4059 3222 4123 Non
3254 4063 3380 4123 sunt
3401 4060 3669 4123 immunes
3689 4059 3751 4123 ab

2110 4124 2255 4170 omni
2291 4121 2663 4183 pecorum—Mt.
2700 4123 2923 4170 Possunt
2946 4121 3186 4170 nonnulli
3211 4121 3477 4169 nominari
3495 4121 3643 4183 justi,
3664 4121 3751 4183 qui

2108 4184 2331 4246 aliorum
2354 4184 2890 4246 comparatiouejusti
2916 4198 3020 4232 non
3046 4187 3187 4241 sunt,
3210 4184 3318 4230 710.
3342 4183 3484 4240 Quos
3511 4187 3753 4244 putamus

2103 4245 2298 4308 justos,
2331 4245 2810 4309 smpe’peeeatores
2840 4246 3205 4303 inveniuntur,
3240 4249 3291 4293 et
3324 4259 3480 4307 quos,
3512 4249 3612 4294 etc.
3642 4247 3751 4294 748.

2109 4309 2292 4358 Justus
2321 4309 2662 4365 'l‘ibericnsis,
2698 4311 2805 4359 853.

2166 4371 2398 4420 Juvenes
2430 4372 2747 4429 erravimus,
2781 4370 3133 4419 emendentur
3160 4381 3332 4427 senes,
3363 4371 3472 4419 539.

2905 4497 2956 4560 L

2167 4618 2685 4667 Lacedmmoniorum
2718 4617 3013 4676 frugalitas.
3046 4621 3155 4666 342.

2166 4682 2435 4730 Lactantio
2466 4680 2593 4743 quid
2616 4680 2913 4743 ascribitur.
2940 4683 3053 4743 497.
3100 4680 3371 4729 Sententia
3402 4680 3533 4729 falso
3563 4681 3609 4729 ei
3659 4682 3747 4730 tri-

2100 4743 2247 4799 buta.
2271 4746 2379 4792 558.
2413 4745 2743 4792 Lactantiqu
2777 4742 3010 4792 vindicat
3041 4742 3421 4805 Hieronymus,
3453 4746 3563 4792 500.

2167 4807 2332 4854 Lacus
2361 4806 2763 4859 famosissimus.
2795 4807 2904 4855 551.

2169 4868 2320 4916 Laico
2350 4868 2478 4929 quid
2508 4881 2616 4916 non
2645 4867 3054 4915 convenit‘1173.

2164 4926 2425 4978 Lanarum
2448 4930 2727 4991 conchylia
2756 4930 2920 4977 nulla;
2944 4942 3096 4992 aqum
3126 4926 3356 4987 diluunt,
3388 4930 3498 4978 486.

2160 4992 2413 5052 Lapetha,
2442 4992 2720 5055 oppidum,
2753 4994 2833 5055 37.

2160 5055 2376 5103 Latinus
2396 5052 2570 5103 seruio
2587 5053 2966 5116 proprietatem
2982 5053 3215 5101 Graecam
3231 5066 3339 5102 non
3352 5052 3621 5116 exprimit,
3635 5056 3741 5105 261.

2159 5117 2416 5166 Latrones
2446 5115 2625 5165 nudus
2655 5115 2760 5164 non
2792 5116 2960 5169 timet,
2993 5116 3067 5164 18.

2160 5179 2395 5228 Laudare
2426 5178 2597 5227 solent
2626 5178 2893 5227 interdum
2910 5177 3172 5235 homines,
3196 5176 3338 5239 quod
3361 5190 3470 5227 non
3494 5178 3741 5239 probant,

2093 5242 2198 5289 421.
2233 5241 2374 5290 Licet
2402 5254 2496 5303 pro
2527 5245 2765 5301 tempore
2795 5239 3039 5288 eumdem
3070 5239 3285 5303 laudare
3315 5244 3370 5288 et
3416 5240 3743 5303 vituperare.

2090 5304 2200 5351 943.
2233 5304 2348 5352 Non
2376 5308 2457 5352 est
2487 5303 2600 5351 vitii
2622 5303 2892 5351 hominem
2926 5316 3090 5351 unum
3116 5302 3335 5351 laudare
3366 5304 3421 5350 in
3453 5302 3587 5361 aliis,
3611 5304 3738 5353 etin

2090 5364 2206 5413 aliis
2237 5379 2509 5419 accusare,
2542 5366 2659 5425 sed,
2689 5368 2812 5416 ete..
2842 5366 2933 5413 556

2154 5429 2341 5475 Leaena
2373 5427 2636 5475 invadens
2668 5426 2955 5483 hominem.
2988 5427 3067 5476 48.

2149 5491 2332 5538 Lector
2361 5492 2548 5537 cautus
2578 5490 2680 5537 cito
2732 5488 3086 5551 deprehendit
3131 5487 3407 5537 cuniculos
3437 5492 3489 5537 et
3518 5489 3741 5540 insidias

2091 5552 2290 5613 quibus
2319 5553 2513 5600 veritas
2542 5552 2884 5607 subvertitur,
2920 5554 3024 5599 410.

2154 5614 2404 5662 Lentulus
2435 5614 2852 5674 mimographus,
2884 5617 2991 5661 513.

2150 5677 2255 5723 Leo
2286 5678 2548 5734 Nemzeus,
2582 5679 2689 5725 387.

2144 5738 2396 5787 Leonides
2416 5738 2653 5799 Origcnis
2684 5742 2830 5799 pater
2852 5736 3104 5799 martyrio
3128 5739 3436 5799 coronatus,
3456 5739 3567 5787 891.
3590 5738 3731 5788 Uxo-

2077 5812 2191 5849 rem
2222 5814 2342 5849 cum
2366 5798 2565 5863 septem
2590 5798 2708 5859 filiis
2730 5799 3025 5863 dereliquit,
3058 5798 3185 5848 ibid.
3219 5800 3347 5850 Rem
3371 5800 3487 5863 ejus
3506 5798 3731 5852 familia-

2078 5875 2189 5912 rem
2219 5863 2377 5914 ﬁscus
2408 5860 2700 5927 occupavit,
2734 5860 2859 5911 ibid.
