4088 6166
1291 358 1988 453 TRADITIO
2088 357 2882 449 CATHOLICA

1568 568 1984 632 SECULUM
2046 568 2105 628 V.
2152 565 2451 629 ANNUS
2493 568 2612 628 420

1641 931 2494 1063 ELENCHUS

444 1189 951 1246 AUGTORUM
991 1189 1100 1244 ET
1136 1187 1510 1244 OPERUM
1545 1186 1702 1243 QUI
1743 1187 1838 1242 IN
1877 1186 2062 1242 HAG
2101 1185 2329 1241 TOMI
2366 1184 2590 1240 XXIII
2629 1183 2918 1239 PARTE
2960 1183 3024 1237 II
3067 1179 3720 1238 CONTINENTUR

1871 1404 2239 1430 m—

373 1575 698 1633 VALLARSII
746 1574 1085 1631 Puerum.

455 1682 730 1741 SCRIPTA.

374 1787 557 1846 Liber
586 1786 660 1843 de
685 1784 1041 1842 nominibus
1070 1783 1408 1842 Hebraicis.

373 1894 554 1952 Liber
581 1893 655 1951 de
687 1892 806 1950 situ
839 1896 897 1950 et:
921 1889 1278 1949 nominibus
1308 1890 1586 1950 locorum
1619 1890 2091 1949 Hebraicorum.

371 2003 673 2076 Excerpta
706 2017 775 2056 ex
811 1997 1170 2073 Hieronymi
1204 1996 1375 2054 libris
1405 1999 1479 2055 (lt'
1512 1998 1751 2074 ίιίὶιιιιωὶ
1787 1997 2127 2056 Palmstinze
2155 1995 2308 2054 locis
2335 2013 2478 2054 cum
2511 1997 2725 2055 tabula
2758 1994 3198 2072 geographica.

370 2108 554 2167 Liber
582 2105 1026 2165 chraicarum
1059 2106 1485 2175 Quaestionum
1521 2104 1580 2161 in
1610 2103 1916 2162 (iei‘iesim.

371 2211 865 2274 Commentarios
895 2212 957 2270 in
988 2211 1418 2270 Ecclesiasten.

373 2319 806 2397 Interpretatio
838 2318 1238 2378 homiliarum
1272 2319 1534 2377 duarum
1570 2317 1852 2393 Origeuis
1891 2317 1950 2376 in
1982 2317 2326 2387 Canticum,
2363 2317 2439 2374 ad
2474 2319 2807 2376 Damasum
2843 2333 3093 2392 papam,

451 2429 785 2487 APPENDIX.
813 2460 888 2468 —
918 2427 1080 2485 PARS
1113 2442 1318 2485 PRIMA.

369 2536 580 2593 Graeca
640 2535 989 2610 fragmenta
1048 2533 1186 2590 libri
1246 2533 1568 2590 nominum
1604 2532 2048 2590 l‘lebraicorum
2114 2529 2615 2608 Hieronymiana:
2659 2528 3156 2606 interpretationi
3204 2545 3376 2586 com—

451 2645 688 2717 parata.

378 2745 463 2805 De
497 2746 856 2824 Origeniano
889 2744 1072 2805 ἰσχίου
1103 2747 1403 2804 nominum
1437 2744 1866 2804 Hebraicornm
1896 2743 2146 2801 Joannis
2178 2743 2529 2802 Martiana’i
2548 2742 2852 2822 prae/alio.

375 2853 817 2930 Urigcnianum
880 2854 1166 2912 Lexicum
1232 2852 1554 2912 nominum
1614 2852 2059 2910 IlebraiCorum
2128 2869 2266 2908 cum
2325 2849 2834 2926 interpmtationc
2889 2847 3378 2924 Hieronymiana

450 2980 667 3039 compa
679 2967 899 3019 ratum.

371 3070 457 3126 De
487 3069 699 3128 decem
735 3069 838 3127 Dei
874 3067 1228 3125 nominibus
1252 3066 1618 3143 capitulum.

379 3174 542 3232 Libri
574 3174 896 3232 nominum
931 3175 1375 3232 Hebraieorum
1413 3193 1550 3250 pars
1583 3173 1872 3249 quietiam
1905 3191 1978 3229 ex
2015 3171 2306 3248 opc'rilms
2335 3170 2612 3229 Philonis
2641 3170 2842 3230 Jiulzei
2867 3171 3146 3229 collecta.

373 3281 541 3339 Libri
576 3281 898 3340 nominum
933 3281 1374 3339 Hchraicorum
1411 3300 1555 3358 pars
1587 3281 1872 3357 quietiam
1907 3298 1978 3338 ex
2012 3279 2302 3356 operibus
2335 3278 2527 3338 Flavii
2558 3278 2814 3354 Joscphi
2847 3279 3124 3336 collecta.

405 3388 815 3446 ~APPENDICIS
864 3404 1009 3445 mas
1055 3403 1312 3445 ALTERA.

375 3493 556 3552 Liber
582 3493 905 3552 nominum
936 3495 1290 3552 Graecorum
1325 3514 1394 3552 ex
1430 3494 1614 3552 Actis.

373 3600 658 3659 l-lebraici
689 3599 1006 3677 alphabeti
1040 3601 1488 3678 interpretatio.

374 3710 458 3766 De
489 3711 615 3767 Deo
641 3713 699 3766 et
730 3707 1085 3766 nominibus
1117 3708 1276 3785 ejus.

372 3817 457 3874 De
491 3814 1028 3874 benedictionibus
1056 3815 1250 3874 Jacob
1282 3815 1675 3892 patriarchae.

371 3922 592 3980 Decem
627 3922 999 3980 tcntationes
1031 3923 1242 3998 populi
1282 3922 1461 3980 Israel
1494 3922 1557 3980 in
1589 3922 1854 3980 deserto.

372 4027 864 4086 Commentarius
896 4027 956 4085 in
999 4028 1307 4087 canticum
1341 4029 1668 4089 Debborae.

372 4133 760 4204 Qmestiones
793 4134 1109 4193 l-{cbraicze
1144 4135 1201 4192 in
1239 4135 1427 4194 libros
1463 4137 1695 4211 Regum
1730 4149 1787 4192 et
1817 4134 2359 4211 Paralipomenon.

376 4240 443 4298 In
472 4241 592 4301 Job
625 4241 931 4318 expositio
963 4241 1401 4300 interliucaris.

377 4350 683 4424 Excerpta
742 4366 814 4406 ex
873 4348 1323 4407 commentario
1381 4348 1445 4406 in
1500 4349 1752 4419 Jobum,
1814 4348 1921 4425 qui
1978 4347 2440 4424 manuscriptus
2488 4347 2936 4407 Amstelodami
2984 4346 3289 4416 exstabat,
3324 4351 3385 4405 et

457 4459 714 4531 putatur
743 4472 875 4514 esse
905 4455 1288 4532 Hieronymi.

382 4559 814 4621 Commentarii
838 4561 897 4619 in
932 4560 1002 4620 S.
1037 4561 1401 4640 Hieronymi
1426 4559 1605 4620 libros
1629 4569 1869 4620 auctore
1897 4561 1976 4621 Ι).
2012 4560 2388 4620 Martianzoo.

377 4668 877 4726 Commentarios
909 4668 967 4726 in
1002 4668 1230 4727 librum
1262 4668 1586 4726 nominum
1616 4669 2084 4728 llebraicorum.

377 4774 829 4852 Prophetarum
861 4775 1113 4834 nomina
1147 4781 1206 4834 et
1236 4775 1558 4834 nominum
1590 4776 2010 4852 etymologia}.

375 4883 608 4942 Glossa)
682 4883 1098 4960 quorumdam
1179 4882 1513 4959 Scriptura:
1572 4883 1850 4941 locorum
1911 4886 1969 4940 et
2042 4881 2366 4941 nominum
2442 4880 2985 4958 interpretationes
3061 4880 3382 4939 Britonum

457 4989 694 5065 hngua.

381 5096 750 5172 Explanatio
782 5095 844 5154 in
879 5096 1108 5155 librum
1141 5097 1216 5155 (le
1248 5095 1365 5154 situ
1400 5102 1456 5155 et.
1489 5095 1842 5155 nominibus
1876 5095 2154 5154 locorum
2187 5094 2654 5154 l'lebraicorum.

386 5200 550 5260 Nota:
575 5201 932 5280 prolixiores
963 5204 1023 5261 in
1054 5202 1269 5263 librum
1302 5201 1734 5264 Hebraicarum
1766 5203 2153 5281 quaestionum
2188 5203 2248 5260 in
2285 5201 2569 5263 Genesim.

382 5304 550 5366 Nota:
571 5308 927 5386 prolixiores
960 5310 1020 5368 in
1055 5310 1376 5371 Comment.
1414 5311 1473 5368 in
1505 5309 1928 5369 Ecclesiastrn.

383 5412 672 5493 Syllabas
736 5415 1273 5494 Manuscripmrmn
1332 5416 1596 5476 codicum
1646 5416 1728 5475 ad
1778 5436 1921 5495 quos
1974 5417 2173 5494 exegit
2233 5415 2617 5475 Martianqu
2667 5434 2794 5474 cum
2852 5415 2976 5475 alia
3037 5424 3156 5474 tum
3181 5417 3387 5495 prami-

456 5539 574 5601 pue
603 5539 734 5600 qua:
764 5519 869 5580 hoc
902 5531 1050 5580 (omo
1095 5524 1485 5582 continentur.

381 5627 683 5691 Elenclms
715 5636 970 5689 veterum
1001 5639 1303 5690 auctorum
1335 5631 1447 5710 qui
1470 5628 1796 5691 laudantur
1825 5630 1898 5692 ab
1931 5629 2296 5709 Hieronymo
2331 5629 2391 5689 in
2418 5626 2524 5689 hoc
2553 5639 2728 5689 (omo.

3663 1565 3780 1622 809

3665 1780 3782 1838 815

3662 1886 3784 1944 903

3659 1994 3782 2050 8Ἷ9

3662 2101 3783 2157 983

3627 2208 3774 2264 1061

3628 2314 3782 2371 1173

3625 2636 3782 2692 1199

3625 2744 3651 2799 1
3665 2744 3775 2799 25³7

3622 2957 3776 3013 1259

3627 3065 3650 3119 1
3664 3065 3782 3120 269

3625 3171 3776 3227 1281

3620 3280 3641 3334 1
3659 3278 3779 3334 289

3613 3384 3768 3441 1333

3622 3493 3647 3548 1
3661 3491 3774 3548 357

3624 3598 3776 3657 1365

3628 3704 3782 3765 Ibid.

3625 3815 3648 3871 1
3661 3814 3778 3872 369

3628 3921 3782 3979 1379

3620 4028 3779 4086 1383

3623 4135 3773 4194 1391

3615 4243 3781 4300 1475

3631 4457 3787 4514 1539

3633 4563 3782 4621 1551

3630 4668 3786 4726 156Ἱ

3632 4775 3791 4833 1623

3629 4988 3784 5047 1625

3635 5095 3786 5152 1627

3632 5201 3784 5260 1631

3631 5306 3787 5366 1637

3630 5522 3790 5582 1649

3631 5628 3789 5688 1665

2457 5860 2636 5912 Sancti
2665 5859 2908 5912 Amandi.
2935 5889 2988 5897 —-
3022 5862 3095 5912 Ex
3125 5863 3266 5929 typis
3296 5861 3648 5914 DESTENAY.
