4088 6166
1743 702 2385 795 ΡΒῘΕΕΑΤΙΟ.

435 1211 566 1270 Hoc
624 1209 853 1271 demun
913 1211 1097 1274 tertio
1168 1212 1808 1292 Hieronymianorum
1867 1215 2135 1293 Operum
2196 1218 2367 1272 tomo
2435 1210 2589 1271 illud
2649 1211 3002 1291 scriptionis
3073 1232 3271 1292 genus
3328 1232 3772 1297 recognoscen-

354 1308 511 1369 dum
566 1308 993 1386 aggredimur,
1055 1310 1231 1389 cujus
1290 1311 1569 1389 subjecta
1598 1313 1887 1372 materies
1959 1313 2314 1375 divinarum
2363 1315 2453 1370 est
2514 1310 2883 1370 Litterarum
2954 1314 3281 1391 expositio,
3337 1335 3460 1394 qua
3518 1320 3772 1381 sanctis-

258 1414 282 1453 ‘~
349 1405 546 1467 simus
590 1405 900 1484 interpres
938 1407 1057 1468 sibi
1113 1409 1438 1487 proprium
1486 1410 1677 1469 decus
1708 1415 1768 1470 et
1818 1428 2044 1469 nomen
2104 1409 2378 1469 Doctoris
2442 1406 2725 1481 Maximi,
2778 1410 3142 1471 concinente
3210 1414 3274 1473 in
3323 1413 3486 1475 hanc
3516 1415 3768 1478 laudem

352 1502 504 1564 orbe
588 1502 904 1574 universo,
983 1506 1350 1584 promeruit.
1430 1508 1587 1568 Nam
1656 1526 1796 1567 cum
1852 1507 1916 1566 in
1953 1508 2194 1567 caeteris
2270 1505 2521 1583 quidem
2598 1506 2931 1583 peculiaris
3010 1509 3275 1570 instituti
3367 1513 3772 1578 monimentis

355 1598 801 1661 elucubrandis
870 1620 1055 1664 omne
1129 1603 1335 1665 tulerit
1405 1610 1743 1681 punctum:
1820 1604 1885 1664 in
1943 1605 2281 1683 Scriptura:
2355 1605 2736 1681 exponendas
2827 1605 3079 1665 scientia
3147 1608 3233 1667 ita
3312 1610 3624 1686 excelluit,
3701 1616 3769 1677 ut

350 1704 579 1759 caetera
610 1696 708 1758 illi
734 1700 1094 1760 communia
1122 1719 1266 1760 cum
1300 1701 1535 1769 multis,
1612 1700 1801 1780 hujus
1870 1707 2005 1762 tota
2035 1720 2225 1782 quam
2282 1701 2581 1761 latissime
2613 1707 2803 1779 patet,
2841 1704 3308 1781 quodammodo
3350 1710 3607 1788 propria
3634 1712 3775 1775 laus

349 1796 657 1857 videatur.
732 1797 960 1857 Earum
1031 1798 1269 1859 scilicet
1339 1798 1632 1877 partium,
1707 1818 1847 1877 quae
1922 1801 2267 1860 innumeras
2341 1800 2795 1877 propemodum
2853 1801 3258 1879 requiruntur
3314 1805 3393 1865 ad
3460 1825 3770 1873 summam

354 1892 490 1972 ejus
546 1892 694 1954 libri
746 1894 1116 1972 dignitatem
1192 1897 1642 1967 sustinendam,
1695 1897 1972 1976 singulas
2018 1898 2240 1958 habuit
2268 1898 2330 1957 in
2362 1904 2687 1958 numerato
2724 1917 2736 1958 :
2773 1900 3064 1978 quodque
3109 1901 3281 1962 haud
3329 1903 3455 1963 scio
3504 1924 3583 1966 an
3614 1907 3772 1969 alius

354 1996 543 2053 antea
569 1992 944 2065 contulerat,
1019 2013 1332 2056 summam
1401 1994 1757 2072 linguarum
1818 1995 2249 2066 Orientalium,
2325 2014 2465 2072 quae
2498 1995 2888 2073 primigenia:
2960 2003 3019 2055 et
3058 2000 3409 2060 vernaculae
3439 2009 3584 2063 sunt
3641 2003 3774 2085 ejus

340 2087 523 2160 libri,
556 2094 785 2150 etcum
814 2090 1034 2167 primis
1064 2092 1385 2153 Hebraicae
1417 2098 1479 2152 et
1548 2094 1779 2153 Graecae
1834 2092 2144 2165 notitiam,
2208 2092 2622 2153 vetustiorum
2656 2110 2687 2151 e
2762 2093 3100 2173 Synagoga
3130 2103 3190 2155 et
3245 2098 3518 2160 Ecclesia
3586 2101 3771 2167 inter-

356 2192 626 2266 pretum,
701 2186 960 2248 Patrum
1030 2207 1277 2268 quoque
1308 2208 1416 2250 seu
1462 2191 1842 2265 Grecorum,
1895 2208 2002 2251 seu
2036 2191 2420 2264 Latinorum,
2498 2192 2605 2268 qui
2674 2191 2793 2251 hoc
2861 2192 3068 2251 studio
3139 2194 3581 2270 inclaruerant,
3622 2202 3771 2263 assi-

254 2270 261 2273 “
355 2286 549 2349 duam
585 2288 915 2351 lectionem
963 2293 1023 2348 et
1080 2287 1375 2363 studium,
1438 2307 1581 2348 cum
1630 2288 2111 2366 exquisitissimo
2169 2288 2617 2348 sententiarum
2676 2306 3008 2367 rerumque
3058 2291 3301 2351 delectu
3359 2294 3437 2352 ad
3498 2294 3769 2375 reliquas

351 2385 656 2449 doctrinae
688 2405 817 2448 suae
844 2385 1061 2447 laudes
1106 2383 1415 2463 adjunxit.
1449 2387 1580 2445 Hac
1637 2385 1976 2445 instructus
2011 2389 2183 2446 tanta
2216 2385 2687 2463 disciplinarum
2736 2378 3127 2464 supellectili,
3163 2389 3269 2448 ubi
3298 2390 3488 2451 sacris
3519 2393 3764 2457 Litteris

357 2482 746 2563 explicandis
775 2483 1052 2545 animum
1099 2482 1387 2554 advertit,
1442 2500 1514 2543 eo
1564 2482 1888 2559 dignitatis
1950 2484 2136 2543 etiam
2167 2502 2237 2543 ac
2269 2483 2648 2560 przestantiaa
2696 2485 2981 2560 provexit
3027 2485 3189 2545 hanc
3236 2492 3453 2563 artem,
3506 2508 3629 2569 quo
3659 2498 3769 2554 aut

358 2580 640 2643 nondum
670 2587 855 2644 antea
898 2580 1036 2660 pari
1066 2580 1288 2640 saltem
1336 2582 1534 2660 gradu
1567 2586 1953 2659 pervenerat,
2018 2586 2123 2640 aut
2154 2586 2371 2659 postea
2423 2580 2680 2641 ulterius
2728 2600 2854 2641 non
2896 2589 2985 2642 est
3039 2601 3388 2661 progressa.
3435 2585 3770 2666 Triplicem

357 2679 525 2739 enim
555 2678 859 2760 propositi
886 2678 1010 2739 loci
1039 2696 1288 2738 sensum
1319 2678 1480 2739 eruit
1510 2697 1580 2738 ac
1612 2678 1943 2755 investigat
1970 2696 1983 2736 :
2020 2683 2079 2736 et
2112 2678 2173 2736 in
2206 2676 2408 2754 primo
2450 2676 2700 2755 quidem
2748 2697 2932 2755 quem
2962 2680 3352 2754 historicum,
3387 2683 3515 2744 sive
3544 2683 3768 2748 littera:

357 2782 606 2849 vocant,
643 2777 878 2838 diutius
906 2776 1298 2848 immoratur,
1335 2776 1509 2838 varia
1557 2775 1649 2835 illi
1680 2781 1961 2837 veterum
1991 2794 2067 2836 ex
2115 2776 2377 2835 Hebrteo
2410 2775 2813 2854 interpretum
2856 2779 3339 2840 accommodans
3366 2781 3764 2860 glossemata,

356 2874 531 2935 varia
563 2880 972 2935 tractatorum
1002 2880 1356 2935 commenta
1387 2879 1447 2934 et
1477 2874 1835 2935 sententias.
1870 2875 2028 2934 Tum
2062 2874 2185 2933 alia
2216 2875 2341 2933 duo
2364 2891 2590 2951 genera
2637 2874 3152 2952 explanationnm
3185 2880 3562 2957 aggreditur,
3599 2890 3659 2943 et
3688 2885 3769 2945 ad

354 2970 657 3034 liberiora
688 2972 1060 3053 tropologiaa
1092 2978 1419 3034 revocatus
1450 2973 1675 3059 spatia,
1711 2972 2013 3052 quidquid
2068 2973 2147 3032 ad
2177 2973 2501 3046 moralem,
2556 2978 2616 3031 et
2645 2973 2946 3051 quidquid
2978 2976 3056 3034 ad
3089 2976 3413 3054 mysticam
3440 2981 3770 3059 expositio-

356 3089 500 3131 nem
561 3070 725 3132 felici
754 3070 1009 3149 ingenio
1041 3070 1478 3149 suppeditabat
1535 3072 1925 3133 reconditum
1955 3071 2253 3132 doctrina:
2287 3090 2499 3149 penus,
2555 3075 2728 3131 tanta
2780 3090 2986 3132 rerum
3020 3073 3330 3134 urbertate
3376 3078 3624 3150 exserit,
3659 3079 3772 3142 mi-

356 3187 496 3230 rum
526 3174 593 3230 ut
624 3168 705 3229 sit
734 3167 1039 3230 exstitisse
1068 3168 1347 3229 notarios
1375 3168 1703 3229 scribendo
1746 3187 1947 3248 pares.

416 3269 565 3328 Hoc
594 3271 808 3327 autem
837 3266 901 3326 in
949 3266 1178 3337 studio,
1234 3285 1593 3345 quanquam
1643 3267 1926 3329 omnium
1955 3265 2307 3339 utilissimo,
2360 3285 2484 3325 non
2538 3266 2755 3344 ignoro
2798 3266 3134 3327 fastidiosis
3181 3267 3545 3331 hominibus
3573 3273 3771 3336 neuti-

352 3382 541 3444 quam
571 3364 852 3444 probari,
888 3364 1056 3443 quod
1083 3382 1299 3424 eorum
1330 3366 1691 3443 plerumque
1722 3370 1973 3424 sanctus
2005 3366 2237 3424 Doctor
2266 3364 2611 3424 dissimulet
2641 3354 2919 3447 nomina’,
2957 3386 3223 3444 quorum
3282 3369 3500 3430 laudat
3526 3377 3773 3434 senten-

351 3461 469 3525 tias
523 3468 708 3543 atque
756 3462 913 3523 adeo
970 3462 1230 3523 dubium
1280 3463 1541 3522 subinde
1591 3462 1689 3535 sit,
1726 3468 1817 3522 tot
1849 3463 2009 3521 inter
2036 3463 2447 3523 vetustiorum
2487 3464 2743 3522 Patrum
2800 3464 3212 3541 opinationes,
3276 3466 3339 3525 in
3370 3486 3558 3545 quam
3589 3468 3769 3535 malit

352 3558 487 3638 ipse
548 3560 903 3621 concedere.
939 3560 1059 3622 Sed
1091 3559 1253 3620 hanc
1286 3559 1388 3619 ille
1420 3558 1739 3620 randicam
1787 3578 2025 3637 suoque
2056 3560 2208 3620 olim
2258 3565 2536 3637 tempore
2586 3560 2956 3619 intentatam
3006 3562 3388 3623 calumniam
3437 3584 3578 3625 cum
3600 3586 3769 3648 saepe

358 3655 537 3728 alibi,
571 3657 791 3717 tumin
860 3657 1236 3719 Praefatione
1294 3656 1435 3716 libri
1484 3675 1545 3718 x1
1588 3656 2197 3717 Commentariorum
2247 3657 2309 3715 in
2360 3658 2584 3716 Isaiam
2640 3656 2907 3733 palmari
2960 3659 3078 3718 hoc
3130 3668 3500 3738 argumento
3532 3663 3762 3726 diluit:

360 3752 649 3827 Lectoris,
679 3755 878 3835 inquit
905 3755 1161 3817 arbitrio
1218 3753 1527 3835 dereliqui,
1578 3754 1729 3836 quid
1752 3753 1822 3815 de
1862 3754 2144 3835 plurimis
2190 3752 2454 3831 eligeret.
2505 3754 2717 3837 Itaque
2765 3752 2927 3834 quod
2969 3775 3071 3815 nos
3119 3756 3470 3818 verecundia
3514 3759 3766 3837 fecimus

334 3849 681 3931 judicandi,
707 3834 990 3915 eteorum
1021 3852 1240 3913 Izonore
1264 3853 1374 3933 qui
1400 3834 1615 3912 lecturi
1666 3850 2244 3933 eranl,quibusdam
2302 3852 2457 3930 forte
2487 3834 2602 3911 non
2646 3850 2898 3931 placeat,
2952 3854 3063 3932 qui
3085 3872 3200 3913 non
3230 3834 3613 3935 antiquorum
3642 3859 3769 3939 opi-

343 3950 568 4017 niones.
598 3949 704 4011 sed
727 3960 993 4012 nostram
1018 3959 1365 4012 sententiam
1391 3952 1542 4010 scire
1573 3949 1930 4011 desiderant.
1968 3949 2190 4025 Quibus
2221 3949 2423 4028 facilis
2481 3968 2777 4029 responsio
2820 3958 2939 4010 est:
3001 3949 3265 4010 [Voluisse
3293 3972 3383 4013 me
3436 3956 3526 4016 sic
3579 3976 3764 4018 unum

344 4047 607 4128 recipere
662 4056 729 4109 ut
758 4047 990 4109 viderer
1018 4048 1167 4109 alios
1194 4046 1614 4109 condamnure.
1636 4050 1710 4108 Et
1738 4049 1801 4106 in
1829 4049 2116 4109 Jeremize
2152 4066 2285 4125 cap.
2304 4065 2429 4108 xxu
2461 4068 2483 4107 .°
2514 4046 2874 4107 Miserabilis
2941 4046 3263 4122 Grunnius,
3304 4060 3359 4110 et
3383 4061 3514 4132 post
3544 4053 3760 4116 multo:

343 4163 529 4205 annos
561 4143 845 4226 discipuli
872 4145 1185 4207 Joviniani
1208 4154 1260 4206 et
1294 4143 1455 4205 illius
1482 4144 2008 4219 calumniatisunt,
2041 4154 2093 4205 et
2125 4143 2565 4205 calumniantur
2593 4165 2682 4204 me
2708 4144 2813 4204 sub
2843 4144 3056 4205 alienis
3085 4146 3443 4222 nominibus,
3481 4151 3763 4231 proprias
3842 4221 3845 4224 ,

341 4242 659 4304 sententias
684 4261 924 4324 ponere,
955 4241 1117 4324 quod
1144 4262 1250 4322 ego
1267 4261 1446 4303 causa
1494 4242 1901 4304 benevolentiae
1949 4242 2134 4321 facio,
2168 4262 2239 4302 ne
2269 4243 2529 4323 aliquem
2557 4255 2713 4303 certo
2743 4242 2979 4302 nomine
3004 4241 3208 4304 videar
3239 4243 3527 4306 lacerare.
3561 4250 3763 4311 Grun-

346 4339 484 4400 nius
514 4339 741 4418 reipsa,
775 4340 903 4402 sive
950 4340 1185 4413 Ruﬁus,
1222 4345 1282 4400 et
1312 4340 1592 4419 quisquis
1622 4341 1725 4400 ille
1756 4339 1872 4399 fuit
1901 4341 1977 4400 dc
2006 4340 2321 4401 Joviniani
2352 4359 2539 4417 grege
2567 4346 2741 4402 vetus
2790 4339 3226 4413 calumniator,
3261 4361 3402 4402 cum
3454 4363 3519 4405 se
3550 4347 3761 4408 Hiero-

347 4437 516 4516 nymi
548 4438 845 4497 aemulum
896 4456 1027 4498 esse
1082 4436 1473 4497 dissimulare
1522 4457 1648 4498 non
1695 4443 1924 4515 posset,
1978 4456 2043 4495 se
2097 4437 2300 4515 ipsum
2332 4439 2531 4514 magis
2580 4437 2937 4498 invidentia}
2988 4437 3245 4497 crimine
3294 4441 3756 4516 condemnavit,

345 4552 531 4612 quam
563 4535 625 4595 S.
663 4537 993 4596 Doctorem
1022 4535 1435 4595 obtrectando
1482 4534 1730 4594 laeserit.
1786 4534 1903 4605 Qui
1932 4553 2079 4594 vero
2110 4553 2246 4593 eam
2277 4534 2655 4593 calumniam
2716 4533 3067 4593 instaurant
3113 4537 3485 4598 recentiores
3516 4539 3763 4603 hetero-

346 4631 516 4704 doxi,
550 4651 675 4692 non
705 4637 836 4692 tam
866 4632 1146 4693 fortassis
1177 4650 1252 4692 ex
1281 4632 1491 4691 animo
1524 4632 1786 4703 sribunt,
1843 4650 2028 4710 quam
2058 4632 2408 4690 ostentandi
2461 4632 2691 4709 ingenii
2739 4650 2945 4705 causa,
2999 4637 3187 4711 atque
3231 4635 3311 4694 ob
3336 4637 3541 4697 nescio
3571 4657 3759 4716 quam

350 4727 646 4805 projectze
678 4728 1040 4789 temeritatis
1097 4727 1418 4788 libidinem
1474 4729 1769 4806 carpendi
1802 4733 2040 4789 veteres
2068 4729 2300 4797 Patres,
2338 4746 2373 4785 a
2423 4747 2687 4805 quorum
2720 4728 2839 4787 ﬁde
2863 4728 3275 4791 desciverunt.
3315 4732 3481 4791 Nihil
3512 4733 3651 4793 dico
3683 4734 3761 4794 de

350 4824 703 4901 Catholicis,
740 4826 789 4887 si
822 4845 960 4905 quae
1010 4845 1224 4887 eorum
1247 4832 1390 4886 sunt
1442 4845 1715 4886 censurae
1749 4826 1865 4886 hac
1925 4826 2001 4887 de
2030 4844 2117 4891 re,
2151 4844 2288 4903 qum
2322 4844 2469 4884 sane
2518 4824 2825 4902 ejusmodi
2874 4832 3035 4899 sunt,
3083 4831 3148 4885 ut
3190 4827 3568 4906 Hieronymo
3598 4829 3757 4889 nihil

343 4921 699 4995 detrahant,
789 4924 895 4985 sed
981 4923 1290 4983 studiosos
1376 4923 1668 4995 excitent,
1750 4928 1815 4982 ut
1904 4923 2119 4982 scdulo
2214 4922 2643 4982 ecclesiastica:
2747 4922 3112 4981 eruditionis
3215 4925 3421 4985 studio
3474 4973 3487 4998 ,
3577 4943 3757 4986 suam

338 5005 567 5100 cuique
599 5022 842 5083 auctori
870 5022 1242 5082 sententiam
1277 5022 1532 5081 reddere
1574 5020 1807 5080 sciant:
1869 5022 2040 5099 quod
2071 5024 2233 5079 certe
2268 5020 2329 5078 in
2382 5038 2681 5097 magnum
2727 5038 3044 5079 sacrarum
3078 5020 3473 5091 Litterarum,
3510 5027 3569 5081 et
3615 5041 3759 5083 cum

344 5118 560 5196 primis
590 5118 1093 5198 Hieronymianae
1128 5118 1411 5177 lectionis
1443 5118 1842 5177 commodum
1878 5118 2077 5177 cedat.
2113 5120 2285 5176 Hanc
2319 5118 2446 5176 fere
2478 5135 2732 5194 operam
2765 5119 2828 5177 S.
2860 5115 3147 5189 Basilius,
3184 5121 3242 5176 et
3290 5117 3621 5195 Gregorius
3642 5120 3759 5181 Nav

341 5216 693 5289 zianzenus,
746 5221 1162 5295 cognomento
1205 5214 1586 5293 Theologus,
1622 5216 2012 5292 Origenianis
2068 5215 2509 5293 scriptionibus
2538 5216 2821 5273 feruntur
2876 5213 3270 5291 impendisse,
3323 5218 3391 5273 ut
3419 5215 3753 5295 dogmatis,

340 5330 480 5391 quae
511 5313 706 5393 ipsius
736 5313 1009 5393 propria,
1046 5318 1230 5392 atque
1250 5313 1326 5372 ab
1358 5313 1623 5373 aliorum
1641 5312 1886 5391 placitis
1908 5312 2325 5390 discrepantia
2355 5313 2730 5383 viderentur,
2767 5311 2817 5368 Χ
2848 5310 3165 5387 geminum
3181 5309 3523 5388 afﬁgerent,
3548 5313 3758 5376 Plato-

341 5410 628 5471 nicorum
658 5430 850 5485 more,
885 5411 1012 5490 qui,
1049 5412 1418 5488 magistrum
1460 5429 1641 5470 suum
1694 5410 2066 5481 lectitantes,
2100 5410 2239 5470 loca
2288 5409 2555 5487 insignia
2622 5427 2695 5467 eo
2752 5408 3107 5467 charactere
3154 5408 3561 5481 denotabant,
3597 5417 3663 5473 ut
3690 5412 3756 5474 in

337 5506 600 5573 Platone
636 5510 913 5568 Laertius
942 5508 1149 5569 refert.
1183 5510 1381 5587 Atque
1411 5508 1469 5566 id
1503 5508 1753 5585 quidem
1784 5512 2081 5585 prmstare
2111 5525 2246 5571 nos.
2283 5513 2517 5584 quanta
2548 5506 2723 5563 licuit
2752 5504 3077 5582 diligentia
3109 5508 3564 5579 contendimus,
3601 5528 3752 5587 ope-

340 5624 603 5687 ramque
632 5607 698 5666 in
742 5606 861 5667 hoc
892 5613 1171 5666 nostram
1201 5606 1469 5667 maxime
1501 5607 1942 5686 subsequentes
1963 5605 2135 5679 tomi,
2186 5605 2294 5683 qui
2326 5604 2439 5665 toti
2487 5603 2962 5665 Commentariis
3010 5609 3318 5677 constant,
3346 5607 3745 5683 probabunt;

661 5743 925 5808 Panos.
972 5741 1194 5806 XXIII.
3352 5740 3431 5802 26
