4138 6160
480 305 591 367 au
1959 297 2399 364 PREFATIO.
3711 261 3812 369 ω

478 455 645 501 nunc
693 437 842 518 quid
872 437 937 499 in
966 436 1085 501 hoc
1160 437 1365 509 tertio,
1400 453 1474 497 ex
1522 453 1645 515 quo
1698 434 2192 496 Commentarios
2237 433 2659 512 auspicamur,
2732 431 3097 496 adornando
3146 432 3593 513 praestiterimus
3631 437 3814 500 dicen-

475 535 635 598 dum'
655 542 769 598 est.
1828 560 1838 581 -
3484 526 3501 537 χ

554 637 709 696 Cum
739 634 1018 714 singulos
1048 634 1540 696 Commentarios
1567 634 1645 691 ad
1678 651 1818 692 eum
1851 631 2152 705 ordinem,
2204 650 2388 709 quem
2428 631 2569 709 ipsi,
2603 632 2710 709 qui
2740 631 3132 692 illustrantur
3176 630 3334 691 sacri
3386 631 3523 691 libri
3548 633 3815 708 obtinent,

472 733 774 812 digerere,
810 752 882 793 ac
911 751 1227 793 recensere
1258 749 1507 792 necesse
1537 731 1769 802 sit,duo
1794 736 2002 790 tamen
2033 730 2368 807 Opuscula,
2404 748 2672 808 quorum
2702 730 2966 790 alterum
2996 728 3066 789 de
3098 726 3465 799 Nominibus,
3498 729 3734 791 alterum
3760 733 3823 793 de

476 832 813 910 Scriptura:
842 830 1015 892 Locis
1048 830 1427 903 inscribitur,
1466 829 1923 908 praeposuimus
1953 830 2257 890 universae
2288 827 2661 899 collectioni,
2696 833 2912 906 utpote
2935 845 3074 906 quae
3093 845 3219 887 non
3251 845 3433 885 unam
3476 832 3577 886 aut
3600 827 3825 889 alteram

474 928 810 1008 Scriptura:
840 934 1079 1006 partem
1112 933 1448 1006 exponant,
1484 928 1588 987 sed
1621 932 1819 986 totam
1850 926 1913 986 in
1945 945 2016 985 ea
2046 946 2186 1004 quae
2220 924 2497 1003 subjecta
2524 925 2812 985 materies
2838 931 2949 992 est,
2985 924 3460 1002 amplectantur,
3490 929 3547 984 et
3591 926 3827 1002 quodam

472 1025 666 1086 veluti
695 1027 1035 1104 Apparatu,
1071 1031 1205 1085 tum
1235 1026 1352 1103 ipsi
1385 1025 1743 1103 Scripturze,
1798 1043 1939 1083 cum
1970 1024 2469 1103 Hieronymianis
2511 1023 2986 1083 Commentariis
3033 1023 3228 1100 probe
3259 1021 3661 1100 intelligendis
3685 1024 3831 1083 viam

476 1121 781 1183 muniant.
815 1122 1092 1183 Priorem
1125 1122 1356 1182 librum
1385 1127 1622 1185 veteres
1653 1122 1921 1182 editores
1969 1121 2228 1181 minoris
2260 1139 2406 1181 sane
2453 1121 2753 1191 fecerunt,
2788 1121 2914 1181 sive
2955 1120 3122 1197 quod
3159 1137 3421 1197 parvum
3452 1138 3488 1178 a
3516 1119 3695 1179 sterili
3719 1138 3833 1179 ma-

472 1220 631 1280 teria
658 1219 777 1280 sibi
803 1219 1004 1281 laudis
1033 1220 1307 1280 fructum
1358 1225 1700 1298 sperarent,
1752 1220 1881 1279 sive
1926 1219 2092 1297 quod
2140 1218 2443 1296 imperitis
2472 1237 2649 1279 suam
2679 1217 2933 1297 probari
2964 1235 3145 1296 posse
3177 1234 3433 1295 operam
3460 1234 3581 1277 non
3608 1217 3837 1278 arbitra-

470 1323 705 1377 rentur.
741 1319 1023 1396 Nuperus
1052 1336 1200 1379 vero
1230 1318 1862 1396 Hieronymianarum
1894 1317 2317 1387 Quaestionum
2355 1318 2588 1377 Auctor
2616 1321 2853 1389 eum,ut
2883 1321 2943 1376 et
2970 1315 3297 1393 plerosque
3330 1314 3484 1374 alios
3513 1314 3837 1393 Hieronymi

470 1414 737 1485 labores,
772 1414 931 1474 nihil
962 1433 1113 1486 esse,
1150 1421 1257 1474 aut
1288 1433 1589 1493 perquam
1622 1415 1862 1492 exiguae
1924 1414 2205 1473 utilitatis
2236 1414 2588 1474 blateravit.
2641 1414 2751 1474 Cui
2781 1418 2970 1473 tanta:
3010 1411 3283 1473 hominis
3314 1412 3639 1472 temeritati
3666 1412 3838 1474 multa

472 1512 748 1590 reposuit
777 1512 1173 1572 Martianmus
1204 1512 1268 1570 in
1298 1512 1603 1589 Apologia
1638 1530 1650 1570 :
1686 1511 1957 1589 palmari
1985 1516 2193 1571 autem
2242 1512 2361 1572 hoc
2393 1531 2517 1572 uno
2548 1516 2919 1590 argumento
2949 1509 3193 1570 retundi
3222 1514 3495 1587 poterat.
3526 1508 3654 1571 Sint
3681 1508 3844 1569 inter-

471 1610 642 1683 dum,
680 1609 905 1679 utvult,
938 1607 1227 1669 violentae
1260 1609 1549 1686 quaedam
1581 1608 2002 1686 etymologiae,
2028 1608 2150 1667 sint
2170 1607 2310 1668 aliae
2338 1609 2771 1685 subabsurdae,
2795 1609 2916 1668 sint
2946 1614 3005 1668 et
3025 1613 3244 1669 contra
3266 1608 3498 1686 lingua;
3523 1606 3841 1685 ingenium,

469 1724 596 1765 non
626 1705 743 1764 hoc
776 1712 985 1765 tamen
1015 1706 1165 1766 vitio
1196 1711 1400 1766 vertas
1432 1706 1833 1784 Hieronymo,
1872 1706 1978 1783 qui
2009 1706 2170 1764 hanc
2230 1725 2265 1763 a
2296 1725 2358 1765 se
2390 1706 2640 1784 culpam
2658 1707 3022 1783 deprecatur
3048 1704 3111 1763 in
3167 1704 3569 1775 Priefatione,
3605 1705 3844 1781 dumque

396 1847 403 1853 .
470 1801 862 1880 propositum
892 1803 1170 1861 Graecum
1203 1801 1542 1879 exemplar,
1576 1808 1763 1879 prout
1793 1801 2019 1871 decuit,
2046 1802 2312 1861 ﬁdeliter
2340 1803 2547 1871 vertit,
2571 1802 2834 1862 subinde
2862 1801 3047 1861 etiam
3078 1801 3380 1861 lectorem
3401 1820 3583 1861 suum
3610 1792 3849 1871 monuit,

471 1916 548 1959 ne
576 1917 701 1976 qua
730 1898 887 1957 falsa
932 1899 1204 1959 nominis
1256 1899 1768 1977 interpretatione
1821 1900 2227 1976 deciperetur.
2286 1899 2651 1958 Econtrario
2701 1916 2994 1977 magnam
3040 1898 3246 1958 inierit
3275 1918 3311 1958 a
3362 1898 3544 1959 nobis
3588 1897 3849 1976 gratiam,

470 1996 640 2074 quod
672 2014 815 2055 eum
846 1996 1101 2057 Librum
1136 1996 1350 2057 Latine
1378 1997 1619 2071 veterit,
1654 2016 1724 2058 ac
1754 1998 1978 2075 saepius
2007 1997 2373 2069 emendarit,
2410 2015 2534 2075 quo
2564 1997 3017 2076 propemodum
3050 2015 3175 2056 uno
3206 2002 3267 2056 et
3296 1996 3502 2056 Graeci
3528 1995 3772 2074 pridem,
3801 1998 3855 2052 et

472 2099 691 2171 postea
722 2094 927 2153 Latini
954 2093 1231 2171 plerique
1260 2112 1475 2154 omnes
1504 2099 1869 2154 tractatores
1902 2095 1993 2154 usi
2025 2099 2167 2153 sunt
2198 2095 2276 2153 ad
2308 2094 2677 2171 allegoricos
2707 2112 2942 2167 sensus,
2967 2112 3041 2153 ex
3072 2093 3402 2152 nominum
3436 2090 3856 2170 signiﬁcatione

470 2190 838 2269 captandos,
872 2198 931 2251 et
962 2211 1086 2269 quo
1119 2192 1274 2251 adeo
1307 2198 1439 2251 tota
1471 2211 1687 2253 eorum
1736 2191 2102 2270 tropologiae
2135 2193 2316 2263 ratio,
2349 2198 2644 2270 tantaque
2673 2192 3058 2270 antiquitatis
3087 2192 3396 2251 memoria
3433 2189 3793 2251 continetur.

552 2305 669 2376 Qui
698 2305 1098 2381 subsequitur
1125 2304 1197 2365 de
1243 2304 1577 2366 Palazslime
1630 2306 1816 2380 Locis,
1871 2325 1945 2365 ex
1996 2307 2242 2367 Eusebii
2288 2309 2525 2379 Graeco,
2573 2325 2756 2385 quem
2791 2325 2913 2366 una
2961 2311 3513 2384 reprmsentamus,
3565 2302 3859 2364 Latineab

478 2403 861 2482 Hieronymo
893 2407 983 2462 est
1011 2403 1287 2463 redditus
1312 2420 1324 2462 :
1361 2404 1518 2463 nihil
1550 2424 1669 2482 que
1688 2404 1823 2482 jam
1853 2405 1993 2465 dico
2016 2406 2093 2465 de
2122 2423 2365 2466 summa
2406 2405 2539 2483 ejus
2570 2404 2950 2483 praestantia,
3004 2421 3193 2481 quam
3218 2409 3461 2463 temere
3489 2402 3654 2462 idem
3683 2398 3869 2462 convi-

480 2501 682 2562 ciator
710 2500 1050 2561 imminuit.
1076 2500 1206 2560 Erit
1234 2501 1499 2561 fortasse
1530 2521 1603 2562 ex
1634 2503 1753 2562 hac
1786 2509 1996 2563 nostra
2027 2502 2216 2581 hujus
2244 2504 2527 2582 opusculi
2576 2502 3018 2581 recognitione,
3052 2520 3164 2560 cur
3193 2501 3349 2560 satis
3380 2501 3561 2560 illum
3599 2499 3869 2579 pceniteat

470 2616 700 2676 magno
731 2599 1111 2676 Hieronymo
1135 2598 1315 2658 dictis
1334 2600 1616 2676 superbis
1644 2600 1929 2660 illussise.
1948 2602 2196 2659 Nullum
2216 2601 2341 2660 fere
2372 2601 2648 2677 locum,q
2668 2617 2807 2659 uem
2828 2599 2935 2659 ille
2957 2597 3334 2676 suggillarit,
3362 2599 3635 2660 liberare
3661 2596 3871 2656 calum-

470 2697 574 2757 nia
606 2694 1115 2774 praatermisimus
1143 2696 1207 2754 in
1264 2696 1449 2767 notis,
1485 2696 1547 2755 in
1609 2698 1837 2774 quibus
1896 2698 2042 2757 data
2091 2699 2417 2759 occasione
2449 2697 2798 2769 lectionem,
2856 2696 3575 2775 interpretationemque
3602 2695 3876 2768 Hierony-

471 2794 772 2868 mianam,
806 2798 914 2853 aut
941 2793 1223 2855 vitiatam
1238 2793 1844 2853 scribarumincnria
1875 2795 2279 2866 restituimus,
2313 2800 2668 2855 auttemere
2699 2795 3015 2873 culpatam
3046 2794 3654 2854 defendimus.Nam
3674 2797 3735 2852 et
3759 2786 3875 2848 feli-

470 2892 622 2952 ciori
654 2910 845 2971 quam
876 2891 987 2951 ulli
1020 2897 1203 2951 antea
1252 2892 1561 2951 editorum
1612 2891 1870 2970 hujusce
1918 2892 2061 2952 libri
2091 2892 2441 2969 contigerit,
2498 2893 2748 2953 fortuna
2798 2891 2959 2965 utor,
3004 2891 3283 2969 quicum
3318 2893 3651 2953 Vaticanaa
3682 2884 3877 2949 biblio-

468 2991 669 3052 thecae
702 2990 941 3051 loculos
972 2990 1317 3068 diligentia,
1350 2997 1583 3069 quanta
1640 2997 1949 3069 poteram,
1985 2990 2257 3050 maxima
2305 2990 2769 3067 perlustrarem,
2804 2989 2965 3049 inter
3012 2989 3158 3061 alia,
3193 3008 3344 3067 quae
3397 2991 3482 3049 ad
3531 3007 3666 3050 rem
3698 2999 3881 3046 meam

467 3087 764 3161 facerent,
800 3087 1131 3148 Eusebiani
1163 3105 1409 3165 quoque
1440 3093 1646 3147 textus
1678 3088 1996 3166 exemplar
2036 3106 2225 3147 manu
2257 3092 2604 3155 exaratum,
2642 3086 2790 3146 satis
2836 3086 3188 3164 antiquum,
3223 3091 3419 3166 atque
3470 3087 3729 3166 optimae
3758 3097 3881 3142 cum

469 3185 688 3264 primis
718 3191 885 3247 notae
917 3184 1297 3255 deprehendi
1324 3202 1337 3257 ;
1374 3183 1727 3262 cujusmodi
1755 3185 1998 3244 nullum
2033 3191 2243 3245 extare
2292 3185 2462 3245 docti
2490 3184 2606 3246 viri
2634 3185 3196 3262 conquerebantur.
3255 3185 3586 3246 Nimirum
3614 3189 3736 3244 tres
3759 3186 3885 3239 tan-

466 3290 602 3344 tum
650 3286 950 3345 hactenus
1002 3273 1403 3343 innotuerant
1460 3281 1594 3360 ejus
1625 3283 1920 3361 Opusculi
1970 3284 2214 3343 codices
2259 3301 2407 3343 mss.
2442 3301 2710 3361 quorum
2749 3283 3020 3359 primum
3050 3282 3422 3343 Bonfrerius
3452 3302 3486 3343 e
3515 3280 3879 3343 bibliotheca

472 3383 661 3461 Regia
690 3381 969 3444 Parisina
998 3380 1212 3452 edidit,
1248 3380 1643 3440 Martianaeus
1672 3382 2035 3457 recognovit
2066 3400 2079 3439 :
2114 3380 2377 3439 alterum
2409 3378 2776 3439 Oxonieusis
2807 3383 3011 3442 servat
3041 3379 3393 3440 Academia
3421 3379 3720 3441 :tertium
3745 3378 3887 3451 Lug-

474 3481 627 3540 duni
656 3482 1034 3541 Batavorum
1064 3498 1095 3538 e
1123 3479 1423 3538 Vossiana
1456 3478 1837 3539 bibliotheca
1868 3479 1928 3537 in
1960 3478 2278 3557 publicam
2317 3477 2451 3556 ejus
2500 3476 2847 3537 Academias
2903 3481 3222 3537 curatores
3253 3478 3573 3538 dicuntur
3608 3475 3886 3537 intulisse.

475 3578 552 3636 At
598 3576 786 3656 hujus
843 3575 1211 3654 inspiciendi
1259 3576 1505 3653 copiam
1572 3576 1805 3635 nemini
1836 3576 2136 3635 hactenus
2178 3576 2407 3634 factam
2475 3575 2883 3635 Rhenferdius
2940 3574 3151 3634 dolet:
3204 3577 3651 3637 Oxoniensem
3704 3584 3896 3634 veroa

472 3672 754 3735 Parisino
811 3679 955 3734 ante
987 3691 1217 3752 paucos
1243 3691 1437 3733 annos
1468 3672 1653 3731 fuisse
1683 3671 2085 3748 descriptum,
2121 3672 2227 3750 qui
2256 3672 2347 3731 illi
2377 3672 2777 3733 Bibliotheca:
2809 3678 3088 3749 praesunt
3106 3690 3232 3732 non
3252 3673 3648 3735 difﬁtentur.
3682 3673 3769 3731 Ex
3789 3682 3893 3726 uno

474 3770 663 3847 igitur
698 3773 885 3849 Regio
917 3771 1204 3849 exemplo
1236 3772 1555 3831 adornata:
1611 3770 1913 3829 hactenus
1960 3770 2259 3830 editiones
2307 3770 2710 3831 derivantur:
2744 3768 2900 3828 illud
2947 3788 3094 3831 vero
3141 3771 3247 3831 vix
3287 3772 3475 3833 dictu
3511 3778 3632 3842 est,
3675 3763 3901 3848 quantis

477 3874 714 3927 scateat
743 3869 1006 3939 mendis,
1040 3887 1227 3946 quam
1262 3869 1423 3927 male
1452 3868 2122 3940 multatum,luxatum,
2157 3867 2489 3945 multisque
2516 3868 2652 3927 aliis
2683 3867 2884 3927 modis
2913 3867 3177 3945 pessime
3220 3868 3533 3930 habitum
3566 3869 3670 3929 sit.
3704 3868 3748 3925 E
3775 3879 3902 3923 con-

473 3964 669 4024 trario
701 3965 866 4042 quod
899 3965 1056 4024 mihi
1085 3965 1299 4024 datum
1329 3971 1419 4025 est
1451 3966 1739 4044 reperire,
1775 3966 2022 4024 tametsi
2052 3965 2221 4025 omni
2267 3984 2518 4043 prorsus
2546 3964 2698 4025 vitio
2737 3983 2864 4024 non
2894 3970 3121 4033 careat,
3157 3972 3248 4025 est
3278 3972 3515 4027 tamen
3550 3973 3691 4027 tum
3725 3958 3910 4025 aetatis

475 4060 676 4121 multo
710 4062 1085 4135 vetustioris,
1122 4080 1385 4140 quaeque
1416 4063 1722 4123 decimum
1758 4062 2034 4123 seculum
2070 4068 2435 4133 antevertat,
2470 4081 2613 4121 cum
2640 4061 2825 4140 longe
2856 4062 3311 4140 praestantioris
3343 4072 3528 4126 notae
3555 4090 3571 4127 :
3597 4061 3778 4141 cujus
3805 4071 3907 4134 ope

477 4164 569 4219 tot
598 4160 837 4220 vitiosae
869 4165 1053 4221 antea
1082 4160 1380 4220 lectiones
1430 4160 1856 4231 restituuntur,
1894 4165 1984 4218 tot
2012 4160 2380 4237 supplentur
2427 4160 2692 4226 lacunze,
2744 4165 2811 4219 ut
2841 4178 2915 4219 ex
2964 4180 3037 4221 eo
3068 4161 3346 4238 primum
3385 4164 3650 4242 integer
3676 4153 3911 4222 Eusebii

480 4262 684 4318 textus
705 4258 767 4317 in
799 4258 997 4317 lucem
1031 4258 1279 4337 prodire
1309 4258 1616 4317 videatur.
1654 4258 1791 4315 Fuit
1824 4257 1973 4315 olim
2009 4258 2120 4317 iste
2153 4259 2466 4336 quantivis
2492 4258 2672 4335 pretii
2722 4276 2834 4317 ms.
2871 4258 3258 4329 celeberrimi
3290 4260 3662 4321 cardinalis
3693 4252 3913 4318 Sirletis

475 4373 640 4415 nunc
671 4355 833 4415 inter
863 4357 1197 4416 Vaticanos
1228 4374 1553 4414 numerum
1586 4359 1754 4413 tenet
1786 4356 1960 4427 1456,
1996 4356 2316 4433 multaque
2349 4355 2472 4414 alia
2522 4357 2598 4415 ad
2632 4374 2761 4415 rem
2800 4360 3077 4415 nostram
3109 4356 3424 4429 continet,
3463 4378 3619 4439 quae
3649 4376 3765 4419 suo
3792 4353 3918 4413 loco

476 4453 540 4511 in
569 4453 800 4512 Graecae
830 4454 1207 4531 Appendicis
1236 4451 1677 4512 Admonitione
1712 4469 2150 4512 memoramus.

555 4558 587 4620 J
599 4578 699 4618 am
733 4559 810 4618 ab
842 4558 959 4618 hoc
996 4558 1329 4618 universali
1359 4560 1681 4635 Apparatu
1712 4557 1931 4635 primae
1979 4566 2313 4619 occurrunt
2355 4559 2707 4634 Ouwstiones
2734 4557 3051 4621 Hebraicaa
3083 4562 3143 4620 in
3176 4559 3487 4645 Genesim,
3515 4564 3922 4626 Judaicarum

478 4655 940 4727 Traditionum,
977 4655 1532 4733 reconditiorisque
1560 4656 1862 4715 doctrinae
1894 4656 2244 4717 thesaurus.
2270 4656 2587 4736 Ejusmodi
2614 4659 2888 4718 laborem
2913 4658 2977 4718 in
3008 4664 3266 4719 cmteros
3289 4678 3569 4740 quoque
3595 4660 3920 4740 Scriptura:

479 4755 675 4815 libros
708 4753 967 4813 adorsus
998 4758 1087 4812 est
1118 4755 1177 4814 S.
1214 4754 1433 4825 Pater;
1470 4754 1574 4812 sed
1626 4754 2155 4831 quemadmodum
2186 4756 2251 4814 in
2307 4754 2583 4832 generali
2632 4756 3008 4816 Przefatione
3055 4757 3489 4829 ostendimus,
3532 4756 3927 4827 autminime

449 4854 758 4933 perfecit,
796 4871 935 4931 quae
968 4851 1045 4911 ad
1078 4851 1295 4910 rudem
1326 4870 1539 4911 earum
1570 4858 1928 4911 contextum
1964 4853 2431 4927 informavcrat,
2468 4859 2574 4913 aut
2606 4855 2771 4931 quod
2806 4853 3095 4932 proprius
3126 4854 3202 4913 ad
3238 4854 3440 4915 ﬁdem
3479 4857 3770 4928 videtur,
3807 4869 3928 4912 mn-

472 4957 603 5012 tato
632 4950 1066 5023 consilio,cum
1099 4955 1315 5027 postea
1345 4948 1839 5009 Commentarios
1868 4950 2477 5021 elaboraret,relictis
2506 4950 2795 5028 illis,quae
2847 4951 3258 5011 tumultuario
3294 4961 3766 5033 congesserat,
3799 4964 3933 5009 usus

475 5054 569 5109 est
604 5069 617 5109 :
653 5054 761 5108 aut
789 5048 1055 5126 denique
1086 5046 1390 5125 quidquid
1445 5046 1598 5106 illud
1657 5050 1814 5105 esset
1870 5047 2075 5123 operis
2142 5048 2304 5108 intra
2353 5047 2727 5109 domesticos
2773 5048 3039 5125 parietes
3086 5048 3402 5119 cohibuit,
3461 5070 3590 5113 nec
3642 5044 3929 5113 editionis

471 5146 697 5207 honori
730 5146 1032 5223 permisit.
1068 5146 1242 5205 Certe
1265 5164 1406 5205 eum
1438 5162 1544 5221 per
1601 5143 1661 5201 id
1697 5143 2014 5221 temporis,
2052 5164 2175 5223 quo
2205 5146 2279 5205 iis
2310 5145 2768 5216 Quaestionibns
2822 5146 3203 5205 adornandis
3242 5146 3710 5224 incumbebat,
3747 5162 3927 5223 saepe.

476 5260 601 5310 eas,
636 5248 695 5302 et
726 5244 995 5303 maxime
1024 5243 1088 5301 in
1120 5242 1280 5303 libro
1312 5242 1380 5303 de
1412 5241 1579 5300 Locis
1620 5245 1941 5313 memoret,
1979 5248 2118 5319 post
2177 5243 2416 5321 aliquot
2448 5261 2644 5302 annos
2692 5261 2836 5302 suos
2866 5244 2995 5321 ipse
3026 5244 3219 5303 libros
3248 5244 3312 5303 in
3349 5247 3691 5329 Catalogo
3722 5259 3929 5307 recen-

477 5355 638 5411 sens,
674 5343 902 5417 praeter
931 5340 1093 5413 illas,
1132 5359 1271 5417 quae
1307 5344 1636 5418 supersunt
1660 5338 1856 5397 unicae
1886 5338 1950 5397 in
1983 5340 2289 5412 Genesim,
2324 5341 2563 5399 nullam
2584 5339 3029 5399 Hebraicarum
3054 5341 3507 5412 Quaestionum
3544 5346 3931 5407 mentionem

465 5436 655 5507 facit,
692 5442 759 5493 ut
788 5438 1117 5497 manifesto
1148 5456 1275 5497 non
1306 5437 1459 5497 alias
1490 5436 1552 5495 in
1584 5453 1841 5494 suorum
1872 5435 2175 5497 librorum
2204 5457 2389 5498 censu
2421 5455 2551 5497 esse
2580 5436 2872 5497 declaret.

555 5549 712 5610 Hinc
744 5552 965 5626 grandi
990 5552 1166 5611 hiatu
1196 5551 1565 5611 intermedio
1597 5550 1675 5610 ad
1712 5550 2171 5614 Commentarios
2201 5554 2265 5614 in
2294 5552 2691 5614 Ecclesiasten
2732 5553 3186 5631 progredimur,
3219 5575 3385 5634 quos
3418 5558 3701 5636 plurimi
3724 5558 3934 5619 fecisse

469 5654 607 5731 ipse
631 5651 866 5711 Auctor
893 5649 1158 5721 videtur,
1192 5649 1499 5729 siquidem
1529 5649 1606 5709 ad
1642 5667 1748 5710 eos
1777 5668 1964 5730 saepe,
2014 5657 2081 5712 ut
2130 5671 2308 5715 suam
2333 5652 2555 5713 liberet
2588 5651 2797 5727 ﬁdem,
2852 5658 3067 5714 contra
3126 5653 3332 5715 Ruﬁni
3376 5656 3762 5721 calumnias
3800 5673 3909 5738 pro
