4138 6160
219 182 381 281 813’.
1458 176 1523 243 S.
1572 176 1888 244 EUSEBII
1930 176 2398 243 HIERONYMI.
3506 176 3629 241 8M

219 321 425 380 vocat.
459 305 702 374 Exinde
730 308 993 374 veniunt
1021 312 1161 375 dua}
1194 314 1255 375 in
1288 313 1594 376 Canticum
1654 315 2017 376 canticorum
2047 314 2351 388 Homilice,
2397 332 2554 391 quas
2584 331 2658 373 ex
2709 312 2992 389 Origenis
3036 315 3249 375 Graeco
3281 313 3496 373 Latine
3525 330 3631 373 ex—

218 412 506 494 plicavit,
542 429 788 472 summa
818 411 1086 472 illleetus
1113 413 1602 474 elucubrationis
1623 413 1756 491 ejus
1784 413 2112 491 elegantia,
2141 420 2205 471 ut
2235 413 2438 472 dicere
2464 431 2591 472 non
2621 412 2942 480 dubitarit,
2970 413 3137 489 quod
3165 431 3305 473 cum
3337 411 3632 488 Origenes

213 512 273 572 in
314 510 573 571 caeteris
600 509 776 569 libris
807 527 1024 570 omnes
1044 509 1281 582 vicerit,
1316 511 1379 570 in
1402 511 1655 571 Cantico
1678 512 2061 571 canticorum
2084 512 2212 587 ipse
2243 530 2305 570 se
2334 510 2573 570 vicerit.
2607 512 2803 587 Atque
2838 508 2968 569 haec
2988 509 3261 587 quidem,
3297 529 3435 587 quas
3468 508 3633 587 prio-

221 626 353 669 rem
390 606 577 688 quasi
608 612 846 685 partem
878 605 1138 684 hujusce
1172 607 1323 666 tomi
1371 607 1643 685 explent,
1677 607 1949 685 genuina
1981 611 2042 668 S.
2097 608 2377 667 Doctoris
2428 607 2813 666 monimenta
2844 613 3007 678 sunt,
3066 624 3205 683 quas
3266 624 3410 665 mss.
3445 605 3633 665 edito-

216 725 495 785 rumque
528 704 834 765 librorum
866 705 1144 765 subsidio
1176 705 1316 764 dedi
1347 724 1633 783 opuram,
1668 710 1735 765 ut
1764 707 1842 765 ab
1892 706 2255 776 innumeris,
2292 706 2488 783 iisque
2538 705 2894 764 foedissimis
2936 704 3180 764 mendis
3209 720 3629 780 repurgarem,

221 804 624 883 pristinoque
652 819 766 861 suo
796 801 1007 873 nitori,
1039 804 1244 881 quoad
1277 802 1408 881 ejus
1438 804 1570 863 ﬁeri
1602 809 1828 881 posset,
1860 803 2269 863 restituerem.

306 901 636 979 Reliquum
668 904 782 969 est,
818 904 885 958 ut
916 900 995 959 ad
1025 919 1210 979 quem
1240 902 1484 979 singula
1542 921 1777 961 annum
1809 903 2129 961 referenda
2162 902 2302 974 sint,
2356 918 2667 961 moneam.
2729 903 2930 978 Atque
2962 900 3261 961 Homilias
3294 899 3543 978 quidem
3572 897 3638 958 in

222 1000 550 1061 Canticum
582 996 974 1058 canticorum
1006 1003 1075 1058 ut
1123 1000 1200 1058 ab
1231 998 1329 1058 his
1366 999 1686 1078 incipiam,
1720 1019 1858 1078 quae
1907 1021 1943 1059 a
1970 1000 2209 1060 creteris
2262 1000 2529 1077 longiori
2559 1001 2792 1059 distant
2838 999 3189 1071 intervallo,
3233 1018 3307 1058 ex
3338 1016 3434 1069 eo,
3470 996 3638 1076 quod

216 1098 499 1178 proxime
531 1102 675 1155 ante
696 1095 927 1155 librum
990 1101 1207 1156 contra
1230 1096 1581 1159 Helvidium
1604 1098 1667 1157 in
1701 1099 1998 1176 Catalogo
2022 1104 2410 1169 censeantur,
2443 1103 2502 1156 et
2521 1099 2790 1156 Damaso
2814 1099 3114 1156 Romanae
3138 1096 3308 1155 urbis
3348 1095 3639 1173 episcopo

225 1195 546 1274 inscriptas
576 1193 725 1267 sint,
760 1192 943 1253 facile
973 1193 1285 1272 intelligas
1317 1214 1483 1256 anno
1510 1197 1625 1255 383
1655 1195 2008 1271 illigandas.
2043 1197 2195 1253 Nam
2231 1203 2289 1254 et
2335 1195 2649 1272 superiore
2678 1195 2928 1253 demum
2979 1213 3144 1255 anno
3175 1195 3253 1253 ad
3286 1194 3474 1253 ﬁnem
3505 1210 3643 1254 ver-

224 1299 408 1371 gente
440 1292 861 1370 Hieronymus
896 1292 1157 1352 Romam
1186 1293 1376 1365 venit,
1410 1299 1469 1353 et
1499 1294 1797 1354 adversus
1826 1293 2179 1354 Helvidium
2212 1299 2279 1352 ut
2307 1293 2502 1352 serius
2534 1293 2833 1371 scipserit,
2877 1298 3259 1369 postremam
3300 1291 3495 1369 ipsius
3524 1292 3640 1352 383

223 1390 373 1451 anni
404 1394 651 1468 partem
684 1407 807 1448 non
839 1394 930 1448 est
969 1394 1484 1467 prmtergressus:
1520 1391 2048 1469 quemadmodum
2080 1390 2141 1449 in
2191 1390 2450 1467 praeﬁxa
2483 1391 2557 1449 ad
2613 1409 2752 1449 cum
2804 1391 3033 1449 librum
3081 1389 3519 1449 Admonitione
3548 1406 3643 1449 os-

212 1487 557 1549 tendimus.
592 1486 889 1563 Reliquos
923 1493 1207 1564 quatuor
1238 1487 1432 1547 libros
1487 1488 1696 1547 statim
1748 1508 1783 1547 a
1812 1488 2169 1548 recensione
2217 1489 2823 1547 Commentariorum
2871 1489 2933 1546 in
2980 1488 3159 1547 Pauli
3206 1486 3512 1565 Epistolas
3561 1486 3639 1545 ad

215 1585 498 1653 Galatas,
558 1583 883 1662 Ephesios,
943 1583 1174 1656 Titum,
1227 1603 1298 1643 ac
1347 1584 1775 1655 Philemonem,
1830 1586 1948 1645 hoc
1997 1587 2128 1663 ipse
2177 1586 2392 1646 ordine
2440 1606 2509 1645 ac
2555 1586 2710 1645 serie
2739 1591 3062 1645 enumerat
3102 1586 3163 1644 in
3196 1585 3533 1661 Catalogo:
3566 1581 3643 1642 In

211 1680 615 1744 Ecclesiasten
669 1679 1148 1754 Commentarios,
1186 1681 1589 1754 Qucestionum
1646 1681 2080 1743 Hebraicarum
2142 1686 2205 1741 in
2239 1681 2503 1743 Genesim
2562 1682 2779 1741 librum
2830 1701 3031 1742 unum.
3094 1681 3182 1742 De
3212 1680 3385 1743 Locis
3416 1679 3641 1740 librum

223 1800 439 1840 unum.
497 1777 933 1839 Hebraicorum
986 1775 1311 1839 Nominum
1352 1778 1567 1839 librum
1599 1799 1800 1840 unum.
1848 1784 1935 1841 Ex
1970 1799 2094 1859 quo
2125 1781 2267 1839 licet
2316 1781 2585 1857 primum
2619 1782 2697 1839 ab
2746 1783 3014 1840 Auctore
3053 1781 3220 1857 ispso
3270 1778 3641 1857 intelligere,

214 1897 401 1957 quem
435 1877 601 1937 inter
631 1895 695 1937 se
728 1876 1005 1936 habeant
1037 1876 1238 1936 aetatis
1267 1883 1635 1955 respectum,
1679 1897 1875 1957 neque
1927 1879 2092 1939 enim
2124 1878 2313 1938 aliam
2361 1897 2547 1955 quam
2594 1877 2912 1955 temporis,
2948 1884 3016 1936 ut
3058 1897 3173 1955 ego
3212 1877 3462 1955 quidem
3491 1877 3647 1936 exis-

220 1977 408 2047 timo,
441 1975 746 2035 rationem
776 1974 839 2033 in
873 1974 1001 2033 suis
1027 1975 1416 2035 recensendis
1447 1976 1692 2053 scriptis
1722 1976 1945 2037 habuit
1977 1996 1990 2036 :
2027 1996 2211 2055 quem
2242 1994 2391 2037 vero
2424 1976 2671 2054 proprie
2703 1995 2935 2035 annum
2969 1975 3231 2052 singulis
3253 1975 3491 2033 tribuas
3521 1974 3646 2034 alia

217 2072 510 2152 ejusdem
571 2072 952 2144 testimonia,
1014 2072 1271 2149 ipsaque
1326 2091 1532 2132 rerum
1570 2074 1761 2133 series
1807 2075 2076 2134 docebit.
2124 2074 2298 2135 Enim
2350 2091 2497 2132 vero
2545 2072 2979 2145 Ecclesiasten,
3033 2075 3199 2150 quod
3242 2090 3315 2132 ex
3346 2072 3480 2149 ipsa
3511 2071 3647 2149 ejus

215 2170 445 2249 operis
494 2170 869 2231 Praefatione
927 2170 1143 2247 liquet,
1198 2171 1673 2231 Commentariis
1702 2172 2039 2232 illustravit
2071 2172 2130 2231 S.
2180 2175 2410 2231 Doctor
2466 2180 2600 2250 post
2642 2172 2829 2249 ferme
2875 2171 3368 2250 quinquennium,
3414 2186 3490 2227 ex
3521 2187 3646 2246 quo

215 2268 409 2328 illum
444 2269 654 2328 Romaa
686 2268 918 2345 degens
931 2266 982 2328 S
991 2266 1295 2327 .Blaesillce
1322 2267 1566 2347 legerat,
1599 2277 1668 2328 ut
1686 2288 1813 2329 eam
1825 2268 1907 2329 ad
1932 2277 2320 2348 contemptum
2337 2269 2499 2328 istius
2526 2266 2734 2328 saeculi
2751 2276 3118 2347 prouocaret.
3145 2267 3251 2326 His
3271 2284 3506 2325 annum
3529 2267 3645 2325 383

216 2365 541 2433 denotari,
576 2383 698 2442 quo
726 2365 1011 2425 nondum
1038 2365 1315 2425 Blaasilla
1347 2367 1614 2444 perfecte
1643 2367 1872 2426 saeculo
1934 2367 2337 2437 valedixerat,
2389 2366 2787 2425 manifestum
2837 2371 2928 2424 est
2961 2383 2973 2423 :
3010 2365 3107 2423 cui
3138 2364 3187 2421 si
3244 2365 3437 2423 ferme
3465 2362 3648 2441 quin-

224 2463 580 2542 quennium
613 2460 993 2540 adjunxeris,
1029 2480 1214 2540 quem
1256 2462 1381 2521 illis
1430 2464 1796 2523 ascribimus
1826 2465 1943 2524 388
1973 2470 2203 2524 teneas.
2234 2466 2375 2524 Jam
2408 2465 2576 2542 quod
2629 2482 2752 2522 uno
2802 2464 2984 2523 simul
3033 2468 3313 2540 tempore
3362 2468 3421 2521 et
3455 2460 3647 2535 Quaes-

225 2561 414 2620 tione:
444 2557 796 2633 Hebracias,
829 2566 889 2619 et
925 2559 1121 2619 libros
1168 2558 1240 2619 de
1265 2560 1438 2621 Locis
1486 2566 1545 2620 et
1576 2559 1646 2621 de
1690 2560 2044 2623 Nominibus
2074 2563 2474 2633 elueubrarit,
2529 2581 2602 2622 ex
2654 2562 3014 2621 eorumdem
3072 2561 3375 2621 librorum
3407 2559 3645 2619 Praefa-

224 2656 533 2727 tionibus,
570 2657 635 2715 in
660 2656 884 2735 quibus
915 2657 1210 2717 alteruter
1254 2664 1640 2718 memoratur
1694 2665 2079 2738 compertum
2113 2666 2225 2719 est.
2261 2661 2438 2730 Quod
2479 2677 2627 2721 vero
2656 2661 2733 2719 ad
2768 2660 3053 2719 eumdem
3098 2677 3329 2717 annum
3361 2659 3477 2719 388
3507 2675 3646 2734 per-

217 2755 489 2824 tineant,
539 2754 727 2832 plane
756 2754 1071 2832 intelligas
1101 2772 1175 2814 ex
1221 2755 1345 2815 alia
1390 2756 1764 2818 Praefatione
1796 2758 2210 2818 Homiliarum
2240 2758 2523 2834 Origenis
2552 2758 2615 2817 in
2648 2760 2902 2832 Lucam,
2954 2776 3109 2835 quas
3156 2756 3276 2815 hoc
3308 2756 3443 2833 ipso
3477 2774 3644 2818 anno

226 2852 488 2912 Latinas
516 2850 733 2910 fecisse
764 2851 1235 2931 Hieronymum,
1261 2852 1417 2911 nihil
1447 2859 1539 2913 est
1566 2854 1827 2914 dubium
1856 2874 1868 2914 :
1898 2856 2227 2933 proﬁtetur
2256 2874 2405 2915 vero
2435 2855 2521 2914 ibi
2552 2872 2637 2923 se,
2674 2860 2739 2915 ut
2762 2873 2976 2914 earum
3000 2854 3266 2915 versioni
3299 2854 3642 2926 incuberet,

221 2948 675 3010 chraicarum
704 2949 1092 3029 quaestionum
1123 2948 1339 3009 librum
1365 2950 1683 3030 paululum
1709 2952 2203 3033 praetermississe.
2241 2955 2361 3015 Sed
2394 2958 2452 3012 et
2482 2952 2991 3030 subsequentium
3020 2952 3083 3010 in
3113 2951 3413 3029 Catalogo
3445 2952 3635 3011 libro-

212 3065 355 3108 rum
397 3046 614 3117 series,
648 3053 709 3106 et
736 3047 1049 3125 prmeipue
1080 3047 1436 3127 Didymiani
1468 3051 1749 3127 opusculi
1780 3051 2234 3128 interpretatio,
2281 3069 2467 3128 quam
2516 3050 2796 3128 sequenti
2826 3068 2990 3108 anno
3050 3048 3470 3119 attribuimus,
3508 3066 3641 3108 rem

214 3143 425 3223 ipsam
454 3142 644 3222 plane
666 3145 1071 3205 constituunt.

302 3244 391 3301 De
425 3241 788 3321 appendice,
825 3261 1017 3321 quam
1045 3243 1359 3321 duplicem
1388 3245 1534 3304 huic
1567 3251 1736 3305 tomo
1784 3246 2191 3317 adnectimus,
2246 3264 2434 3305 unam
2489 3247 2870 3319 Graecorum,
2926 3245 3229 3305 alternam
3272 3244 3636 3305 Latinorum

206 3345 690 3429 συνταγμάτων,
726 3340 979 3417 praefari
1010 3340 1225 3400 multis
1274 3360 1402 3401 non
1450 3348 1716 3420 oportet.
1770 3346 1899 3403 Hoc
1942 3363 2057 3405 nos
2101 3363 2283 3404 onere
2316 3343 2589 3421 praeﬁxae
2622 3343 2949 3421 Opusculis
2996 3343 3120 3402 illis
3162 3342 3635 3402 Admonitiones

209 3443 540 3515 utcunque
570 3438 778 3499 levant
807 3437 1022 3497 critica
1051 3437 1159 3497 illa
1185 3435 1599 3529 ᾳριϐεέᾳ,ᾳυεε
1631 3459 1771 3500 cum
1802 3441 1864 3499 in
1895 3442 2185 3501 omnibus
2214 3442 2473 3512 artibus,
2507 3459 2577 3500 ac
2608 3440 2951 3519 disciplinis
2988 3440 3365 3505 dominetur,
3400 3445 3533 3497 tum
3564 3440 3629 3498 in

213 3535 355 3595 hoc
388 3540 663 3593 veterum
694 3534 1218 3595 monimentorum
1251 3554 1475 3613 genere
1507 3538 1819 3615 singulare
1850 3557 1920 3597 ac
1972 3539 2387 3598 necessarium
2436 3538 2766 3615 imperium
2805 3543 2993 3596 tenet.
3028 3537 3397 3595 Excusanda
3427 3537 3629 3612 magis

217 3637 331 3692 est
360 3631 542 3691 nobis
570 3631 696 3710 ejus
721 3633 1095 3712 Appendicis
1124 3634 1469 3711 prolixitas,
1503 3654 1580 3695 ne
1631 3636 1848 3695 alienis
1880 3636 2171 3714 operibus
2202 3636 2280 3695 ad
2324 3636 2695 3713 explendam
2732 3635 2889 3693 tomi
2920 3635 3147 3692 molem
3176 3632 3627 3709 Hieronymum

211 3729 523 3790 dicamur
548 3748 853 3791 onerasse.
887 3732 1097 3809 Neque
1128 3732 1292 3791 enim
1322 3733 1754 3812 scriptionum,
1788 3753 1926 3813 quae
1956 3732 2457 3811 Hieronymianis
2499 3738 2679 3791 antea
2710 3749 2835 3790 non
2868 3734 3358 3802 aecenserentur,
3394 3729 3444 3787 si
3475 3748 3631 3807 pau-

213 3846 336 3889 cas
365 3826 607 3906 aliquot
635 3829 910 3907 pagellas
939 3829 1233 3907 excipias,
1273 3830 1613 3910 quidquam
1657 3833 1735 3891 de
1766 3850 1929 3894 novo
1957 3830 2298 3909 adjecimus
2324 3849 2337 3901 ;
2372 3836 2608 3890 veteres
2658 3834 2863 3888 autem
2905 3828 3228 3898 editiones,
3257 3846 3326 3886 ac
3360 3828 3632 3887 maxime

207 3925 693 3985 Benedictinam
738 3927 864 3985 ulla
895 3944 968 3987 ex
1001 3932 1177 4004 parte
1206 3927 1572 3989 imminuere
1602 3928 1777 3989 nullo
1810 3934 1989 4007 pacto
2020 3929 2215 3997 licuit,
2272 3928 2439 4005 quod
2472 3926 2837 3986 eruditionis
2867 3925 3060 3984 homo
3090 3924 3354 4001 cupidus
3384 3930 3635 4002 przeter-

210 4022 487 4083 missum
516 4023 742 4084 merito
773 4024 1095 4085 doluisset.
1148 4027 1425 4104 Denique
1471 4033 1615 4087 sunt
1646 4028 1754 4087 illa
1802 4028 1935 4105 ipsa
1983 4026 2294 4105 Opuscula
2352 4024 2486 4103 ejus
2536 4023 2784 4093 indolis,
2838 4042 2976 4100 quae
3026 4022 3309 4100 proxime
3353 4022 3639 4097 genuinis

201 4121 415 4181 nostri
444 4121 808 4200 Hieronymi
838 4123 1156 4193 accedant,
1192 4129 1379 4202 atque
1410 4124 1532 4184 alio
1589 4125 1910 4185 transferri
1940 4123 2262 4184 commode
2293 4121 2462 4181 haud
2492 4122 2841 4200 potuissent
2874 4139 2886 4179 :
2923 4127 2981 4180 et
3011 4121 3191 4179 bonae
3227 4119 3383 4178 adeo
3414 4119 3636 4197 frugis,

206 4222 285 4278 ut
319 4237 444 4277 non
474 4219 795 4296 exiguam,
829 4225 894 4279 at
924 4221 1129 4280 minus
1160 4222 1394 4282 variam
1427 4241 1502 4281 ex
1531 4221 1655 4282 illis
1687 4223 2022 4282 utilitatem
2054 4223 2132 4281 ad
2164 4240 2294 4280 rem
2328 4221 2768 4290 Christianam,
2815 4238 2885 4278 ac
2916 4218 3283 4277 litterariam
3316 4217 3639 4294 pervenire

198 4334 426 4394 posse,
458 4317 617 4377 mihi
647 4317 879 4394 partim
910 4319 1292 4397 experientia
1322 4320 1477 4397 ipsa,
1515 4321 1739 4399 partim
1773 4321 2036 4381 aliorum
2070 4320 2375 4379 editorum
2405 4318 2644 4396 judicio
2669 4324 2854 4396 atque
2887 4317 3171 4394 exemplo
3201 4315 3638 4394 persuaserim.

280 4415 432 4475 Jam
468 4433 643 4486 vero,
678 4414 755 4473 de
785 4415 1014 4493 quibus
1044 4416 1338 4477 lectorem
1369 4419 1818 4496 prmmonuisse
1842 4422 2191 4497 oportebat,
2228 4418 2545 4495 expositis,
2579 4417 2880 4477 defuerim
2911 4416 3201 4476 omnibus
3235 4412 3644 4473 humanitatis

205 4511 471 4577 ofﬁciis.
504 4513 625 4575 nisi
656 4531 756 4573 me
786 4514 995 4592 palam
1027 4520 1455 4594 aeternumque
1485 4517 1693 4578 animo
1718 4517 2083 4577 obstrictum
2111 4517 2409 4593 profitear
2440 4522 2530 4575 tot
2561 4514 2816 4575 eruditis
2838 4514 2985 4573 viris
3016 4531 3155 4572 cum
3190 4512 3252 4570 in
3284 4512 3401 4570 hac
3434 4510 3637 4582 Italia,

188 4616 357 4669 tum
387 4613 546 4688 apud
574 4617 843 4683 exteros,
888 4613 1170 4690 integris,
1205 4620 1265 4673 et
1321 4615 1400 4675 ad
1432 4616 1603 4675 omni
1652 4616 2090 4676 assentationis
2138 4614 2489 4691 suspicione
2534 4614 2719 4689 longe
2766 4612 3006 4688 positis,
3060 4628 3171 4670 nec
3222 4610 3349 4669 ulla
3394 4626 3641 4668 mecum

177 4706 458 4786 junctis
484 4710 1023 4789 popularitate,vel
1053 4712 1277 4788 gratia,
1300 4714 1405 4791 qui
1436 4714 1664 4773 nedum
1689 4713 2074 4792 gravissimis
2092 4712 2595 4782 testimoniis,sed
2620 4711 2798 4770 editis
2822 4726 3071 4787 quoque
3100 4708 3327 4767 libellis
3356 4707 3640 4765 laborem

186 4806 400 4864 hunc
429 4823 621 4868 meum
652 4807 967 4887 prosecuti
998 4814 1162 4868 sunt.
1200 4811 1543 4871 Laudarem
1594 4816 1654 4871 et
1682 4812 1962 4883 nomina,
2000 4811 2225 4889 quibus
2272 4817 2329 4869 et
2358 4816 2640 4887 poteram
2690 4826 2993 4868 exornare
3026 4806 3165 4864 libri
3198 4806 3489 4873 frontem,
3524 4802 3647 4875 nisi

182 4901 528 4964 videretur
554 4906 837 4966 redolere
869 4904 1420 4987 gloriolam,atque
1449 4910 1584 4969 haec
1618 4910 1872 4970 mallem
1903 4909 1980 4967 ab
2024 4908 2183 4978 aliis,
2219 4926 2406 4985 quam
2449 4926 2484 4964 a
2516 4924 2612 4965 me
2634 4905 2789 4963 fieri.
2826 4907 2953 4962 Hoc
2997 4904 3161 4962 enim
3192 4920 3340 4960 vero
3372 4906 3430 4959 et
3455 4900 3643 4961 velim

186 5006 261 5059 et
300 5017 485 5078 rogo,
517 5002 794 5063 solidam
823 5002 1057 5063 laboris
1088 5004 1207 5063 mei
1232 5006 1521 5081 gratiam,
1548 5007 1724 5084 siqua
1756 5013 1845 5065 est
1877 5025 1974 5065 me
2004 5007 2295 5084 deinceps
2318 5009 2746 5074 consecutura,
2782 5001 2856 5059 iis
2888 5000 3119 5069 deberi,
3144 5016 3409 5076 quorum
3433 4998 3650 5066 favore~

182 5116 367 5157 sum
396 5100 716 5173 excitatus,
755 5106 817 5161 et
848 5118 1115 5178 quorum
1146 5120 1332 5162 causa
1363 5111 1636 5182 coeptum
1697 5123 1853 5181 opus
1884 5103 2107 5181 majori
2162 5105 2221 5163 in
2251 5104 2381 5161 dies
2440 5119 2775 5179 persequar
2820 5098 3164 5157 alacritate.
3200 5097 3403 5155 Unum
3436 5101 3649 5156 autem

187 5195 479 5255 honoris
510 5217 700 5258 causa
733 5197 1019 5267 nomino,
1057 5196 1540 5260 illustrissimum
1572 5201 1773 5262 virum
1800 5201 2199 5261 Franciscum
2232 5200 2601 5265 Musellium,
2637 5197 2735 5255 cui
2767 5196 3104 5274 plurimum
3136 5194 3648 5271 Hieronymianaa

184 5291 438 5373 gloria:
459 5294 719 5357 studiosi
749 5295 1039 5369 debeant,
1073 5302 1132 5357 et
1151 5316 1273 5376 quo
1304 5316 1419 5377 ego
1443 5299 1601 5359 sicut
1630 5306 1815 5361 antea
1835 5300 2125 5363 editionis
2144 5298 2251 5377 huj
2264 5318 2331 5359 us
2344 5295 2749 5376 suscipienda}
2783 5296 3121 5363 hortatore,
3145 5293 3229 5354 ita
3260 5310 3423 5352 nunc
3454 5312 3655 5374 quam

191 5389 484 5453 celerius
513 5392 910 5474 perficienda:
942 5392 1229 5473 adjutore
1262 5402 1403 5458 utor
1430 5398 1887 5461 liberalissimo.
