4088 6166
249 282 369 366 8H

251 433 340 489 vel
370 447 485 502 pax
514 445 647 502 mea
679 427 851 486 Deus.

321 501 958 574 Sﬁrisadai,continens
971 518 1101 561 mea
1115 506 1312 574 ubera,

247 574 334 632 vel
369 574 538 630 fortis
569 590 738 628 meus
763 573 1064 631 Dominus.

319 645 538 713 Suriel,
571 646 876 702 continens
906 663 998 702 me
1028 648 1203 717 Deus,
1227 649 1312 704 vel

245 719 416 777 fortis
449 734 619 774 meus
649 717 828 772 Deus.

320 791 480 855 Soar,
505 788 778 861 pusillus.

245 870 254 871 "
319 860 529 918 Samos
561 860 836 931 (Samae),
867 861 1130 918 audiens.

319 933 560 1005 Saphat,
578 932 884 1002 judicavit.

322 1003 484 1071 Sodi,
504 1020 778 1060 arcanum
798 1003 1108 1073 meum,vel
1126 1005 1314 1061 exclu-

248 1078 332 1133 sit
361 1092 472 1132 me.

321 1149 476 1211 Susi,
508 1163 694 1219 equus
725 1163 912 1202 meus.

319 1219 552 1284 Sethur,
567 1218 974 1285 absconditus,
994 1218 1112 1274 sive
1133 1220 1314 1275 diver-

245 1295 398 1349 tens.

317 1361 488 1430 sisai,
519 1360 817 1430 longaevus
842 1376 1026 1416 meus.

319 1435 473 1490 Soon
503 1432 1033 1503 ('Vr),Tanis,urbs
1065 1432 1312 1504 /Egypti.

317 1523 488 1591 Seon,
514 1536 752 1592 germen
777 1521 931 1592 quod
955 1537 1068 1592 non
1091 1526 1201 1586 est,
1227 1521 1314 1576 vel

246 1590 489 1666 germen
520 1590 742 1666 inutile,
791 1590 880 1646 vel
930 1591 1313 1666 alloquium',

247 1663 354 1721 aut
401 1664 578 1730 calor,
647 1664 769 1718 sive
825 1664 1068 1718 tentatio
1128 1663 1314 1718 laees-

245 1753 406 1793 88118.

317 1807 518 1873 Seﬂ'or,
554 1805 696 1862 avis.

320 1878 576 1960 Settim’
631 1876 719 1949 [In
769 1877 943 1933 Hebr.
1003 1894 1141 1944 xxu,
1201 1878 1312 1948 32],

246 1967 455 2028 sanaB-
676 2023 685 2028 _
801 2018 810 2028 .

321 2023 528 2084 Satan,
559 2023 889 2074 contrarius
903 2060 915 2074 .

321 2092 487 2172 §et_.h,
518 2091 747 2172 ppsi'tio,
779 2090 899 2172 sive
922 2091 1134 2172 posuit.

325 2163 477 2228 Seir,
503 2161 722 2233 pilosus
752 2161 839 2216 vel
880 2161 1096 2218 hircus.

324 2233 465 2290 Salu
541 2233 742 2304 (suo),
823 2235 1064 2288 tentatio
1141 2233 1317 2304 respi-

244 2307 459 2362 ciens3
490 2323 503 2360 :
538 2305 637 2360 sed
672 2304 884 2359 melius
948 2304 1185 2371 εὐπαθὴς
1219 2306 1310 2370 [aL

246 2376 560 2447 eameaq],
594 2391 768 2447 quem
819 2376 1184 2431 fortunatum
1226 2375 1315 2429 vel

243 2453 518 2519 vegetum
546 2464 866 2519 possumus
897 2447 1204 2518 appellare.

363 2520 512 2575 eﬁon
576 2519 857 2590 (Sephon,)
915 2519 1315 2586 absconditus,

1497 433 1756 505 Suthule,
1791 435 2063 505 poculum
2096 437 2485 503 mistum,sive

1425 504 1596 577 spina
1623 504 1848 573 viridis,
1880 507 1966 562 vel
2000 509 2251 564 madida.

1495 577 1697 632 Sl'ufan
1721 578 1760 642 ⁵,
1796 581 2068 648 atterens,
2103 580 2220 635 sive
2251 580 2321 634 ad
2355 598 2484 636 um-

1424 647 1878 723 bracul_um__32
1928 647 2270 718 rostrorum,
2329 653 2483 723 quod

1423 720 1704 775 Hebraice
1733 719 1951 775 dicitur
1981 739 2326 778 SAPHAPHIM.

1495 791 1740 862 Sophar,
1773 792 1935 847 tuba.

1495 862 1969 936 Sarabejmw),
2026 864 2313 936 velamen,
2368 867 2486 923 sive

1423 934 1695 1004 princeps
1726 933 1942 990 fratris.

1491 1003 1691 1080 §ieher
1719 1003 1970 1080 (qiaspu),
2001 1007 2270 1065 ebrietas.

1495 1075 1688 1150 Salem
1721 1075 1978 1150 (suum),
2004 1080 2198 1135 redde.

1495 1149 1766 1224 Sabama,
1818 1149 2483 1224 conversionquaepiam,

1423 1217 1541 1273 sive
1570 1218 1695 1275 leva
1725 1221 1782 1273 in
1815 1220 1916 1290 eis,
1949 1222 2038 1277 vel
2070 1217 2205 1279 tolle
2235 1217 2490 1280 altitudi-

1423 1307 1581 1345 nem.

1494 1360 1725 1434 Saphan
1772 1362 2050 1434 (Saphar),
2101 1365 2343 1432 labium,
2388 1371 2488 1422 aut

1423 1432 1698 1505 hericius,
1713 1433 1819 1505 _vel
1852 1432 2039 1505 lepus.

1496 1503 1772 1570 Sochoth,
1804 1503 2198 1561 tabernacula.

1495 1575 1832 1642 Salmona‘,
1890 1577 2101 1632 umbra
2175 1578 2483 1648 portionis,

1423 1645 1542 1724 sive
1556 1645 2309 1716 umbramuumeraviﬁauti
2320 1667 2487 1724 mago

1430 1735 1578 1789 BJUS.

1501 1790 1601 1844 Sin
1624 1791 1666 1855 7,
1689 1789 1914 1844 sitiens.

1427 1937 1552 1987 tum
1584 1934 1728 2002 ejus.

1496 2004 1738 2071 Sedada,
1774 2021 1842 2059 ex
1877 2005 2057 2059 latere
2087 2004 2236 2074 ejus.

1495 2074 2051 2147 Sophanplabium,
2115 2078 2232 2131 sive
2307 2078 2490 2134 barba

1428 2145 1746 2218 superioris
1765 2145 1925 2215 labii,
1947 2162 2122 2218 quam
2154 2149 2332 2203 Graeci
2361 2148 2483 2220 μύσ-

1425 2237 1560 2270 τακα
1581 2223 1808 2272 vocant.

1498 2289 1812 2360 Saphatam
1860 2289 2164 2360 (Sephlan,)
2209 2291 2488 2360 judicans

1428 2361 1731 2485 pogulum.

1542 2430 1755 2497 amuel,
1792 2447 2005 2486 nomen
2036 2433 2164 2502 ejtis
2193 2437 2366 2488 Deus.

1497 2501 1738 2570 Salomi,
1772 2519 1883 2572 pax
1914 2519 2061 2557 mea.

242 2592 341 2665 vel
370 2590 643 2665 egredere
665 2607 730 2644 os
756 2590 1042 2661 maeroris,
1070 2594 1172 2645 aut
1192 2607 1318 2662 spe-
1498 2660 1556 2665 __
1626 2660 1638 2665 Α
1934 2591 1979 2665 Τ

245 2660 651 2730 οιιΙίεέοτυω.
812 2685 820 2696 ι
1025 2660 1028 2661 ⁷
1229 2660 1244 2662 ἡ
1497 2660 1730 2728 Tbolae,
1767 2661 2148 2729 vermiculus,
2178 2663 2264 2717 vel
2305 2664 2489 2719 cocci-

317 2735 477 2802 Soni,
511 2748 772 2798 coccum,
796 2731 884 2804 vel
915 2730 1138 2804 pupilla
1165 2748 1314 2788 mea.
1427 2749 1590 2804 num.

319 2805 474 2872 Sela,
508 2804 730 2874 petitio,
753 2803 843 2858 vel
877 2803 1104 2876 petens.

321 2877 588 2943 Semron,
637 2891 848 2930 nomen
885 2875 1058 2942 'vidit,
1099 2875 1184 2931 vel
1216 2892 1315 2931 cu-

246 2955 374 3004 stos
405 2950 553 3004 eius.

321 3017 578 3087 Sicbem,
603 3017 911 3072 humerus.

320 3091 588 3158 Semidze,
625 3105 838 3144 nomen
885 3105 1080 3144 meum
1131 3089 1318 3144 scien-

251 3163 356 3218 tia.

319 3233 615 3306 Salphaad
640 3231 681 3306 5,
714 3232 925 3306 umbra
965 3229 1315 3306 formidinis,

247 3307 374 3362 sive
405 3301 615 3363 umbra
637 3301 693 3359 in
723 3302 1003 3374 idipsum,
1027 3301 1081 3356 id
1105 3307 1195 3357 est
1216 3319 1318 3373 pa-

1499 2802 2141 2875 Thersa,complacens
2170 2804 2303 2875 sibi,
2336 2805 2488 2875 quod

1431 2876 1622 2930 Graece
1662 2873 1871 2929 melius
1903 2871 2132 2929 'dicitur
2178 2871 2486 2931 ειόδοκὸῠσα.

1498 2946 1719 3011 Thena,
1753 2950 1962 3013 castra,
1993 2946 2082 3001 vel
2114 2947 2344 3002 donata.

1497 3017 1718 3072 Theeth
1753 3018 1990 3088 (Te/ten),
2025 3018 2246 3074 subter.

1499 3089 1688 3162 There
1740 3088 2046 3162 (Thahalh),
2107 3089 2424 3162 exploratio
2447 3091 2488 3155 ⁸,

1428 3159 1513 3232 vel
1546 3165 1800 3232 pastura,
1838 3160 1955 3215 sive
1994 3159 2276 3232 nequitia.

1281 301 1515 363 LIBER
1556 299 1659 362 DE
1703 298 2135 366 NOMINIBUS
2181 301 2623 366 HEBRAICIS.

1497 1861 1709 1924 Senna,
1760 1861 2049 1928 voluntas,
2085 1865 2205 1919 sive
2245 1864 2486 1919 manda-
2521 1914 2529 1920 .

1429 3231 1785 3300 Haeclomnia,
1833 3247 1958 3302 qua?
2005 3231 2353 3287 erTIillera
2387 3249 2492 3303 po-

1499 3304 1734 3368 suimus,
1763 3318 1888 3356 cum
1917 3305 2249 3374 aspiratione
2290 3305 2348 3356 in
2380 3307 2495 3359 suis

3536 295 3657 371 812

3100 439 3148 491 v
3427 423 3432 427 .

2596 507 2836 581 Vaphsi,
2861 512 2917 564 et
2947 509 3082 566 finis
3105 526 3294 568 meus.

2665 667 2814 724 Zach
2825 685 2910 737 ur,
2945 599 3188 725 memgr.

2667 740 2848 821 Zorad
2881 741 3120 813 (Zared),
3154 739 3406 812 alienus,
3436 741 3528 798 vel
3557 741 3657 798 de-

2598 827 2844 866 80611810.

2665 883 2815 938 Zoob
2875 883 3067 956 [Apud
3127 883 3292 954 LXX,
3363 899 3480 952 xxx,
3549 883 3660 955 14],

2597 971 2828 1030 aurum.

2665 1026 2883 1082 Zemeri
2929 1025 3216 1098 (Zambri),
3268 1026 3378 1084 iste
3425 1037 3661 1086 exacer-

2595 1098 2762 1158 bans,
2797 1097 2916 1153 sive
2946 1098 3295 1155 amaricans.

2667 1170 2825 1236 Zare,
2849 1173 3016 1224 ortus
3045 1174 3153 1225 est.

2665 1241 2965 1307 Zeferuna,
3014 1241 3123 1295 hoc
3167 1256 3233 1296 os
3278 1239 3548 1297 vidistis:
3584 1240 3657 1297 ad

2597 1328 2713 1377 ore,
2746 1328 2862 1367 non
2893 1312 2966 1366 ab
2997 1327 3148 1368 osse.

2665 1382 3269 1456 Zamri,psalmus,vel
3298 1381 3594 1439 canticum
3613 1377 3657 1438 θ.

2669 1491 2768 1545 33
2802 1493 2890 1544 DE
2928 1487 3515 1546 DEUTEHONOMIO.

2668 1649 2960 1720 Astaroth,
2985 1577 3184 1717 caul‘a‘e,
3209 1647 3513 1720 presepia,
3547 1646 3662 1703 ovi-
3737 1663 3739 1665 ί

2596 1719 2694 1786 lia,
2728 1719 2817 1774 vel
2849 1720 3016 1774 atria.

2665 1794 2799 1858 Aza,
2834 1791 3113 1846 fortitudo
3143 1790 3296 1860 ejus.

2665 1864 2856 1917 Araba
2913 1862 3142 1934 (nam),
3173 1859 3491 1926 occidens,
3541 1859 3662 1916 sive

2595 1951 2853 2005 vespera.

2667 2001 2881 2088 ergob,
2939 2004 3250 2088 maledicta
3305 2001 3656 2060 sublimitas.

2670 2076 2769 2130 Avi
2794 2077 3080 2147 (Haemus),
3105 2076 3230 2147 feri.

2668 2142 2966 2202 Avothiair
2995 2142 3274 2218 1{gloria
3301 2142 3661 2213 luminis,vel

2595 2219 2713 2274 vita
2746 2218 3026 2273 luminis:
3081 2220 3160 2271 ita
3206 2221 3400 2272 tamen
3433 2220 3499 2272 ut
3529 2231 3662 2287 pro-

2600 2290 2902 2369 nuntietur
2933 2288 3222 2369 Authjair.

2668 2364 2846 2426 Acan,
2880 2364 3218 2415 necessitas.

2668 2431 2932 2498 Aserotb,
2968 2431 3135 2498 atria,
3169 2429 3290 2485 sive
3330 2426 3664 2484 vestibula:

2601 2503 2649 2558 si
2681 2509 2876 2558 tamen
2909 2519 3011 2574 per
3042 2502 3168 2558 helh
3196 2504 3252 2556 et
3273 2500 3402 2574 sede
3425 2498 3661 2571 (rinam)

2601 2575 2853 2629 litteram
2899 2572 3213 2629 scribatur.
3265 2572 3325 2626 Si
3375 2587 3509 2628 vero
3561 2584 3666 2641 per

2599 2647 2757 2716 aleph
2783 2651 2840 2701 et
2858 2647 2946 2700 sin
2970 2645 3241 2718 (nmen),
3267 2641 3668 2699 beatitudines

2600 2721 2785 2772 sonat.

2670 2794 2887 2843 Amora
2917 2787 3280 2859 (Gomorrha),
3315 2784 3516 2858 populi
3539 2782 3672 2839 illu-

2601 2860 2863 2927 minatio,
2898 2861 3018 2914 sive
3050 2859 3301 2930 populus
3331 2859 3484 2928 ejus.

2672 2931 2914 2997 Adama,
2947 2930 3186 2985 humus.

2675 3090 2954 3158 Baalfeor,
2975 3090 3198 3145 habens
3229 3106 3293 3145 os
3325 3087 3516 3160 pellis,
3548 3086 3668 3143 sive

2605 3161 2876 3232 superius
2908 3177 2972 3216 os
3002 3160 3192 3232 pellis.

2640 3177 2876 3285 uperms
2908 3177 2972 3216 os
3002 3177 3192 3232 peius.

2723 3249 2876 3299 azar,
2910 3233 3204 3304 angustia,
3240 3232 3358 3287 sive
3388 3230 3448 3284 in
3481 3242 3667 3304 angu-

2640 3303 2737 3358 tia.
2767 3303 2856 3358 vel
2888 3303 3154 3358 infantia.

2604 3319 2737 3370 sua,
2767 3319 2856 3358 vel
2888 3319 3154 3359 inianua.

248 3379 419 3434 riter,
817 3373 826 3374 “
1431 3373 1655 3442 legenda
1673 3381 1800 3428 sunt
1820 3373 2136 3444 principiis.
2679 3377 2872 3443 Bosor,
2907 3375 2966 3429 in
2999 3373 3291 3446 angustia.

327 3503 346 3536 ί
382 3502 445 3555 In
495 3516 606 3555 ms.
660 3501 858 3554 nostro
912 3497 998 3551 vel
1048 3499 1356 3567 alloquium
1409 3499 1625 3566 inutile,
1677 3505 1774 3552 aut
1812 3514 1900 3552 σα·
1932 3505 1985 3569 Α
2016 3515 2160 3563 rum,
2192 3499 2310 3553 sive
2341 3502 2650 3553 rostrorum
2679 3502 2765 3569 (ut
2795 3499 2969 3555 habet
2997 3499 3174 3555 editio
3214 3499 3480 3570 Mariani)
3512 3500 3660 3556 divi.

253 3576 364 3639 lor,
396 3576 509 3627 etc.
852 3638 896 3640 υ
1629 3639 1635 3640 ί
2018 3570 2239 3624 nationi
2287 3570 2542 3625 Lectoris
2590 3571 2902 3640 permitto:
2954 3572 3126 3626 taedet
3156 3570 3312 3625 enim
3358 3587 3450 3625 me
3475 3571 3660 3627 bonas

330 3638 356 3677 ²
383 3642 600 3705 Settim,
633 3639 820 3709 spinae.
851 3638 1073 3694 Nomen
1135 3650 1335 3708 minus,
1393 3640 1577 3710 sellim
1616 3639 1906 3710 interpre-

255 3718 427 3770 tatur
459 3710 836 3782 Hieronymus
863 3712 1052 3781 spinas
1089 3711 1144 3766 in
1175 3711 1284 3768 hoc
1315 3709 1583 3782 praesenti
1615 3709 1762 3764 libro
1787 3709 1905 3764 No-

256 3785 495 3839 minum
526 3781 959 3852 Hebraicorum,
995 3787 1060 3837 ut
1085 3787 1139 3837 et
1167 3782 1268 3838 lib.
1301 3781 1379 3838 in
1419 3783 1812 3846 Commentar,
1847 3781 1904 3834 in

253 3857 370 3912 Isa.
409 3870 534 3926 cap.
568 3870 698 3909 xu:
731 3875 758 3926 γι
798 3854 932 3926 Quae
982 3854 1290 3926 varietates
1340 3853 1636 3926 arborum,
1675 3852 1903 3926 inquit,

256 3923 660 3982 diversitatem
694 3925 1029 3996 signiﬁcant
1059 3925 1256 3996 gratim
1297 3923 1638 3996 spiritualis.
1674 3924 1738 3978 Et
1769 3923 1908 3994 quia

2017 3854 2302 3907 MARTIAN.

2017 3641 2190 3695 horas
2223 3641 2374 3696 male
2404 3641 2740 3706 collocasse,
2774 3642 2913 3694 dum
2954 3641 3170 3696 frustra
3207 3641 3267 3694 in
3297 3642 3451 3696 bona
3480 3641 3658 3696 libro-

2017 3728 2145 3784 rum
2181 3712 2345 3781 copia
2375 3712 2711 3767 istiusmodi
2756 3727 3080 3782 prosequor
3104 3712 3522 3784 etymologiae.
3555 3711 3661 3784 Vi-

2016 3783 2086 3837 de
2143 3788 2336 3837 tamen
2396 3781 2774 3853 conjecturas
2817 3781 3048 3837 nostras
3100 3781 3160 3836 in
3187 3781 3658 3840 Commentario.

2086 3926 2106 3957 δ
2137 3924 2366 3996 Scilicet
2398 3940 2430 3978 a
2453 3910 2528 3984 ἣν
2553 3925 2752 3979 umbra
2783 3929 2838 3980 et
2866 3935 2991 3985 nam
3016 3927 3213 3996 portio.

257 3999 540 4054 omnibus
563 3995 777 4052 natura
795 4013 996 4051 earum
1014 3995 1150 4051 nota
1166 3995 1349 4063 est,de
1371 4013 1537 4050 serra
1558 3996 1752 4067 (aut?)
1777 4001 1904 4049 tan-

245 4077 381 4126 tum
403 4069 690 4125 Hebraica
711 4068 1130 4132 edisseramus,
1151 4083 1325 4138 quam
1351 4069 1569 4138 spinam
1585 4067 1904 4121 Theodotio

243 4140 689 4198 transtulit.Est
713 4144 906 4195 autem
932 4155 1119 4211 genus
1141 4138 1365 4211 arboris
1382 4139 1678 4193 nascentis
1699 4139 1757 4191 in
1782 4154 1903 4211 ere-

244 4231 369 4281 mo,
392 4215 576 4285 spinae
600 4212 746 4285 albae
771 4209 1463 4285 habenssimilitudinem
1492 4229 1503 4276 ;
1534 4211 1684 4264 unde
1707 4209 1905 4264 omnia

240 4280 568 4357 lignaarczs
588 4289 645 4337 et
662 4282 1019 4336 tabernaculi
1041 4282 1186 4357 facta
1207 4280 1902 4352 suntinstrumenta,quze

241 4353 626 4428 appellantur
656 4370 878 4428 semis,
917 4375 944 4428 ν
978 4357 1090 4428 etc.
1118 4353 1276 4407 Idem
1325 4368 1537 4406 nomen
1582 4363 1766 4428 pinv:
1797 4363 1902 4428 scl-

239 4423 369 4495 ti'rri,
401 4425 798 4498 Symmachus
843 4427 1030 4495 spinas
1077 4425 1514 4498 interpretatur,
1565 4423 1634 4478 de
1676 4425 1902 4498 quovi-

239 4493 480 4554 den’du's
523 4493 912 4568 Hieronymus
957 4493 1281 4568 comment.
1336 4493 1394 4548 in
1443 4511 1569 4565 cap.
1607 4512 1668 4548 Ill
1700 4493 1902 4561 Joelis,

241 4577 301 4624 et
331 4571 392 4625 in
429 4586 564 4640 cap.
598 4585 655 4621 v1
686 4566 954 4622 Michaea.
991 4566 1274 4620 MARTIAN.

319 4650 341 4683 ³
370 4651 476 4705 Sed
508 4648 705 4702 melius
750 4645 1008 4715 εὐπειθής.
1067 4647 1172 4701 Pro
1228 4644 1484 4714 εὖπαοής,
1536 4663 1569 4700 a
1619 4645 1787 4700 nobis
1819 4663 1903 4700 re-

238 4721 463 4776 stituto
495 4720 566 4772 ad
599 4719 771 4772 ﬁdem
805 4735 950 4773 mss.
985 4718 1275 4782 codicum,
1310 4717 1447 4772 editi
1481 4716 1684 4789 legunt
1715 4715 1904 4769 εὐστα-

236 4793 395 4858 0+5;
431 4805 544 4861 qua
567 4805 700 4861 vero
761 4789 1104 4845 auctoritate
1160 4789 1414 4844 viderint
1470 4788 1574 4861 illi,
1609 4789 1708 4858 qui
1743 4794 1904 4844 tanto

236 4859 468 4932 studio;
492 4860 759 4932 antiquas
790 4861 1110 4916 defendunt
1141 4860 1446 4916 editiones.
1474 4859 1759 4932 MARTIAN.

303 4935 342 4968 ’⁵
371 4935 418 4986 Α
455 4916 527 4992 ‘73:
557 4916 772 4996 unibra,
811 4936 867 4986 et
897 4945 977 4994 ΠΣ)
1010 4949 1125 4997 ore,
1157 4932 1436 5003 Origenes
1486 4931 1906 5000 interpretatur

234 5003 454 5061 homil.
491 5004 553 5058 21
593 5004 650 5058 in
682 5008 920 5058 Numer.
957 5004 1219 5075 Salphaal
1245 5003 1443 5057 umbra
1471 5003 1529 5055 in
1561 5017 1654 5056 ore
1689 5003 1826 5078 ejus.

314 5088 338 5119 ⁵
369 5085 598 5154 Sfu/an,
642 5092 904 5148 atterens,
939 5089 1047 5138 etc.
1125 5083 1274 5138 Editi
1352 5081 1554 5153 legunt
1623 5082 1898 5151 .Suphan;

235 5156 389 5212 LXX
421 5153 556 5209 vero
594 5155 794 5218 σωφάν.
859 5155 924 5209 In
980 5155 1216 5210 Hebraeo
1273 5153 1554 5210 hodierne
1613 5169 1775 5206 num.
1809 5155 1898 5218 2G,

228 5230 335 5294 39,
373 5237 612 5305 causa,
667 5225 1035 5305 quhypham,
1087 5225 1591 5305 siveﬂSphuplian},
1623 5229 1707 5304 .ut
1755 5225 1899 5305 scri-

230 5307 415 5372 ptum
438 5303 530 5368 est
553 5297 612 5350 in
635 5295 933 5372 codicibus
951 5313 1095 5351 mss.
1119 5295 1598 5372 Latinis._Deinde
1620 5295 1677 5348 in
1705 5296 1898 5372 editis,

229 5365 295 5427 ἐι
329 5365 562 5441 aliquot
593 5368 1013 5441 recentioribus
1062 5384 1205 5423 mss.
1247 5367 1409 5422 libris
1442 5384 1727 5422 SUPIlASlM
1758 5365 1899 5439 legi-

230 5459 384 5498 mus
409 5439 518 5507 {in
555 5439 685 5494 aliis
716 5455 870 5505 vero,
906 5455 1148 5494 numero
1194 5443 1251 5494 et
1295 5443 1584 5494 vetustate
1614 5443 1900 5509 priestan-

228 5515 530 5576 tioribus,
566 5528 916 5566 suamnam.
950 5511 1109 5575 Quod
1144 5509 1386 5582 Suphan,
1432 5517 1531 5565 aut
1559 5511 1898 5581 Sp/mplia-m,

225 5585 548 5662 significet
575 5585 940 5662 eonterentrm
991 5590 1044 5638 et
1091 5581 1435 5662 allarcnlem,
1474 5581 1639 5662 pullo
1673 5583 1900 5662 negotio

224 5653 478 5740 discere
509 5655 678 5740 nobis
737 5655 868 5740 licet
911 5671 995 5740 lex.
1053 5655 1243 5740 verbis
1299 5665 1435 5740 περ*
1466 5653 1744 5740 ξίιρΙξαρζι,

219 5731 432 5805 Sapit,
478 5731 542 5805 et
593 5726 1030 5805 ngu’JSIIPII-(l/t.
1066 5727 1198 5805 ‘Sed
1248 5725 1409 5805 quod
1465 5724 1902 5805 Suphasim,_’vel

213 5795 610 5877 Saphaphi-m,
646 5795 1157 5854 Latine'reddatur
1193 5795 1263 5854 ad
1279 5795 1676 5854 ’umbraculum
1700 5798 1899 5855 roslro-

573 5925 837 5992 ΡΑι-ιοι.
881 5924 1098 5990 XXIII.

2087 3997 2105 4028 ⁷
2133 3995 2351 4068 Vitiose
2382 3996 2441 4068 in
2493 4011 2602 4050 ms.
2654 4002 2854 4051 nostro
2899 3996 2996 4068 Sin
3018 3995 3236 4068 sciens.
3271 3996 3483 4053 Graecis
3514 4013 3659 4068 quo-

2017 4083 2129 4137 que
2181 4075 2266 4138 est
2328 4066 2490 4136 βάτος
2547 4069 2827 4137 amphora,
2882 4067 2969 4121 vel
3031 4063 3180 4138 δίψα,
3231 4069 3371 4122 sitis.
3430 4063 3575 4122 Puto
3624 4085 3659 4125 ει

2015 4151 2172 4198 κτεῖ.
2208 4137 2386 4192 Aliter
2415 4154 2639 4208 suoque
2662 4155 2836 4192 sensu
2862 4138 3106 4208 loquens
3135 4138 3287 4194 Hier.
3314 4139 3385 4192 de
3410 4154 3658 4203 manes”

2018 4226 2205 4264 mans.
2242 4216 2293 4272 ὅ,
2327 4219 2415 4294 γε
2445 4209 2605 4279 legit,
2637 4214 2692 4262 et
2722 4210 2943 4276 rubum,
2975 4209 3095 4264 sive
3125 4209 3316 4265 odium
3346 4208 3534 4264 vertit.

2086 4300 2200 4380 3min
2233 4299 2445 4380 set-pius
2466 4298 2709 4380 laudata
2739 4298 2920 4380 Epist.
2953 4298 3023 4380 de
3063 4314 3308 4380 mansa,
3331 4313 3531 4380 ‘mans.
3564 4295 3657 4380 24,

2019 4391 2045 4418 «
2075 4370 2282 4435 Thare,
2314 4367 2528 4440 inquit,
2562 4367 2829 4422 nonnulli
2868 4373 3102 4423 vertunt
3140 4368 3199 4440 in
3233 4367 3545 4440 malitiam,
3568 4368 3658 4424 vel

2016 4448 2342 4513 pasturam,
2378 4438 2482 4495 nec
2514 4445 2773 4495 errarent
2797 4440 2844 4494 si
2873 4457 2997 4513 per
3025 4456 3119 4513 Am
3152 4438 3406 4513 litteram
3439 4439 3656 4496 scribe-

2016 4509 2175 4568 retur
2201 4531 2212 4580 ;
2248 4530 2401 4567 nunc
2430 4529 2562 4566 vero
2593 4529 2726 4566 cum
2759 4509 3037 4582 aspiratio
3068 4509 3280 4580 duplex
3310 4511 3367 4565 in
3401 4515 3660 4568 extrema

2016 4585 2092 4656 sit
2123 4585 2344 4656 syllaba
2375 4588 2647 4656 (nemque
2676 4584 2758 4653 Π),
2781 4583 2992 4656 erroris
3017 4598 3194 4656 causa
3216 4582 3526 4656 manifesta
3545 4587 3655 4640 est.

2015 4655 2132 4710 Hoc
2158 4653 2364 4710 eodem
2406 4653 2704 4716 vocabulo,
2759 4659 2815 4708 et
2865 4655 3073 4710 iisdem
3123 4653 3334 4708 litteris
3371 4653 3656 4724 scriptum

2017 4727 2244 4780 invenio
2279 4731 2498 4796 patrem
2533 4725 2844 4789 Abraham,
2888 4725 2986 4797 qui
3039 4726 3097 4780 in
3145 4725 3480 4797 supradicto
3511 4739 3656 4797 apo-

2017 4798 2230 4877 crypho
2261 4794 2546 4877 Genescos
2579 4800 2777 4877 (parva
2803 4794 3069 4877 nGeﬁesis)
3099 4794 3391 4877 volumine
3433 4794 3658 4877 abactis

1935 4862 2218 4936 Bcorvis,
2275 4869 2373 4938 qui
2434 4862 2738 4922 hominum
2799 4862 3095 4922 frumenta
3152 4865 3657 4938 vastaban_t,iaba-

2014 4935 2210 5004 ctoris,
2246 4935 2333 4994 vel
2366 4939 2694 5009 depulsoria
2725 4940 2965 4994 sortitus
2996 4946 3085 4993 est
3111 4953 3339 4991 nomen.
3368 4958 3395 4984 »
3418 4935 3654 5009 Origeu.

2011 5011 2170 5065 hom.
2203 5014 2291 5079 27,
2327 5013 2380 5064 in
2409 5011 2544 5064 Num
2594 5029 2606 5065 :
2638 5033 2663 5058 »
2695 5010 2884 5063 Thara
2911 5009 3255 5079 intelligitur
3278 5009 3656 5078 contemplatio

2009 5084 2267 5153 stuporis.
2309 5103 2328 5129 ιι
2398 5081 2709 5135 Deducitur
2764 5099 2797 5134 a
2849 5090 2950 5138 11h
2999 5081 3321 5150 exploravit,
3366 5089 3495 5139 nm:
3527 5082 3657 5133 stu-

2013 5154 2202 5224 pentis
2236 5153 2656 5224 interjectione.

2081 5227 2101 5258 9
2132 5225 2237 5279 Ms.
2288 5231 2504 5288 noster,
2557 5223 2648 5277 vel
2701 5223 2977 5276 canticum
3018 5237 3238 5293 meum:
3297 5224 3655 5293 postremam

2011 5294 2263 5350 litteram
2298 5312 2401 5366 pro
2434 5296 2604 5349 affixo
2630 5293 2955 5366 masculino
2985 5292 3297 5366 accipiens.

2084 5370 2125 5402 ¹⁰
2156 5363 2456 5431 Αινοιῆἰαίν,
2489 5368 2668 5434 gloria
2704 5364 2952 5431 luminis,
2998 5368 3107 5420 etc.
3144 5363 3207 5418 In
3254 5363 3479 5435 aliquot
3509 5381 3653 5422 mss.

2010 5441 2067 5493 et
2104 5438 2274 5493 editis
2303 5443 2472 5493 antea
2503 5437 2687 5491 libris.
2745 5437 3044 5503 Aualhiair,
3096 5435 3250 5506 quod
3275 5435 3400 5502 jam
3432 5437 3656 5492 dictum

2011 5515 2136 5576 est;
2174 5527 2307 5563 nam
2341 5519 2461 5569 17w
2503 5520 2638 5569 mn
2688 5507 2947 5562 liliaz'inlli
2995 5511 3124 5573 iair,
3171 5508 3463 5579 significat
3491 5511 3658 5579 vitam

2014 5583 2263 5644 lmnims,
2296 5586 2351 5636 et
2382 5598 2449 5635 ex
2478 5581 2828 5648 Hieronymo
2874 5580 2982 5651 legi
3034 5578 3240 5650 potest
3265 5581 3539 5651 Aul/iiair,
3566 5578 3656 5632 vel

2011 5652 2325 5706 Avatliz'air.
2375 5652 2664 5706 MARTIAN.
2716 5681 2785 5691 —-
2836 5649 2953 5706 Ms;
2998 5649 3219 5721 noster,
3269 5667 3404 5706 cum
3436 5649 3660 5721 aliquot

2009 5723 2368 5852 ﬁliithenes
2417 5724 2836 5790 Martianaeum,
2894 5718 3211 5796 editisque
3243 5726 3414 5778 antea
3464 5718 3652 5788 libris,

2055 5812 2122 5852 va
2187 5811 2314 5852 zazr.

2055 5803 2314 5853 valhiair.

3257 5918 3334 5984 27
