4088 6166
373 365 609 441 gultum
649 365 801 441 ejus,
843 365 931 422 vel
981 366 1440 441 munditia,_aut

373 436 704 506 separatus,
718 436 806 493 vel
819 439 1129 494 custodita.
1153 439 1402 494 Scribitu
1413 456 1439 492 r

375 514 574 568 autem
606 526 723 564 non
778 525 882 580 per
939 528 966 564 z
1025 511 1302 575 litteram,
1336 511 1436 564 sed

373 598 480 656 per
508 580 815 656 Hebrzeum
847 597 1005 647 smn,
1055 583 1209 653 quod
1253 598 1358 636 nec
1390 599 1438 648 ξι,

376 651 486 710 nec
517 669 547 707 z
570 651 832 707 litteram
860 655 1048 707 sonat.

446 724 767 790 Nazoreus,
801 723 1082 778 mundus.

447 794 782 866 Nephthali,
832 793 1143 866 discretus,
1191 793 1312 848 sive
1351 807 1439 866 se-

369 862 616 939 junct'us
635 865 725 922 vel
747 865 1046 933 convertit,
1070 864 1191 920 sive
1213 862 1442 919 convol-

385 937 473 993 vit
505 953 620 993 me.

883 1005 927 1060 Ο

455 1078 638 1144 Obed,
664 1077 944 1133 serviens.

451 1151 707 1213 Osanna,
741 1147 1018 1218 salviﬁca,
1051 1147 1207 1218 quod
1230 1147 1444 1202 Graece-

379 1221 616 1287 dicitur,
643 1223 814 1272 σῶσον
860 1215 971 1287 δήί,
997 1215 1324 1289 Utrumque
1346 1234 1446 1270 au-

377 1296 499 1348 tem
526 1308 739 1347 nomen
773 1307 876 1362 per
906 1291 948 1345 O
983 1291 1233 1345 litteram
1255 1292 1444 1344 exten-

380 1380 511 1420 sam
537 1362 926 1486 legendum.R

449 1505 691 1570 Raama,
718 1501 946 1558 excelsa
960 1504 1000 1568 ³,
1026 1503 1148 1557 sive
1169 1499 1440 1556 exaltata.

408 1581 410 1583 ’
445 1573 685 1638 Rachel,
719 1574 862 1639 ovis,
892 1573 978 1628 vel
1007 1573 1212 1627 videns
1235 1576 1440 1626 Deum.

449 1645 630 1711 Raab,
665 1644 805 1711 lata,
839 1644 960 1698 sive
990 1643 1251 1698 dilatata.

449 1714 707 1781 Rechab,
729 1713 1175 1781 ascendens,ve1
1194 1712 1440 1779 concita,

379 1785 498 1842 sive
526 1785 758 1839 videns.

450 1855 630 1922 Ruth,
663 1855 971 1911 festinans.

453 1926 736 1993 Raabam,
762 1926 1021 1998 impetus
1047 1923 1266 1997 populi.

457 2002 630 2061 Raca,
660 2014 872 2052 vanus.

417 2068 910 2141 Rabbi,magister
928 2067 1444 2141 meus.Syrumest.

457 2137 799 2209 Ramathaﬁz,
833 2137 1059 2195 excelsa
1107 2153 1331 2202 eorum,
1359 2147 1446 2191 vel

384 2210 640 2268 sublime
669 2211 773 2266 eis.
893 2284 929 2334 S

452 2353 555 2409 98
610 2352 890 2421 Salmam,
954 2349 1278 2416 sensibilis,
1331 2348 1450 2404 sive

383 2439 622 2482 86118118.

457 2494 757 2562 Salomon,
792 2492 1093 2564 paciﬁcus,
1129 2491 1247 2546 sive
1281 2507 1448 2562 paca-

383 2569 485 2622 tus
501 2565 633 2620 erit.

458 2633 758 2700 Salathiel,
793 2632 993 2705 petitio
1026 2648 1157 2688 mea
1187 2633 1362 2689 Deus.

387 2708 518 2766 Hac
541 2707 655 2764 tria
682 2708 913 2761 nomina
940 2721 1038 2776 per
1065 2722 1159 2776 sm
1211 2705 1455 2758 litteram

461 2778 708 2835 scribunt
756 2795 774 2832 :
826 2777 1040 2847 reliqua
1116 2775 1240 2838 duo,
1315 2791 1456 2830 sane

465 2853 525 2906 in
557 2849 782 2905 exordio
811 2848 1025 2904 habent.

465 2921 673 2987 Sadoc,
690 2919 1069 2992 justiﬁcatus,
1097 2917 1450 2987 sivejustus.

467 2989 709 3058 Sidona,
737 2989 988 3114 venatli‘o.

464 3133 740 3199 Thamar,
775 3130 990 3202 palma,
1016 3128 1106 3182 vel
1122 3144 1346 3202 amara.

467 3198 742 3267 Thomas,
763 3198 1031 3271 abyssus,
1050 3198 1136 3253 vel
1153 3200 1451 3271 geminus:

395 3274 552 3328 unde
584 3278 642 3327 et
679 3269 870 3326 Graece
891 3271 1175 3341 Didymus
1199 3269 1454 3340 appella-

391 3348 508 3399 tur.
544 3343 713 3398 Thare
741 3342 828 3412 [Al
854 3340 1110 3410 Tharai],
1147 3342 1452 3412 pascens”,

389 3414 513 3470 sive
545 3417 808 3486 pastura.
886 3482 923 3536 Ζ

457 3555 621 3623 Zare,
653 3553 865 3620 oriens,
899 3552 1018 3607 sive
1045 3555 1210 3607 ortus
1233 3556 1339 3607 est.

459 3623 837 3691 Zorobbabel,
871 3624 996 3695 ipse
1026 3623 1318 3695 magister
1351 3627 1453 3679 Ba-

385 3696 642 3769 bylonis,
675 3697 873 3769 id_est,
895 3693 1285 3769 “confusionis.

457 3764 1166 3833 Zabulon,habitaculum:
1193 3770 1378 3836 potest
1398 3769 1454 3820 et

385 3837 702 3894 habitaculi
735 3837 1068 3893 substantia
1099 3837 1448 3907 nuncupari.

456 3910 786 3978 Zebedaeus,
821 3910 1077 3975 dotatus,
1111 3908 1230 3962 sive
1263 3909 1453 3963 fluens

383 3979 515 4035 iste.

457 4050 755 4118 Zacharia,
790 4049 1073 4107 memoria
1093 4049 1341 4117 Domini,
1360 4049 1449 4105 vel

1616 233 1680 297 S.
1726 231 2040 298 EUSEBII
2082 233 2552 298 HIEBONYMI.

1548 384 1774 423 memor
1804 367 2054 422 Domini.

1618 439 1912 506 Zachazus,
1953 438 2336 508 justiﬁcatus,
2383 455 2454 493 au
2513 440 2607 508 ju-

1549 514 1695 576 stus,
1719 509 1804 582 vel
1817 509 2257 578 justiticandus.
2273 511 2483 582 Syrum
2497 515 2605 577 est,

1548 598 1664 637 non
1695 581 2022 636 Hebraeum.

1956 652 2202 707 MARCI.

1952 725 2111 777 Aet
2168 723 2208 777 Ι.

1621 793 2059 859 Arrimatbaeus,
2093 792 2312 849 alitudo
2343 796 2492 865 ejus,
2524 793 2610 849 vel

1551 866 1837 919 exaltatus
1869 871 1957 918 est
1977 865 1992 918 i
2001 881 2121 936 pse.

1623 936 1804 1008 Abba,
1853 941 2037 1006 pater.
2091 937 2310 1008 Tyrum
2358 938 2466 1003 est,
2499 952 2613 992 non

1553 1007 1882 1060 Hebrwum.

1626 1077 1901 1141 Idumaea,
1932 1078 2079 1140 rufa,
2115 1077 2233 1133 sive
2267 1085 2510 1132 terrena.

1623 1148 1820 1213 Israel,
1849 1149 1936 1203 vir
1989 1148 2192 1203 videns
2248 1149 2464 1203 Deum:
2518 1147 2617 1202 sed

1554 1219 1807 1274 melius:
1841 1225 2032 1275 rectus
2065 1220 2317 1274 Domini.

1975 1290 2101 1345 Cet
2145 1291 2202 1345 S.

1623 1362 1818 1416 Cenna
1832 1361 2091 1425 ‘,zelotes
2107 1361 2282 1416 :unde
2297 1361 2354 1415 in
2369 1359 2482 1415 alio
2497 1359 2621 1414 loco

1554 1430 1999 1497 Chananaeus,in
2023 1432 2134 1486 alio
2149 1431 2369 1486 Zelotes
2383 1431 2617 1485 dicitur.

1624 1501 1869 1569 Salome,
1898 1502 2156 1628 paciﬁrlc‘a.

1625 1645 1796 1715 Tyro,
1831 1645 2137 1715 angustiae.
2161 1645 2352 1714 Nyrus
2402 1642 2625 1715 quippe

1628 1713 1826 1796 lingua
1846 1713 2086 1796 Hebraea
2102 1731 2191 1770 sor
2216 1713 2359 1785 (Ὃκ)
2390 1713 2624 1796 dicitur,

1555 1786 1708 1856 quod
1728 1786 1786 1840 in
1806 1791 2072 1841 nostrum
2092 1789 2626 1842 sermonemtrans-

1557 1857 1763 1924 fertur,
1796 1857 2089 1929 angustia.

1630 1931 1733 1983 94
1779 1927 2068 1997 Tiberius,
2115 1927 2258 1982 visio
2311 1928 2461 1998 ejus,
2505 1927 2623 1982 sive

1559 1999 1793 2071 bonitas
1825 2001 1971 2071 ejus.

1630 2070 1815 2125 Talita
1856 2070 1864 2071 ί
1899 2071 2076 2138 cumi,

1557 2141 1768 2213 Syrum
1800 2145 1906 2213 est.

1628 2210 2337 2336 Tracontidistpjtagpltiatio
2351 2208 2619 2265 tristitiae.

2164 2067 2360 2141 puella
2429 2083 2620 2140 surge.

1630 2422 1905 2494 Aepheta‘
1941 2422 2242 2494 adaperire
2263 2424 2304 2476 ⁵.

1632 2493 2254 2565 Au’gusti,solemniter
2267 2493 2499 2563 stantis,
2525 2498 2630 2548 aut

1563 2563 1991 2619 solemnitatem
2023 2563 2303 2619 additam.

1631 2635 1923 2699 Abilenes,
1955 2633 2230 2704 lugentis.

1633 2705 1797 2771 Abia,
1832 2709 1996 2776 pater
2021 2705 2326 2761 Dominus.

1636 2786 1850 2843 Aaron,
1885 2793 2056 2830 mons
2087 2792 2286 2830 eorum
2299 2819 2311 2830 .

1635 2851 1823 2915 Anna,
1853 2847 2048 2919 gratia
2076 2848 2224 2916 ejus.

1633 2921 1795 2985 Aser,
1848 2917 2078 2984 beatus,
2111 2923 2212 2971 aut
2260 2917 2464 2971 beatus
2495 2917 2623 2972 erit.

1634 2991 1833 3052 Amos,
1883 3004 2154 3055 onerans,
2206 2993 2308 3042 aut
2347 2988 2623 3042 oneravit.

1635 3062 1792 3130 Agge
1809 3059 2068 3130 ,(Nagge),
2103 3057 2467 3113 solemnitas.

1635 3129 1819 3184 Addai
1880 3129 2084 3199 (Addi),
2117 3130 2430 3185 robustus:
2501 3130 2625 3184 vio-

1565 3201 2380 3280 lenter_figuratum__nomen
2431 3200 2502 3255 ab
2562 3217 2627 3256 eo

1572 3273 1728 3342 quod
1761 3271 1992 3338 dicitur,
2025 3271 2244 3326 saddai.

1601 3342 2100 3414 Arfaxad,sanans
2120 3342 2623 3414 depOpulationem

1635 3414 1844 3479 Adam,
1864 3412 2064 3481 homo,
2083 3412 2483 3481 autterrenus,
2508 3414 2626 3469 sive

1567 3484 1862 3555 indigena.

1634 3553 1942 3622 Ammaus,
1973 3553 2225 3626 populus
2258 3555 2542 3624 abjectus.

1634 3696 1844 3760 Cazsar,
1906 3696 2194 3767 possessio
2261 3695 2620 3767 principalis.

1634 3767 1933 3839 Cyrenius,
1989 3766 2276 3839 hzeredisz’
2319 3768 2418 3839 qui
2452 3766 2622 3838 apud

1565 3855 1670 3909 nos
1683 3837 1910 3892 melius
1942 3837 2198 3909 effertur,
2223 3842 2279 3892 et
2297 3837 2490 3893 verius
2510 3837 2625 3909 per

1563 3909 1605 3972 Ο
1637 3908 1914 3974 litteram,
1947 3913 2011 3960 ut
2058 3908 2286 3964 dicatur
2322 3908 2617 3974 Quirinus.

1633 3981 1864 4045 Cosam,
1895 3978 2183 4035 divinans.

1635 4050 1893 4120 Cainam,
1925 4048 2121 4107 luctus
2151 4055 2253 4106 aut
2281 4049 2510 4122 lugens.

3654 215 3778 288 888

2797 364 3224 437 Capharnaum,
3281 367 3436 435 ager,
3498 357 3585 415 vel
3641 357 3784 414 villa

2790 576 2945 658 Ii_]_seli
2977 577 3189 658 (Hesti),
3220 575 3450 631 vicinus
3483 583 3668 630 meus.

2794 651 2959 714 Eber,
2976 651 3282 702 transitus.

2790 719 3008 784 Enoch,
3041 719 3349 774 dedicatio.

2793 793 2969 860 Enos,
3002 790 3197 846 homo.

2722 435 3157 494 consolationis.

2724 858 3004 933 [lucusque
3057 878 3154 932 per
3206 861 3416 916 brevem
3465 861 3504 912 Ε
3546 858 3792 912 litteram

2799 932 3129 1002 legerimus;
3180 933 3314 986 exin
3360 945 3458 1002 per
3508 932 3792 984 extensum

2800 1007 3047 1076 legamus
3073 1003 3425 1076 elementum:

2800 1070 3038 1142 Erodes,
3072 1074 3350 1145 pelliceus
3370 1070 3680 1144 gloriosus.

2802 1140 3048 1214 Elisabe,
3072 1140 3180 1200 'Dei
3212 1144 3325 1199 mei
3353 1140 3654 1214 saturitas,
3698 1140 3788 1194 vel

2734 1212 3788 1287 Deimeijuramentum,autseptimus.

2804 1288 2889 1344 Eli
2913 1288 3254 1342 ascendens.

2804 1359 3106 1414 Elmadadi
3139 1356 3471 1429 (Elmadan),
3527 1354 3628 1410 Dei
3677 1353 3792 1408 mei

2737 1447 3034 1486 mensura.
3432 1440 3436 1442 ‘
3744 1487 3746 1491 _

2809 1503 2902 1568 Er,
2933 1498 3206 1574 vigilans,
3236 1501 3338 1552 aut
3364 1495 3579 1568 vigilia.

2810 1569 3021 1642 Euam;
3051 1569 3256 1626 oculus
3275 1583 3510 1642 eorum.

2803 1638 3012 1710 Elisae,
3042 1642 3143 1697 Dei
3176 1640 3289 1766 mei
3322 1638 3503 1695 salus.

2802 1785 2901 1841 95
2939 1783 3158 1840 Fanuel
3177 1781 3355 1837 facies
3385 1780 3508 1837 Dei.

2805 1857 3002 1922 Fasee,
3026 1854 3328 1920 transitus,
3345 1853 3464 1908 sive
3479 1856 3806 1922 transgres-

2733 1927 2844 2002 sio_,
2865 1944 2969 2002 pro
2991 1921 3107 2002 quo
3125 1925 3308 2002 postri
3332 1922 3558 2002 Pascha
3574 1921 3799 2002 legunt.

2805 1993 3313 2063 Falecfdividens,
3347 1998 3449 2050 aut
3480 1993 3699 2063 divisit.

2804 2062 3088 2140 Filippus,
3141 2084 3205 2123 os
3251 2065 3563 2137 lampadis,
3612 2062 3700 2120 vel
3734 2079 3800 2118 os

2735 2156 3041 2196 manuum.
3233 2209 3280 2264 G

2803 2279 3053 2347 Gabriel,
3106 2278 3453 2335 confortavit
3500 2293 3596 2333 me
3623 2281 3797 2341 Deus,

2735 2356 2835 2407 aut
2867 2351 3144 2406 fortitudo
3178 2350 3297 2418 Dei,
3347 2348 3433 2404 vel
3479 2349 3570 2402 vir
3609 2363 3794 2403 meus.

2805 2422 3059 2489 Galilaea,
3087 2420 3443 2486 volutabilis,
3477 2424 3579 2474 aut
3606 2424 3797 2474 trans-

2735 2493 3006 2564 migratio
3038 2495 3390 2564 perpetrata,
3422 2491 3513 2564 vel
3545 2496 3691 2546 rota.

2856 2562 3253 2630 erasenorum,
3297 2562 3658 2626 suburbana,
3701 2562 3803 2616 aut

2736 2635 2924 2692 coloni
2954 2635 3194 2691 ibidem.
3265 2706 3284 2758 Ι

2809 2777 3038 2842 Itureaa,
3087 2780 3399 2831 montanae.
3429 2775 3642 2845 Syrum
3700 2777 3806 2827 est.

2813 2848 3107 2916 Jordanis,
3133 2848 3450 2903 descensus
3473 2847 3810 2916 eorum,aut

2739 2915 3129 3000 apprehensio
3176 2935 3400 2985 eorum,
3445 2916 3535 2972 vel
3603 2915 3807 2970 videns

2730 2991 3046 3061 judicium.

2809 3061 2936 3116 Joni
2971 3062 3172 3132 (Jona),
3204 3060 3476 3115 columba
3505 3074 3655 3114 mea.

2809 3131 3018 3214 {annai
3053 3132 3294 3214 (lenne),
3329 3134 3710 3214 prmparatus.

2809 3198 3080 3272 Jojarim,
3103 3198 3386 3258 Dominus
3407 3198 3689 3264 eialtans,
3717 3198 3800 3255 vel

2738 3278 2828 3328 est
2856 3274 3138 3329 exaltans.

2807 3345 3000 3410 Jared,
3045 3344 3420 3410 descendam,
3455 3343 3573 3398 sive
3624 3340 3804 3396 conti-

2739 3432 2904 3483 nens,
2939 3416 3094 3487 quod
3126 3415 3319 3471 Graece
3349 3411 3803 3486 dicitur‘exlxpa-

2736 3506 2826 3539 τον
2839 3527 2850 3540 .

2811 3557 2961 3613 Jona
2989 3556 3284 3612 columba.

2808 3628 3054 3694 Joanna,
3089 3626 3374 3683 Dominus
3422 3623 3615 3697 gratia
3652 3625 3802 3694 ejus,

2736 3698 3134 3773 velgDomin‘us
3157 3697 3508 3773 misericors.
3545 3770 3552 3773 _
3766 3764 3776 3773 O

2809 3771 3029 3836 Jairus,
3061 3765 3426 3834 ill'uminans,
3458 3770 3563 3823 aut
3593 3765 3804 3821 illumi-

2739 3846 2932 3897 natus.

3239 3912 3282 3965 L

2811 3983 3064 4047 Lisania,
3102 3981 3372 4038 nativitas
3416 3977 3798 4043 tentationis;

2739 4055 2838 4109 sed
2873 4053 3123 4109 nimium
3152 4053 3453 4109 violenter.

455 4202 477 4237 ⁶
509 4202 690 4274 Graece
717 4201 921 4274 dicitur
950 4205 1120 4254 σῶσον
1156 4198 1243 4269 δή.
1282 4203 1732 4274 Incogitantiam
1781 4207 2020 4274 stupen-
2074 4207 2129 4270 Α

388 4273 523 4329 dam
553 4273 840 4344 editorum
873 4273 1156 4328 librorum
1190 4290 1306 4327 non
1347 4273 1588 4344 possum
1641 4275 1903 4340 reticere,
1940 4273 2024 4328 uti

378 4344 505 4415 jam
536 4343 787 4400 factitavi
819 4343 1106 4399 sexcentis
1137 4343 1300 4398 locis.
1333 4343 1420 4398 Ita
1449 4346 1604 4398 enim
1639 4350 2027 4414 corrumpunt

385 4419 719 4486 contextum
753 4415 1272 4486 Hieronymianum
1330 4415 1510 4485 hujus
1559 4416 1690 4480 loci,
1743 4419 1808 4469 ut
1837 4415 2027 4486 legere

387 4485 525 4557 ausi;
545 4486 663 4540 sint
694 4490 895 4557 contra
945 4485 1120 4557 fidem
1163 4487 1702 4557 manuscriptorum
1733 4487 2024 4552 codicum,

421 4555 527 4609 uod
565 4558 750 4612 Greece
797 4556 1006 4611 dicitur
1063 4555 1136 4615 ὡς
1198 4556 1326 4608 άννά
1382 4555 1485 4611 vel‘
1532 4556 1608 4616 ὡς
1643 4557 1814 4611 ἱνανά.
1852 4558 2026 4622 Quasi

434 4625 668 4681 SANNA
693 4637 950 4690 mrtem
980 4626 1065 4681 vel
1089 4637 1393 4691 suavium
1411 4629 1811 4695 Hebraeorum,
1835 4629 2028 4684 Graece

382 4696 614 4752 dicatur
643 4696 716 4757 ὡς
749 4698 897 4764 αννά,
947 4714 1004 4752 os
1035 4715 1203 4761 anna,
1258 4704 1314 4752 et
1357 4714 1413 4752 os
1445 4701 1522 4754 sit
1567 4717 1779 4754 nomen
1814 4700 2027 4754 distin-

385 4769 649 4842 ctum__ab
681 4785 825 4823 anna
852 4786 865 4842 ς
896 4773 1072 4842 atque
1105 4774 1422 4842 utrumque
1461 4769 1690 4842 legatur
1706 4788 1808 4842 per
1828 4777 2026 4825 exten-

381 4855 510 4912 sam
548 4837 821 4912 litteram.
851 4837 1006 4895 Bone
1033 4841 1205 4906 Deus,
1232 4837 1422 4912 qualis
1445 4847 1502 4895 et
1521 4837 1743 4912 quanta
1763 4857 2026 4897 errorum

381 4909 698 4967 colluvies!
735 4912 953 4967 Osanna
975 4909 1280 4966 Hebraeum
1315 4914 1329 4982 (
1365 4909 1568 4966 Matth.
1604 4930 1718 4979 χχι,
1779 4915 1833 4970 9.
1866 4920 2028 4982 chlv-

380 4982 468 5050 vat)
524 4998 643 5038 non
701 4982 914 5038 dicitur
971 4983 1163 5039 Graece
1219 4999 1276 5038 os
1322 4979 1490 5037 arma
1549 4984 1648 5038 sed
1709 4987 1878 5035 σῶσον
1935 4979 2025 5048 δὴ,

379 5069 535 5126 soson
564 5054 661 5122 de,
687 5059 749 5108 ut
777 5054 942 5110 testis
972 5060 1061 5108 est
1089 5056 1219 5126 ipse
1243 5054 1650 5126 Hieronymus,
1692 5055 1749 5107 in
1783 5053 2028 5126 epistola

380 5125 452 5180 ad
507 5126 807 5180 Damasum
849 5142 1074 5196 papam,
1116 5125 1225 5179 'ubi
1284 5125 1516 5180 abunde
1575 5125 1899 5196 disputavit
1955 5125 2027 5179 de

378 5198 606 5266 Osanna
629 5197 744 5265 ﬁlio
775 5196 1224 5266 DavidrNomen
1256 5199 1450 5249 autem
1485 5200 1819 5266 utrumque,
1871 5198 2024 5266 quod

379 5263 768 5338 Hieronymus
801 5263 1039 5338 notavit,
1102 5282 1215 5320 non
1250 5266 1467 5338 referas
1525 5268 1596 5321 ad
1635 5263 2020 5338 Osannafrsod

379 5339 451 5392 ad
483 5336 691 5391 nomen
727 5337 867 5392 Οὑειί
890 5342 946 5390 et
977 5337 1212 5403 Osanna,
1258 5336 1413 5406 quod
1465 5341 1782 5409 utrumque
1812 5337 2026 5409 legitur

379 5423 484 5460 ner
509 5423 537 5459 ο
568 5407 817 5460 litteram
853 5412 1173 5460 extensam.
1208 5407 1485 5460 Maurum.

377 5423 484 5478 per
509 5423 537 5459 ο
568 5412 817 5461 litteram
853 5412 1173 5462 extensam.
1208 5412 1485 5462 Mauram.

450 5477 472 5511 ²
503 5479 670 5532 Itama
695 5475 933 5538 excelsa,
967 5481 1072 5531 etc.
1111 5478 1168 5530 In
1202 5478 1373 5531 editis
1408 5481 1576 5532 Rama
1602 5483 1660 5533 et
1710 5478 1905 5534 Rachel
1940 5479 2020 5533 le-

375 5553 596 5620 guntur
627 5553 757 5620 post
779 5564 983 5620 vocem
1017 5549 1268 5620 Roboam,
1296 5550 1414 5602 sive
1447 5550 1705 5604 Raabam.
1732 5551 2018 5603 NIARTIAN.

393 5617 518 5688 ῘΗ-
542 5617 665 5673 Duo
697 5617 898 5673 isthaac
945 5619 1138 5688 priora
1184 5621 1425 5673 nomina
1475 5636 1583 5674 ms.
1638 5625 1852 5687 noster,
1888 5637 2020 5674 cum

376 5686 514 5744 olim
546 5688 717 5744 editis
747 5693 879 5759 post
909 5686 1150 5744 Raabam
1183 5694 1506 5744 recensent.

446 5760 468 5793 ³
504 5759 699 5827 There,
724 5775 969 5829 poscens,
1005 5764 1114 5816 etc.
1149 5759 1372 5816 Nomen
1412 5759 1583 5815 Thare
1647 5777 1761 5816 non
1806 5759 2021 5832 legitur

2160 4201 2333 4274 hodie
2365 4200 2486 4274 nisi
2537 4202 2691 4274 apud
2719 4203 2954 4262 Lucam.
3008 4219 3038 4257 e
3064 4219 3178 4274 quo
3210 4203 3268 4257 in
3321 4202 3579 4274 antiquis
3609 4218 3797 4257 exem-

2157 4271 2425 4343 plaribus
2457 4271 2671 4343 Graecis
2702 4274 2759 4328 S.
2797 4274 3051 4329 Matthaei
3079 4271 3344 4329 additum
3370 4271 3552 4328 fuisse
3573 4273 3802 4328 videtur

2154 4342 2416 4416 tempore
2471 4342 2756 4416 Origenis.
2820 4345 2920 4415 qui
2953 4348 3010 4399 in
3070 4345 3179 4400 hoc
3235 4345 3418 4416 Opere
3474 4345 3716 4400 nomina
3744 4349 3800 4400 et

2155 4414 2334 4488 verba
2363 4413 2502 4467 Novi
2536 4413 2894 4488 Testamenti
2925 4416 3236 4488 supplevit.
3262 4413 3550 4470 MARTIAN.

2228 4486 2242 4518 ¹
2275 4487 2480 4551 Cenna,
2513 4487 2732 4552 zelotes,
2787 4493 2894 4540 etc.
2943 4486 3021 4542 De
3061 4486 3358 4542 volumine
3403 4486 3662 4541 Matthtei
3691 4486 3796 4541 He-

2155 4555 2350 4610 braico
2419 4561 2722 4627 sumptum
2771 4557 3001 4613 videtur
3042 4575 3254 4614 nomen
3301 4559 3504 4624 Cenna,
3558 4556 3678 4613 sive
3727 4559 3798 4612 ab

2154 4627 2422 4701 Origene,
2473 4627 2592 4682 sive
2639 4629 2712 4683 ab
2764 4627 3131 4701 Hieronymo,
3195 4628 3295 4701 qui
3346 4628 3464 4701 hoc,
3484 4628 3796 4701 exemplari

2153 4699 2686 4788 sae'piusnutuntur.
2738 4699 3014 4756 Hebraice
3061 4699 3414 4788 ﬂag—Cana,
3456 4699 3798 4773 intelligitur

2153 4770 2323 4824 zelus.
2358 4769 2647 4824 MARTIAN.

2222 4841 2245 4872 ⁴
2273 4840 2435 4894 Fet/la
2458 4843 2630 4910 aperi.
2664 4844 2782 4914 Hoc
2812 4841 2936 4896 loco
2984 4841 3236 4896 retinent
3283 4842 3673 4914 manuscripti
3703 4859 3794 4897 co-

2154 4911 2309 4985 dices
2332 4911 2750 4985 nomenFetlia,
2780 4914 3046 4985 quodest
3067 4914 3261 4983 ipsum
3286 4911 3602 4985 Ephephetti
3619 4914 3794 4969 Marci

2153 4999 2258 5056 v11.
2289 4983 2559 5056 34.AEr_lil_i
2582 4981 2879 5056 collocant
2905 4983 3066 5056 idem
3091 4981 3340 5038 inomen'
3396 4981 3638 5056 A'epheta
3686 4985 3794 5040 sub

2155 5054 2327 5118 Luca,
2361 5054 2434 5108 ab
2467 5053 2632 5110 initio
2662 5052 2889 5108 litterae.
2922 5056 2988 5108 A.
3015 5055 3294 5109 Murrum.

2223 5156 2291 5164 —-
2321 5125 2407 5196 Ad
2439 5123 2593 5179 hunc
2652 5125 2914 5191 modum,
2947 5125 3172 5196 hocque
3229 5126 3288 5180 in
3347 5125 3473 5196 loco
3520 5125 3797 5181 exhibent

2152 5212 2364 5250 nomen
2395 5195 2549 5268 istud
2585 5211 2694 5250 ms.
2731 5201 2947 5268 noster,
2979 5195 3313 5268 vulgatique
3364 5195 3520 5251 libri.
3556 5197 3795 5252 Martia-

2153 5283 2312 5340 ngeus
2343 5283 2410 5321 ex
2439 5266 2568 5340 aliis
2602 5283 2742 5340 mss.
2776 5269 2862 5340 ad_
2883 5267 3059 5322 Marci
3087 5266 3300 5340 seriem
3348 5268 3634 5323 revocavit
3666 5285 3796 5340 pros

2151 5337 2304 5391 xime
2355 5337 2640 5411 superiori
2673 5337 2818 5411 lo_co_,
2851 5337 3046 5411 legens
3075 5339 3260 5404 Fetha,
3319 5341 3500 5411 aperi.
3537 5337 3798 5411 ipso—lit-

2151 5412 2408 5481 terarum
2439 5407 2639 5463 ordine
2688 5407 3050 5478 alphabético
3106 5407 3403 5481 renuente.
3458 5407 3605 5464 Nam
3637 5411 3794 5481 quod

2153 5479 2303 5547 apud
2341 5479 2620 5544 Marcum,
2655 5496 2768 5534 non
2825 5481 3039 5534 Lucam
3089 5479 3437 5534 vocabulum
3489 5479 3797 5546 habeatur,

2067 5581 2114 5645 Β
2153 5549 2296 5645 nihil
2334 5556 2713 5645 movetncu‘r‘n
2747 5551 2930 5645 multa
2961 5550 3077 5645 alia
3106 5551 3245 5619 sint,
3281 5568 3412 5645 quaeI
3430 5552 3798 5645 Helice-cha-

2149 5624 2370 5694 ractere
2406 5620 3086 5694 passimedescribuntur,
3115 5639 3231 5677 non
3258 5620 3379 5694 suis
3401 5621 3541 5678 locis
3562 5622 3790 5694 abipso,

2149 5695 2213 5746 ut
2245 5691 2488 5760 videtur,
2515 5691 2649 5747 libri
2684 5693 2859 5764 hujus
2891 5697 3125 5749 auctore
3156 5693 3458 5751 recensita.
