4088 6166
284 310 289 315 ’
305 279 428 353 889

378 416 533 487 Levi,
566 417 888 492 appositus.

378 435 962 561 ﬁg’e§§?§3$iiis;
998 491 1235 564 quidam
1268 510 1368 563 pu-

298 567 433 619 tant
470 564 918 633 percutientem,
966 562 1083 620 sive
1132 562 1363 637 percus-

301 650 438 691 sum
470 650 643 706 posse
672 650 963 690 resonare.

375 707 650 771 Lazarus,
693 706 951 775 adjutus.

374 777 481 832 Lot
510 775 748 848 ligatus,
780 780 883 832 aut
925 776 1247 843 declinans,
1280 776 1368 832 vel

302 864 543 904 vacans.
798 918 853 972 M

382 993 583 1056 Moses,
618 988 1071 1060 assumptio,Vel
1106 990 1367 1062 palpans,

306 1061 440 1133 sive;
456 1063 843 1127 contrectans,
878 1065 979 1115 aut
1009 1061 1247 1133 urgens,
1271 1064 1370 1117 sed

306 1131 520 1187 melius
536 1135 657 1202 est,
684 1146 759 1202 ex
805 1148 979 1202 aqua.

382 1201 754 1272 Matthathia,
816 1201 1035 1258 danum
1093 1202 1215 1267 Dei,
1274 1207 1374 1257 aut

306 1273 649 1344 aﬁquando.

376 1343 605 1413 Melchi,
638 1359 737 1398 rex
762 1359 948 1399 meus.

383 1414 970 1482 Matusala,mortuus
1000 1419 1172 1480 est,et
1191 1416 1370 1471 misit.

380 1485 693 1552 Maallalel,
747 1486 1022 1542 laudatus
1069 1491 1239 1552 Deus,
1288 1487 1373 1543 vel

309 1557 566 1613 laudans
596 1557 803 1612 Deum.

384 1628 607 1683 Martha
637 1628 677 1693 ³,
710 1628 971 1696 irritans,
1012 1643 1369 1699 provocans:

306 1716 578 1755 sermone
609 1703 806 1771 autem
838 1700 1001 1771 Syro,
1032 1699 1270 1755 domina
1292 1700 1376 1754 in-

298 1774 680 1844 terpretatur,
712 1770 798 1826 vel
831 1770 1167 1825 dominans.

808 1858 878 1913 N.

286 1970 287 1973 η
375 1930 478 2001 Q6
506 1932 816 2001 Naasson,_
836 1944 1153 2001 augurans.

376 1999 589 2069 Naum,
624 1998 964 2068 consolatio,
1016 2000 1135 2055 sive
1164 2015 1376 2057 conso--

311 2071 488 2126 lator.

388 2140 546 2208 Neri,
575 2139 809 2195 lucerna
840 2155 990 2194 mea.

391 2211 639 2279 Nathan,
673 2211 852 2277 dedit,
885 2209 974 2265 vel
1004 2211 1231 2267 dantes.

391 2282 604 2349 Nahor,
640 2282 926 2353 requievit
957 2282 1079 2338 lux.

388 2354 525 2420 Noe,
569 2352 919 2425 requiescit,
945 2358 1046 2425 aut
1074 2355 1375 2425 requievit.

384 2425 509 2480 Naa
538 2425 797 2495 (Naama)
812 2424 1090 2495 pulchra.

384 2496 683 2560 Ninevitas,
703 2494 975 2568 nativitas
997 2494 1379 2568 pulchritudi-

310 2570 430 2634 nis,
463 2571 565 2623 aut
594 2566 863 2639 speciosi.

376 2727 603 2797 Petrus,
638 2740 990 2797 agnoscens.

380 2796 648 2864 Pontius,
686 2796 989 2851 declinans
1036 2796 1371 2853 consilium.

377 2866 626 2935 Pilatus,
658 2883 722 2923 os
753 2866 1136 2923 malleatoris.

302 2938 413 2995 Sed
441 2938 727 2994 sciendum
754 2945 855 3006 est,
908 2939 1049 3010 quod
1099 2939 1247 3010 apud
1274 2941 1375 2994 He-

382 3012 555 3066 braeo:
598 3010 639 3063 P
684 3011 865 3064 littera
911 3026 1023 3065 non
1068 3011 1375 3066 habeatur:

380 3096 481 3135 nec
510 3081 693 3135 ullum
724 3097 923 3135 nomen
976 3088 1067 3147 est,
1110 3082 1252 3153 quod
1281 3083 1378 3137 hoc

377 3153 711 3207 elementum
740 3156 973 3207 resonet.
1005 3153 1237 3207 Abusz've
1266 3154 1374 3220 igi-

381 3226 475 3277 tur
506 3223 845 3294 accipienda,
870 3226 1055 3295 quasi
1079 3239 1179 3295 per
1211 3223 1251 3278 F
1281 3224 1373 3278 lit-

379 3297 556 3349 teram
582 3296 796 3364 scripta
812 3294 955 3418 1flint.

383 3434 498 3506 Bos
532 3435 735 3504 (Resa),
770 3437 963 3506 caput.

379 3504 528 3559 Ram
558 3506 797 3575 (Acam),
828 3504 1120 3560 sublimis.

382 3575 529 3641 Reu,
560 3593 850 3701 pascens,S
878 3581 978 3632 aut
1026 3581 1232 3649 pastus
1261 3583 1371 3633 est.

383 3713 599 3780 Sicera,
657 3717 925 3774 ebrietas.
984 3718 1169 3773 Omne
1215 3719 1371 3775 enim

306 3786 467 3856 quod
497 3786 781 3844 inebriare
812 3794 1022 3861 potest,
1074 3791 1229 3862 apud
1263 3790 1370 3846 He-

1331 287 1566 354 LIBER
1606 287 1709 351 DE
1753 284 2189 353 NOMINIBUS
2233 285 2675 352 HEBRAIGIS.

1475 424 1661 478 brzeos
1694 421 1889 477 Sicera
1919 421 2149 476 dicitur.

1544 494 1776 548 Simeon
1806 494 1848 562 ³,
1881 492 2144 558 audiens,
2190 492 2277 547 vel
2308 493 2531 548 audivit

1472 564 1792 619 tristitiam.

1548 636 1705 702 Sedi,
1735 652 1803 689 ex
1831 633 2012 689 latere
2043 652 2190 690 meo.

1547 707 1726 770 Semi,
1758 707 2023 761 audiens.

1550 776 1850 844 Salathiel,
1886 777 2085 848 petitio
2118 792 2249 833 mea
2280 777 2453 833 Deus.

1551 848 1812 916 Salman,
1838 865 1966 916 pax.

1552 920 1794 986 Seruch,
1840 917 2055 985 lorum,
2108 920 2227 974 sive
2273 917 2541 990 corrigia,

1479 990 1567 1047 vel
1597 992 1933 1061 dependens
1990 991 2108 1045 sive
2128 990 2427 1061 perfectio.

1550 1061 1765 1130 Salem,
1800 1062 1981 1116 misit.

1554 1134 1709 1198 Sem,
1744 1149 1975 1188 nomen.

1554 1204 1708 1270 Seth,
1742 1204 1990 1275 positus,
2033 1207 2133 1257 aut
2182 1219 2425 1275 ponens,
2457 1201 2543 1256 vel

1484 1275 1700 1346 posuit,
1744 1274 1851 1346 aut
1902 1274 2198 1346 poculum,
2251 1274 2369 1329 sive
2417 1289 2543 1344 ger-

1484 1345 1639 1413 men,
1672 1345 1758 1401 vel
1789 1345 2156 1401 resurrectio.

1554 1417 1862 1484 Serantha,
1877 1415 2261 1481 incensa,sive
2274 1414 2547 1486 angustia

1483 1489 1671 1560 panis.
1692 1489 1914 1543 Nomen
1938 1505 2005 1543 ex
2025 1489 2262 1544 Hebraeo
2285 1487 2544 1558 Syroque

1484 1560 1894 1630 compositum.

1555 1626 1777 1698 Simon,
1793 1647 1941 1702 pone
1957 1645 2281 1696 maerorem,
2298 1626 2383 1683 vel
2408 1628 2544 1682 audi

1482 1701 1804 1757 tristitiam.

1554 1771 2167 1839 Sosanna,lilium,aut
2183 1769 2370 1841 gratia
2385 1770 2541 1840 ejus:

1486 1845 1587 1900 sed
1619 1844 1830 1899 melius
1862 1844 1911 1899 si
1952 1842 2301 1898 femininum
2333 1857 2544 1896 nomen

1490 1917 1778 1988 figuretur
1808 1932 1841 1969 a
1870 1912 2012 1988 lilio.

1563 1988 1658 2041 97
1696 1985 2016 2047 Samaritzn,
2048 1984 2339 2038 custodes.

1557 2057 1828 2123 Sodoma,
1863 2056 2050 2127 pastio
2094 2054 2293 2127 silens,
2323 2054 2411 2107 vel
2443 2054 2545 2108 de—

1487 2128 1723 2183 clinatio
1755 2125 1979 2191 eorum,
2008 2131 2109 2181 aut
2138 2125 2310 2180 fulva.

1558 2200 1757 2264 Satan,
1790 2197 2182 2265 adversarius,
2216 2197 2336 2251 sive
2364 2199 2548 2250 trans-

1487 2286 1737 2343 gressor.

1560 2342 1731 2421 ἓθιρεξν
1765 2338 2098 2421 captiuus;
2182 2408 2216 2421 ..

1559 2409 1882 2476 Sadducaai,
1908 2409 2240 2481 justiﬁcati.

1812 2499 1902 2553 DE
1930 2497 2224 2553 JOANNE.

1984 2573 2053 2622 A.

1558 2646 1782 2705 Aenon,
1803 2639 2030 2706 oculus,
2050 2642 2151 2695 aut
2173 2638 2299 2695 fons
2325 2653 2544 2693 eorum.

1557 2711 1768 2779 Auani,
1801 2710 2040 2767 donavit
2068 2709 2234 2765 mihi.

1557 2870 1870 2924 Banereem
1891 2870 1932 2938 ³,
1970 2868 2075 2923 filii
2099 2867 2370 2933 tonitrui,
2391 2868 2546 2934 quod

1486 2945 1754 3011 corrupte
1769 2940 2096 3011 Boanerges
2108 2956 2251 2995 usus
2269 2938 2544 2995 obtinuit.

1560 3010 1843 3066 Barsemz'a
1866 3012 1906 3079 ‘,
1939 3010 2097 3066 ﬁlius
2138 3027 2345 3075 caecus,
2392 3011 2543 3080 quod

1487 3087 1545 3138 et
1576 3083 1771 3155 ipsum
1803 3087 2074 3155 corrupte
2100 3083 2339 3153 quidam
2372 3081 2549 3135 Barti-

1487 3153 1701 3208 macum
1738 3153 1958 3225 legunt.

1558 3224 1899 3292 Beelzebub,
1925 3224 2148 3279 habens
2175 3239 2429 3291 muscas,
2450 3228 2551 3278 aut

1488 3296 1774 3351 devorans
1806 3312 2063 3363 muscas,
2098 3300 2200 3350 aut
2222 3296 2305 3349 vir
2327 3311 2552 3349 musca-

1485 3367 1983 3437 rum.lnﬁneergo
2010 3366 2266 3422 nominis
2293 3366 2335 3421 B
2359 3366 2551 3421 littera

1485 3438 1738 3503 legenda
1766 3443 1874 3503 est,
1908 3454 2025 3493 non
2070 3438 2130 3492 L.
2167 3442 2361 3493 Musca
2394 3437 2549 3493 enim

1484 3510 1671 3565 zebub
1701 3515 1956 3563 vocatur.

1556 3580 1843 3650 Barabba,
1877 3579 2034 3634 filius
2056 3578 2258 3650 patris.

1556 3721 1801 3793 Cephas,
1836 3692 2060 3788 Petrus,
2091 3721 2301 3793 Syrum
2334 3724 2439 3774 est.

1556 3790 1731 3860 Cana,
1767 3792 2081 3865 possessio,
2116 3790 2234 3846 sive
2264 3790 2545 3863 possedit.

3574 284 3704 351 890

3140 416 3205 475 Ε.

2715 489 3014 562 Ephraim,
3049 489 3278 557 fertilis,
3309 491 3430 548 sive
3460 496 3704 558 auctus;

2646 578 2819 633 quem
2844 579 2959 636 non
2982 577 3300 636 possumus
3322 563 3392 619 ab
3416 563 3705 636 augendo,

2650 633 3026 705 Augentium,
3059 633 3269 705 dicere.

3063 704 3298 759 MetN.

2720 776 2948 844 Messia,
2970 780 3203 840 unctus,
3222 775 3280 829 id
3294 779 3404 841 est,
3422 775 3707 831 Christus.

2721 851 2951 911 Manna,
2971 846 3126 918 quid
3156 850 3245 901 est
3264 846 3292 901 ?

2722 916 3029 988 Nazareth,
3063 916 3384 973 munditiae.

2722 1058 2960 1125 Saalim,
2993 1058 3223 1130 pugilli,
3271 1059 3391 1115 sive
3420 1058 3581 1124 volas,
3616 1062 3717 1113 aut

2653 1135 2816 1211 ortus
2875 1146 3215 1211 aquarum“
3268 1130 3421 1201 quod
3482 1130 3714 1186 brevius

2654 1202 2847 1256 Graece
2886 1197 3098 1255 dicitur
3126 1197 3399 1326 tapetum.

2723 1272 2947 1326 Sichar.
2981 1289 3122 1326 conc
3152 1271 3299 1326 usio.
3341 1272 3399 1326 si'

2723 1272 2947 1337 Sichar,
2981 1271 3299 1338 conclusio,
3341 1272 3460 1326 sive
3492 1287 3712 1326 ramus.

2654 1342 2933 1414 Corrupte
2965 1347 3160 1425 autem
3182 1359 3285 1415 pro
3314 1343 3567 1424 Sichem,
3587 1359 3713 1467 Ἥκω

2654 1416 3003 1467 transfertur
3024 1431 3083 1467 1n
3104 1414 3402 1467 humeros.
3423 1419 3489 1467 ut
3508 1413 3603 1467 Sic
3650 1430 3713 1467 ar

2652 1413 3003 1470 transfertur
3024 1415 3083 1469 in
3104 1413 3402 1476 humeros.
3423 1419 3489 1468 ut
3508 1413 3716 1469 Sichar

2654 1484 2961 1556 legeretur,
2995 1502 3141 1540 usus
3172 1485 3449 1540 obtinuit.

2726 1556 2900 1621 Siloe,
2934 1558 3173 1613 missus.

2729 1626 2830 1682 98
2890 1627 2980 1681 DE
3052 1626 3358 1681 ACTIBUS
3414 1623 3713 1681 APOSTO-

3044 1696 3315 1753 LORUM.

2727 1840 3008 1906 Andreas,
3042 1770 3279 1894 densum
3337 1837 3608 1902 statione,
3630 1836 3719 1893 vel

2653 1910 3014 1982 respondens
3029 1908 3372 1982 pabulo,sed
3386 1909 3495 1964 hoc
3508 1907 3720 1963 violen-

2654 1987 2801 2036 tum.
2837 1981 3043 2036 Melius
3066 1986 3260 2036 autem
3285 1984 3394 2036 est.
3424 1985 3489 2034 ut
3510 1996 3718 2035 secun-

2658 2021 2801 2036 μη...
2838 2021 3043 2036 ...νηυυ
3066 2021 3260 2036 μων...
3285 2021 3394 2042 νυν,
3428 2021 3489 2034 ..υ
3511 2021 3685 2035 ww...

2653 2052 3064 2133 dugn‘Graa‘cam
3081 2051 3497 2133 etymologiam
3517 2050 3719 2133 ἀπὸτοὶῦ

2657 2119 2871 2197 ᾁνδρὸς,
2894 2123 2951 2177 id
2970 2126 3079 2191 est,
3098 2141 3127 2179 a
3144 2119 3295 2188 viro,
3318 2119 3507 2177 virilis
3528 2120 3722 2193 appel-

2656 2194 3524 2335 letillrpheeus,millesimus,sive
3542 2277 3720 2332 super

2658 2353 2742 2397 os,
2778 2335 2848 2389 ab
2880 2350 2977 2389 ore
3008 2351 3125 2389 non
3157 2335 3230 2387 ab
3260 2349 3412 2388 osse.

2724 2405 3099 2473 Acheldama,
3121 2421 3260 2477 ager
3275 2402 3606 2477 sanguinis.
3620 2404 3723 2475 Sy-

2658 2494 2787 2531 rum
2820 2480 2925 2531 est.

2686 2620 2695 2629 _
2726 2549 3027 2620 Egyptus,
3051 2546 3329 2614 tenebrae,“
3346 2546 3465 2601 sive
3478 2544 3720 2601 tribula-

2657 2624 2866 2674 tiones.

2726 2691 2966 2758 Arabes,
2999 2688 3277 2755 humiles,
3308 2687 3426 2744 sive
3456 2701 3720 2758 campes-

2657 2767 2793 2817 tres.

2726 2835 2943 2901 Annas,
2978 2833 3227 2887 donans.
3272 2821 3314 2847 ⁸

2728 2903 3071 2968 Alexander,
3097 2904 3365 2958 auferens
3385 2901 3719 2968 angustiam

2658 2976 3053 3041 tenebrarum;
3073 2975 3172 3029 sed
3186 2979 3244 3029 et
3255 2974 3365 3029 hoc
3379 2972 3717 3028 violentum.

2727 3047 3005 3110 Ananias,
3039 3046 3229 3117 gratia
3254 3044 3507 3117 Domini.

2728 3120 2905 3172 Amoz
2926 3113 3134 3206 (V7234),
3160 3121 3385 3206 potens,
3408 3115 3496 3206 vel
3522 3113 3717 3206 fortis:

2659 3205 2707 3262 si
2737 3210 2933 3261 tamen
2965 3202 3039 3261 ab
3062 3204 3224 3277 aleph
3245 3202 3721 3277 litteraincipiat,

2657 3287 2712 3333 et
2744 3277 2984 3332 finiatur
3014 3278 3075 3331 in
3108 3275 3269 3331 sade:
3305 3275 3457 3347 quod
3494 3275 3542 3328 si
3567 3288 3726 3328 exor-

2657 3350 2821 3404 dium
2841 3348 3023 3405 sumit
3041 3349 3111 3403 ab
3134 3350 3252 3415 ain,
3275 3350 3333 3401 et
3357 3360 3725 3415 consumma-

2658 3425 2756 3475 tur
2787 3421 2847 3475 in
2888 3437 3002 3475 nun
3051 3414 3244 3491 (my),
3283 3417 3634 3473 transfertur
3661 3414 3722 3469 in

2658 3507 2942 3579 populum
2974 3505 3370 3579 divellentem.

2728 3575 2940 3633 Azotus
2962 3578 3228 3649 (ww-ivx),
3253 3575 3533 3649 Aebraice
3552 3590 3719 3649 voca-

2660 3653 2757 3703 tur
2776 3648 2954 3712 esdod,
2971 3645 3037 3702 et
3055 3645 3381 3703 secundum
3404 3645 3720 3716 pristinum

2658 3735 2884 3791 nomen
2900 3718 3316 3791 etymologiam
3346 3715 3544 3782 habet,
3566 3715 3721 3787 ignis

2664 3789 2965 3862 patruelis.

374 3979 663 4060 'Marthg,
710 3985 982 4060 ἰννίιαηδ,⁸
1027 3989 1137 4060 etc.
1184 3985 1396 4060 Martha
1453 3987 1607 4060 idem
1667 3988 1959 4060 significat
1988 3992 2041 4055 Α
2070 3987 2315 4060 tandum
2374 4002 2533 4060 vero,
2564 3987 3137 4060 nomen_Barsemia,
3217 3985 3363 4060 sive
3391 3986 3722 4060 Baﬂz’mgus

299 4066 582 4133 sermone
595 4053 738 4124 Syro
760 4056 914 4124 quod
930 4055 1129 4133 Maria,
1149 4057 1268 4112 sive
1283 4065 1441 4133 enim
1486 4053 1777 4133 scribatur
1807 4072 1955 4133 mn,

301 4138 501 4196 gnara;
533 4127 840 4196 sivenﬁn,
871 4127 1109 4196 marath,
1142 4134 1243 4182 aut
1272 4131 1508 4195 martha,
1552 4131 1818 4185 eamdem
1855 4130 1957 4184 ha-

2069 4057 2244 4114 hodie
2276 4074 2391 4112 non
2424 4057 2538 4129 legi
2572 4059 2727 4129 apud
2781 4058 3112 4129 Joannem;
3159 4058 3258 4113 sed
3309 4056 3485 4129 Marci
3534 4057 3723 4128 capite

2069 4129 2317 4195 decimo,
2345 4126 2517 4183 versu
2550 4126 2640 4184 46.
2676 4129 2757 4184 De
2784 4132 2973 4184 Marco
3006 4128 3185 4199 igitur
3222 4126 3571 4199 translatum
3590 4126 3715 4199 jam

300 4193 467 4274 bebit
495 4194 951 4274 signiﬁcantiam
977 4216 989 4263 ;
1028 4193 1169 4274 quia
1199 4216 1318 4253 una
1347 4205 1436 4254 est
1467 4193 1647 4274 mea;
1664 4218 1763 4256 seu
1798 4202 1957 4274 origo

299 4263 651 4335 hujusmodi
685 4284 890 4322 vocum
925 4268 982 4322 in
1016 4263 1190 4324 verbo
1225 4282 1354 4330 N17:
1383 4288 1559 4325 mare.
1596 4272 1883 4327 MARTIAN.

374 4365 443 4413 _—-
474 4340 668 4406 Atque
699 4337 811 4414 hoc
841 4340 1082 4394 demum
1131 4342 1360 4414 erudite
1406 4358 1470 4396 ac
1518 4359 1669 4397 vere.
1723 4344 1959 4414 PrOprie

298 4408 499 4487 θρίαξή
522 4408 961 4487 Νηνὲηᾷιςωρθ
1009 4411 1200 4484 Μαρθὰ
1248 4414 1549 4487 dominam,
1601 4414 1720 4468 sive
1769 4408 1958 4469 heram

296 4476 633 4560 significat.
657 4479 905 4560 Rabbini
931 4476 1165 4560 quoque
1188 4476 1547 4560 Babylonici,
1575 4486 1955 4560 quemadmo-

297 4546 447 4601 dum
479 4548 670 4623 doctis
699 4551 839 4623 viris
870 4546 1137 4607 notatum
1170 4560 1275 4623 est,
1314 4546 1383 4609 ad
1412 4546 1707 4611 Berescith
1731 4557 1954 4622 Rabba,

296 4624 441 4674 sect.
477 4620 569 4685 47,
604 4622 905 4678 dominam
937 4628 1149 4680 vocant
1182 4620 1418 4681 Martha.

371 4689 602 4769 ’_Idem_
634 4698 722 4748 est
777 4698 952 4765 atque
1019 4695 1172 4769 infra
1228 4696 1484 4769 positum
1544 4698 1755 4769 Simon,
1798 4699 1953 4769 quod

298 4763 535 4835 tantum
562 4762 759 4818 Graeca
794 4762 1271 4835 pronuntiatione
1321 4767 1534 4823 diﬂ‘ert.
1592 4762 1954 4824 Recole'Ori-

294 4830 476 4956 genis
532 4848 711 4908 supra
753 4830 1065 4892 laudatum
1148 4838 1552 4893 testimonium
1614 4841 1682 4893 ad
1738 4856 1953 4895 nomen

331 4915 583 4956 oamzan.

411 4916 583 4957 anan.

384 4971 408 5004 ⁸
436 4971 764 5061 Lectionem
796 4977 1541 5061 hancdiieropymug‘ips‘e
1560 4981 1953 5061 conﬁrmatin

298 5040 702 5124 gemmentar.
725 5048 796 5124 in
825 5048 1051 5124 Daniel.
1082 5068 1120 5113 ι,
1147 5040 1225 5124 _7':
1262 5072 1291 5101 «
1324 5040 1456 5104 Filii
1479 5051 1738 5124 Zebedaei
1762 5052 1956 5124 appel-

292 5111 399 5193 [ειιί
424 5121 567 5169 sunt
587 5117 690 5172 filii
716 5120 986 5193 tonitrui,
1008 5111 1323 5193 quodnon,
1354 5127 1414 5175 ut
1440 5121 1701 5193 plerique
1724 5111 1951 5193 putant,

289 5184 629 5264 goanerges,
651 5190 753 5264 sed
776 5184 1147 5264 emendatius
1170 5184 1385 5264 legitur
1398 5184 1765 5248 [tenera/iani.
1792 5216 1819 5243 ››
1842 5184 1951 5249 Sed

290 5254 971 5339 illa‘vul'go'obtinebat;
1006 5264 1161 5339 unde
1186 5254 1469 5339 prigenes
1502 5264 1950 5339 innMatthzsum,

2024 4689 2029 4693 ,
2064 4633 2230 4709 tum”
2263 4627 2459 4709 locum
2516 4629 2830 4709 fateamur.
2862 4644 2997 4682 cum
3027 4627 3425 4709 “Hieronymo,

2069 4206 2195 4279 erat
2224 4200 2283 4254 in
2304 4200 2591 4279 Joannem
2623 4205 2885 4271 tempore
2905 4198 3192 4271 Origenis.
3218 4198 3341 4279 Nisi
3362 4198 3553 4279 dicere
3572 4215 3719 4279 prfe-

2070 4276 2185 4326 stat
2207 4288 2354 4326 caeco
2379 4276 2513 4325 nato
2546 4272 2714 4327 Joan.
2748 4270 2885 4342 ’cap.
2923 4288 2975 4342 ix
3008 4270 3219 4342 nomen
3252 4270 3720 4342 Barsem_ia_indi-

2067 4347 2195 4397 tum
2228 4343 2412 4397 fuisse
2442 4344 2514 4397 ab
2569 4341 2793 4412 aliquot
2831 4339 3230 4411 scriptoribus
3260 4339 3717 4405 vetustioribus;

2068 4415 2221 4485 quod
2257 4418 2708 4485 nomenpostea
2750 4418 3021 4485 corrupte
3070 4413 3311 4484 quidam
3362 4414 3723 4485 Bartimaeum

2067 4483 2359 4558 legebant,
2395 4484 2535 4556 quia
2567 4484 2755 4558 filium
2797 4483 2999 4558 Timaei
3026 4501 3029 4504 ‘
3052 4483 3187 4558 eum
3241 4483 3718 4554 suspicabantur.

2066 4556 2232 4636 Certe
2263 4558 2335 4636 ad
2368 4556 2780 4636 etymplogiam
2814 4557 2861 4612 si
2894 4557 3182 4636 attendas,
3229 4560 3319 4610 est
3349 4570 3454 4609 cur
3482 4571 3719 4636 corrup-

3525 4644 3581 4681 lll
3616 4642 3717 4681 ι)Γο

2068 4643 2193 4682 tum
2263 4643 2459 4681 locum
2516 4643 2806 4682 lateamur
2862 4644 2997 4682 cum
3057 4643 3425 4699 meronymo,
3482 4643 3581 4751 qui
3616 4643 3717 4697 pro

2068 4697 2969 4779 Bdrtz'mzrus.legendum-docet
3016 4700 3320 4779 Barsegnia,
3368 4713 3498 4779 quo.
3548 4698 3719 4779 Ser

2067 4785 2337 4824 sermone
2370 4767 2666 4839 significat
2694 4772 2876 4839 ﬁz'lum
2906 4786 3124 4825 caecum.
3158 4770 3271 4824 Nec
3303 4767 3401 4824 me
3427 4767 3566 4839 latet
3594 4767 3719 4822 Ori-

2065 4857 2273 4911 genem
2310 4837 2635 4911 Comment.
2689 4837 2751 4895 In
2806 4841 3165 4905 Matthaaum,
3206 4858 3237 4894 e
3290 4840 3486 4895 Graeca
3515 4837 3719 4909 lingua

2067 4910 2261 4967 Τίγγιέεὶ
2291 4910 2703 4987 etymologiam
2738 4918 3076 4987 mutuatum
3109 4927 3256 4974 esse,
3297 4924 3516 4987 nempe
3556 4914 3714 4987 ει-Υῇς

2064 4988 2272 5053 huic;
2311 4980 2451 5053 quid
2483 4980 2698 5037 simile.
2733 4983 2843 5036 Sed
2877 4982 3089 5037 statius
3121 4987 3212 5035 est
3243 4980 3560 5035 adhaesisse
3594 4980 3717 5053 [lie-

2064 5050 2345 5124 ro'nymo,‘
2394 5052 2494 5123 qui
2568 5056 2707 5123 Syro
2786 5053 3009 5107 homini
3072 5068 3278 5108 nomen
3340 5050 3716 5106 vernaculum

2064 5123 2361 5179 ascripsit.
2398 5124 2683 5178 MARTIAN.

2135 5226 2202 5234 -—
2217 5191 2334 5250 Hoc
2356 5194 2556 5272 minus
2578 5208 2727 5272 aegre
2752 5194 3132 5272 persuadeor,
3146 5191 3539 5272 Bartimaaum,
3557 5192 3712 5272 quod

2063 5283 2254 5321 caecus
2286 5282 2319 5320 a
2350 5262 2655 5319 nativitaté
2686 5262 2860 5328 esset,
2892 5262 3001 5318 levi
3033 5263 3357 5319 litterarum
3391 5262 3716 5319 mutatione

292 5323 783 5420 ξκάλεεεξίηῆᾳυίξ,
824 5323 1128 5420 Βοσξνέρᾯές.
1182 5331 1221 5420 δ.
1271 5323 1498 5420 ἔώξήρ,
1560 5335 1588 5387 ὃ
1648 5335 1786 5388 ἔστιν
1821 5323 1949 5419 olei:

2067 5339 2450 5420 Barsamaeurn
2481 5323 3068 5420 appellatum'vulgo,
3100 5336 3296 5420 idnest,
3338 5333 3525 5416 ﬁlium
3553 5340 3712 5420 caeci-

294 5395 534 5488 βρφετῆς
567 5480 580 5488 _
612 5395 963 5488 ἢζιβρογτής.
994 5395 1002 5407 ’
1036 5395 1296 5488 Salvator
1346 5395 1946 5488 Bomiergfsnuocavit,

290 5470 432 5537 quod
497 5480 581 5526 est
660 5470 773 5541 ﬁlii
826 5470 1060 5531 ton'itrui
1124 5486 1222 5531 aut
1278 5479 1536 5532 tonitrus.
1566 5470 1825 5533 'Scilicet
1881 5470 1946 5533 ei

288 5548 408 5612 wn
450 5550 555 5602 in:
584 5544 760 5599 Marei
794 5562 877 5612 ΙΙΙ,
920 5549 1001 5609 l7,
1048 5548 1453 5603 deducebant:
1505 5558 1623 5608 13:1
1676 5550 1831 5604 enim
1863 5558 1949 5604 tu-

288 5611 603 5735 ξέιὲιέἱιαιιιε
631 5624 729 5683 est,
758 5620 817 5671 et
867 5617 926 5671 in
976 5619 1227 5674 Arabica
1284 5618 1506 5691 lingua,
1558 5621 1743 5676 valide
1772 5623 1949 5676 teuuit

320 5695 483 5737 0081.

356 5753 379 5785 ‘
408 5753 712 5825 Barsemz'a,
746 5758 905 5827 ﬁlin
940 5773 1140 5827 caecus,
1173 5764 1280 5815 etc.
1317 5760 1456 5817 Mss.
1493 5761 1658 5816 codd.
1695 5762 1947 5816 retinent

287 5837 615 5891 pronomen
660 5830 1069 5888 masculinum
1118 5847 1276 5903 quem
1323 5836 1377 5887 et
1432 5834 1630 5903 ipsum,
1694 5837 1799 5887 etc.
1834 5832 1947 5889 No-

2062 5411 2212 5474 tatz's,
2248 5414 2311 5461 ut
2342 5408 2422 5461 rei
2482 5406 2694 5461 nomen
2746 5407 3095 5461 conveniret.
3148 5406 3465 5461 Verissime
3515 5410 3713 5460 autem

2057 5480 2208 5548 ﬁlius
2241 5480 2430 5533 limzez'
2460 5477 2900 5548 interpretatur,
2947 5476 3050 5529 ἀπὸ
3098 5483 3199 5544 τῆς
3244 5482 3436 5547 τιμῆς,
3471 5477 3625 5546 quod
3657 5481 3714 5530 et

2057 5549 2365 5603 Chaldaice
2399 5553 2591 5614 sonat,
2644 5550 2806 5610 Time,
2868 5548 3056 5614 honor,
3113 5550 3372 5618 pretium.
3433 5548 3711 5618 Origenes

2058 5637 2293 5691 quoque
2334 5625 2435 5685 τῆς
2484 5624 2654 5688 τιμῆς
2712 5618 3029 5691 ξπώνυμνον
3074 5617 3297 5691 Τίιμαῖον
3354 5617 3708 5691 di_x_i4t._’Con-

2058 5687 2291 5762 statque
2315 5687 2597 5761 praeterea
2614 5689 2799 5762 multa
2813 5687 3051 5746 nomina
3068 5708 3101 5745 a
3122 5687 3333 5747 Graecis
3350 5689 3423 5762 ad
3441 5687 3709 5762 Hebraeos

2058 5756 2368 5834 migrasse,
2404 5765 2471 5815 ut
2502 5761 2748 5816 minime
2789 5763 3052 5817 omnium
3102 5764 3366 5834 oporteat
3395 5756 3704 5812 lectionem

2056 5828 2234 5904 hanc,
2271 5834 2671 5898 Bartimaaum,
2709 5836 3045 5905 corruptam
3078 5828 3385 5903 suspicari.
