4088 6166
421 255 535 317 891

485 384 943 461 Ascalen,_ignis
969 384 1228 454 infamis,
1263 392 1363 444 aut
1390 387 1476 461 ig-

415 458 507 513 nis
538 456 833 530 ignobilis.

447 601 459 612 .
482 530 1342 610 Aeneas,respondens,autpau
1353 546 1472 602 per,

415 617 534 657 sxve
564 617 821 656 1111881⁵18.

479 673 736 744 Agabus,
760 671 1037 744 nuntius,
1085 671 1178 744 vel
1230 671 1474 744 nuntius

408 743 932 811 tribulationis;sed
946 743 1121 798 ethoc
1133 743 1471 798 violentum.

481 815 717 880 Attalia,
735 820 969 886 tempus
984 816 1131 884 ejus,
1148 813 1358 869 melius
1381 815 1474 868 de-

408 887 646 942 clinatio
679 886 922 941 domini.

442 957 864 1031 'Amphipelis,
913 955 1165 1028 populus
1213 973 1310 1012 ore
1341 973 1463 1012 cer-

408 1045 606 1086 ruens.

476 1099 802 1172 Apollonia,
837 1098 1171 1172 disciplina,
1193 1097 1278 1172 vel
1302 1116 1468 1171 syna-

404 1169 553 1244 goga
567 1189 702 1227 eoru
713 1188 767 1225 m
785 1189 796 1237 ;
817 1171 918 1226 sed
933 1169 1110 1244 ethoc
1123 1169 1462 1225 violentum.

476 1241 876 1310 Athenienses,
921 1241 1332 1314 exploratores,
1367 1246 1468 1296 aut

403 1315 842 1386 respondentes,
891 1312 1303 1386 vel—humiles,
1349 1314 1467 1386 sive

400 1384 662 1458 tempore
705 1384 973 1456 dissipati
1017 1402 1029 1451 ;
1072 1385 1172 1439 sed
1213 1384 1321 1439 hoc
1347 1384 1467 1438 vio-

402 1457 648 1512 lentum.

470 1530 637 1584 Arios
668 1543 848 1599 pages
878 1526 1175 1599 primitiva
1194 1525 1468 1580 solemni-

470 1545 637 1584 Al‘lOS
709 1545 848 1599 ages
878 1545 1175 1598 prlmltlva
1194 1545 1463 1580 SOlenl-

399 1605 527 1667 tas:
579 1545 704 1654 sedp
731 1604 788 1653 et
831 1598 939 1652 hoc
986 1597 1305 1652 violentum
1337 1601 1463 1662 est;

401 1687 535 1724 cum
549 1669 922 1724 Atheniensis
940 1669 1112 1722 curia:
1137 1684 1348 1724 nomen
1369 1667 1462 1734 sit,

402 1758 528 1811 quae
559 1759 593 1795 a
623 1745 811 1811 Marte
833 1755 1041 1811 nomen
1079 1739 1319 1809 accepit.

471 1811 702 1882 Aquila,
723 1809 947 1882 dolens,
972 1809 1090 1882 sive
1113 1810 1460 1880 parturiens.

468 1881 707 1951 Achaia,
741 1897 905 1936 soror
932 1881 1232 1936 laborans.

473 1955 573 2025 99
625 1951 869 2025 Apelles,
923 1968 1282 2025 congregans
1342 1968 1460 2008 eos.

400 2023 759 2080 Violentum.

431 2159 436 2164 ,
468 2097 742 2160 Artemis,
760 2095 938 2162 idest,
957 2094 1156 2161 Diana,
1172 2095 1463 2150 suscitans

400 2168 828 2241 aegrotationes.
863 2166 1212 2241 Violentum.

450 2238 1460 2305 Aristarchus,suscitanscoronam.

468 2311 918 2382 Antipatridem,
955 2309 1227 2364 donantis
1260 2308 1461 2364 lauda-

398 2381 638 2439 tionem.
673 2381 1025 2437 Violentum.

469 2454 1142 2534 Agrippa,‘cong.regans
1173 2451 1387 2534 subito.

469 2471 1142 2580 agrippahcengregans
1173 2471 1387 2508 suone.
1423 2521 1434 2534 .

469 2529 513 2580 A
561 2530 872 2589 rumetlna,
904 2524 1168 2579 dmdens
1200 2523 1463 2579 sublimi-

398 2602 504 2654 ter.
537 2596 890 2652 Violentum.

467 2668 698 2734 Adrias,
752 2665 1054 2722 continens
1108 2666 1283 2731 mala,
1343 2667 1464 2721 sive

401 2738 565 2801 locus
600 2737 912 2793 malorum.
942 2737 1296 2793 Violentum.

467 2809 595 2882 Apii
648 2811 858 2882 ferum,
909 2807 1114 2876 libera,
1165 2809 1249 2863 vel
1297 2808 1460 2864 fortis

399 2879 655 2948 ubertas.
688 2879 1048 2938 Violentum.

470 3024 948 3090 Bartholemaeus,
1009 3022 1165 3077 ﬁlius
1211 3039 1462 3094 suspen-

397 3096 588 3152 dentis
621 3111 825 3166 aquas,
857 3095 943 3149 vel
973 3100 1038 3149 ut
1069 3110 1266 3165 supra.

471 3168 782 3231 Barsaban,
818 3166 1005 3220 ﬁlium
1057 3170 1458 3231 revertentem,

399 3236 484 3291 vel
516 3236 703 3291 ﬁlium
733 3235 983 3307 quietis:
1017 3236 1250 3307 equer
1281 3240 1338 3290 et
1358 3235 1462 3290 He-

398 3309 551 3363 braeo
581 3305 792 3362 nomen
837 3305 1247 3378 compositum.

470 3378 767 3450 Barnabas
787 3380 828 3450 ’7,
853 3376 1011 3432 ﬁlius
1037 3377 1352 3450 prophetae,
1375 3376 1461 3432 vel

400 3449 557 3506 ﬁlius
569 3449 875 3521 venientis,
895 3448 1071 3521 autut
1085 3448 1348 3521 plerique
1362 3466 1464 3521 pu-

397 3526 544 3586 tant,
576 3520 734 3577 ﬁlius
776 3520 1209 3576 consolationis.

470 3592 754 3657 Blastum,
815 3592 1148 3657 habentem,
1203 3590 1457 3645 lucrum.

467 3663 1056 3730 Berieu,maleﬁcum,
1075 3664 1194 3718 sive
1209 3663 1267 3717 in
1286 3661 1456 3718 male.

396 3735 671 3792 Nonnulli
688 3736 924 3791 Bariesu
945 3739 1212 3806 corrupte
1235 3735 1454 3806 legunt.

469 3807 757 3880 Bithynia,
828 3807 947 3862 ﬁlia
1004 3807 1286 3878 speciosa,
1342 3806 1460 3861 sive

401 3879 650 3934 inutilis.

469 3955 704 4016 Beroea,
734 3949 892 4020 ﬁlius
922 3950 1069 4019 ejus.
1103 3949 1325 4020 Syrum,
1347 3952 1454 4003 est.

470 4021 756 4087 Berenice,
804 4019 1116 4087 eleganter,
1152 4019 1250 4074 vel
1282 4019 1461 4076 electa

397 4097 709 4158 commota,
734 4091 852 4146 sive
875 4091 1030 4146 ﬁlius
1053 4092 1366 4148 innocens:
1394 4108 1461 4146 ex

396 4166 538 4238 Syro
563 4164 916 4235 Hebraeoque
939 4162 1348 4235 compositum.

467 4305 850 4390 Cappadocia,
923 4323 1100 4390 manu
1160 4306 1460 4376 redempta

395 4376 666 4436 Domine.
709 4376 1064 4432 Violentum.

465 4450 701 4514 Cirenée,
737 4447 940 4504 haeres.

465 4522 652 4586 Creta,
683 4519 1022 4582 vocationis,
1075 4523 1174 4574 aut
1218 4522 1453 4574 vocatae.

399 4593 552 4647 Inter
581 4592 798 4663 Syrum
821 4596 879 4646 et
915 4590 1241 4663 Hebraeum.

467 4662 738 4736 Caiphae,
788 4662 1183 4733 investigator,
1232 4667 1334 4716 aut
1363 4679 1453 4716 sa-

467 4789 501 4860 ¹ί
541 4787 793 4860 Ascalon,
852 4788 995 4858 ignis
1047 4787 1294 4856 infamis,
1355 4791 1464 4842 etc.
1533 4787 1770 4860 Aliquot
1827 4805 2032 4843 manu-
2083 4788 2360 4860 AGraece
2442 4787 2706 4843 scribunt
2789 4785 3063 4855 πολιτίαν,

395 4858 620 4932 scripti,
649 4860 796 4928 ignis
825 4860 1092 4932 infamis;
1126 4863 1182 4914 et
1224 4858 1659 4931 consequenter
1696 4859 1894 4932 legunt
1926 4862 2036 4914 Ba-

396 4930 541 4997 ribu,
577 4948 678 4997 pro
709 4932 953 4986 Bariesu.
1006 4930 1290 4984 Murrum.

465 5034 533 5044 --
564 5002 856 5058 Hactenus
886 5002 1024 5058 editi
1057 5002 1189 5057 libri
1218 5004 1443 5056 insanus
1485 5018 1586 5072 pro
1636 5004 1860 5074 infamis
1889 5018 2036 5074 pra;-

398 5075 677 5140 ferebant,
699 5075 1237 5130 contradicentibus
1253 5091 1394 5128 mss.
1423 5074 1667 5145 ipsaque
1690 5073 2040 5145 etymologia

398 5146 676 5217 nominis,
709 5147 866 5217 quod
899 5147 976 5202 ita
1017 5150 1353 5201 constanter
1401 5145 1710 5216 exponitur
1763 5145 1940 5200 etiam
1973 5160 2040 5198 ex

397 5215 574 5272 Jesue
603 5215 772 5272 libro.

469 5287 490 5320 ²
519 5288 668 5360 Quin
705 5289 886 5344 Lucas
917 5289 1043 5360 ipse
1075 5291 1352 5344 Actorum
1386 5287 1651 5360 scriptor.
1691 5287 1889 5342 Josem
1921 5291 2036 5340 tra-

399 5357 485 5432 dit
522 5359 594 5432 ab
625 5357 1312 5432 apostolis,:cegnenem
1342 5357 1572 5432 tulisse
1593 5358 1895 5432 Barnabas,
1925 5375 2038 5428 quo

399 5427 993 5504 signiﬁcareturbir};
1038 5427 1482 5504 ξέτπρακλῆσεῷς,
1541 5430 1688 5504 [ilius
1719 5427 2037 5504 consolatio-

398 5501 504 5555 nis.
539 5500 949 5568 OEcumenius,
983 5502 1052 5555 ad
1087 5500 1276 5556 Actor.
1315 5519 1389 5568 1v,
1413 5503 1503 5565 36,
1527 5502 1803 5556 denotare
1830 5502 1910 5555 ait
1937 5501 2039 5555 hoc

401 5587 612 5628 nomen
643 5572 1018 5646 ‘ﬁzpau-Jlliav.
1075 5571 1165 5646 καὶ
1225 5571 1532 5646 eiii-rapum,
1592 5575 2038 5646 consolationem,

399 5643 930 5716 miserationemque.
974 5644 1188 5716 Eadem
1232 5643 1383 5698 infra
1430 5644 1712 5716 expositio
1763 5644 2043 5716 repetitur

1658 257 1724 318 S.
1770 252 2078 316 EUSEBII
2123 252 2591 315 HIERONYMI.

1585 405 1718 461 gax,
1749 387 1834 461 vel
1866 402 2110 461 vomens
2137 402 2250 441 ore.

1657 459 1924 530 Cyprius,
1961 457 2166 530 tristis,
2201 461 2302 512 aut
2341 473 2571 512 mceror.

1657 529 2034 600 cyrenenses,
2082 529 2358 584 haeredes.

1654 598 1870 664 Cilicia,
1905 606 2109 665 costus,
2159 605 2260 655 aut
2308 600 2521 665 luctus,
2555 598 2643 654 vel

1585 674 1930 744 assumptio,
1961 678 2060 726 aut
2089 672 2342 726 vomitus
2373 673 2521 744 ejus.

1655 741 1932 809 (Zzesarea,
1994 743 2287 813 possessio
2343 741 2640 814 principis.

1653 816 1960 880 Candacis,
1994 817 2382 868 commutatae.

1651 885 1973 952 Cornelius,
1995 884 2329 958 intelligens
2345 885 2645 940 circumci-

1580 973 1826 1014 elenem.

1647 1028 1942 1098 Claudius,
1991 1045 2125 1099 spes
2169 1026 2631 1098 tranquillitatis.

1648 1101 1765 1166 Cis,
1796 1117 2035 1156 vomens
2066 1100 2177 1167 vir,
2201 1105 2301 1154 aut
2320 1099 2524 1154 durus.

1648 1171 1964 1238 Coloniam,
1981 1170 2390 1227 revelationem
2408 1185 2632 1236 eorum,

1577 1249 1677 1297 aut
1702 1259 1900 1298 vocem
1931 1260 2156 1299 eorum.
2351 1251 2354 1254 ’

1646 1314 2012 1379 Corinthum,
2030 1313 2526 1368 conversationem
2549 1326 2638 1366 eo-

1577 1402 1706 1473 rum
1749 1401 1925 1473 quam
1942 1385 2408 1473 “signiﬁcantius
2457 1383 2636 1473 Graeci

1575 1453 1850 1508 πολιτεῖαν
1886 1453 2278 1511 ιθσνοοθῐη
2305 1456 2345 1517 ³,
2389 1456 2496 1509 hoc
2527 1459 2637 1518 est,

1575 1529 1643 1582 ad
1656 1527 2143 1582 ministrationem
2177 1527 2336 1598 reipu
2349 1525 2529 1580 blicae.

1646 1600 1908 1670 Crispus,
1927 1599 2138 1663 sciens,
2153 1597 2240 1670 vel
2261 1613 2635 1669 cognoscens.

1646 1669 1987 1736 Cenéhreas,
2041 1669 2351 1741 possidens
2392 1671 2638 1723 sectato-

1578 1757 1691 1796 res.

1645 1812 1722 1865 Co
1753 1812 1985 1880 (Chius),
2021 1810 2309 1878 excussio,
2342 1809 2461 1866 sive
2502 1827 2640 1882 prae-

1575 1883 1832 1938 stolatie.

1646 1954 1858 2010 Cnidos
1891 1954 2164 2024 (Cnidus),
2198 1953 2413 2009 mentis
2444 1967 2638 2008 exces-

1575 2043 1698 2081 8118.

1644 2097 1896 2153 Caudem
1918 2096 2168 2167 (Gauda),
2192 2112 2515 2167 recursum,
2540 2100 2641 2151 aut

1575 2166 1981 2238 retentionem,
2015 2167 2134 2221 sive
2165 2166 2516 2238 clangorem.

1573 2242 1821 2310 Exceptis
1849 2241 2039 2311 paucis
2077 2239 2417 2303 nominibus,
2449 2239 2640 2292 omnia

1640 2327 1779 2382 pene
1810 2327 1879 2364 ea:
1908 2311 1948 2365 C
1971 2312 2153 2365 littera
2176 2311 2444 2365 violenter
2463 2312 2635 2364 inter-
2663 2343 2666 2352 -

1639 2390 1854 2455 pretata
1883 2386 2030 2436 sunt.

1643 2525 1844 2593 David,
1869 2523 2298 2590 desiderabilis,
2315 2523 2434 2579 sive
2459 2539 2637 2578 manu

1577 2597 1765 2652 fertis.

1645 2669 1986 2749 Damascus,
2013 2665 2634 2749 sanguinisnpeculum.

1643 2737 2638 2810 Derben,generatienisﬁlium,sive

1572 2810 1936 2866 loauentem.

1695 2882 1978 2953 ionysius,
2001 2879 2378 2953 dijudicatus,
2403 2879 2523 2934 sive
2541 2895 2635 2934 ve-

1575 2951 1880 3008 hementer
1901 2951 2154 3022 fugiens.

1645 3023 1931 3090 Damaris,
1967 3022 2148 3078 silens
2193 3025 2385 3093 caput.

1645 3094 1997 3158 Demetrius,
2037 3093 2413 3148 vehementer
2440 3094 2635 3148 innec-

1573 3172 1724 3233 tens,
1765 3166 1886 3222 sive
1945 3165 2194 3218 nimium
2256 3180 2633 3236 persequens.

1646 3238 1940 3304 Derbzeus,
1958 3236 2190 3306 loquax,
2212 3235 2332 3307 sive
2350 3242 2413 3290 ut
2435 3235 2634 3307 supra.

1645 3307 1918 3375 Drusilla,
1953 3307 2182 3378 generis
2213 3306 2462 3378 paciﬁci.

1644 3380 1909 3435 Dioscuri
1940 3381 1981 3448 ¹ο,
2029 3378 2258 3450 pulchri
2310 3379 2399 3450 ad
2434 3384 2635 3450 tegen-

1573 3451 1736 3507 dum.
1767 3455 1913 3506 Sunt
1943 3449 2140 3506 autem
2189 3449 2406 3521 gemini
2437 3449 2634 3506 Caste-

1575 3540 1687 3591 res.

2071 3593 2111 3646 E

1643 3663 1887 3720 Elaeenis
1901 3663 2334 3735 (Ἠλαιῶνος),ἱά
2352 3669 2458 3732 est,
2475 3681 2636 3720 men-

1573 3736 1648 3790 tis
1679 3735 2089 3808 Oliveti,gqued
2115 3736 2530 3806 interpretatur
2545 3736 2635 3792 di-

1573 3807 1804 3874 vinitas,
1837 3806 1924 3862 vel
1961 3806 2382 3861 'allaborantes.

1644 3877 1921 3945 Elamitae,
1951 3879 2181 3949 objecti,
2213 3878 2487 3950 oppositi,
2515 3879 2634 3935 sive

1571 3950 1850 4016 despecti.

1642 4021 1847 4086 Ebrini,
1879 4019 2243 4074 transitores.

1641 4094 1815 4148 Emor
1845 4091 2068 4154 asinus,
2101 4091 2148 4146 si
2184 4109 2284 4162 per
2323 4091 2449 4146 hcth
2479 4091 2632 4147 litte-

1569 4164 2257 4244 ram-scribatur‘hmnl,
2276 4180 2316 4244 .q
2328 4163 2438 4244 ued
2463 4164 2511 4218 si
2533 4180 2634 4235 per

1570 4235 1731 4305 alcph
1761 4235 1983 4304 (1172K),
2017 4233 2232 4304 loquax
2257 4233 2491 4289 dicitur.

1643 4305 1879 4371 Elimas,
1939 4306 2010 4359 ad
2039 4376 2043 4377 ί
2077 4305 2632 4377 transgressionem,

1571 4377 1688 4432 sive
1722 4376 2048 4448 transgredi
2082 4375 2320 4432 faciens.

1641 4449 1860 4514 Ermes,
1894 4447 2206 4502 anathema
2239 4448 2522 4504 maeroris.

1642 4524 1900 4584 Erastus,
1959 4521 2135 4574 frater
2176 4537 2342 4574 meus
2390 4520 2628 4574 videns:

1569 4591 1713 4646 satis
1744 4591 1998 4646 absurde
2029 4590 2378 4646 vocabulum
2418 4592 2630 4662 ﬁgura-

1571 4667 1716 4718 tum.

2169 4859 2454 4914 Manum.

2827 384 3049 451 Ellada,
3098 384 3168 440 ad
3225 385 3550 450 scientiam,
3606 384 3698 440 vel
3750 385 3825 440 ad

2757 472 3088 523 ascensum,
3121 456 3241 512 sive
3270 455 3367 512 Dei
3392 455 3651 528 scientia.
3675 456 3828 528 Syra

2757 527 3137 600 vererlingua
3159 528 3394 600 dicitur,
3439 544 3615 600 super
3643 527 3822 584 hanc.

2827 599 3094 665 Ellenen,
3125 599 3182 655 id
3215 605 3324 667 est,
3360 599 3718 663 Graecorum,
3749 600 3823 655 ad

2755 673 3154 736 ascendentes,
3180 671 3302 726 sive
3325 671 3570 726 scientia
3590 670 3710 726 Dei.

2824 743 3142 814 Ephesum,
3175 741 3441 800 voluntas
3479 759 3610 798 mea
3638 743 3700 798 in
3727 759 3818 807 ea,

2755 813 2886 869 sive
2907 813 3038 869 ﬁnis
3059 830 3282 869 eorum.

2825 884 3129 957 Eutyches,
3164 901 3386 941 amens.
3422 889 3600 941 Porro
3623 883 3820 941 Grece

2751 957 2964 1011 dicitur
2996 957 3347 1013 fortunatus.

2819 1029 3086 1094 Ebraice,
3119 1027 3476 1084 transiterie.

2817 1101 2959 1154 Iol
3000 1098 3288 1156 Eurielion
3335 1099 3714 1170 (Euroaquilo,
3746 1097 3826 1154 al.

2746 1171 3072 1241 Eurielion),
3090 1172 3501 1238 cemmiscens,
3525 1171 3646 1226 sive
3658 1171 3824 1226 deor-

2748 1258 2879 1296 sum
2913 1242 3155 1296 ducens.

2749 1315 2873 1380 Qua?
2901 1322 3206 1384 sequuntur
3231 1311 3335 1368 duo
3365 1316 3593 1369 nomina
3612 1329 3712 1384 per
3730 1329 3823 1368 ex—

2820 1389 3032 1439 tensam
3063 1386 3105 1440 E
3136 1385 3376 1455 litteram
3413 1390 3537 1440 sunt
3569 1385 3817 1455 legenda.

2819 1457 3056 1520 Erodes,
3089 1455 3257 1527 pellis
3289 1454 3495 1527 gloria.

2820 1528 3042 1594 Esaias,
3093 1526 3261 1582 salus
3305 1526 3580 1583 Domini:
3616 1543 3818 1583 verum

2749 1600 2901 1670 apud
2935 1599 3202 1654 Hebraeos
3229 1598 3299 1654 ab
3340 1599 3360 1652 Ι
3411 1598 3606 1656 littera
3636 1598 3821 1656 sumit

2749 1671 3076 1726 exordium.
3249 1741 3290 1794 F

2823 1812 3104 1884 Filippus,
3134 1829 3198 1867 es
3238 1811 3666 1884 lampadarum.

2824 1883 3012 1965 lirigia
3039 1885 3080 1965 ξ,
3111 1883 3318 1965 scissie
3343 1883 3666 1956 pectorum.

2822 1955 3074 2022 Farisaai,
3108 1955 3302 2009 divisi.

2821 2027 3020 2092 Farao,
3045 2026 3350 2082 denudans
3367 2043 3524 2093 eum,
3548 2028 3669 2084 sive
3690 2027 3812 2084 dis-

2749 2098 2972 2170 sipator
3001 2099 3146 2168 ejus.

2822 2169 3089 2236 Fecnicis,
3104 2173 3457 2234 annuerunt,
3476 2170 3596 2224 sive
3611 2174 3813 2226 nutus.

2819 2241 3120 2313 Eisidiam,
3143 2240 3508 2313 essenitus,
3556 2243 3816 2313 quialut

2749 2329 2927 2383 supra
2957 2311 3096 2381 dixi)
3142 2312 3181 2366 P
3230 2310 3485 2383 litteram
3541 2310 3657 2368 non
3711 2310 3816 2369 ha-

2747 2382 2924 2458 bent:
2986 2387 3256 2458 proptera
3312 2382 3591 2439 Pisidiam
3626 2401 3731 2456 per
3778 2385 3818 2440 F

2748 2456 3004 2510 eﬁ‘erunt'
3021 2456 3063 2507 ⁸.

2821 2525 3088 2590 Felicem,
3123 2524 3353 2579 ruinam
3405 2525 3667 2592 iacturas,
3701 2527 3821 2584 sive

2749 2597 3016 2652 timorem
3034 2596 3462 2667 ejus.Latinum
3481 2613 3697 2653 nomen
3712 2605 3820 2654 est.

2820 2669 3077 2734 Festum,
3112 2684 3208 2722 ore
3240 2669 3560 2724 multorum
3589 2688 3601 2724 :
3627 2675 3685 2725 et
3709 2669 3818 2726 hec

2749 2739 3022 2812 Latinum
3055 2755 3266 2794 nomen
3289 2739 3691 2812 violenterque
3713 2745 3820 2797 He-

2748 2811 2940 2867 braice
2971 2812 3290 2936 ﬁguratur};

2819 2951 3498 3023 Galilzei,velubiles,sive
3513 2954 3698 3010 retabi
3706 2955 3816 3012 les.

2819 3023 3125 3090 Gamaliel,
3149 3025 3455 3080 retributio
3487 3024 3606 3080 Dei.

2818 3096 2967 3151 Gaza
2982 3095 3167 3167 (mysi)
3192 3095 3468 3168 fortitudo
3481 3098 3640 3168 ejus:
3658 3097 3816 3153 Glit-

2745 3168 3080 3223 teraaddita
3091 3171 3178 3239 est
3194 3183 3206 3222 :
3223 3167 3815 3239 siquidem’Hebraice

2745 3255 2850 3311 per
2876 3255 2972 3311 Ain
3005 3237 3300 3311 scribitur.

2817 3309 3122 3377 Gallionis,
3165 3311 3592 3366 transferentis.

2818 3381 3132 3455 Galatiam,
3213 3382 3610 3455 magniﬁcam,

2745 3452 3114 3508 translatam.

2815 3525 3050 3592 Gaium,
3067 3528 3450 3595 commotum,
3474 3527 3574 3582 sed
3597 3525 3812 3583 melius

2744 3595 3085 3652 vallensem.
3272 3667 3294 3722 1
3489 3625 3492 3628 ο

2814 3737 3196 3812 .lereselyma,
3230 3739 3378 3796 visio
3410 3741 3592 3812 pacis.

2812 3809 3084 3884 Joannes,
3118 3809 3320 3884 inique
3351 3809 3440 3867 est
3478 3811 3686 3884 gratia,
3720 3812 3808 3869 vel

2744 3880 2974 3936 Domini
3004 3882 3208 3953 gratia.

2814 3953 3055 4024 Joseph,
3087 3956 3314 4007 auctus.

2811 4023 3041 4093 Justus,
3076 4040 3339 4096 parcens,
3371 4023 3490 4080 sive
3512 4025 3641 4091 ipse
3669 4026 3810 4084 alle-

2742 4099 2931 4150 vatus.

2745 4165 2958 4293 DJeel,
3008 4166 3323 4238 incipiente
3373 4166 3510 4235 Dee,
3557 4167 3680 4225 sive
3722 4175 3810 4226 est

2797 4254 2921 4292 eus.

2797 4254 2921 4292 91.18.

2811 4307 3086 4374 Jenatha,
3159 4307 3431 4364 columba
3496 4310 3666 4380 dans,
3691 4312 3808 4368 sive

2749 4380 3020 4435 columba
3048 4380 3308 4435 veniens.

2817 4452 3026 4524 Jeppe,
3057 4450 3450 4524 pulchritudo.

2819 4522 3039 4589 Italica,
3075 4523 3287 4578 mentis
3317 4539 3612 4579 excessus.

2815 4594 2986 4649 Jesar
3019 4595 3232 4665 (Iesse),
3262 4594 3468 4650 insula:
3499 4595 3738 4652 oblatio.

2820 4666 3076 4734 Jasenis,
3107 4665 3518 4729 desiderantis.
3562 4669 3681 4724 sive
3710 4667 3813 4739 qui

3689 3385 3813 3440 sive

3147 4790 3248 4845 sed
3325 4791 3519 4846 Latine
3567 4791 3808 4862 politian

2237 4932 2258 4963 ‘
2286 4931 2534 4984 Dioscuri
2559 4929 2793 5000 pulchri,
2829 4932 2940 5000 etc.
2980 4931 3230 4985 Dioscuri
3277 4930 3380 4999 illi,
3435 4933 3557 4987 sive
3587 4934 3810 4989 Dioscu-

2169 5073 2389 5137 Pollux,

2166 5018 2276 5074 ros,
2312 4998 2888 5074 utleguntnonnulli
2919 5003 3324 5074 manuscripti,
3357 4998 3497 5059 Sunt
3527 5004 3730 5060 Castor
3754 5012 3813 5062 et

2469 5071 2539 5148 ui_
2576 5071 2767 5128 Graece
2815 5071 3575 5148 appellantur_'Atécxeupo:.
3627 5077 3707 5131 De
3740 5077 3811 5132 iis

2169 5144 2358 5228 multa
2372 5143 2783 5228 fabulamenta
2811 5144 2963 5228 apud
2990 5143 3699 5228 _l\lythologos.hl_\;l:.u£rlart.

2237 5247 2306 5256 ——
2339 5216 2444 5270 Ms.
2477 5216 2773 5270 Dioscoroe.
2830 5214 3008 5270 Erant

2165 5285 2566 5363 Alexandrinae
2601 5286 2783 5363 navis,
2810 5301 2926 5356 qua
2950 5288 3164 5342 Paulus
3185 5289 3523 5356 vehebatur,
3555 5290 3811 5363 insigne.

2166 5362 2356 5413 Actor.
2392 5375 2594 5425 xxvm,
2630 5359 2714 5412 ll.

2238 5430 2445 5508 fidem
2489 5445 2600 5508 me.
2658 5428 2818 5508 sessio
2866 5433 3199 5508 pectorum.
3262 5427 3550 5500 Hesychie
3584 5431 3816 5508 φρὺγιος

2168 5506 2257 5556 est
2284 5501 2436 5573 idem
2470 5517 2534 5573 ac
2567 5497 2753 5573 ξηρὸς,
2786 5497 2996 5573 aridus.

2237 5574 2257 5606 ⁶
2292 5572 2373 5626 Ita
2402 5571 2465 5644 in
2492 5571 2884 5644 Commentar.
2938 5572 2996 5626 in
3049 5573 3157 5628 Isa.
3215 5577 3277 5627 P.
3327 5573 3538 5644 inquit.
3576 5575 3817 5632 litlcram

2167 5659 2340 5698 sermo
2372 5643 2665 5716 ﬂeoi'aicus
2693 5658 2804 5697 non
2853 5645 3031 5716 habet,
3082 5644 3172 5700 sed
3213 5660 3316 5716 pro
3365 5643 3431 5700 ca
3485 5644 3598 5702 Phi
3629 5646 3814 5708 ϐνίεοο

3097 5215 3112 5269 i
3162 5215 3320 5273 Jevis
3375 5218 3480 5272 ﬁlii
3519 5219 3811 5285 Castores,

2169 5717 2361 5773 utitur.
2395 5714 2528 5771 Vid.
2557 5718 2614 5771 et
2641 5713 2701 5771 in
2731 5714 2953 5773 Daniel.
2984 5732 3108 5791 cap.
3142 5713 3328 5788 11,55.

575 5785 702 5850 reci
750 5781 1030 5846 πολιτείαν
1078 5793 1301 5857 vocant,
1360 5788 1470 5844 etc.
1516 5785 1694 5844 Iidem
1746 5801 1890 5848 mea.
1925 5803 2040 5846 non

403 5733 470 5790 ex
501 5716 680 5855 Εᾶἰει.
710 5715 731 5773 Ι
763 5716 834 5770 ad
876 5714 1224 5771 Corinthios.

470 5787 493 5830 ⁸
575 5785 702 5850 ι’ωοὶ
750 5781 1030 5846 πολιτείαν
1078 5801 1224 5846 voca:
