4088 6166
282 271 412 338 893

286 406 637 463 mandatum
668 408 885 464 fecerit.

320 494 323 495 '
350 478 389 552 1Ῐ
394 476 604 552 ulium,
629 479 1025 552 incipientem.

348 549 638 624 Iconium,
670 549 1031 624 praeparatio,
1063 554 1165 605 aut
1219 567 1354 605 con-

280 622 519 677 solatio.
672 622 687 624 θ
794 622 846 748 'L

349 764 508 820 102
565 765 820 835 Libyam,
878 764 1195 833 venientes,
1231 762 1352 819 sive

280 836 560 908 introitus
594 853 605 892 :
642 852 883 908 numero
916 836 1146 908 plurali.

352 907 590 971 Levites,
624 907 881 963 additus.

280 1050 299 1103 1
356 977 803 1039 Libertinorum,
862 977 1199 1034 facientium
1250 994 1352 1049 pa-

304 1066 431 1103 eas.

304 1066 407 1106 838
418 1092 431 1104 .

360 1121 567 1194 Lydda,
593 1118 837 1194 utilitas.

356 1191 587 1255 Lucius,
616 1192 742 1262 ipse
768 1192 1087 1246 suscitans.

356 1263 665 1335 Lycaonia,
696 1264 767 1318 ad
800 1262 1231 1318 suscitandum.

356 1335 583 1407 Lystra,
616 1350 903 1407 generans
935 1335 1223 1407 decorem.

356 1405 553 1477 Lydia,
572 1405 759 1489 ‘quam
792 1422 898 1489 nos
929 1406 1121 1489 dicere
1151 1422 1353 1489 p‘ossu-

280 1494 418 1532 mus
454 1477 854 1548 prodiﬁcatam
885 1478 924 1548 ἲ.
954 1477 1129 1548 Porro
1155 1477 1354 1533 Graece

279 1547 496 1623 melius
522 1548 851 1621 appellatur
876 1547 1240 1623 ὠφεληθεῖσα.

357 1620 942 1693 Lysias,_generatus.

354 1690 554 1764 Lycias,
586 1690 985 1764 lacrymantis.

356 1762 575 1827 Laissa,
609 1762 667 1817 in
695 1762 968 1818 Salutem.

283 1835 481 1891 Omnia
526 1850 663 1905 pene
706 1848 775 1888 ex
821 1834 862 1887 L
890 1835 1073 1889 littera
1130 1834 1356 1888 nomina

451 1907 719 1961 violenter
744 1914 1013 1976 usurpata
1040 1912 1188 1959 sunt.

360 2088 722 2148 Mattheum,
754 2018 1057 2145 dcliviliatum.

330 2160 563 2233 .Maria,
584 2160 909 2216 illuminata
936 2161 1025 2216 vel
1058 2167 1122 2216 ut
1155 2179 1352 2233 supra.

354 2231 530 2356 Medi,
562 2238 982 2293 mensurantes,
1047 2233 1165 2289 sive
1199 2231 1359 2289 men-

354 2320 442 2356 ira
472 2320 509 2355 l.

291 2320 509 2358 SUPﬂll.

358 2374 798 2446 Mesopotamia,
817 2373 1038 2430 elevata
1058 2377 1357 2432 vocatione

284 2445 548 2521 quadam
576 2464 589 2501 :
618 2447 718 2501 sed
740 2446 949 2521 melius
971 2465 1003 2501 a
1029 2447 1224 2521 Graeco
1247 2454 1361 2521 ety-

282 2516 604 2589 mologiam
640 2517 917 2589 possidet,
943 2520 1097 2589 quod
1125 2516 1357 2575 duobus

282 2587 583 2663 ﬂu_viis,AEu
594 2587 1077 2663 phateambiatur
1101 2596 1158 2645 et
1177 2591 1355 2663 Tigri.

358 2660 1019 2733 Madian,injudicio,vel
1037 2660 1355 2733 exjudicio.

356 2730 596 2805 yeloch,
630 2730 728 2786 rex
752 2738 964 2805 vester
1021 2752 1032 2788 :
1095 2730 1269 2805 ciuem
1303 2740 1359 2791 et

362 2802 653 2857 Melchom
685 2803 874 2858 solent
911 2802 1123 2860 dicere;

360 2874 606 2933 Marcus,
638 2874 903 2930 excelsus
931 2876 1228 2933 mandato.

366 2945 652 3011 Manaem,
686 2952 963 3001 castrum.

358 3016 910 3101 Mysimattrectatio,
926 3017 1046 3101 sive
1076 3018 1352 3101 palpatio.

356 3090 611 3155 Macedo,
644 3105 818 3155 quem
854 3106 958 3145 nos
1004 3089 1354 3147 Orientalem

280 3176 606 3233 possumus
636 3159 844 3227 dicere,
905 3162 1220 3233 ﬁguratum
1252 3180 1354 3219 no-

282 3232 421 3287 men
445 3233 517 3287 ab
541 3234 794 3303 eo,quod
818 3232 1096 3289 Hebraice
1116 3232 1351 3307 legitur,

282 3320 589 3391 mensam
621 3315 818 3391 DTPD.

353 3390 648 3474 Mitylene,
681 3390 1000 3461 declinans,
1025 3396 1143 3451 sive
1164 3399 1353 3453 trans-

283 3479 528 3535 migras.

356 3533 637 3606 ﬁiletum,
669 3550 921 3606 generan
931 3540 1065 3591 tem.

358 3605 720 3671 Mnasonem,
780 3607 1194 3677 consolantem,
1237 3610 1355 3666 sive
1438 3626 1441 3629 '

289 3677 713 3748 quiescentem.

372 3751 589 3819 Myrra,
617 3764 831 3804 amara.

361 3818 622 3881 Militiae,
690 3821 760 3876 de
820 3820 1175 3889 inﬁrmitate,
1236 3823 1356 3879 sive

282 3890 635 3948 mandatum
660 3890 1031 3947 humilitatis.

804 3988 848 4041 N

347 4060 713 4117 Nazorzeum.
733 4061 1040 4115 mundum.
1059 4066 1349 4129 sanctum,

268 4132 393 4187 sive
425 4133 781 4203 sejunctum.

343 4201 717 4268 Nicanorem,
740 4207 993 4257 stantem
1029 4201 1350 4259 lucernam.

1322 272 1554 335 LIBER
1595 270 1696 333 DE
1743 272 2179 338 NOMINIBUS
2224 272 2663 340 HEBRAICIS.

1538 406 1841 463 Nicolaum
1874 454 1886 477 ,
1945 408 2190 464 stultum
2277 409 2532 467 ecclesiae

1466 478 1819 549 languentis:

1536 551 1730 621 Niger,
1763 552 2102 607 ascendens.

1535 621 1855 693 Neapolim,
1881 624 2329 678 commotionem
2364 624 2533 677 mira-

1465 691 1663 747 bilem.

1536 764 1781 826 Nasson,
1816 780 2131 835 augurans.

1982 889 2015 943 P

1536 977 1687 1050 103
1742 977 1968 1039 Petrus,
2007 994 2379 1050 cognoscens,
2414 978 2533 1034 sive

1468 1046 1817 1103 dissolvens.

1532 1119 1760 1193 Ponthi,
1793 1118 2116 1193 dividentes
2146 1120 2415 1193 perfecte.

1535 1190 1757 1245 Pontus
1789 1190 2103 1247 inclinans.

1536 1260 1896 1332 Pamphylia,
1917 1264 2177 1319 conVersi
2202 1281 2235 1319 a
2265 1263 2534 1329 ruina,si-

1461 1349 1527 1387 ve
1560 1332 1765 1387 divisio
1797 1334 2051 1389 cadens.‘

1532 1403 1792 1472 Pontius,
1828 1405 2128 1460 declinans
2160 1405 2492 1461 consilium.

1534 1474 1777 1541 Pilatus,
1812 1492 1876 1531 os
1910 1476 2292 1532 malleatoris.

1534 1545 1867 1610 Procorum,
1900 1548 2125 1603 fructus
2173 1563 2531 1620 congregan-

1468 1622 1606 1672 tem.

1532 1689 2256 1754 Parmenam,dividentem
2279 1690 2531 1762 plenitu-

1464 1760 1684 1815 dinem.

1535 1831 2335 1891 Paschmtranscensumaive
2348 1837 2535 1888 trans-

1466 1920 1736 1976 gressum
1768 1905 1806 1956 ³.

1537 1974 1819 2046 Paphum,
1843 1976 2303 2047 redemptionem
2331 1977 2535 2032 caden-

1466 2052 1604 2101 tem.

1539 2118 1745 2192 Parion
1769 2116 1955 2192 (φόρον
1979 2133 2171 2174 xxvm,
2199 2120 2285 2190 15)
2309 2120 2534 2174 discoo-

1467 2190 1807 2262 parientem.

1540 2261 1732 2331 Perge,
1766 2260 2122 2332 voraginem.

1542 2332 1817 2404 Phytona,
1852 2348 1916 2387 os
1948 2332 2159 2404 abyssi.

1540 2402 1804 2458 Priscilla
1831 2402 2176 2474 agnoscens.

1543 2475 1815 2546 Pyrrhus,
1847 2474 2193 2530 dissolvens.

1540 2550 1765 2618 Patara,
1800 2562 2105 2618 separans.

1540 2616 2190 2683 Ptolemais,'deducens
2210 2616 2282 2671 ad
2305 2633 2538 2672 mensu-

1469 2706 1595 2744 ram
1606 2730 1618 2742 .

1538 2760 1822 2821 Portium,
1874 2759 2224 2815 dividentem
2258 2759 2536 2814 duritiam

1469 2849 1692 2888 eorum.

1539 2902 1799 2974 Publius,
1842 2902 2284 2974 tabernaculum
2316 2903 2464 2974 ejus.

1540 2973 1782 3036 Puteoli,
1815 2972 2198 3029 declinantes.

1468 3047 1590 3101 Ilaec
1618 3048 1806 3101 omnia
1873 3045 2064 3101 Graeca
2116 3050 2378 3111 nomina,
2438 3048 2532 3101 vel

1538 3119 1734 3190 Latina
1768 3158 1781 3182 ,
1816 3133 1976 3190 qnam
2033 3118 2300 3172 violenter
2347 3133 2536 3173 secun—

1535 3189 1667 3243 dum
1687 3189 1937 3256 linguam
1957 3190 2274 3244 Hebraicam
2306 3191 2539 3260 interpe-

1533 3264 1649 3388 igép
1678 3262 1816 3342 sint,
1864 3260 2216 3331 perspicuum
2241 3268 2371 3332 pulo
2425 3277 2537 3316 esse

1641 3347 1743 3386 ori.

1641 3347 1743 3386 07⁸2.

1984 3457 2027 3511 R

1537 3563 1802 3627 Romani,
1864 3561 2166 3628 sublimes,
2211 3563 2297 3618 vel
2328 3567 2534 3620 tonan-

1466 3640 1801 3776 tesillapham
1841 3704 2198 3776 7(Rempham)
2225 3748 2237 3769 ,
2300 3706 2532 3762 facturae

1464 3775 1686 3837 vestrae,
1718 3775 1805 3830 vel
1838 3775 2059 3830 laxitati
2094 3792 2316 3830 eorum.

1539 3848 1758 3909 Rhode,
1786 3847 2013 3910 videns,
2042 3847 2130 3901 vel
2164 3847 2353 3901 fortis.

1538 3919 1829 3981 Rhodum,
1853 3918 2155 3983 visionem,
2180 3923 2278 3973 aut
2297 3920 2539 3975 descen-

1468 3992 1696 4046 sionem
1727 3990 1768 4044 ³.

1538 4063 1803 4134 Regium,
1836 4076 2115 4134 pascuam
2147 4077 2369 4115 eorum.

1540 4132 1802 4189 Romam,
1828 4132 2356 4199 sumblimem,sive
2379 4132 2531 4187 toni-

1465 4210 1689 4260 truum.

344 4411 357 4443 ¹
414 4410 605 4465 Dicere
646 4423 928 4478 possumus
982 4408 1380 4478 procli/icatam.
1438 4410 1498 4464 In
1531 4410 1702 4465 editis
1753 4415 1924 4464 antea
1955 4412 1999 4476 Α
2058 4409 2126 4463 Et
2153 4412 2470 4464 senticetum

265 4482 392 4537 bris
420 4480 706 4552 legimus,
725 4496 889 4552 quam
908 4495 1356 4552 nosgpossumus
1404 4481 1583 4536 dicere
1631 4483 1922 4552 prwwtliﬁ-

260 4549 970 4624 calamfAtAretinendam
1029 4549 1336 4606 lectionem
1384 4549 1925 4624 mganusc'riptorum

2058 4425 2126 4463 ut
2153 4425 2470 4464 senticetum
2502 4425 2542 4534 (ᾖ

2058 4498 2308 4551 quorum
2342 4498 2456 4535 uno
2490 4482 2519 4535 ll

3582 286 3699 349 894

3152 412 3190 470 S

2714 501 2995 563 Samaria,
3030 508 3246 559 custos.

2670 643 2679 652 .
2711 571 3323 652 Simon_i_s,obedientis
3344 578 3462 634 sive
3487 597 3706 652 ponen-

2640 644 2716 697 tis
2740 644 3169 704 tristitiam.aut
3191 644 3707 708 audientis'moero-

2644 731 2788 770 rem.

2712 786 3005 859 Salomon,
3040 788 3338 859 pacificus.

2711 858 3207 932 Sa_muel,_n0men
3240 864 3368 932 ejus
3400 863 3572 920 Deus.

2713 930 2867 1003 μμ
2897 929 3199 995 Salducaai,
3222 929 3555 1003 justilicati.

2713 999 3004 1066 Saffiram,
3036 999 3370 1060 narrantem
3402 1008 3440 1073 ⁴,
3468 1008 3589 1063 sive
3620 1007 3713 1063 lit-

2642 1073 2884 1126 teralam
2921 1109 2933 1130 ,
3009 1079 3111 1128 aut
3185 1075 3484 1133 librariam
3548 1096 3560 1134 :
3620 1080 3710 1135 vel

2642 1148 2793 1195 certe
2880 1144 3021 1214 Syro
3109 1162 3410 1205 sermone.
3497 1151 3711 1206 formo-

2648 1229 2772 1267 sam
2785 1254 2796 1266 .

2714 1284 3098 1357 Stephanum,
3134 1305 3399 1345 normam
3431 1296 3713 1357 vestram,

2640 1354 2729 1432 vel
2764 1354 2971 1432 ςξκοζοτῖξλθΔ
2997 1364 3276 1422 vestrum,
3312 1378 3424 1432 quo
3482 1380 3624 1419 veru
3657 1354 3715 1419 et

2633 1426 2834 1495 jacula
2864 1428 3219 1495 diriguntur.

2712 1497 2965 1560 Sichem,
2985 1497 3250 1557 humeri.

2712 1569 2869 1623 Sinai
2900 1572 2935 1631 ⁵,
2992 1573 3112 1626 sive
3160 1573 3323 1628 Sinii.
3359 1580 3459 1629 aut
3504 1593 3713 1633 secun-

2642 1640 2753 1693 dus
2785 1641 3213 1711 interpretatur,
3235 1649 3337 1698 aut
3366 1649 3713 1704 mandatum

2642 1727 3035 1836 {pensumque
3058 1716 3203 1785 ejus,
3225 1715 3311 1770 vel
3342 1721 3495 1772 certe
3526 1723 3712 1775 tenta-

2672 1799 2743 1836 ιο.

2672 1799 2743 1837 l0.

2714 1853 3212 1930 Saulus.‘tentatio
3239 1859 3605 1930 respicientis
3629 1861 3717 1917 vel

2645 1929 2773 1980 satu
2783 1925 2924 1982 ritas
2954 1927 2994 1982 ⁵.

2715 1997 2953 2064 Sarona,
2988 2002 3234 2054 cantans
3266 2000 3587 2059 tristitiam.

2714 2068 2956 2127 Sidonii,
2990 2076 3313 2127 venatores.

2713 2139 3034 2195 Seleuciam
3070 2181 3083 2203 ,
3143 2141 3441 2198 tollentem
3503 2151 3718 2202 semet-

2646 2209 2853 2281 ipsam,
2915 2212 3033 2266 sive
3090 2213 3556 2283 experimentum
3618 2218 3718 2272 iti-

2646 2282 2821 2341 neris,
2851 2282 2938 2337 vel
2997 2282 3303 2339 exeuntem
3364 2288 3436 2341 ad
3466 2289 3718 2353 vocatio-

2649 2369 2803 2407 nem.

2718 2423 3100 2489 Salaminam,
3131 2426 3342 2481 umbra
3372 2428 3716 2483 commotio-

2648 2494 2758 2557 nis,
2790 2500 2891 2550 aut
2912 2495 3143 2561 ﬂuctus,
3176 2496 3264 2552 vel
3298 2498 3717 2555 salutationem

2644 2565 2874 2636 judicii.

2718 2637 2939 2761 Sergio,
2964 2638 3211 2710 principi
3234 2638 3421 2705 vallis,
3445 2642 3563 2697 sive
3585 2642 3717 2697 hor-

2743 2725 2785 2761 ι.

2649 2713 2785 2763 tuli.

2718 2778 2872 2855 Saul,
2907 2780 3214 2855 expetitus,
3246 2783 3364 2838 sive
3398 2785 3619 2855 petitio.

2717 2850 2916 2913 Silam,
2961 2850 3199 2908 missus.

2717 2921 2897 2995 Syria,
2918 2922 3375 2995 sublimisjuxta
3406 2926 3712 2983 Hebraeum

2651 2992 3062 3074 etymologiam
3093 3014 3111 3048 :
3143 2992 3279 3074 nam
3312 2998 3499 3074 Syria.

2770 3065 2995 3137 ebraice
3023 3083 3183 3121 nam
3209 3065 3376 3137 (me)
3409 3070 3641 3125 dicitur.

2691 3136 3137 3217 .Samothracia,
3162 3136 3383 3219 auditio
3416 3141 3716 3197 revelatio-

2647 3224 2758 3281 ms,
2791 3224 2911 3281 SlYe
2942 3224 3365 3281 PBSPODSIOHIS.

2716 3278 3059 3344 Sostbenes,
3110 3279 3359 3335 salvanti
3416 3297 3532 3345 eos,
3593 3283 3713 3338 sive

2647 3350 2929 3423 gaudium
2956 3351 3041 3423 da,
3064 3351 3229 3423 mihi.

2714 3423 2921 3489 Scaeva,
2952 3421 3259 3494 vulpecula
3307 3423 3589 3489 clamans,
3621 3425 3710 3481 vel

2644 3495 2911 3549 loauens.

2757 3569 2957 3635 opater
2986 3565 3023 3630 ⁷,
3048 3582 3313 3620 narrans.

2716 3636 3036 3700 Secundus,
3060 3636 3312 3690 elevans.

2717 3707 2946 3767 Samus,
2981 3707 3240 3760 auditus.

2718 3777 3090 3843 Sicariorum,
3124 3776 3511 3832 ebriosorum.

2714 3849 2969 3906 Sebastc,
3026 3864 3183 3919 gyro,
3249 3847 3697 3919 siveigyranti:

2645 3920 2725 3973 ita
2750 3925 2946 3973 tamen
2979 3918 3047 3991 ut
3073 3936 3106 3973 a
3136 3936 3357 3985 saneea
3387 3918 3579 3975 littera
3621 3920 3705 3991 (Ο)

2644 3991 2947 4046 exordium
2978 3990 3207 4044 habeat.

2715 4063 2990 4117 Smonem
3023 4062 3359 4131 (Sulmonem
3395 4080 3407 4116 :
3442 4079 3570 4117 mss.
3605 4062 3705 4118 Sa-

2645 4134 2956 4203 lamonem).
2992 4150 3196 4188 nomen
3236 4133 3572 4187 habitaculi.

2719 4204 2950 4275 Syrtim,
2998 4204 3345 4276 angustiam,
3379 4204 3498 4259 sive
3528 4204 3713 4260 tribu-

2545 4409 2764 4474 uidem,
2811 4409 2929 4464 sive
2987 4410 3255 4473 rubetam,
3310 4426 3344 4462 a
3402 4407 3589 4474 rubis,
3646 4407 3706 4461 in

2549 4497 2679 4535 oses
2702 4482 2886 4535 Deum
2910 4482 3149 4545 vidit,ex
3173 4493 3295 4541 ηεξ)
3328 4479 3521 4534 radice
3541 4480 3712 4534 Sinai

2058 4550 2241 4623 optim
2270 4553 2702 4623 interpretatur.
2740 4554 3092 4624 Impressam
3152 4551 3457 4607 lectionem
3518 4567 3546 4606 e
3580 4550 3707 4606 suis

264 4624 541 4699 codicum
573 4622 739 4676 docet
776 4625 972 4699 Graeca
1000 4639 1107 4699 vox
1134 4639 1388 4695 sequens
1420 4622 1783 4699 ibeshﬁateu,
1832 4624 1926 4679 cui

268 4693 863 4767 minimerespondet
912 4693 1186 4767 Latinum
1224 4693 1457 4750 nomen
1481 4693 1489 4699 ’
1514 4696 1923 4767 prwwdiﬁcata.

268 4766 429 4819 Vide
456 4764 606 4817 iul'ra
636 4765 695 4818 in
730 4764 923 4819 Loide.
960 4765 1247 4820 MARTIAN.

352 4865 423 4873 —
452 4834 541 4888 Sic
562 4834 779 4890 habent
814 4852 924 4890 ms.
958 4852 1192 4906 quoque
1224 4841 1422 4891 noster
1454 4854 1465 4890 :
1504 4838 1703 4893 vitiose
1730 4841 1925 4892 autem

272 4910 502 4977 veteres
523 4907 657 4961 editi
686 4906 1149 4977 prwwdiﬁcalam.

349 4978 369 5011 ⁵
403 4976 507 5032 Ms.
545 4976 741 5033 noster
773 4995 905 5032 cum
938 4978 1189 5050 vulgatis
1240 4979 1683 5041 vetustioribus,
1744 4985 1926 5034 trans-

269 5065 488 5111 census,
522 5052 634 5104 sive
661 5051 1043 5118 transgressio.

343 5124 365 5155 ³
420 5120 599 5174 ﬁdem
660 5120 812 5182 libri,
870 5125 964 5175 aut
1020 5121 1436 5176 dissensionem.
1501 5120 1663 5175 Haud
1700 5122 1819 5176 scio
1851 5139 1925 5176 an

268 5192 489 5248 verius.
523 5191 667 5245 Vide
698 5192 1044 5247 Bochartum
1076 5193 1134 5245 in
1166 5194 1418 5247 Canaam
1452 5208 1583 5263 pag.
1618 5192 1742 5247 398.

341 5263 675 5332 ‘Sa/‘ﬁram.
734 5269 1077 5323 narrantem,
1137 5268 1245 5317 etc.
1308 5264 1509 5333 Safﬁra
1566 5269 1923 5329 narrantem,

268 5335 391 5389 sive
414 5334 731 5389 littetaram
755 5340 855 5390 aut
877 5335 1176 5389 librariam
1200 5335 1650 5405 significat,cum
1667 5336 1739 5389 ab
1759 5335 1925 5389 initio

269 5406 449 5461 habet
482 5406 734 5460 litteram
799 5406 1063 5471 Samech,
1098 5412 1285 5465 mmo
1318 5406 1555 5478 Sophim
1586 5424 1603 5459 :
1637 5408 1777 5472 Syro
1824 5424 1924 5460 au-

271 5484 389 5533 tem
423 5493 713 5541 sermone,
748 5478 794 5530 si
832 5494 933 5547 per
964 5478 1071 5549 sin
1112 5478 1402 5533 scribatur
1433 5488 1634 5540 mima
1666 5478 1924 5549 Sophim,

272 5549 699 5620 interpretatur
727 5554 983 5619 formosa.
1023 5548 1309 5602 MARTIAN.

342 5619 575 5691 ‘ASinai,
607 5622 723 5675 sive
748 5622 901 5677 sinii,
924 5690 931 5691 ί
954 5624 1061 5675 etc.
1114 5620 1231 5691 Hoc
1263 5619 1435 5691 modo
1483 5619 1685 5691 legunt
1716 5637 1924 5675 manus

270 5689 479 5763 scripti
512 5692 879 5763 vetustiores.
915 5690 977 5746 In
1009 5690 1256 5746 antehac
1284 5690 1477 5759 editis,
1513 5689 1690 5755 Sinai,
1730 5694 1919 5759 sentis,

270 5762 401 5823 aut,
423 5768 538 5817 etc.
571 5762 859 5819 MARTIAN.

348 5864 419 5881 -
446 5832 687 5894 Veteres
717 5834 881 5904 editi,
912 5834 1092 5906 Sinal,
1120 5835 1287 5896 sentis
1343 5837 1443 5894 aut
1495 5833 1783 5909 secundus,
1813 5836 1922 5894 etc.

2058 4640 2200 4678 mss.
2234 4625 2467 4677 excudit
2496 4624 2883 4679 Martianaus.
2938 4625 3164 4690 Noster,
3199 4624 3378 4689 Sznai,
3411 4625 3525 4678 sive
3553 4624 3705 4693 ﬁnis,

2056 4694 2113 4781 Si
2148 4694 2497 4775 conjecturis
2520 4700 2712 4781 ‘vacet,
2744 4696 2857 4768 legi
2888 4695 3253 4781 velimznsive
3268 4696 3414 4781 “sitis
3448 4711 3459 4781 ξ
3497 4709 3709 4781 nempe

2056 4758 2273 4837 Graecis
2325 4758 2704 4836 etymologiis'
2753 4758 2884 4819 Σῖἶηι
2943 4774 3031 4822 est
3062 4758 3208 4837 δίψα.
3268 4766 3377 4820 Sed
3409 4758 3708 4837 et‘bjpoto-‘tc

2058 4835 2270 4899 αέωνια,
2322 4834 2455 4891 visio
2511 4834 2740 4897 (eterna,
2799 4844 2855 4893 et
2914 4834 3273 4899 fallentibus,
3335 4842 3399 4890 ut
3454 4834 3708 4901 videtur,

2056 4907 2435 4981 librariorum,
2452 4907 2695 4981 litteris,
2730 4905 2847 4981 ἄρις
2878 4907 3089 4976 alluvie,
3113 4908 3349 4964 elevalio
3379 4914 3602 4973 (eterna,
3637 4906 3709 4960 ab

2056 4979 2263 5034 iisdem
2302 4980 2587 5034 redditur.

2125 5052 2144 5084 δ
2176 5051 2361 5105 Mutat
2383 5051 2754 5105 Martianazus
2776 5050 2834 5104 in
2854 5052 3117 5105 securitas
3143 5068 3156 5115 ;
3191 5065 3371 5121 quam
3395 5047 3705 5121 lectionem

2055 5138 2159 5177 nec
2190 5121 2321 5175 libri
2355 5121 2450 5175 alii
2512 5123 2784 5192 probant,
2842 5138 2946 5175 nec
3007 5121 3181 5191 etymi
3210 5119 3424 5187 rratio;
3459 5120 3559 5175 sed
3613 5119 3707 5174 vix

2056 5194 2380 5261 ferendum,
2412 5191 2627 5248 lectore
2660 5210 2772 5248 non
2833 5192 3152 5257 admonito,
3188 5191 3409 5256 induci,
3441 5192 3707 5247 videatur

2055 5264 2233 5333 hujus
2265 5265 2532 5320 conditor
2562 5264 2715 5330 libri,
2742 5263 2985 5318 Saulum
3018 5262 3329 5318 deduxisse
3357 5281 3390 5317 a
3420 5272 3595 5330 151w,
3617 5279 3707 5318 sa-

2053 5338 2176 5401 ΔινιιΙι,
2212 5341 2432 5391 satietas
2467 5354 2478 5390 :
2517 5353 2619 5390 nec
2650 5338 2865 5399 abnuo,
2900 5333 3044 5389 satis
3077 5334 3381 5389 violenter.

2125 5408 2142 5441 ⁷
2176 5408 2685 5477 Sapatcrmarrans.
2713 5406 3177 5477 Manuscriptum
3202 5405 3702 5477 elegantissimum

2054 5477 2212 5532 Colb.
2248 5477 2521 5533 Bililioth.
2559 5479 2739 5532 secuti
2776 5494 2984 5531 sumus
3020 5495 3031 5532 :
3068 5480 3205 5548 quia
3237 5479 3462 5549 Sopater
3514 5478 3702 5549 magis

2053 5550 2277 5674 Iapcedit
2308 5550 2380 5603 ad
2414 5550 2717 5604 Hebraeum
2752 5561 2885 5613 νει-Ξ
2944 5549 3126 5621 Soper,
3189 5566 3366 5621 quam
3399 5549 3699 5621 Sosipater,

2113 5637 2343 5674 ARTIAN.

2113 5637 2343 5674 ARTIAN.

2124 5722 2191 5730 —
2247 5692 2357 5745 Alii
2395 5691 2597 5764 pediti,
2640 5708 2705 5747 ac
2759 5708 2907 5764 mss.
2957 5693 3256 5764 Sosipater,
3317 5691 3470 5762 quod
3540 5690 3695 5764 idem

1956 5781 2004 5848 Β
2052 5767 2141 5817 est
2167 5764 2343 5848 variis
2373 5762 2660 5828 dialectis.
2694 5761 2993 5843 Σώπατρος
3024 5761 3093 5821 ρι’
3113 5761 3465 5844 Σωσιπαλςρος
3493 5763 3691 5823 Actor.

2051 5850 2144 5908 xx,
2177 5834 2231 5895 4.
