4088 6166
237 448 460 515 librum
492 444 675 523 ausus
707 458 784 516 sit
820 459 880 515 in
912 460 1179 519 Latinam
1213 464 1476 537 linguam
1526 481 1640 521 non
1690 465 1892 520 Latine
1920 484 1974 552 Α
2005 470 2079 522 Ut
2107 469 2263 523 enim
2296 467 2440 523 mihi
2468 466 2694 524 excelsa
2722 483 2839 523 non
2867 465 3158 536 vindico‘,
3187 467 3246 524 1a
3268 471 3433 525 terra:
3463 468 3649 525 cohae-

236 552 463 606 vertere
477 564 501 611 _:
527 548 702 620 cujus
724 548 1100 622 imperitiam,
1121 568 1187 607 ex
1209 553 1642 625 comparatione
1664 570 1887 623 eorum,
1920 548 1973 552 ”
2004 556 2194 612 rentia
2223 555 2607 629 supergredi’
2638 572 2811 628 posse
2836 571 2929 612 me
2959 555 3150 613 credo.

234 654 362 711 qua:
393 637 838 710 transtulimus,
858 641 1116 712 prudens
1139 642 1335 698 statim
1384 641 1565 698 lector
1606 642 1881 699 inveniet.

1138 303 1375 367 LIBER
1415 303 1521 365 DE
1564 302 1744 368 SITU
1787 304 1888 367 ET
1931 304 2125 369 NOM.
2168 307 2340 370 LOG.
2385 307 2755 369 HEBRAIC.

305 800 321 833 ¹
361 800 426 856 Ut
449 800 604 855 enim
625 799 769 855 mihi
790 801 1003 856 excelsa
1021 817 1131 857 non
1159 802 1397 859 vindico.
1431 800 1709 858 Nonnulli
1740 819 1887 858 mss.

231 869 635 946 codices‘cum
682 874 855 946 antea
881 871 1059 928 editis
1086 874 1170 929 sic
1198 872 1437 946 legunt:
1490 875 1553 931 Ut
1594 876 1746 929 enim
1790 890 1890 929 ea:-

229 942 384 998 celsa
411 941 554 998 mihi
582 944 966 1006 nonvindieo;
1012 946 1091 1000 ita
1124 941 1286 1002 terra?
1312 945 1650 1003 inhwrentia
1683 961 1772 1000 me
1798 962 1889 1002 su-

1997 802 2262 875 pergredi
2277 818 2438 875 pposse
2465 801 2625 858 credo
2648 820 2662 875 ;
2692 802 2751 856 in
2783 800 3214 875 exemplaribus
3244 817 3478 875 quoque
3504 818 3650 861 mss.

2004 873 2367 945 frequentius
2400 878 2491 929 est
2520 874 2763 941 vendico,
2799 873 2977 945 quam
3009 874 3242 931 vindico.
3261 873 3561 931 Maurum.

2075 946 2097 978 ³
2127 944 2198 999 Al
2231 945 2564 1003 lnhaerentia
2598 962 2689 1001 me
2714 944 3052 1017 supergredi,
3072 949 3181 1003 etc.

1527 1242 1937 1330 INCIPIT
1993 1241 2361 1331 LIBER.

854 1524 945 1581 DE
1000 1525 1282 1583 GENESI.
2008 1543 2156 1599 quos
2184 1527 2413 1599 Moyses
2442 1526 2649 1599 legifer
2674 1526 3012 1583 Judaeorum
3033 1526 3093 1583 in
3110 1526 3239 1584 suis
3258 1525 3659 1587 voluminibus

316 1614 474 1671 128
523 1616 757 1680 Ararat,
805 1614 1135 1669 Armenia'.
1185 1614 1245 1669 Si
1287 1616 1525 1687 quidem
1569 1616 1628 1671 in
1680 1617 1898 1673 monti-
2008 1615 2211 1671 edidit.
2246 1638 2273 1665 »
3562 1610 3569 1617 ’

242 1705 357 1760 bus
388 1706 606 1758 Ararat
635 1717 770 1758 arca
796 1705 928 1774 post
948 1702 1234 1759 diluvium
1266 1705 1490 1761 sedisse
1522 1705 1894 1777 perhibetur:
2081 1704 2283 1759 Achad
2338 1706 2378 1770 δ,
2444 1704 2585 1760 urbs
2644 1703 2806 1776 regni
2893 1702 3144 1760 Nemrod
3214 1703 3272 1759 in
3349 1704 3661 1778 Babylone.

242 1797 303 1849 et
328 1793 609 1848 dicuntur
660 1786 875 1846 ibidem
922 1808 1109 1863 usque
1159 1792 1329 1848 hodie
1375 1795 1503 1865 ejus
1554 1809 1897 1866 permanere
1926 1802 1973 1866 Β
2004 1794 2179 1849 Porro
2213 1792 2435 1849 Hebraei
2469 1792 2620 1849 hanc
2650 1808 2778 1849 esse
2836 1793 3040 1848 dicunt
3098 1792 3527 1866 Mesopotamia:
3580 1794 3661 1851 ci-

242 1878 553 1953 vestigia’.
588 1878 856 1933 Meminit
885 1878 1097 1934 horum
1132 1880 1421 1935 montium
1452 1884 1508 1935 et
1533 1880 1896 1936 Jeremiasin
2008 1882 2265 1950 vitatem,
2300 1899 2427 1954 quae
2461 1882 2633 1938 hodie
2662 1885 2901 1938 vocatur
2930 1880 3116 1937 Nisibi
3148 1898 3181 1937 a
3210 1881 3451 1939 Lucullo
3473 1900 3661 1955 quon-

244 1968 540 2025 visionsm
574 1970 779 2023 contra
805 1967 1179 2040 Babylonem.
1222 1968 1513 2041 Josephus
1562 1986 1794 2041 quoque
1839 1969 1899 2024 in
2009 1971 2144 2027 dam
2198 1972 2458 2027 Romano
2518 1970 2757 2026 consule
2786 1967 3110 2038 obSessam,
3184 1975 3533 2045 captamque
3606 1976 3665 2030 et

245 2058 443 2131 primo
472 2058 877 2129 Antiquitatum
903 2057 1259 2113 Iudaicarum
1305 2056 1475 2126 libro,
1529 2058 1899 2115 saecularium
2012 2064 2145 2115 ante
2174 2077 2390 2132 paucos
2410 2076 2595 2116 annos
2636 2077 2669 2115 a
2719 2059 2959 2116 Joviano
3010 2059 3361 2132 imperatore
3390 2062 3411 2096 ⁵
3466 2061 3662 2120 Persis

246 2147 586 2202 litterarum
620 2144 942 2202 Historicos
963 2146 1263 2218 proferens
1292 2162 1303 2201 :
1346 2169 1366 2196 α
1393 2147 1902 2216 Animadvertens,

248 2233 475 2307 inquit,
513 2234 629 2290 Noe
656 2238 872 2290 terram
902 2232 1121 2291 diluvio
1140 2234 1467 2304 liberatam,
1504 2241 1727 2308 septem
1760 2236 1904 2293 alios

252 2324 385 2379 dies
407 2323 568 2379 abire
624 2322 937 2396 permisit:
999 2328 1056 2379 et
1113 2323 1384 2380 universa
1437 2324 1718 2381 animalia
1770 2327 1905 2382 bes-

254 2413 489 2483 tiasque
502 2410 840 2483 patentibus
870 2409 1142 2466 claustris
1164 2410 1459 2479 amittens,
1493 2411 1618 2483 ipse
1642 2429 1776 2468 cum
1800 2429 1909 2468 sua

254 2498 419 2573 prole
449 2515 722 2572 egressus
753 2502 892 2555 est:
936 2498 1250 2555 immolans
1298 2499 1414 2555 Deo
1455 2499 1699 2569 hostias,
1760 2518 1907 2574 gau-

252 2590 517 2661 densque
540 2605 674 2644 cum
688 2587 931 2643 liberis3.
950 2609 978 2639 »ι
995 2588 1161 2644 Hunc
1180 2587 1374 2645 locum
1385 2590 1646 2645 Armenii
1664 2590 1905 2658 exitum,

251 2677 344 2733 vel
367 2693 670 2750 egressum
712 2681 941 2733 vocant.
994 2677 1293 2750 Siquidem
1344 2677 1420 2733 ibi
1480 2677 1733 2734 cultores
1782 2677 1908 2734 illa-

252 2784 389 2823 rum
422 2765 748 2839 regionum,
798 2782 996 2823 arcam
1018 2767 1279 2838 primum
1322 2767 1544 2823 sedisse
1595 2771 1908 2833 testantur,

254 2860 315 2912 et
341 2854 641 2928 lignorum
671 2854 940 2926 quaedam
971 2871 1277 2927 superesse
1308 2860 1707 2912 monumenta.
1753 2858 1910 2913 Arcas

253 2946 441 3018 hujus
486 2948 544 3000 et
586 2943 812 3012 diluvii,
860 2959 1067 3001 omnes
1112 2944 1214 3016 qui
1265 2945 1548 3001 barbaras
1628 2945 1913 3017 scripsere

258 3034 563 3101 historias,
590 3034 974 3089 recordentur
1005 3050 1017 3090 :
1052 3050 1302 3106 quorum
1336 3051 1489 3090 unus
1534 3038 1623 3089 est
1664 3035 1913 3090 Berosus

2010 2148 2330 2219 traditam).

2083 2238 2289 2310 Aggai,
2322 2238 2393 2293 ad
2426 2236 2844 2293 occidentalem
2875 2236 3111 2310 plagam
3154 2238 3340 2310 vergit
3387 2236 3662 2309 Bethelis,

2016 2342 2130 2381 non
2165 2326 2417 2381 multum
2448 2325 2521 2380 ab
2546 2342 2613 2381 ea
2651 2326 2896 2381 distans.
2930 2325 3055 2382 Sita
3083 2329 3173 2382 est
3205 2330 3400 2383 autem
3443 2318 3667 2394 Bethel,

2016 2415 2293 2471 euntibus
2349 2414 2558 2469 jEliam
2615 2415 2684 2469 de
2733 2412 3084 2487 Neapoli'in
3141 2412 3283 2469 laeva
3328 2418 3489 2486 parte
3561 2415 3666 2471 viae

2018 2502 2363 2559 duodecimo
2415 2502 2648 2558 circiter
2697 2500 2971 2557 milliario
3019 2501 3092 2558 ab
3139 2501 3322 2559 (Elia:
3373 2491 3432 2559 et
3478 2520 3668 2576 usque

2019 2591 2190 2647 hodie
2222 2608 2436 2663 parvus
2466 2589 2601 2647 licet
2628 2590 2790 2646 vicus
2812 2590 3157 2647 ostenditur.
3207 2591 3343 2663 (Sed
3393 2596 3451 2648 et
3495 2588 3672 2650 eccle-

2019 2681 2108 2737 sia
2140 2680 2424 2736 zediﬁcata
2452 2684 2542 2736 est
2569 2679 2669 2735 ubi
2704 2679 2977 2735 dormivit
3021 2679 3201 2737 Jacob
3265 2696 3516 2754 pergens
3561 2682 3675 2738 Me-

2023 2769 2432 2841 sopotamiam.
2458 2768 2621 2824 Unde
2651 2770 2708 2824 et
2752 2767 2865 2839 ipsi
2912 2768 3036 2824 loco
3089 2769 3262 2825 bethel
3306 2754 3558 2841 (Summ),
3608 2769 3669 2825 id

2022 2861 2110 2914 est
2141 2858 2362 2913 Domus
2393 2856 2514 2922 Dei,
2548 2873 2762 2912 nomen
2786 2856 3111 2929 imposuit.)
3153 2857 3335 2931 Aggai
3392 2871 3524 2913 vero
3574 2852 3670 2912 vix

2021 2963 2211 3019 parvae
2240 2946 2422 3001 ruinae
2453 2945 2712 3002 resident
2744 2962 2756 3001 :
2785 2949 2843 3000 et
2867 2944 3033 3002 locus
3061 2947 3470 3002 tantummodo
3501 2962 3669 3003 mon-

2024 3038 2265 3090 stratur.
2299 3035 2367 3089 Et
2397 3034 2724 3102 sciendum,
2756 3035 2911 3104 quod
2944 3034 3003 3088 in
3034 3033 3268 3090 Hebraeo
3314 3034 3361 3090 G
3410 3034 3668 3091 litteram

256 3122 569 3190 Chaldeus,
602 3121 705 3194 qui
736 3137 914 3194 super
943 3121 1160 3180 diluvio
1192 3124 1468 3191 referens,
1515 3123 1635 3177 haec
1682 3122 1913 3179 locutus
1943 3167 1984 3195 η
2025 3140 2141 3179 non
2190 3122 2382 3190 habet,
2415 3123 2516 3178 sed
2549 3127 2786 3178 vocatur
2821 3124 2881 3177 ai
2909 3122 3078 3194 (wn),
3131 3123 3522 3194 scribiturque
3567 3138 3673 3195 per

259 3216 353 3268 est
383 3229 397 3266 :
434 3212 654 3268 Dicitur
683 3211 864 3282 hujus
888 3211 1057 3267 navis
1086 3212 1144 3266 in
1167 3212 1441 3267 Armenia
1471 3216 1706 3284 propter
1744 3228 1909 3267 mon-

259 3306 381 3357 tem
403 3301 842 3356 Carduenorum
864 3317 1000 3372 pars
1030 3299 1229 3373 aliqua
1251 3317 1614 3374 permanere,
1646 3306 1703 3356 et
1734 3316 1910 3373 quos-

258 3391 403 3447 dam
430 3389 697 3446 bitumen
727 3404 795 3445 ex
843 3406 910 3445 ea
967 3388 1280 3445 avellentes
1324 3389 1699 3445 circumferre
1756 3406 1910 3460 :quo

262 3482 513 3534 utuntur
541 3478 628 3535 vel
651 3478 904 3534 maxime
945 3478 1007 3533 hi
1055 3478 1155 3550 qui
1210 3478 1540 3534 lustrantur
1591 3482 1649 3533 et
1703 3493 1766 3533 se
1810 3494 1912 3533 ex-

262 3565 453 3638 piant.
482 3566 591 3621 Sed
620 3570 675 3621 et
704 3566 1090 3638 Hieronymus
1110 3567 1436 3639 Egyptius,
1470 3567 1567 3638 qui
1594 3566 1910 3637 antiquita-

261 3659 360 3709 tes
417 3653 749 3711 Pbmnicum
820 3654 1064 3727 pulchro
1152 3672 1419 3711 sermone
1519 3654 1909 3727 conscripsit:

264 3746 326 3799 et
354 3746 642 3811 Mnaseas,
681 3748 735 3799 et
764 3743 934 3799 multi
967 3743 1088 3799 alii.
1119 3742 1392 3800 Nicolaus
1424 3761 1656 3817 quoque
1712 3746 1914 3800 Dama-

264 3848 484 3890 scenus
531 3831 589 3887 in
656 3833 794 3889 I21
848 3831 1228 3904 nonagesimo
1277 3837 1436 3889 sexto
1488 3832 1636 3889 libro
1694 3832 1912 3889 refert:

267 3923 368 3977 Est
393 3921 455 3976 in
484 3921 756 3977 Armenia
776 3937 954 3994 super
984 3922 1313 3993 Myniadem
1356 3939 1525 3977 mons
1547 3922 1783 3977 nomine
1813 3923 1917 3977 Be-

268 4011 398 4066 ris:
442 4010 515 4065 ad
550 4025 724 4082 quem
746 4008 972 4066 ‘multos
994 4011 1055 4066 in
1102 4010 1318 4066 diluvio
1360 4010 1693 4083 confugisse
1750 4014 1918 4066 autu-

266 4102 454 4168 mant,
489 4099 691 4173 ibique
722 4115 849 4156 esse
871 4098 1148 4156 salvatos.
1170 4098 1329 4156 Alios
1347 4115 1479 4155 vero
1504 4099 1564 4155 in
1587 4116 1730 4155 arcae
1762 4099 1921 4156 alveo

267 4192 751 4262 superuatantes,
782 4188 855 4245 ad
885 4189 1014 4259 ejus
1042 4188 1316 4245 verticem
1344 4188 1698 4260 pervenisse,
1729 4192 1785 4244 et
1822 4205 1923 4244 us-

269 4294 387 4351 que
407 4278 482 4334 ad
514 4276 734 4333 multas
763 4280 961 4333 aetates
993 4276 1154 4350 ligna
1182 4294 1326 4333 arcae
1356 4278 1673 4333 monstrari
1704 4276 1877 4334 solita
1907 4294 1920 4331 :

271 4383 424 4439 quos
453 4365 692 4438 quidem
753 4381 857 4438 ego
888 4369 1027 4438 puto
1085 4382 1201 4421 non
1250 4382 1379 4421 esse
1439 4364 1609 4434 alios,
1658 4365 1769 4420 nisi
1826 4381 1925 4421 eos

1943 3167 1985 3233 C

2027 3211 2406 3277 elementum,
2440 3211 2593 3283 quod
2618 3211 2771 3283 apud
2798 3228 2897 3267 eos
2926 3209 3160 3277 dicitur,
3192 3213 3286 3266 ain
3320 3211 3471 3283 (την).

2090 3300 2364 3356 Astaroth
2398 3299 2690 3366 Carnaim,
2716 3303 2900 3355 terrra
2918 3300 3225 3372 gigantum
3258 3299 3557 3371 quondam
3609 3299 3670 3355 in

2022 3388 2332 3461 supercilio
2363 3389 2771 3453 Sodomorum,
2818 3404 2964 3459 quos
3012 3388 3305 3444 interfecit
3354 3386 3672 3444 Chodorla~

2022 3494 2247 3549 gomor.
2273 3477 2423 3532 Sunt
2460 3477 2748 3547 hodieque
2778 3477 2892 3532 duo
2924 3475 3160 3531 castella
3180 3476 3239 3530 in
3270 3476 3539 3531 Batanaza
3560 3475 3670 3531 hoe

2023 3566 2325 3634 vocabulo,
2358 3582 2561 3621 novem
2593 3565 2746 3620 inter
2783 3581 2845 3620 se
2895 3564 3158 3620 millibus
3203 3568 3476 3636 separata
3518 3564 3672 3620 inter

2023 3656 2274 3711 Aderam
2303 3659 2361 3710 et
2387 3654 2618 3709 Abilam
2640 3652 2921 3709 civitates.

2099 3745 2254 3800 130
2285 3744 2472 3798 Arboc
2498 3743 2788 3814 (corrupte
2819 3741 2878 3796 in
2936 3740 3153 3797 nostris
3209 3739 3507 3796 codicibus
3563 3740 3675 3796 Ar-

2028 3834 2135 3890 boc
2194 3831 2493 3899 scribitur,
2554 3847 2687 3885 cum
2745 3829 2805 3884 in
2887 3828 3142 3885 Hebraeis
3214 3828 3444 3902 legatur
3515 3828 3679 3884 arbee

2030 3924 2256 3994 (vam),
2299 3921 2357 3977 id
2396 3923 2485 3976 est
2533 3924 2785 3991 quatuor
2816 3936 2829 3974 :
2862 3934 2928 3973 eo
2960 3919 3114 3989 quod
3141 3917 3222 3973 ibi
3252 3923 3370 3974 tres
3431 3916 3679 3991 patriar-

2033 4010 2178 4077 chae,
2209 4009 2528 4077 Abraham,
2580 4007 2739 4064 Isaac
2792 4012 2848 4063 et
2903 4007 3077 4063 Iacob
3136 4006 3349 4079 sepulti
3409 4010 3570 4075 sunt,
3629 4008 3689 4063 et

2032 4100 2217 4155 Adam
2251 4097 2587 4154 maximus:
2622 4101 2686 4152 ut
2732 4096 2793 4151 in
2847 4097 2983 4152 Iesu
3039 4095 3186 4151 libro
3244 4096 3531 4168 scriptum
3596 4098 3689 4152 est

2035 4190 2217 4259 (Iosue
2266 4205 2382 4255 xxv,
2453 4187 2589 4258 15):
2649 4185 2782 4241 licet
2837 4201 2973 4241 eum
3031 4184 3271 4256 quidam
3328 4184 3585 4256 positum
3626 4182 3690 4238 in

2036 4277 2160 4333 loco
2191 4276 2462 4333 Calvariee
2498 4274 2912 4347 suspicentur).
2944 4277 3076 4328 Haec
3108 4277 3199 4329 est
3239 4278 3435 4329 autem
3486 4271 3691 4328 eadem

2037 4366 2327 4430 Chebron,
2362 4363 2500 4419 olim
2540 4362 2880 4435 metropolis
2912 4359 3377 4431 Philistinorum,
3427 4364 3485 4418 et
3519 4359 3693 4417 habi-

346 4541 363 4575 ¹
396 4542 620 4615 AraraI,
642 4542 922 4615 Armenia.
945 4543 1117 4599 Juxta
1134 4541 1649 4615 Hieronymianam
1666 4542 1923 4599 hancin-
1956 4529 2003 4594 D
2104 4546 2127 4578 ⁴
2155 4543 2280 4599 Duo
2310 4559 2453 4598 mss.
2493 4543 2697 4615 Achar.
2730 4541 2948 4615 Euseb1
2979 4540 3164 4615 Ἀχάμ
3215 4539 3580 4615 ρχμϋιιαιιὶἰ,
3629 4542 3697 4597 ut

279 4614 769 4685 terpretationem
804 4612 861 4667 in
894 4612 1089 4685 Graeco
1120 4614 1203 4685 sic
1249 4612 1479 4685 legebat
1537 4618 1781 4685 sanctus
1838 4616 1940 4671 do-

276 4681 452 4768 (ξῒεοῐδεο
505 4683 769 4768 ’Λρξράᾘ
831 4685 865 4750 ἡ
916 4684 1206 4768 ,ξᾼρμενίριῖ
1268 4681 1352 4738 Ἰἷν
1414 4684 1561 4768 Spem
1638 4681 1707 4768 ,δὲ
1741 4685 1941 4768 ’Ἄραξ-

276 4754 381 4807 dir:
430 4754 467 4819 ἡ
552 4747 786 4814 τίιϐἱυτός
843 4747 1078 4821 notia},
1146 4752 1383 4821 λέγεται,
1436 4747 1492 4811 Id
1567 4760 1657 4812 est
1719 4747 1941 4825 Arui‘at,

283 4826 576 4880 Armenia.
604 4825 908 4897 Siquidem
939 4829 998 4880 in
1019 4829 1297 4883 montibus
1345 4830 1541 4883 Ararat
1572 4844 1704 4882 arca
1748 4828 1947 4884 sedisse

281 4896 712 4970 dia't_aAr.Addit
739 4897 1321 4970 veroiﬂieronymus,
1365 4903 1485 4969 post
1530 4899 1818 4963 diluvium,
1871 4900 1943 4953 ad

283 4967 744 5047 eigniflcandum
792 4968 1030 5047 deﬁnite
1051 4967 1286 5041 tempus
1334 4967 1449 5039 quo
1508 4986 1643 5024 arca
1670 4970 1820 5025 sedit
1880 4971 1941 5025 in

282 5037 593 5095 Montibus
621 5040 845 5095 Ararat.
870 5044 1149 5096 MARTIAN.

358 5111 381 5183 ἓ
415 5111 750 5183 Permanere
779 5113 1029 5183 vestigia.
1095 5113 1346 5183 Vestig‘ia‘
1374 5110 1481 5165 hoc
1517 5111 1641 5165 loco
1686 5109 1946 5183 intellige

286 5182 623 5253 reliquias;
653 5198 789 5236 nam
816 5182 877 5238 in
910 5178 1104 5238 Grazco
1134 5178 1537 5253 θειίλείψαν-αν
1563 5198 1773 5253 nomen
1806 5178 1940 5253 plu-

289 5249 420 5325 rale
439 5250 788 5325 signiﬁcans
810 5254 1043 5325 proprie
1065 5271 1097 5308 a
1114 5249 1381 5323 reliquias
1402 5272 1437 5308 a
1454 5249 1713 5325 l.sij::oi,id
1736 5249 1944 5318 est,re-

287 5321 523 5407 linque:
561 5322 723 5380 Unde
754 5321 830 5378 ab
884 5321 1009 5407 ipso
1038 5321 1416 5407 Bierdnymo
1462 5321 1691 5407 λείψανα
1737 5340 1945 5380 conse-

291 5399 550 5465 quenter
577 5396 935 5453 monumenta
968 5398 1443 5468 interpretantur.
1478 5396 1764 5451 MARTIAN.

370 5466 393 5500 ³
424 5465 781 5537 Gandensque
805 5483 929 5522 eum
949 5468 1161 5523 liberis.
1192 5466 1485 5538 Josephus
1532 5466 1633 5522 lib.
1676 5484 1693 5521 1
1724 5469 1942 5538 Antiqq.

288 5551 418 5607 cap.
440 5538 500 5621 3:
559 5535 919 5621 mvsuwx‘is'm
973 5538 1089 5621 rei;
1148 5535 1404 5621 oix‘siofi,
1452 5555 1566 5621 ulla
1620 5535 1947 5610 epulabatur

291 5621 426 5665 cum
456 5607 926 5676 dometicis,"hoc
962 5613 1051 5667 est
1073 5609 1457 5682 cwmfamilia.
1494 5607 1782 5668 ΜΑῐινιῖιΑΝ.

617 5735 884 5805 Pas-non.
929 5736 1155 5805 XXIII.

2050 4615 2280 4671 videtur
2309 4630 2521 4687 errore.
2558 4613 2713 4679 LXX,
2746 4607 2974 4687 Ἀρχάξ,
3008 4607 3367 4687 Ρὶοξᾼκχᾴδ.

2123 4687 2163 4739 Α
2221 4686 2445 4741 Joviano
2510 4680 2885 4755 imperatore."
2913 4680 3381 4755 Gennadius'r'ini
3424 4680 3697 4755 Catalogo

2058 4756 2379 4811 Illustrium
2399 4752 2744 4815 virorum.in
2764 4754 3280 4811 JacoboNisibensi
3294 4752 3707 4825 episcopohssc

2056 4828 2232 4882 habet
2267 4844 2279 4880 :
2317 4848 2343 4875 «
2376 4827 2512 4897 Post
2559 4826 2777 4897 multos
2830 4842 3016 4897 annos
3071 4823 3394 4897 ingressus
3422 4823 3703 4897 Julianus

2055 4898 2402 4964 Nisibem,ct
2422 4896 2513 4968 vel
2538 4896 2732 4968 gloriae
2767 4896 2977 4968 sepuiti
3012 4891 3252 4968 (Jacobi)
3282 4894 3571 4961 invidens,
3602 4891 3702 4968 vel

2056 4969 2189 5025 ﬁdei
2222 4965 2608 5038 Constantini,
2641 4969 2811 5038 cujus
2834 4965 2910 5022 ob
2942 4966 2999 5021 id
3031 4967 3272 5021 domum
3314 4965 3703 5038 persequeba-

2056 5046 2174 5108 tur,
2192 5040 2374 5110 jussit
2401 5034 2600 5095 efferri
2623 5034 2965 5093 de'civitate
3015 5039 3199 5093 sancti
3257 5034 3520 5110 corporis
3568 5034 3713 5110 religi

2057 5107 2347 5183 quias,ret
2393 5115 2780 5183 postpaucos
2839 5124 3090 5175 menses,
3139 5107 3507 5183 consulendze
3568 5107 3709 5162 licet‘

2056 5179 2699 5255 reipublicai‘duvjanus
2731 5180 3070 5255 imperator,
3092 5180 3191 5251 qui
3212 5179 3447 5235 Juliano
3470 5193 3709 5255 success

2056 5249 2488 5309 ser-at.tradidit
2518 5249 3136 5323 Barbarisicivitatemr‘:
3156 5267 3286 5322 quae
3314 5265 3500 5323 usque
3535 5249 3711 5323 hodie

2056 5326 2363 5380 Persarum
2395 5324 2599 5394 ditiom
2632 5338 2767 5394 cum
2786 5320 3000 5375 ﬁnibus
3023 5322 3148 5377 suis
3164 5320 3426 5394 subjecta
3445 5322 3638 5378 servit.
3674 5341 3704 5370 υ

2054 5396 2303 5451 Consule
2328 5393 2704 5449 Ammianum
2728 5391 2767 5446 l.
2790 5409 2916 5447 xxv.
2949 5395 3227 5449 MARTIAN.

2126 5498 2194 5506 ——
2230 5467 2386 5522 Unus
2416 5482 2549 5538 ωε.)
2582 5478 2710 5536 quae
2738 5464 2897 5538 liodie
2937 5480 3148 5538 quoque
3162 5470 3414 5538 uocatur,
3464 5468 3574 5538 etc.
3630 5463 3717 5518 De'

2052 5531 2294 5594 Joviano
2350 5531 2698 5593 Ammianus
2753 5535 2853 5593 lib.
2909 5531 3101 5606 x'xv,et
3148 5536 3483 5596 Gennadius
3523 5535 3585 5595 in
3612 5538 3715 5594 Ca-

2054 5609 2244 5667 taloao
2274 5624 2399 5667 can.
2437 5611 2487 5667 t.

2054 5614 2244 5684 talogo
2274 5624 2399 5686 cap.
2437 5614 2487 5668 ι.

3313 5736 3392 5804 29
