4138 6160
416 322 536 390 απ

1652 322 1719 384 S.
1768 317 2081 383 EUSEBII
2124 313 2587 378 HIERONYMI.

3672 294 3821 368 ’908

409 456 674 515 taculum
701 456 1029 531 gigantum,
1059 471 1425 528 regnumque
1452 455 1571 527 (ubi
1626 456 1799 523 regia)
1856 456 2059 524 postea
2087 454 2144 516 Α
2171 449 2511 508 Amorrbaai.
2544 464 2692 520 quos
2732 445 3024 502 interfecit
3067 440 3601 531 Ghodorlahomor:
3646 440 3822 512 juxta

414 547 598 603 David
629 546 686 601 in
718 545 875 600 tribu
905 544 1077 613 Juda,
1109 543 1313 599 civitas
1367 542 1749 600 saderdotalis
1806 545 1863 596 et
1910 540 2064 613 fugi-

418 634 693 690 tivorum.
733 632 916 687 Distat
944 631 1015 686 ad
1067 630 1452 686 meridianam
1508 628 1741 701 plagam
1794 628 1865 682 ab
1922 625 2068 681 [Elia

419 721 683 778 millibus
714 719 943 775 circiter
978 718 1182 791 viginti
1216 719 1445 774 duobus
1475 735 1488 773 :
1522 722 1578 772 ct
1609 732 1860 788 quercus
1891 716 2065 770 Abra-

416 810 731 882 ham(quee
756 812 815 864 et
869 809 1111 875 Mamre,
1175 824 1362 879 usque
1410 808 1480 862 ad
1529 805 1852 862 Constantii
1914 820 2066 876 regis

418 897 733 969 imperium
777 896 1236 966 monstrabatur)
1272 912 1284 950 :
1318 899 1376 950 et
1423 893 1788 951 mausoleum
1834 894 1961 964 ejus
2006 892 2065 946 in

417 985 859 1059 prasentiarum
911 984 1192 1040 cernitur.
1257 984 1539 1056 (Cumque
1597 1000 1632 1038 a
1676 983 1892 1039 nostris
1943 982 2067 1052 jam

416 1074 635 1151 ibidem
661 1073 903 1131 ecclesia
956 1073 1241 1129 aedificata
1289 1072 1410 1144 sit),
1469 1089 1503 1127 a
1558 1071 1784 1128 cunctis
1842 1071 1899 1125 in
1959 1070 2067 1126 cir-

420 1163 583 1219 cuitu
615 1161 891 1234 gentibus
945 1162 1260 1218 terebinthi
1310 1160 1474 1217 locus
1500 1160 1902 1232 superstitiose
1932 1157 2069 1214 coli-

418 1255 517 1307 tur
551 1269 565 1307 :
595 1267 661 1307 eo
693 1251 847 1322 quod
870 1251 979 1307 sub
1013 1268 1081 1306 ea
1135 1249 1427 1306 Abraham
1487 1249 1725 1322 angelos
1773 1248 2069 1320 quondam

412 1339 672 1413 hospitio
702 1340 1048 1412 susceperit.
1082 1340 1213 1395 Haec
1243 1355 1379 1411 ergo
1421 1339 1679 1410 primum
1737 1338 1919 1393 Arbee
1976 1352 2075 1409 po-

418 1432 545 1485 stea
573 1444 608 1483 a
636 1429 902 1484 Chebron
936 1445 1051 1483 uno
1074 1427 1327 1483 ﬁliorum
1385 1425 1599 1483 Chaleb
1641 1426 1848 1481 sortita
1904 1441 2071 1480 voca-

420 1516 629 1575 bulum
678 1521 788 1573 est.
848 1518 998 1589 Lego
1063 1516 1249 1572 Verbo
1304 1516 1531 1571 dierum
1608 1515 1653 1584 (1
1721 1513 1917 1569 Parat.
2010 1530 2071 1580 ιι,

418 1607 559 1661 42¹.

489 1694 706 1762 Ailath,
729 1694 786 1749 in
819 1693 1093 1749 extremis
1126 1692 1343 1748 ﬁnibus
1374 1691 1691 1747 Palaestinae
1714 1693 1925 1763 juncta
1955 1709 2074 1748 me-

420 1781 659 1839 ridianae
691 1780 995 1837 solitudini
1027 1785 1083 1835 et
1112 1781 1259 1835 mari
1302 1781 1499 1836 Rubro
1534 1800 1546 1836 :
1590 1781 1744 1835 unde
1792 1798 1860 1836 ex
1905 1785 2072 1853 ngy-
2106 1818 2151 1881 Β
2186 1778 2294 1832 viis
2316 1776 2691 1849 eligendam.)

422 1872 520 1941 pto
552 1870 799 1936 Indiam,
828 1873 884 1924 et
905 1869 1039 1924 inde
1068 1871 1139 1924 ad
1168 1874 1471 1941 Egyptum
1518 1869 1843 1941 navigatur.
1903 1870 2075 1925 Sedet

421 1963 616 2014 autem
648 1956 727 2013 ibi
777 1956 927 2029 legio
985 1957 1248 2013 Romana
1305 1962 1686 2030 cognomento
1747 1959 2069 2013 Decima’:

421 2050 480 2103 et
508 2046 650 2103 olim
683 2046 923 2118 quidem
953 2046 1145 2101 Ailath
1177 2065 1211 2102 a
1238 2047 1530 2102 veteribus
1562 2048 1885 2114 dicebatur,
1921 2063 2073 2101 nunc

420 2152 557 2192 vero
588 2135 915 2208 appellatur
944 2134 1076 2190 Aila
1095 2136 1136 2189 ³.
1162 2136 1272 2191 Sed
1294 2138 1351 2204 et
1370 2135 1750 2191 Elamitarum
1775 2136 2072 2208 quondam

431 2224 593 2281 natio
624 2223 752 2292 fuit,
787 2224 879 2279 cui
913 2223 1222 2297 imperavit
1249 2224 1746 2281 Chodorlabomor
1774 2226 1968 2295 (cujus
2014 2224 2073 2278 in

420 2312 664 2369 Actibus
699 2328 932 2385 quoque
959 2311 1357 2384 apostolorum
1389 2314 1454 2369 {it
1482 2314 1701 2369 mentio
1747 2316 1860 2369 Aet.
1904 2331 1964 2382 ιι,
1995 2314 2071 2385 9).

421 2405 479 2457 et
508 2402 568 2456 in
600 2401 936 2472 Regnorum
968 2399 1139 2457 libris
1169 2401 1219 2472 (Ι
1260 2403 1385 2472 Reg.
1445 2419 1502 2469 x,
1541 2405 1622 2473 17)
1658 2420 1670 2469 ;
1732 2404 1873 2457 urbs
1920 2419 2074 2474 quaa-

422 2491 559 2547 dam
589 2489 893 2545 Palestina:
922 2489 1107 2545 IElam
1139 2490 1434 2546 scribitur.

504 2579 643 2634 131
671 2579 910 2644 Adamo,
943 2595 1061 2634 una
1090 2578 1161 2634 de
1190 2580 1450 2651 quinque
1507 2579 1843 2635 civitatibus
1896 2579 2074 2634 Sodo-

428 2683 662 2724 morum
690 2683 890 2723 eversa
917 2683 1053 2723 cum
1085 2670 1327 2723 caeteris.

456 2755 1021 2824 ’Asason-Thamar,
1070 2755 1131 2811 in
1188 2756 1297 2812 hac
1366 2757 1712 2813 habitabant
1783 2759 2077 2828 quondam

493 2863 886 2936 ‘Bbabanus,
917 2863 1016 2936 qui
1047 2864 1465 2936 Hieronymum
1496 2865 1613 2921 fere
1658 2866 1730 2921 de
1784 2866 1957 2921 verbo
1985 2883 2080 2921 ex-

422 2935 648 3003 scribit,
681 2936 843 2991 addit
871 2934 966 2990 hic
995 2934 1129 3008 loci,
1163 2934 1389 2991 Condita
1415 2942 1492 2991 est
1524 2940 1707 2991 autem
1730 2946 1861 2991 ante
1877 2941 2084 3008 septem

424 3023 614 3075 annos,
646 3022 811 3078 quam
841 3009 985 3062 Eam
1012 3007 1141 3061 urbs
1171 3009 1392 3078 {Egypti
1446 3008 1787 3063 conderetur.
1840 3007 2086 3064 Dixisset
2188 3007 2343 3064 tribu
2372 3008 2531 3078 Iuda.
2567 3009 2766 3078 Itaque
2796 3008 2855 3061 in

425 3081 607 3151 Tunis,
641 3094 759 3149 qua
787 3079 947 3151 urbe;
969 3079 1199 3151 Egypti
1249 3078 1645 3146 celeberrima,
1685 3078 1807 3133 haec
1860 3084 2084 3151 septem

423 3150 596 3207 annis
616 3148 896 3205 vetustior
924 3148 1053 3205 fuit.

502 3223 525 3255 ²
557 3222 781 3293 lloc,iet
803 3219 1135 3293 superiora,
1173 3236 1301 3293 quis
1349 3219 1626 3293 diximus,
1672 3220 1818 3293 mire
1875 3222 2083 3293 conﬁr-
2117 3191 2160 3256 Ο

438 3297 563 3350 mat
590 3292 765 3348 modo
802 3290 1305 3365 laudataANotitia
1356 3290 1452 3365 inii
1471 3294 1726 3365 extremo
1766 3290 2081 3365 laterculo;

440 3379 782 3420 pnarsc'rus
836 3362 1093 3424 Legionis
1138 3363 1368 3417 Decima:
1411 3364 1682 3417 Fretensis
1713 3363 1889 3419 Αἱιίε.
1942 3362 2085 3424 Vide

437 3437 499 3492 in
525 3435 647 3491 haec
677 3434 851 3490 verba
902 3431 1189 3489 Panciroli
1244 3433 1762 3489 Commentarium.
1783 3434 1992 3489 Hieron
2024 3442 2083 3497 in

438 3523 567 3578 cap.
598 3523 751 3578 XLVII
781 3503 1059 3578 Ezechiel.
1097 3520 1109 3558 :
1152 3505 1369 3578 Lingua
1416 3507 1589 3559 maris
1621 3505 1790 3560 Rubri
1840 3508 1901 3561 in
1930 3507 2085 3577 cujus

439 3576 629 3636 litiore
658 3577 786 3634 Aila
811 3577 991 3648 posita
1051 3584 1128 3629 est
1181 3576 1278 3629 ubi
1332 3591 1481 3630 nunc
1534 3581 1785 3631 moratur
1844 3576 1999 3648 legio
2034 3590 2084 3640 ει

435 3649 758 3723 praesidiun}
788 3649 1173 3723 Romanorum.

507 3722 530 3755 ³
557 3720 878 3788 Appellatur
906 3719 1053 3775 Aita.
1090 3719 1151 3772 In
1170 3715 1390 3788 aliquot
1420 3734 1561 3773 mss.
1596 3719 1698 3773 Ala
1726 3718 1943 3775 dicitur
1988 3719 2083 3775 hic

438 3790 667 3848 etinl‘ra
725 3790 825 3845 ubi
882 3790 1166 3861 scriptum
1223 3795 1333 3857 est,
1389 3790 1734 3861 pergentibus
1789 3792 1970 3846 Ailam
2019 3791 2085 3846 de

443 3862 706 3917 Chebron.
740 3862 1027 3916 Maurum.

508 3933 531 3965 ‘
557 3933 727 3988 Unius
755 3931 866 3987 diei
896 3933 1092 3987 itinere
1120 3948 1154 3986 α
1182 3932 1458 4001 Mampsis.
1496 3932 1682 3988 Locus
1740 3932 2083 3988 obscurissi-

438 4019 572 4058 mus
598 4002 658 4057 in
691 4001 906 4076 Graecis
928 4019 1090 4076 aaque
1119 4020 1185 4076 ac
1232 4002 1560 4076 in_Lat_inis
1587 4021 1610 4076 ε
1651 4021 1819 4076 nam_
1846 4004 1894 4059 si
1932 4004 2083 4076 lega-

437 4090 573 4129 mus
602 4089 737 4146 cum
759 4072 961 4146 iGrmco
992 4070 1169 4146 Regio
1198 4074 1394 4130 codice
1425 4070 1686 4127 διεστῶσα
1716 4072 1897 4135 Milia
1944 4070 2080 4146 ἡεῐὲ-

438 4163 535 4219 ρας
565 4140 711 4211 οδόν,
736 4145 1005 4219 distansa
1053 4140 1207 4202 Malis
1241 4149 1410 4219 unius
1453 4146 1566 4219 diei
1610 4148 1809 4219 itinere
1838 4218 1848 4219 ί
1875 4140 2080 4216 ignoro

436 4215 680 4289 prorsus
706 4215 805 4271 ubi
834 4217 1091 4288 positum
1119 4218 1311 4283 fuerit,
1370 4217 1653 4289 oppidum
1682 4217 1858 4289 .illud
1907 4215 2081 4273 Malis

437 4284 682 4345 dictum.
713 4284 1038 4358 Sin—autem
1078 4306 1213 4344 cum
1268 4284 1564 4343 Bonl’rerio
1621 4304 1722 4358 pro
1768 4284 1933 4358 μάλις
1986 4290 2081 4343 ad-

434 4360 703 4416 verbium
739 4357 922 4431 μόλις,
978 4359 1036 4415 id
1085 4365 1193 4427 est,
1246 4362 1342 4431 uia:
1369 4357 1733 4431 legerimus,
1773 4357 2081 4431 sententia

434 4430 614 4503 haeret
643 4429 931 4503 suspensa
963 4449 976 4499 ;
1005 4447 1108 4503 nec
1138 4429 1545 4503 intelligimus
1569 4447 1602 4484 a
1651 4446 1765 4503 quo
1800 4429 1932 4503 loco
1990 4430 2077 4485 vel

437 4502 652 4573 oppido
681 4500 987 4557 castellum
1019 4501 1310 4557 Thamara
1340 4502 1433 4573 uia:
1448 4502 1612 4573 unius
1641 4500 1757 4555 diei
1783 4502 1982 4555 itinere
2007 4504 2078 4556 sit

434 4559 769 4643 sép‘aratum.
804 4574 866 4626 In
902 4573 1122 4627 Latinis
1147 4570 1578 4643 exemplaribus
1627 4576 1748 4643 tota
1795 4572 2084 4628 discordia
2113 4559 2157 4622 D

435 4642 651 4714 pendet
678 4661 708 4699 e
739 4643 973 4697 nomine
1005 4642 1201 4714 Oppidi
1233 4657 1399 4714 aquo
1430 4643 1610 4714 distat
1629 4642 1951 4709 'l‘hamara;
1986 4661 2082 4699 an-

434 4712 693 4786 tiquiora
720 4712 1121 4786 manuscripta
1151 4729 1216 4767 ac
1245 4712 1503 4786 melioris
1534 4719 1681 4768 notae
1705 4720 1917 4786 vocant
1938 4714 2082 4769 illud

434 4784 731 4858 Mdmpsis;
766 4784 1387 4858 nonulla’Mammepliis
1424 4790 1674 4858 {uetera
1695 4785 1894 4858 Mansis
1923 4804 1940 4839 .·
1962 4786 2083 4840 edi-

436 4858 480 4914 ti
508 4855 642 4914 vero
670 4856 804 4912 libri
835 4857 1114 4927 Memphis.
1146 4856 1256 4909 Sed
1288 4855 1407 4909 sive
1435 4855 1694 4927 Memphis
1742 4857 1860 4911 sive
1916 4858 2081 4912 Mam-

429 4930 547 5002 psis
572 4928 887 5002 legendum
920 4927 1322 5002 statuerimus,
1348 4944 1578 5002 semper
1600 4933 1859 5002 remanet
1880 4929 2082 5002 eadem

435 4998 1105 5056 difﬁcultasinveniendi
1138 4998 1295 5053 illius
1318 4998 1537 5069 Oppidi,
1591 4999 1744 5068 quod
1798 4999 2083 5055 Eusebius

428 5071 519 5129 vel
543 5072 930 5144 Hieronymus
962 5075 1293 5144 separatum
1331 5070 1475 5144 dixit
1503 5069 1828 5144 unius__diei
1878 5070 2083 5144 itinere

433 5161 468 5199 a
497 5142 734 5198 castello
761 5138 1086 5209 'Thamar'a,
1149 5142 1249 5197 ubi
1299 5141 1537 5195 sedebat
1587 5138 1837 5195 militare
1886 5141 2079 5211 praesi-

433 5211 619 5285 dium.
648 5214 843 5285 Usque
870 5214 927 5268 in
962 5230 1217 5285 praesens
1248 5211 1393 5285 nihil
1416 5211 1675 5285 reperire
1705 5211 1884 5285 potui
1922 5213 2074 5285 apud

433 5280 1167 5355 scriptoresgeographos,
1214 5280 1551 5355 quodihu‘ic
1609 5280 1758 5337 nodo‘
1803 5280 2078 5355 solvendo

432 5353 764 5409 subsidium
790 5353 1043 5410 afferret.
1083 5355 1191 5409 Sed
1225 5353 1357 5409 cum
1382 5353 1795 5424 Hieronymum
1828 5353 1912 5407 vel
1965 5354 2077 5408 Eu-

433 5424 662 5480 sebium
694 5424 752 5478 in
782 5425 1015 5481 nomine
1043 5427 1200 5480 Arad
1245 5430 1463 5481 attento
1521 5424 1783 5491 consulo,
1848 5424 2076 5481 nullum

431 5493 855 5568 mibisuperest
868 5495 1282 5568 dubium,quin
1300 5513 1400 5568 pro
1413 5496 1815 5567 Mampsis,scri
1825 5497 1968 5551 bend
1979 5513 2074 5551 um

431 5566 510 5624 sit
536 5565 789 5638 Malathis
819 5568 1003 5638 :quod
1035 5565 1402 5638 iqsissimum
1434 5565 1715 5638 oppidum
1748 5568 2075 5623 estdistans

431 5655 466 5698 a
497 5637 767 5710 Hismara
782 5637 1252 5710 castello,itinere
1265 5637 1438 5693 unius
1454 5637 1589 5710 dici,
1614 5645 1682 5699 ut
1702 5656 1772 5696 ex
1799 5639 1892 5694 bis
1906 5638 2074 5710 facile

428 5707 743 5785 colligitur.
793 5707 959 5781 Arad,
1017 5710 1211 5772 civitas
1264 5707 1710 5770 Amorrhworum
1754 5711 1937 5770 vicina
1982 5709 2073 5772 de-

2175 553 2436 594 eremum
2468 536 2672 592 Cades.
2704 536 2806 591 Est
2851 539 2908 590 et
2955 533 3115 589 aliud
3166 530 3472 588 castellum
3499 529 3818 597 Thamara,

2178 627 2354 682 unius
2384 625 2497 679 diei
2531 625 2737 679 itinere
2778 640 2813 677 a
2860 622 3187 695 Mampsis"
3236 621 3333 691 (al.
3374 618 3691 692 Mamphis)
3719 635 3822 690 op-

2176 715 2309 787 pido
2341 717 2703 786 separatum,
2756 712 3137 785 pergentibus
3183 709 3369 765 Ailam
3417 710 3488 763 de
3532 707 3822 773 Chebron,

2178 804 2277 859 ubi
2309 820 2465 858 nunc
2497 802 2830 858 Romanum
2861 800 3198 873 praesidium
3224 798 3485 871 positum
3517 798 3626 852 est.

2246 891 2434 961 Allus,
2468 891 2626 961 regio
2671 891 3086 957 Idumzcorum,
3134 904 3260 959 quae
3318 903 3476 942 nunc
3530 882 3826 942 Gabalene

2178 980 2409 1046 dicitur,
2441 979 2632 1035 vicina
2664 980 2840 1034 Petrae
2874 978 3111 1033 civitati.

2249 1069 2433 1123 [Euan
2457 1068 2497 1134 ⁵,
2530 1067 2806 1123 euntibus
2835 1066 3185 1131 Thamnam,
3218 1080 3376 1118 nunc
3421 1063 3690 1119 desertus
3740 1060 3826 1117 lo-

2179 1174 2283 1213 cus
2313 1160 2370 1212 et
2417 1157 2720 1228 proximus
2771 1155 3043 1210 Thamnze
3094 1153 3215 1209 vico
3264 1151 3494 1224 grandi,
3541 1150 3642 1223 qui
3676 1149 3828 1207 situs

2179 1250 2267 1302 est
2298 1246 2449 1301 inter
2478 1244 2682 1300 /Eliam
2714 1248 2772 1299 et
2802 1242 3138 1315 Diospolim.
3174 1243 3272 1296 Est
3301 1245 3359 1295 et
3387 1240 3517 1295 fons
3545 1239 3606 1294 in
3647 1255 3831 1311 supra

2181 1336 2333 1388 dicto
2370 1340 2522 1389 Acna
2574 1332 2739 1388 loco:
2795 1330 2950 1386 unde
2998 1334 3055 1386 et
3098 1333 3339 1395 Aenam,
3386 1328 3446 1382 id
3494 1331 3601 1394 est,
3650 1327 3831 1383 fontis

2184 1439 2395 1479 nomen
2421 1421 2677 1493 accepit:
2713 1421 2771 1475 in
2803 1436 2919 1491 quo
2945 1423 3110 1474 stans
3136 1417 3357 1474 idolum
3387 1416 3640 1473 maxima
3667 1415 3831 1471 illius

2183 1510 2437 1583 regionis
2470 1509 2840 1565 veneratione
2871 1507 3104 1564 colitur.
3156 1507 3353 1579 (Porro
3400 1505 3621 1561 Hebraei
3669 1503 3832 1559 afﬁr-

2185 1604 2350 1656 mant
2380 1603 2585 1654 [Euam
2619 1615 2733 1655 non
2766 1598 2963 1652 lucum
3013 1596 3367 1668 significare,
3410 1594 3512 1650 sed
3563 1592 3831 1649 bivium:

2186 1688 2286 1744 ubi
2317 1692 2471 1743 certo
2499 1687 2713 1742 intuitu
2738 1686 3133 1742 necessarium
3154 1683 3232 1740 sit
3252 1684 3325 1740 ad
3348 1699 3526 1739 unam
3545 1698 3577 1738 e
3600 1682 3835 1739 duabus

2254 1875 2603 1941 Arcaatadf,
2638 1873 2799 1929 locus
2843 1877 3006 1928 trans
3049 1872 3389 1938 Jordanem,
3424 1869 3483 1923 in
3517 1886 3633 1944 quo
3664 1868 3838 1941 plan-

2182 1967 2394 2019 xerunt
2425 1963 2721 2034 quondam
2754 1962 2956 2027 Jacob,
3007 1959 3178 2015 tertio
3230 1977 3264 2015 a
3311 1957 3542 2014 Jericho
3572 1956 3769 2026 lapide
3788 1959 3831 2023 7,

2183 2053 2416 2107 duobus
2449 2050 2712 2105 millibus
2770 2050 2842 2105 ab
2900 2049 3178 2115 Jordane,
3234 2047 3335 2119 qui
3387 2062 3544 2101 nunc
3588 2050 3835 2101 vocatur

2184 2140 2422 2213 Bethgla
2442 2142 2461 2173 ³
2492 2158 2504 2207 ;
2539 2140 2693 2210 quod
2726 2138 3161 2210 interpretatur,
3194 2136 3358 2191 locus
3389 2136 3513 2207 gyri
3542 2151 3555 2190 :
3582 2151 3649 2191 eo
3676 2135 3833 2206 quod

2184 2230 2264 2284 ibi
2299 2246 2457 2284 more
2488 2226 2891 2300 plangentium
2922 2225 3441 2294 circumierint(.4t.
3465 2225 3831 2293 circumeunt)

2187 2319 2245 2373 in
2278 2318 2480 2373 funere
2509 2317 2711 2373 Jacob.

2807 2405 2901 2459 DE
2940 2402 3201 2459 EXODO.

2258 2494 2450 2563 Ailim,
2486 2497 2679 2549 castra
2736 2493 2992 2548 ﬁliorum
3051 2491 3251 2557 Israel,
3309 2494 3365 2545 et
3422 2489 3586 2545 locus
3643 2488 3707 2543 in
3738 2488 3838 2544 de-

2186 2587 2340 2639 serto
2379 2583 2438 2638 in
2467 2599 2582 2655 quo
2619 2582 2925 2639 duodecim
2958 2582 3166 2652 fontes,
3209 2585 3266 2635 et
3312 2578 3689 2652 septuaginta
3717 2577 3846 2651 pal-

2188 2689 2421 2728 marum
2478 2672 2714 2727 arbores
2774 2671 3026 2743 (Moyses
3076 2670 3146 2725 de
3188 2668 3353 2749 .mari
3410 2668 3617 2747 Rubro
3638 2666 3842 2723 exiens

2190 2760 2447 2833 reperit).

2189 2870 2331 2922 serto
2360 2865 2527 2922 Gades
2550 2884 2568 2920 :
2597 2868 2650 2921 et
2702 2881 2872 2936 usque
2922 2880 3071 2919 nunc
3116 2864 3418 2936 ostenditur
3470 2863 3606 2936 villa
3630 2862 3704 2936 fab
3733 2877 3843 2936 op-

2187 2936 2313 3009 pido
2344 2937 2596 3009 Malathis
2625 2935 2816 3009 quarto
2846 2936 3050 3009 lapide,
3097 2952 3150 3009 a_
3180 2935 3426 3009 Chebron
3472 2935 3754 3009 vicesimo,
3780 2935 3840 2987 in

2940 3000 3082 3062 meo
3112 3005 3359 3062 Eusebio
3392 3004 3517 3076 lege
3564 3000 3842 3076 Μάλαθις,

2197 3095 2316 3133 non
2374 3076 2573 3144 Μάλις,
2634 3074 2735 3133 aut
2812 3074 2973 3148 μόλις
3048 3094 3184 3132 cum
3258 3074 3577 3133 Bonfrerio.
3639 3075 3711 3130 Et
3765 3091 3842 3148 ne

2198 3149 2338 3221 quid
2368 3149 2669 3221 amplioris
2694 3146 3011 3221 diligentiae
3042 3166 3076 3203 a
3107 3165 3201 3204 me
3247 3148 3578 3221 desiderare
3623 3146 3843 3221 possis,

2198 3218 2404 3277 moneo
2444 3218 2519 3288 te,
2572 3218 2892 3292 benignum
2950 3219 3244 3292 lectorem,
3293 3218 3583 3274 Maliattha
3636 3218 3848 3292 urbem

2193 3308 2321 3348 esse
2352 3293 2575 3347 Arabian
2608 3288 2838 3359 Petreaz,
2872 3295 3017 3347 teste
3045 3290 3390 3346 Ptolemaeo:
3426 3306 3552 3360 qua:
3595 3288 3845 3360 quidem

2194 3364 2399 3419 eadem
2432 3364 2662 3418 videtur
2694 3380 2825 3418 cum
2858 3363 3071 3434 oppido
3100 3362 3391 3434 Malathis:
3424 3360 3847 3434 seltem‘voca-

2196 3434 2317 3489 buli
2349 3441 2406 3490 et
2462 3434 2736 3506 regionis,
2771 3430 2980 3488 vicinia
3038 3437 3212 3506 atque
3271 3432 3575 3506 afﬁnitate.
3636 3430 3850 3487 Confer

2195 3507 2392 3562 omnia
2421 3504 2554 3561 cum
2584 3505 2801 3561 tabulis
2831 3504 3239 3576 geographicis
3286 3504 3601 3575 Scriptura
3640 3518 3844 3558 sacra.

2194 3581 2475 3633 MARTIAN.

2265 3650 2285 3683 δ
2319 3649 2652 3704 Bonfrerius
2684 3646 2801 3702 ait:
2845 3646 2970 3701 Non
3031 3648 3258 3711 zEnam,
3317 3646 3419 3701 sed
3475 3646 3709 3714 Aenum,
3757 3642 3849 3699 vel

2194 3723 2348 3775 Enan
2377 3721 2595 3774 habent
2623 3734 2828 3774 omnes
2869 3717 3096 3773 codices
3146 3716 3852 3789 Septuagintainterpre-

2193 3798 2340 3847 tum.
2373 3791 2514 3846 Gen.
2549 3806 2674 3860 cap.
2734 3806 2970 3855 xxxvm,
3033 3804 3181 3844 vers.
3225 3787 3331 3854 ’14,
3374 3787 3602 3860 'ubiin
3644 3791 3852 3841 nostra

2190 3862 2452 3918 versione
2484 3858 2645 3916 nulla
2674 3864 2763 3916 est
2789 3877 2896 3915 vox
2942 3860 3213 3931 propria:
3256 3875 3403 3931 nam
3450 3858 3847 3931 Hieronymus

2188 3933 2378 4002 vertit,
2412 3935 2469 3988 in
2502 3933 2645 3987 bivio
2674 3932 2912 3997 itineris,
2946 3929 3064 4001 pro
3094 3947 3208 4001 quo
3242 3930 3625 4002 Septuaginta
3644 3929 3851 4002 inter.

2194 4000 2381 4075 pretes
2414 4005 2685 4058 dixerunt
2734 4002 2803 4056 ad
2857 4000 3045 4075 portas
3097 4000 3421 4056 Euam—Et
3470 4000 3610 4056 vero
3638 4000 3701 4055 in
3724 4006 3847 4075 lie-

2190 4071 2341 4131 brazo
2372 4079 2461 4130 est
2490 4077 2550 4129 in
2579 4075 2715 4130 ostio
2744 4071 3026 4133 Henhiim;
3059 4087 3189 4143 qua:
3221 4076 3515 4143 postrema
3550 4088 3662 4126 vox
3691 4071 3847 4126 sitne

2191 4148 2429 4219 propria
2456 4164 2528 4201 an
2565 4143 2949 4219 appellativa,
2982 4144 3041 4198 in
3074 4143 3224 4219 hanc
3274 4143 3844 4219 diem__d_isputatur,

2190 4214 2687 4290 quemadmodum
2720 4216 3120 4290 nos_ad__eum
3170 4214 3365 4270 locum
3415 4214 3711 4290 diximus:
3741 4230 3850 4285 ap-

2188 4284 2459 4360 pellative
2508 4291 2745 4360 sumpta
2803 4286 3133 4360 signiﬁcare
3189 4290 3382 4360 potest
3433 4284 3584 4341 duos
3625 4284 3851 4360 fontes,

2186 4356 2273 4415 vel
2304 4360 2454 4414 duos
2484 4356 2683 4414 oculos
2718 4356 2881 4429 seu'
2904 4358 3053 4412 duos
3090 4356 3280 4429 quasi
3338 4362 3633 4429 aspectus,
3678 4360 3747 4411 ut
3775 4356 3853 4429 fit

2188 4432 2248 4486 in
2278 4431 2450 4495 bivio,
2473 4446 2607 4484 cum
2629 4428 2762 4500 quis
2786 4429 2963 4483 haeret
2984 4433 3041 4500 et
3070 4426 3435 4500 dubitatque.
3453 4428 3718 4500 cundum
3739 4426 3842 4482 sit.

2188 4501 2479 4572 Quidquid
2514 4503 2608 4567 sit,
2648 4498 2809 4571 saepe
2868 4516 2947 4572 ex_
2992 4498 3102 4554 loci
3150 4498 3417 4572 igenio‘et
3447 4499 3845 4572 circumstan-

2188 4573 2270 4627 tia
2299 4569 2540 4627 nemina
2585 4569 2951 4644 propriave]
2994 4569 3449 4644 quasifpropria
3491 4571 3850 4644 induuntur,

2192 4644 2343 4715 quod
2380 4644 2536 4698 credi
2567 4640 2759 4714 potest
2796 4642 2847 4697 ei
2877 4640 3344 4715 loco’accidi‘sse;
3369 4642 3662 4715 planeque
3676 4641 3849 4715 _veri-

2194 4711 2383 4770 simile
2414 4719 2520 4782 est,
2558 4711 2671 4769 non
2702 4730 2828 4768 esse
2861 4711 3265 4785 aliumilocum
3300 4711 3386 4767 ab
3421 4730 3486 4768 eo
3533 4711 3854 4785 εἶσί-,108118

2194 4803 2319 4856 cap.
2346 4803 2417 4840 xv
2446 4802 2594 4840 vers.
2628 4787 2716 4850 34,
2751 4786 2809 4838 in
2840 4784 2995 4838 tribu
3047 4783 3201 4856 Juda
3244 4786 3449 4839 Ennim
3484 4783 3848 4856 appellatur,

2193 4854 2293 4928 qui
2328 4863 2529 4927 postea
2560 4857 2618 4911 in
2652 4857 2857 4910 urbem
2888 4854 3146 4924 creverit.
3178 4864 3193 4928 _'

2262 4930 2283 4962 ⁶
2312 4924 2606 4994 .lreaatud,
2668 4928 2814 4981 locus
2871 4935 3027 4980 trans
3064 4924 3375 4981 Iordanem.
3431 4926 3649 4981 Locum
3680 4925 3848 4981 hunc

2193 4998 2634 5055 celeberrimum
2668 4996 3037 5069 praetermisit
3085 4998 3395 5069 Eusebius,
3441 4998 3715 5069 quamvis
3741 5012 3845 5051 oc-

2191 5075 2383 5195 1(aurai
2416 5071 2506 5125 bis
2538 5068 2683 5125 Gen.
2736 5087 2786 5123 L.
2848 5068 2913 5122 40
2973 5072 3029 5122 et
3087 5069 3175 5135 11,
3235 5068 3393 5139 apud
3428 5068 3844 5140 Septuaginta.

2249 5159 2471 5195 mrum.

2249 5159 2471 5197 ARTIAN.

2260 5215 2279 5247 ⁷
2311 5212 2602 5293 Josephus
2633 5209 2889 5293 spatium
2919 5208 3030 5293 hoc
3051 5224 3179 5293 esse
3199 5210 3271 5262 60
3289 5210 3617 5293 siadioriim
3650 5208 3846 5274 docet,

2188 5284 2245 5337 id
2279 5287 2366 5339 est
2393 5286 2427 5336 7
2454 5280 2795 5337 milliarium
2828 5285 2886 5335 et
2934 5280 3264 5334 dimidium.
3314 5285 3455 5336 Cum
3488 5281 3848 5351 Hieronymo

2190 5352 3103 5433 tamenAconvenitiisdemﬂpene
3131 5351 3322 5433 verbis
3378 5350 3809 5433 Erocopiusiﬂa

2190 5369 2387 5410 tamen
2420 5369 2688 5408 convenit
2718 5369 3103 5477 nsaemEpene
3131 5369 3322 5433 verbis
3384 5369 3699 5433 Procopius
3723 5369 3809 5406 ua

2188 5443 2341 5482 zmus
2371 5428 2529 5481 Com.
2563 5425 2632 5479 ad
2666 5424 2809 5480 Gen.
2842 5441 2894 5477 L.
2971 5440 3007 5479 x
3041 5438 3156 5494 quo
3177 5425 3352 5479 etiam
3378 5422 3689 5481 Eusebiani
3716 5425 3854 5494 tu:

2187 5501 2283 5569 tus
2363 5497 2631 5552 lacunam
2705 5494 2963 5567 suppleri
3039 5492 3342 5550 commode
3418 5512 3609 5569 posse,
3682 5492 3846 5550 docti

2183 5568 2289 5622 viri
2322 5569 2661 5624 admonent.
2818 5637 2828 5639 _
2919 5636 2929 5639 Α
3428 5568 3431 5569 ⁷
3733 5596 3754 5639 -_
3781 5588 3790 5639 ί

2251 5639 2533 5714 ⁸,Βθείρεθ
2564 5655 2677 5697 ms.
2710 5636 3012 5705 Bethacla;
3056 5652 3191 5694 mox
3246 5653 3349 5711 pro
3398 5638 3553 5696 locus
3590 5636 3843 5711 nomine

2183 5709 2621 5774 malim'domus.
