  <div class='ocr_page' id='page_1' title='image "/cluster/home/n/w/nwhite01/storage/ocr_20150623/23/hvd.32044052772480/462.png"; bbox 0 0 4088 6166; ppageno 0'>
   <div class='ocr_carea' id='block_1_1' title="bbox 318 257 464 322">
    <p class='ocr_par' dir='ltr' id='par_1_1' title="bbox 318 257 464 322">
     <span class='ocr_line' id='line_1_1' title="bbox 318 257 464 322; baseline 0.007 -31"><span class='ocrx_word' id='word_1_1' title='bbox 318 257 464 322; x_wconf 59' lang='grc'>..909</span> 
     </span>
    </p>
   </div>
   <div class='ocr_carea' id='block_1_2' title="bbox 1335 262 2752 343">
    <p class='ocr_par' dir='ltr' id='par_1_2' title="bbox 1335 262 2752 343">
     <span class='ocr_line' id='line_1_2' title="bbox 1335 262 2752 343; baseline 0.013 -18"><span class='ocrx_word' id='word_1_2' title='bbox 1335 262 1437 325; x_wconf 87' lang='lat' dir='ltr'>DE</span> <span class='ocrx_word' id='word_1_3' title='bbox 1482 264 1662 330; x_wconf 87' lang='lat' dir='ltr'><strong>SITU</strong></span> <span class='ocrx_word' id='word_1_4' title='bbox 1706 268 1805 329; x_wconf 89' lang='lat' dir='ltr'><strong>ET</strong></span> <span class='ocrx_word' id='word_1_5' title='bbox 1848 269 2125 334; x_wconf 88' lang='lat' dir='ltr'><strong>NOMIN.</strong></span> <span class='ocrx_word' id='word_1_6' title='bbox 2168 272 2341 335; x_wconf 88' lang='lat' dir='ltr'><strong>LOC.</strong></span> <span class='ocrx_word' id='word_1_7' title='bbox 2386 275 2752 343; x_wconf 83' lang='lat' dir='ltr'><strong>HEBRAIC.</strong></span> 
     </span>
    </p>
   </div>
   <div class='ocr_carea' id='block_1_3' title="bbox 3620 294 3752 359">
    <p class='ocr_par' dir='ltr' id='par_1_3' title="bbox 3620 294 3752 359">
     <span class='ocr_line' id='line_1_3' title="bbox 3620 294 3752 359; baseline -0.015 0"><span class='ocrx_word' id='word_1_8' title='bbox 3620 294 3752 359; x_wconf 66' lang='lat'><strong>9“)</strong></span> 
     </span>
    </p>
   </div>
   <div class='ocr_carea' id='block_1_4' title="bbox 419 388 3748 483">
    <p class='ocr_par' dir='ltr' id='par_1_4' title="bbox 419 388 3748 483">
     <span class='ocr_line' id='line_1_4' title="bbox 419 388 3748 483; baseline 0.012 -39"><span class='ocrx_word' id='word_1_9' title='bbox 419 390 625 462; x_wconf 73' lang='lat' dir='ltr'><strong>(.Elus,</strong></span> <span class='ocrx_word' id='word_1_10' title='bbox 657 390 718 446; x_wconf 89' lang='lat' dir='ltr'><strong>in</strong></span> <span class='ocrx_word' id='word_1_11' title='bbox 764 388 993 449; x_wconf 87' lang='lat' dir='ltr'><strong>deserto</strong></span> <span class='ocrx_word' id='word_1_12' title='bbox 1044 394 1145 450; x_wconf 89' lang='lat' dir='ltr'><strong>ubi</strong></span> <span class='ocrx_word' id='word_1_13' title='bbox 1194 394 1300 450; x_wconf 83' lang='lat' dir='ltr'><strong>lilii</strong></span> <span class='ocrx_word' id='word_1_14' title='bbox 1361 400 1533 453; x_wconf 81' lang='lat' dir='ltr'><strong>Israel</strong></span> <span class='ocrx_word' id='word_1_15' title='bbox 1593 404 1987 458; x_wconf 86' lang='lat' dir='ltr'><strong>castrametati</strong></span> <span class='ocrx_word' id='word_1_16' title='bbox 2019 408 2074 472; x_wconf 79' lang='grc' dir='ltr'><strong>Α</strong></span> <span class='ocrx_word' id='word_1_17' title='bbox 2106 406 2513 479; x_wconf 72' lang='lat' dir='ltr'><strong>rhzeorumque</strong></span> <span class='ocrx_word' id='word_1_18' title='bbox 2546 412 2862 483; x_wconf 83' lang='lat' dir='ltr'><strong>regionem,</strong></span> <span class='ocrx_word' id='word_1_19' title='bbox 2914 419 2969 469; x_wconf 90' lang='lat' dir='ltr'><strong>et</strong></span> <span class='ocrx_word' id='word_1_20' title='bbox 3012 420 3101 472; x_wconf 88' lang='lat' dir='ltr'><strong>est</strong></span> <span class='ocrx_word' id='word_1_21' title='bbox 3144 418 3204 473; x_wconf 88' lang='lat' dir='ltr'><strong>in</strong></span> <span class='ocrx_word' id='word_1_22' title='bbox 3261 422 3459 479; x_wconf 85' lang='lat' dir='ltr'><strong>octavo</strong></span> <span class='ocrx_word' id='word_1_23' title='bbox 3517 422 3748 483; x_wconf 83' lang='lat' dir='ltr'><strong>circiter</strong></span> 
     </span>
    </p>
   </div>
   <div class='ocr_carea' id='block_1_5' title="bbox 342 482 1848 617">
    <p class='ocr_par' dir='ltr' id='par_1_5' title="bbox 342 482 1848 617">
     <span class='ocr_line' id='line_1_5' title="bbox 342 482 1848 617; baseline 0.007 -11"><span class='ocrx_word' id='word_1_24' title='bbox 342 482 639 608; x_wconf 41' lang='lat' dir='ltr'><strong>sunt-334</strong></span> <span class='ocrx_word' id='word_1_25' title='bbox 670 553 761 608; x_wconf 89' lang='lat' dir='ltr'><strong>DE</strong></span> <span class='ocrx_word' id='word_1_26' title='bbox 796 553 1125 611; x_wconf 81' lang='lat' dir='ltr'><strong>NUMERIS</strong></span> <span class='ocrx_word' id='word_1_27' title='bbox 1156 557 1243 611; x_wconf 89' lang='lat' dir='ltr'><strong>ET</strong></span> <span class='ocrx_word' id='word_1_28' title='bbox 1274 557 1848 617; x_wconf 85' lang='lat' dir='ltr'><strong>DEUTERONOMIO</strong></span> 
     </span>
    </p>
   </div>
   <div class='ocr_carea' id='block_1_6' title="bbox 405 642 1991 714">
    <p class='ocr_par' dir='ltr' id='par_1_6' title="bbox 405 642 1991 714">
     <span class='ocr_line' id='line_1_6' title="bbox 405 642 1991 714; baseline 0.006 -16"><span class='ocrx_word' id='word_1_29' title='bbox 405 642 677 709; x_wconf 84' lang='lat' dir='ltr'><strong>Ascroth,</strong></span> <span class='ocrx_word' id='word_1_30' title='bbox 706 660 842 714; x_wconf 87' lang='lat' dir='ltr'><strong>pars</strong></span> <span class='ocrx_word' id='word_1_31' title='bbox 866 645 1065 711; x_wconf 83' lang='lat' dir='ltr'><strong>eremi,</strong></span> <span class='ocrx_word' id='word_1_32' title='bbox 1101 646 1205 701; x_wconf 93' lang='lat' dir='ltr'><strong>ubi</strong></span> <span class='ocrx_word' id='word_1_33' title='bbox 1228 646 1409 702; x_wconf 90' lang='lat' dir='ltr'><strong>Maria</strong></span> <span class='ocrx_word' id='word_1_34' title='bbox 1439 654 1495 703; x_wconf 90' lang='lat' dir='ltr'><strong>et</strong></span> <span class='ocrx_word' id='word_1_35' title='bbox 1548 656 1740 705; x_wconf 83' lang='lat' dir='ltr'><strong>Aaron</strong></span> <span class='ocrx_word' id='word_1_36' title='bbox 1789 658 1991 708; x_wconf 90' lang='lat' dir='ltr'><strong>contra</strong></span> 
     </span>
    </p>
   </div>
   <div class='ocr_carea' id='block_1_7' title="bbox 333 730 1986 811">
    <p class='ocr_par' dir='ltr' id='par_1_7' title="bbox 333 730 1986 811">
     <span class='ocr_line' id='line_1_7' title="bbox 333 730 1986 811; baseline 0.007 -25"><span class='ocrx_word' id='word_1_37' title='bbox 333 732 575 803; x_wconf 84' lang='lat' dir='ltr'><strong>Moysen</strong></span> <span class='ocrx_word' id='word_1_38' title='bbox 605 730 782 787; x_wconf 90' lang='lat' dir='ltr'><strong>locuti</strong></span> <span class='ocrx_word' id='word_1_39' title='bbox 815 737 973 788; x_wconf 92' lang='lat' dir='ltr'><strong>sunt.</strong></span> <span class='ocrx_word' id='word_1_40' title='bbox 1002 734 1419 791; x_wconf 88' lang='lat' dir='ltr'><strong>Habitaverunt</strong></span> <span class='ocrx_word' id='word_1_41' title='bbox 1460 742 1656 793; x_wconf 89' lang='lat' dir='ltr'><strong>autem</strong></span> <span class='ocrx_word' id='word_1_42' title='bbox 1689 742 1986 811; x_wconf 90' lang='lat' dir='ltr'><strong>quondam</strong></span> 
     </span>
    </p>
   </div>
   <div class='ocr_carea' id='block_1_8' title="bbox 332 820 1985 900">
    <p class='ocr_par' dir='ltr' id='par_1_8' title="bbox 332 820 1985 900">
     <span class='ocr_line' id='line_1_8' title="bbox 332 820 1985 900; baseline 0.006 -24"><span class='ocrx_word' id='word_1_43' title='bbox 332 820 482 876; x_wconf 84' lang='lat' dir='ltr'><strong>Evasi</strong></span> <span class='ocrx_word' id='word_1_44' title='bbox 514 821 569 874; x_wconf 92' lang='lat' dir='ltr'><strong>in</strong></span> <span class='ocrx_word' id='word_1_45' title='bbox 605 821 855 877; x_wconf 83' lang='lat' dir='ltr'><strong>Aseroth</strong></span> <span class='ocrx_word' id='word_1_46' title='bbox 891 838 1079 893; x_wconf 90' lang='lat' dir='ltr'><strong>usque</strong></span> <span class='ocrx_word' id='word_1_47' title='bbox 1112 824 1183 879; x_wconf 91' lang='lat' dir='ltr'><strong>ad</strong></span> <span class='ocrx_word' id='word_1_48' title='bbox 1218 826 1423 880; x_wconf 83' lang='lat' dir='ltr'><strong>urbem</strong></span> <span class='ocrx_word' id='word_1_49' title='bbox 1460 826 1694 883; x_wconf 81' lang='lat' dir='ltr'><strong>Gazam.</strong></span> <span class='ocrx_word' id='word_1_50' title='bbox 1748 830 1985 900; x_wconf 86' lang='lat' dir='ltr'><strong>(Verum</strong></span> 
     </span>
    </p>
   </div>
   <div class='ocr_carea' id='block_1_9' title="bbox 334 908 1984 989">
    <p class='ocr_par' dir='ltr' id='par_1_9' title="bbox 334 908 1984 989">
     <span class='ocr_line' id='line_1_9' title="bbox 334 908 1984 989; baseline 0.008 -26"><span class='ocrx_word' id='word_1_51' title='bbox 334 909 457 964; x_wconf 67' lang='lat' dir='ltr'><strong>haec</strong></span> <span class='ocrx_word' id='word_1_52' title='bbox 487 908 614 965; x_wconf 90' lang='lat' dir='ltr'><strong>loca</strong></span> <span class='ocrx_word' id='word_1_53' title='bbox 646 927 762 965; x_wconf 93' lang='lat' dir='ltr'><strong>non</strong></span> <span class='ocrx_word' id='word_1_54' title='bbox 793 912 1066 977; x_wconf 90' lang='lat' dir='ltr'><strong>Aseroth,</strong></span> <span class='ocrx_word' id='word_1_55' title='bbox 1126 914 1227 968; x_wconf 92' lang='lat' dir='ltr'><strong>sed</strong></span> <span class='ocrx_word' id='word_1_56' title='bbox 1275 915 1501 970; x_wconf 86' lang='lat' dir='ltr'><strong>Ascrim</strong></span> <span class='ocrx_word' id='word_1_57' title='bbox 1559 917 1814 989; x_wconf 89' lang='lat' dir='ltr'><strong>appelari</strong></span> <span class='ocrx_word' id='word_1_58' title='bbox 1876 920 1984 975; x_wconf 88' lang='lat' dir='ltr'><strong>He-</strong></span> 
     </span>
    </p>
   </div>
   <div class='ocr_carea' id='block_1_10' title="bbox 332 998 771 1070">
    <p class='ocr_par' dir='ltr' id='par_1_10' title="bbox 332 998 771 1070">
     <span class='ocr_line' id='line_1_10' title="bbox 332 998 771 1070; baseline 0 -18"><span class='ocrx_word' id='word_1_59' title='bbox 332 998 475 1053; x_wconf 67' lang='lat' dir='ltr'><strong>braei</strong></span> <span class='ocrx_word' id='word_1_60' title='bbox 516 999 771 1070; x_wconf 88' lang='lat' dir='ltr'><strong>putant.)</strong></span> 
     </span>
    </p>
   </div>
   <div class='ocr_carea' id='block_1_11' title="bbox 402 1088 1819 1156">
    <p class='ocr_par' dir='ltr' id='par_1_11' title="bbox 402 1088 1819 1156">
     <span class='ocr_line' id='line_1_11' title="bbox 402 1088 1819 1156; baseline 0.007 -15"><span class='ocrx_word' id='word_1_61' title='bbox 402 1089 712 1156; x_wconf 83' lang='lat' dir='ltr'><strong>Asemona,</strong></span> <span class='ocrx_word' id='word_1_62' title='bbox 747 1092 943 1143; x_wconf 89' lang='lat' dir='ltr'><strong>castra</strong></span> <span class='ocrx_word' id='word_1_63' title='bbox 972 1088 1228 1146; x_wconf 85' lang='lat' dir='ltr'><strong>filiorum</strong></span> <span class='ocrx_word' id='word_1_64' title='bbox 1269 1092 1441 1147; x_wconf 82' lang='lat' dir='ltr'><strong>Israel</strong></span> <span class='ocrx_word' id='word_1_65' title='bbox 1478 1094 1535 1148; x_wconf 90' lang='lat' dir='ltr'><strong>in</strong></span> <span class='ocrx_word' id='word_1_66' title='bbox 1569 1095 1819 1151; x_wconf 90' lang='lat' dir='ltr'><strong>deserto.</strong></span> 
     </span>
    </p>
   </div>
   <div class='ocr_carea' id='block_1_12' title="bbox 401 1175 1979 1256">
    <p class='ocr_par' dir='ltr' id='par_1_12' title="bbox 401 1175 1979 1256">
     <span class='ocr_line' id='line_1_12' title="bbox 401 1175 1979 1256; baseline 0.008 -27"><span class='ocrx_word' id='word_1_67' title='bbox 401 1175 797 1231; x_wconf 73' lang='lat' dir='ltr'><strong>Ahetharim1</strong></span> <span class='ocrx_word' id='word_1_68' title='bbox 836 1192 981 1248; x_wconf 88' lang='lat' dir='ltr'><strong>:pro</strong></span> <span class='ocrx_word' id='word_1_69' title='bbox 1031 1194 1146 1249; x_wconf 90' lang='lat' dir='ltr'><strong>quo</strong></span> <span class='ocrx_word' id='word_1_70' title='bbox 1194 1179 1400 1251; x_wconf 89' lang='lat' dir='ltr'><strong>Aquila</strong></span> <span class='ocrx_word' id='word_1_71' title='bbox 1450 1188 1507 1236; x_wconf 88' lang='lat' dir='ltr'><strong>et</strong></span> <span class='ocrx_word' id='word_1_72' title='bbox 1570 1185 1979 1256; x_wconf 82' lang='lat' dir='ltr'><strong>Symmachus,</strong></span> 
     </span>
    </p>
   </div>
   <div class='ocr_carea' id='block_1_13' title="bbox 330 1262 1980 1338">
    <p class='ocr_par' dir='ltr' id='par_1_13' title="bbox 330 1262 1980 1338">
     <span class='ocr_line' id='line_1_13' title="bbox 330 1262 1980 1338; baseline 0.007 -19"><span class='ocrx_word' id='word_1_73' title='bbox 330 1262 767 1335; x_wconf 83' lang='lat' dir='ltr'><strong>exploratorum</strong></span> <span class='ocrx_word' id='word_1_74' title='bbox 798 1264 955 1320; x_wconf 84' lang='lat' dir='ltr'><strong>viam</strong></span> <span class='ocrx_word' id='word_1_75' title='bbox 996 1265 1358 1338; x_wconf 75' lang='lat' dir='ltr'><strong>interpretati</strong></span> <span class='ocrx_word' id='word_1_76' title='bbox 1420 1276 1561 1325; x_wconf 89' lang='lat' dir='ltr'><strong>sunt</strong></span> <span class='ocrx_word' id='word_1_77' title='bbox 1619 1273 1717 1326; x_wconf 91' lang='lat' dir='ltr'><strong>ubi</strong></span> <span class='ocrx_word' id='word_1_78' title='bbox 1781 1276 1980 1329; x_wconf 90' lang='lat' dir='ltr'><strong>adver-</strong></span> 
     </span>
    </p>
   </div>
   <div class='ocr_carea' id='block_1_14' title="bbox 328 1352 1979 1426">
    <p class='ocr_par' dir='ltr' id='par_1_14' title="bbox 328 1352 1979 1426">
     <span class='ocr_line' id='line_1_14' title="bbox 328 1352 1979 1426; baseline 0.007 -19"><span class='ocrx_word' id='word_1_79' title='bbox 328 1369 463 1408; x_wconf 90' lang='lat' dir='ltr'><strong>sum</strong></span> <span class='ocrx_word' id='word_1_80' title='bbox 514 1352 930 1421; x_wconf 66' lang='lat' dir='ltr'><strong>Chananaaum,</strong></span> <span class='ocrx_word' id='word_1_81' title='bbox 997 1355 1095 1426; x_wconf 90' lang='lat' dir='ltr'><strong>qui</strong></span> <span class='ocrx_word' id='word_1_82' title='bbox 1159 1358 1229 1412; x_wconf 92' lang='lat' dir='ltr'><strong>ab</strong></span> <span class='ocrx_word' id='word_1_83' title='bbox 1291 1364 1487 1416; x_wconf 88' lang='lat' dir='ltr'><strong>austro</strong></span> <span class='ocrx_word' id='word_1_84' title='bbox 1547 1367 1748 1418; x_wconf 89' lang='lat' dir='ltr'><strong>contra</strong></span> <span class='ocrx_word' id='word_1_85' title='bbox 1806 1364 1979 1419; x_wconf 83' lang='lat' dir='ltr'><strong>Israel</strong></span> 
     </span>
    </p>
   </div>
   <div class='ocr_carea' id='block_1_15' title="bbox 329 1442 1431 1513">
    <p class='ocr_par' dir='ltr' id='par_1_15' title="bbox 329 1442 1431 1513">
     <span class='ocr_line' id='line_1_15' title="bbox 329 1442 1431 1513; baseline 0.005 -16"><span class='ocrx_word' id='word_1_86' title='bbox 329 1446 627 1513; x_wconf 84' lang='lat' dir='ltr'><strong>eruperat,</strong></span> <span class='ocrx_word' id='word_1_87' title='bbox 662 1444 721 1498; x_wconf 94' lang='lat' dir='ltr'><strong>in</strong></span> <span class='ocrx_word' id='word_1_88' title='bbox 754 1442 1071 1499; x_wconf 85' lang='lat' dir='ltr'><strong>solitudine</strong></span> <span class='ocrx_word' id='word_1_89' title='bbox 1101 1445 1431 1503; x_wconf 83' lang='lat' dir='ltr'><strong>dimicatur.</strong></span> 
     </span>
    </p>
   </div>
   <div class='ocr_carea' id='block_1_16' title="bbox 400 1530 1977 1607">
    <p class='ocr_par' dir='ltr' id='par_1_16' title="bbox 400 1530 1977 1607">
     <span class='ocr_line' id='line_1_16' title="bbox 400 1530 1977 1607; baseline 0.008 -23"><span class='ocrx_word' id='word_1_90' title='bbox 400 1530 545 1586; x_wconf 88' lang='lat' dir='ltr'><strong>Ahie</strong></span> <span class='ocrx_word' id='word_1_91' title='bbox 576 1548 703 1602; x_wconf 69' lang='lat' dir='ltr'><strong>qua:</strong></span> <span class='ocrx_word' id='word_1_92' title='bbox 736 1536 794 1587; x_wconf 88' lang='lat' dir='ltr'><strong>et</strong></span> <span class='ocrx_word' id='word_1_93' title='bbox 823 1531 1102 1603; x_wconf 85' lang='lat' dir='ltr'><strong>Acbalgai</strong></span> <span class='ocrx_word' id='word_1_94' title='bbox 1140 1552 1151 1597; x_wconf 89' lang='lat'><strong>;</strong></span> <span class='ocrx_word' id='word_1_95' title='bbox 1187 1552 1289 1605; x_wconf 93' lang='lat' dir='ltr'><strong>pro</strong></span> <span class='ocrx_word' id='word_1_96' title='bbox 1321 1536 1427 1593; x_wconf 86' lang='lat' dir='ltr'><strong>hac</strong></span> <span class='ocrx_word' id='word_1_97' title='bbox 1471 1540 1862 1607; x_wconf 82' lang='lat' dir='ltr'><strong>Symmachus</strong></span> <span class='ocrx_word' id='word_1_98' title='bbox 1895 1543 1977 1596; x_wconf 89' lang='lat' dir='ltr'><strong>in-</strong></span> 
     </span>
    </p>
   </div>
   <div class='ocr_carea' id='block_1_17' title="bbox 330 1620 1981 1701">
    <p class='ocr_par' dir='ltr' id='par_1_17' title="bbox 330 1620 1981 1701">
     <span class='ocr_line' id='line_1_17' title="bbox 330 1620 1981 1701; baseline 0.007 -27"><span class='ocrx_word' id='word_1_99' title='bbox 330 1623 708 1691; x_wconf 87' lang='lat' dir='ltr'><strong>terpretatur,</strong></span> <span class='ocrx_word' id='word_1_100' title='bbox 743 1621 801 1675; x_wconf 92' lang='lat' dir='ltr'><strong>in</strong></span> <span class='ocrx_word' id='word_1_101' title='bbox 835 1620 1102 1677; x_wconf 91' lang='lat' dir='ltr'><strong>collibus.</strong></span> <span class='ocrx_word' id='word_1_102' title='bbox 1130 1625 1229 1678; x_wconf 80' lang='lat' dir='ltr'><strong>Est</strong></span> <span class='ocrx_word' id='word_1_103' title='bbox 1261 1631 1453 1680; x_wconf 89' lang='lat' dir='ltr'><strong>autem</strong></span> <span class='ocrx_word' id='word_1_104' title='bbox 1476 1644 1506 1681; x_wconf 92' lang='lat' dir='ltr'><strong>e</strong></span> <span class='ocrx_word' id='word_1_105' title='bbox 1538 1629 1771 1700; x_wconf 86' lang='lat' dir='ltr'><strong>regione</strong></span> <span class='ocrx_word' id='word_1_106' title='bbox 1801 1646 1981 1701; x_wconf 92' lang='lat' dir='ltr'><strong>quon-</strong></span> 
     </span>
    </p>
   </div>
   <div class='ocr_carea' id='block_1_18' title="bbox 323 1710 1977 1790">
    <p class='ocr_par' dir='ltr' id='par_1_18' title="bbox 323 1710 1977 1790">
     <span class='ocr_line' id='line_1_18' title="bbox 323 1710 1977 1790; baseline 0.006 -26"><span class='ocrx_word' id='word_1_107' title='bbox 323 1710 462 1765; x_wconf 90' lang='lat' dir='ltr'><strong>dam</strong></span> <span class='ocrx_word' id='word_1_108' title='bbox 498 1710 688 1778; x_wconf 86' lang='lat' dir='ltr'><strong>Moab,</strong></span> <span class='ocrx_word' id='word_1_109' title='bbox 724 1728 879 1765; x_wconf 92' lang='lat' dir='ltr'><strong>nunc</strong></span> <span class='ocrx_word' id='word_1_110' title='bbox 920 1712 1274 1784; x_wconf 86' lang='lat' dir='ltr'><strong>Areopoleos</strong></span> <span class='ocrx_word' id='word_1_111' title='bbox 1323 1716 1393 1769; x_wconf 85' lang='lat' dir='ltr'><strong>ad</strong></span> <span class='ocrx_word' id='word_1_112' title='bbox 1452 1716 1795 1773; x_wconf 85' lang='lat' dir='ltr'><strong>orientalem</strong></span> <span class='ocrx_word' id='word_1_113' title='bbox 1853 1720 1977 1790; x_wconf 90' lang='lat' dir='ltr'><strong>pla-</strong></span> 
     </span>
    </p>
   </div>
   <div class='ocr_carea' id='block_1_19' title="bbox 324 1814 483 1871">
    <p class='ocr_par' dir='ltr' id='par_1_19' title="bbox 324 1814 483 1871">
     <span class='ocr_line' id='line_1_19' title="bbox 324 1814 483 1871; baseline -0.006 -17"><span class='ocrx_word' id='word_1_114' title='bbox 324 1814 483 1871; x_wconf 84' lang='lat' dir='ltr'><strong>gam.</strong></span> 
     </span>
    </p>
   </div>
   <div class='ocr_carea' id='block_1_20' title="bbox 396 1889 1975 1965">
    <p class='ocr_par' dir='ltr' id='par_1_20' title="bbox 396 1889 1975 1965">
     <span class='ocr_line' id='line_1_20' title="bbox 396 1889 1975 1965; baseline 0.006 -23"><span class='ocrx_word' id='word_1_115' title='bbox 396 1889 617 1955; x_wconf 83' lang='lat' dir='ltr'><strong>Arnen,</strong></span> <span class='ocrx_word' id='word_1_116' title='bbox 665 1904 841 1961; x_wconf 88' lang='lat' dir='ltr'><strong>rupes</strong></span> <span class='ocrx_word' id='word_1_117' title='bbox 869 1891 1133 1961; x_wconf 62' lang='lat' dir='ltr'><strong>quaedam</strong></span> <span class='ocrx_word' id='word_1_118' title='bbox 1188 1891 1245 1945; x_wconf 91' lang='lat' dir='ltr'><strong>in</strong></span> <span class='ocrx_word' id='word_1_119' title='bbox 1296 1892 1548 1949; x_wconf 88' lang='lat' dir='ltr'><strong>sublime</strong></span> <span class='ocrx_word' id='word_1_120' title='bbox 1599 1900 1866 1965; x_wconf 89' lang='lat' dir='ltr'><strong>porrecta</strong></span> <span class='ocrx_word' id='word_1_121' title='bbox 1917 1897 1975 1951; x_wconf 91' lang='lat' dir='ltr'><strong>in</strong></span> 
     </span>
    </p>
   </div>
   <div class='ocr_carea' id='block_1_21' title="bbox 326 1976 1973 2041">
    <p class='ocr_par' dir='ltr' id='par_1_21' title="bbox 326 1976 1973 2041">
     <span class='ocr_line' id='line_1_21' title="bbox 326 1976 1973 2041; baseline 0.006 -10"><span class='ocrx_word' id='word_1_122' title='bbox 326 1976 547 2032; x_wconf 80' lang='lat' dir='ltr'><strong>finibus</strong></span> <span class='ocrx_word' id='word_1_123' title='bbox 574 1977 1042 2033; x_wconf 74' lang='lat' dir='ltr'><strong>Amorrhzeorum</strong></span> <span class='ocrx_word' id='word_1_124' title='bbox 1076 1979 1228 2036; x_wconf 91' lang='lat' dir='ltr'><strong>inter</strong></span> <span class='ocrx_word' id='word_1_125' title='bbox 1268 1981 1436 2037; x_wconf 89' lang='lat' dir='ltr'><strong>Moab</strong></span> <span class='ocrx_word' id='word_1_126' title='bbox 1488 1987 1543 2037; x_wconf 90' lang='lat' dir='ltr'><strong>et</strong></span> <span class='ocrx_word' id='word_1_127' title='bbox 1590 1985 1973 2041; x_wconf 77' lang='lat' dir='ltr'><strong>Amorrhzeos.</strong></span> 
     </span>
    </p>
   </div>
   <div class='ocr_carea' id='block_1_22' title="bbox 325 2065 1975 2145">
    <p class='ocr_par' dir='ltr' id='par_1_22' title="bbox 325 2065 1975 2145">
     <span class='ocr_line' id='line_1_22' title="bbox 325 2065 1975 2145; baseline 0.007 -26"><span class='ocrx_word' id='word_1_128' title='bbox 325 2065 502 2119; x_wconf 84' lang='lat' dir='ltr'><strong>Moab</strong></span> <span class='ocrx_word' id='word_1_129' title='bbox 534 2082 663 2120; x_wconf 89' lang='lat' dir='ltr'><strong>vero</strong></span> <span class='ocrx_word' id='word_1_130' title='bbox 695 2066 917 2121; x_wconf 70' lang='lat' dir='ltr'><strong>Arabiae</strong></span> <span class='ocrx_word' id='word_1_131' title='bbox 950 2067 1151 2124; x_wconf 89' lang='lat' dir='ltr'><strong>civitas</strong></span> <span class='ocrx_word' id='word_1_132' title='bbox 1182 2072 1293 2136; x_wconf 90' lang='lat' dir='ltr'><strong>est,</strong></span> <span class='ocrx_word' id='word_1_133' title='bbox 1345 2086 1472 2141; x_wconf 68' lang='lat' dir='ltr'><strong>qua:</strong></span> <span class='ocrx_word' id='word_1_134' title='bbox 1514 2088 1671 2126; x_wconf 90' lang='lat' dir='ltr'><strong>nunc</strong></span> <span class='ocrx_word' id='word_1_135' title='bbox 1719 2079 1975 2145; x_wconf 85' lang='lat' dir='ltr'><strong>Areopo-</strong></span> 
     </span>
    </p>
   </div>
   <div class='ocr_carea' id='block_1_23' title="bbox 322 2153 1977 2229">
    <p class='ocr_par' dir='ltr' id='par_1_23' title="bbox 322 2153 1977 2229">
     <span class='ocr_line' id='line_1_23' title="bbox 322 2153 1977 2229; baseline 0.007 -22"><span class='ocrx_word' id='word_1_136' title='bbox 322 2153 403 2207; x_wconf 91' lang='lat' dir='ltr'><strong>lis</strong></span> <span class='ocrx_word' id='word_1_137' title='bbox 439 2154 788 2209; x_wconf 85' lang='lat' dir='ltr'><strong>nominatur.</strong></span> <span class='ocrx_word' id='word_1_138' title='bbox 824 2155 1153 2211; x_wconf 88' lang='lat' dir='ltr'><strong>Ostendunt</strong></span> <span class='ocrx_word' id='word_1_139' title='bbox 1184 2158 1437 2229; x_wconf 84' lang='lat' dir='ltr'><strong>regionis</strong></span> <span class='ocrx_word' id='word_1_140' title='bbox 1468 2158 1629 2215; x_wconf 90' lang='lat' dir='ltr'><strong>illius</strong></span> <span class='ocrx_word' id='word_1_141' title='bbox 1661 2162 1865 2217; x_wconf 77' lang='lat' dir='ltr'><strong>accolae</strong></span> <span class='ocrx_word' id='word_1_142' title='bbox 1900 2162 1977 2219; x_wconf 89' lang='lat' dir='ltr'><strong>lo-</strong></span> 
     </span>
    </p>
   </div>
   <div class='ocr_carea' id='block_1_24' title="bbox 324 2242 1976 2316">
    <p class='ocr_par' dir='ltr' id='par_1_24' title="bbox 324 2242 1976 2316">
     <span class='ocr_line' id='line_1_24' title="bbox 324 2242 1976 2316; baseline 0.007 -20"><span class='ocrx_word' id='word_1_143' title='bbox 324 2258 465 2296; x_wconf 91' lang='lat' dir='ltr'><strong>cum</strong></span> <span class='ocrx_word' id='word_1_144' title='bbox 496 2242 659 2298; x_wconf 87' lang='lat' dir='ltr'><strong>vallis</strong></span> <span class='ocrx_word' id='word_1_145' title='bbox 686 2242 747 2298; x_wconf 91' lang='lat' dir='ltr'><strong>in</strong></span> <span class='ocrx_word' id='word_1_146' title='bbox 780 2250 1072 2316; x_wconf 68' lang='lat' dir='ltr'><strong>praerupta</strong></span> <span class='ocrx_word' id='word_1_147' title='bbox 1102 2246 1384 2303; x_wconf 64' lang='lat' dir='ltr'><strong>demersa:</strong></span> <span class='ocrx_word' id='word_1_148' title='bbox 1416 2249 1560 2304; x_wconf 87' lang='lat' dir='ltr'><strong>satis</strong></span> <span class='ocrx_word' id='word_1_149' title='bbox 1589 2250 1976 2307; x_wconf 91' lang='lat' dir='ltr'><strong>horribileme</strong></span> 
     </span>
    </p>
   </div>
   <div class='ocr_carea' id='block_1_25' title="bbox 320 2329 1976 2408">
    <p class='ocr_par' dir='ltr' id='par_1_25' title="bbox 320 2329 1976 2408">
     <span class='ocr_line' id='line_1_25' title="bbox 320 2329 1976 2408; baseline 0.007 -23"><span class='ocrx_word' id='word_1_150' title='bbox 320 2329 743 2402; x_wconf 89' lang='lat' dir='ltr'><strong>periculosum,</strong></span> <span class='ocrx_word' id='word_1_151' title='bbox 776 2333 935 2404; x_wconf 91' lang='lat' dir='ltr'><strong>quia</strong></span> <span class='ocrx_word' id='word_1_152' title='bbox 964 2333 1258 2407; x_wconf 85' lang='lat' dir='ltr'><strong>plerisque</strong></span> <span class='ocrx_word' id='word_1_153' title='bbox 1289 2353 1478 2408; x_wconf 86' lang='lat' dir='ltr'><strong>usque</strong></span> <span class='ocrx_word' id='word_1_154' title='bbox 1509 2355 1665 2393; x_wconf 91' lang='lat' dir='ltr'><strong>nunc</strong></span> <span class='ocrx_word' id='word_1_155' title='bbox 1716 2341 1976 2396; x_wconf 82' lang='lat' dir='ltr'><strong>Arnonas</strong></span> 
     </span>
    </p>
   </div>
   <div class='ocr_carea' id='block_1_26' title="bbox 320 2418 1975 2496">
    <p class='ocr_par' dir='ltr' id='par_1_26' title="bbox 320 2418 1975 2496">
     <span class='ocr_line' id='line_1_26' title="bbox 320 2418 1975 2496; baseline 0.006 -21"><span class='ocrx_word' id='word_1_156' title='bbox 320 2418 692 2491; x_wconf 88' lang='lat' dir='ltr'><strong>appellatur:</strong></span> <span class='ocrx_word' id='word_1_157' title='bbox 722 2421 1166 2494; x_wconf 80' lang='lat' dir='ltr'><strong>extenditurque</strong></span> <span class='ocrx_word' id='word_1_158' title='bbox 1202 2425 1273 2479; x_wconf 82' lang='lat' dir='ltr'><strong>ad</strong></span> <span class='ocrx_word' id='word_1_159' title='bbox 1300 2427 1754 2496; x_wconf 85' lang='lat' dir='ltr'><strong>septentrionem</strong></span> <span class='ocrx_word' id='word_1_160' title='bbox 1804 2434 1975 2485; x_wconf 85' lang='lat' dir='ltr'><strong>Areo-</strong></span> 
     </span>
    </p>
   </div>
   <div class='ocr_carea' id='block_1_27' title="bbox 319 2507 1976 2587">
    <p class='ocr_par' dir='ltr' id='par_1_27' title="bbox 319 2507 1976 2587">
     <span class='ocr_line' id='line_1_27' title="bbox 319 2507 1976 2587; baseline 0.007 -25"><span class='ocrx_word' id='word_1_161' title='bbox 319 2507 523 2579; x_wconf 88' lang='lat' dir='ltr'><strong>poleos</strong></span> <span class='ocrx_word' id='word_1_162' title='bbox 558 2526 571 2563; x_wconf 93' lang='lat'>:</span> <span class='ocrx_word' id='word_1_163' title='bbox 603 2509 664 2563; x_wconf 91' lang='lat' dir='ltr'><strong>in</strong></span> <span class='ocrx_word' id='word_1_164' title='bbox 716 2525 830 2581; x_wconf 91' lang='lat' dir='ltr'><strong>quo</strong></span> <span class='ocrx_word' id='word_1_165' title='bbox 861 2515 918 2565; x_wconf 88' lang='lat' dir='ltr'><strong>et</strong></span> <span class='ocrx_word' id='word_1_166' title='bbox 947 2510 1201 2567; x_wconf 91' lang='lat' dir='ltr'><strong>militum</strong></span> <span class='ocrx_word' id='word_1_167' title='bbox 1234 2529 1302 2568; x_wconf 85' lang='lat' dir='ltr'><strong>ex</strong></span> <span class='ocrx_word' id='word_1_168' title='bbox 1325 2515 1483 2569; x_wconf 90' lang='lat' dir='ltr'><strong>omni</strong></span> <span class='ocrx_word' id='word_1_169' title='bbox 1512 2520 1673 2586; x_wconf 90' lang='lat' dir='ltr'><strong>parte</strong></span> <span class='ocrx_word' id='word_1_170' title='bbox 1705 2518 1976 2587; x_wconf 63' lang='lat' dir='ltr'><strong>praesidia</strong></span> 
     </span>
    </p>
   </div>
   <div class='ocr_carea' id='block_1_28' title="bbox 320 2595 1975 2671">
    <p class='ocr_par' dir='ltr' id='par_1_28' title="bbox 320 2595 1975 2671">
     <span class='ocr_line' id='line_1_28' title="bbox 320 2595 1975 2671; baseline 0.007 -21"><span class='ocrx_word' id='word_1_171' title='bbox 320 2595 645 2651; x_wconf 86' lang='lat' dir='ltr'><strong>distributa</strong></span> <span class='ocrx_word' id='word_1_172' title='bbox 664 2595 904 2667; x_wconf 88' lang='lat' dir='ltr'><strong>plenum</strong></span> <span class='ocrx_word' id='word_1_173' title='bbox 929 2600 1236 2671; x_wconf 85' lang='lat' dir='ltr'><strong>sanguinis</strong></span> <span class='ocrx_word' id='word_1_174' title='bbox 1250 2606 1305 2656; x_wconf 91' lang='lat' dir='ltr'><strong>et</strong></span> <span class='ocrx_word' id='word_1_175' title='bbox 1328 2602 1661 2659; x_wconf 84' lang='lat' dir='ltr'><strong>formidinis</strong></span> <span class='ocrx_word' id='word_1_176' title='bbox 1682 2608 1975 2661; x_wconf 84' lang='lat' dir='ltr'><strong>testantur</strong></span> 
     </span>
    </p>
   </div>
   <div class='ocr_carea' id='block_1_29' title="bbox 320 2682 1973 2765">
    <p class='ocr_par' dir='ltr' id='par_1_29' title="bbox 320 2682 1973 2765">
     <span class='ocr_line' id='line_1_29' title="bbox 320 2682 1973 2765; baseline 0.008 -28"><span class='ocrx_word' id='word_1_177' title='bbox 320 2682 681 2755; x_wconf 86' lang='lat' dir='ltr'><strong>ingressum.</strong></span> <span class='ocrx_word' id='word_1_178' title='bbox 716 2686 820 2740; x_wconf 86' lang='lat' dir='ltr'><strong>Hic</strong></span> <span class='ocrx_word' id='word_1_179' title='bbox 852 2688 1147 2756; x_wconf 89' lang='lat' dir='ltr'><strong>quondam</strong></span> <span class='ocrx_word' id='word_1_180' title='bbox 1168 2688 1556 2745; x_wconf 89' lang='lat' dir='ltr'><strong>Moabitarum</strong></span> <span class='ocrx_word' id='word_1_181' title='bbox 1588 2692 1718 2762; x_wconf 89' lang='lat' dir='ltr'><strong>fuit,</strong></span> <span class='ocrx_word' id='word_1_182' title='bbox 1740 2699 1796 2748; x_wconf 91' lang='lat' dir='ltr'><strong>et</strong></span> <span class='ocrx_word' id='word_1_183' title='bbox 1823 2700 1973 2765; x_wconf 90' lang='lat' dir='ltr'><strong>post-</strong></span> 
     </span>
    </p>
   </div>
   <div class='ocr_carea' id='block_1_30' title="bbox 324 2772 1969 2855">
    <p class='ocr_par' dir='ltr' id='par_1_30' title="bbox 324 2772 1969 2855">
     <span class='ocr_line' id='line_1_30' title="bbox 324 2772 1969 2855; baseline 0.007 -28"><span class='ocrx_word' id='word_1_184' title='bbox 324 2788 396 2827; x_wconf 89' lang='lat' dir='ltr'><strong>ea</strong></span> <span class='ocrx_word' id='word_1_185' title='bbox 428 2772 578 2828; x_wconf 90' lang='lat' dir='ltr'><strong>Seon</strong></span> <span class='ocrx_word' id='word_1_186' title='bbox 608 2790 707 2829; x_wconf 86' lang='lat' dir='ltr'><strong>rex</strong></span> <span class='ocrx_word' id='word_1_187' title='bbox 734 2775 1197 2831; x_wconf 73' lang='lat' dir='ltr'><strong>Amorrhazorum</strong></span> <span class='ocrx_word' id='word_1_188' title='bbox 1222 2778 1357 2848; x_wconf 88' lang='lat' dir='ltr'><strong>jure</strong></span> <span class='ocrx_word' id='word_1_189' title='bbox 1414 2778 1547 2834; x_wconf 87' lang='lat' dir='ltr'><strong>belli</strong></span> <span class='ocrx_word' id='word_1_190' title='bbox 1608 2781 1699 2851; x_wconf 88' lang='lat' dir='ltr'><strong>(Al</strong></span> <span class='ocrx_word' id='word_1_191' title='bbox 1760 2782 1969 2855; x_wconf 76' lang='lat' dir='ltr'><strong>bellico)</strong></span> 
     </span>
    </p>
   </div>
   <div class='ocr_carea' id='block_1_31' title="bbox 318 2861 1971 2928">
    <p class='ocr_par' dir='ltr' id='par_1_31' title="bbox 318 2861 1971 2928">
     <span class='ocr_line' id='line_1_31' title="bbox 318 2861 1971 2928; baseline 0.008 -14"><span class='ocrx_word' id='word_1_192' title='bbox 318 2875 457 2915; x_wconf 86' lang='lat' dir='ltr'><strong>eum</strong></span> <span class='ocrx_word' id='word_1_193' title='bbox 490 2861 788 2916; x_wconf 88' lang='lat' dir='ltr'><strong>obtinuit:</strong></span> <span class='ocrx_word' id='word_1_194' title='bbox 824 2863 925 2918; x_wconf 92' lang='lat' dir='ltr'><strong>sed</strong></span> <span class='ocrx_word' id='word_1_195' title='bbox 957 2869 1012 2918; x_wconf 92' lang='lat' dir='ltr'><strong>et</strong></span> <span class='ocrx_word' id='word_1_196' title='bbox 1053 2869 1209 2920; x_wconf 90' lang='lat' dir='ltr'><strong>terra</strong></span> <span class='ocrx_word' id='word_1_197' title='bbox 1266 2866 1519 2923; x_wconf 81' lang='lat' dir='ltr'><strong>filiorum</strong></span> <span class='ocrx_word' id='word_1_198' title='bbox 1579 2869 1754 2925; x_wconf 88' lang='lat' dir='ltr'><strong>Israel</strong></span> <span class='ocrx_word' id='word_1_199' title='bbox 1812 2875 1971 2928; x_wconf 88' lang='lat' dir='ltr'><strong>trans</strong></span> 
     </span>
    </p>
   </div>
   <div class='ocr_carea' id='block_1_32' title="bbox 317 2950 1970 3028">
    <p class='ocr_par' dir='ltr' id='par_1_32' title="bbox 317 2950 1970 3028">
     <span class='ocr_line' id='line_1_32' title="bbox 317 2950 1970 3028; baseline 0.008 -25"><span class='ocrx_word' id='word_1_200' title='bbox 317 2950 658 3019; x_wconf 87' lang='lat' dir='ltr'><strong>Jordanem,</strong></span> <span class='ocrx_word' id='word_1_201' title='bbox 694 2951 982 3023; x_wconf 87' lang='lat' dir='ltr'><strong>incipiens</strong></span> <span class='ocrx_word' id='word_1_202' title='bbox 1012 2953 1084 3008; x_wconf 87' lang='lat' dir='ltr'><strong>ab</strong></span> <span class='ocrx_word' id='word_1_203' title='bbox 1116 2955 1362 3025; x_wconf 87' lang='lat' dir='ltr'><strong>Arnone,</strong></span> <span class='ocrx_word' id='word_1_204' title='bbox 1392 2973 1579 3028; x_wconf 92' lang='lat' dir='ltr'><strong>usque</strong></span> <span class='ocrx_word' id='word_1_205' title='bbox 1619 2960 1691 3014; x_wconf 90' lang='lat' dir='ltr'><strong>ad</strong></span> <span class='ocrx_word' id='word_1_206' title='bbox 1741 2966 1970 3017; x_wconf 88' lang='lat' dir='ltr'><strong>montes</strong></span> 
     </span>
    </p>
   </div>
   <div class='ocr_carea' id='block_1_33' title="bbox 326 3039 1361 3099">
    <p class='ocr_par' dir='ltr' id='par_1_33' title="bbox 326 3039 1361 3099">
     <span class='ocr_line' id='line_1_33' title="bbox 326 3039 1361 3099; baseline 0.006 -6"><span class='ocrx_word' id='word_1_207' title='bbox 326 3039 576 3094; x_wconf 83' lang='lat' dir='ltr'><strong>Aermon</strong></span> <span class='ocrx_word' id='word_1_208' title='bbox 609 3045 665 3094; x_wconf 90' lang='lat' dir='ltr'><strong>et</strong></span> <span class='ocrx_word' id='word_1_209' title='bbox 695 3039 981 3095; x_wconf 89' lang='lat' dir='ltr'><strong>Libanum</strong></span> <span class='ocrx_word' id='word_1_210' title='bbox 1012 3043 1361 3099; x_wconf 87' lang='lat' dir='ltr'><strong>extenditur.</strong></span> 
     </span>
    </p>
   </div>
   <div class='ocr_carea' id='block_1_34' title="bbox 2102 494 3739 585">
    <p class='ocr_par' dir='ltr' id='par_1_34' title="bbox 2102 494 3739 585">
     <span class='ocr_line' id='line_1_34' title="bbox 2102 494 3739 585; baseline 0.015 -38"><span class='ocrx_word' id='word_1_211' title='bbox 2102 494 2295 565; x_wconf 88' lang='lat' dir='ltr'><strong>lapide</strong></span> <span class='ocrx_word' id='word_1_212' title='bbox 2326 497 2454 566; x_wconf 87' lang='lat' dir='ltr'><strong>ejus</strong></span> <span class='ocrx_word' id='word_1_213' title='bbox 2486 499 2557 553; x_wconf 88' lang='lat' dir='ltr'><strong>ad</strong></span> <span class='ocrx_word' id='word_1_214' title='bbox 2588 500 2729 557; x_wconf 92' lang='lat' dir='ltr'><strong>solis</strong></span> <span class='ocrx_word' id='word_1_215' title='bbox 2759 519 3035 559; x_wconf 90' lang='lat' dir='ltr'><strong>occasum</strong></span> <span class='ocrx_word' id='word_1_216' title='bbox 3064 505 3227 563; x_wconf 90' lang='lat' dir='ltr'><strong>vicus</strong></span> <span class='ocrx_word' id='word_1_217' title='bbox 3264 509 3434 566; x_wconf 89' lang='lat' dir='ltr'><strong>Jazer</strong></span> <span class='ocrx_word' id='word_1_218' title='bbox 3464 530 3653 585; x_wconf 87' lang='lat' dir='ltr'><strong>usque</strong></span> <span class='ocrx_word' id='word_1_219' title='bbox 3680 516 3739 572; x_wconf 90' lang='lat' dir='ltr'><strong>in</strong></span> 
     </span>
    </p>
   </div>
   <div class='ocr_carea' id='block_1_35' title="bbox 2100 586 3040 660">
    <p class='ocr_par' dir='ltr' id='par_1_35' title="bbox 2100 586 3040 660">
     <span class='ocr_line' id='line_1_35' title="bbox 2100 586 3040 660; baseline 0.016 -26"><span class='ocrx_word' id='word_1_220' title='bbox 2100 590 2446 652; x_wconf 63' lang='lat' dir='ltr'><strong>praesentem</strong></span> <span class='ocrx_word' id='word_1_221' title='bbox 2478 586 2631 642; x_wconf 88' lang='lat' dir='ltr'><strong>diem</strong></span> <span class='ocrx_word' id='word_1_222' title='bbox 2665 606 3040 660; x_wconf 87' lang='lat' dir='ltr'><strong>permanens.</strong></span> 
     </span>
    </p>
   </div>
   <div class='ocr_carea' id='block_1_36' title="bbox 2168 693 3743 776">
    <p class='ocr_par' dir='ltr' id='par_1_36' title="bbox 2168 693 3743 776">
     <span class='ocr_line' id='line_1_36' title="bbox 2168 693 3743 776; baseline 0.015 -33"><span class='ocrx_word' id='word_1_223' title='bbox 2168 693 2364 761; x_wconf 88' lang='lat' dir='ltr'><strong>Aroer,</strong></span> <span class='ocrx_word' id='word_1_224' title='bbox 2400 695 2682 765; x_wconf 91' lang='lat' dir='ltr'><strong>oppidum</strong></span> <span class='ocrx_word' id='word_1_225' title='bbox 2728 698 3140 770; x_wconf 88' lang='lat' dir='ltr'><strong>Moabitarum,</strong></span> <span class='ocrx_word' id='word_1_226' title='bbox 3198 706 3353 776; x_wconf 89' lang='lat' dir='ltr'><strong>quod</strong></span> <span class='ocrx_word' id='word_1_227' title='bbox 3411 708 3592 764; x_wconf 89' lang='lat' dir='ltr'><strong>situm</strong></span> <span class='ocrx_word' id='word_1_228' title='bbox 3652 715 3743 768; x_wconf 90' lang='lat' dir='ltr'><strong>est</strong></span> 
     </span>
    </p>
   </div>
   <div class='ocr_carea' id='block_1_37' title="bbox 2098 781 3743 863">
    <p class='ocr_par' dir='ltr' id='par_1_37' title="bbox 2098 781 3743 863">
     <span class='ocr_line' id='line_1_37' title="bbox 2098 781 3743 863; baseline 0.013 -30"><span class='ocrx_word' id='word_1_229' title='bbox 2098 794 2274 850; x_wconf 88' lang='lat' dir='ltr'><strong>super</strong></span> <span class='ocrx_word' id='word_1_230' title='bbox 2324 781 2514 851; x_wconf 90' lang='lat' dir='ltr'><strong>ripam</strong></span> <span class='ocrx_word' id='word_1_231' title='bbox 2573 786 2849 842; x_wconf 88' lang='lat' dir='ltr'><strong>torrentis</strong></span> <span class='ocrx_word' id='word_1_232' title='bbox 2903 790 3121 855; x_wconf 89' lang='lat' dir='ltr'><strong>Arnen,</strong></span> <span class='ocrx_word' id='word_1_233' title='bbox 3156 808 3495 863; x_wconf 88' lang='lat' dir='ltr'><strong>possessum</strong></span> <span class='ocrx_word' id='word_1_234' title='bbox 3536 797 3674 855; x_wconf 91' lang='lat' dir='ltr'><strong>olim</strong></span> <span class='ocrx_word' id='word_1_235' title='bbox 3709 817 3743 855; x_wconf 87' lang='lat' dir='ltr'><strong>a</strong></span> 
     </span>
    </p>
   </div>
   <div class='ocr_carea' id='block_1_38' title="bbox 2094 870 3741 950">
    <p class='ocr_par' dir='ltr' id='par_1_38' title="bbox 2094 870 3741 950">
     <span class='ocr_line' id='line_1_38' title="bbox 2094 870 3741 950; baseline 0.014 -30"><span class='ocrx_word' id='word_1_236' title='bbox 2094 872 2264 938; x_wconf 89' lang='lat' dir='ltr'><strong>gente</strong></span> <span class='ocrx_word' id='word_1_237' title='bbox 2298 870 2608 927; x_wconf 85' lang='lat' dir='ltr'><strong>veterrima</strong></span> <span class='ocrx_word' id='word_1_238' title='bbox 2639 874 2893 931; x_wconf 89' lang='lat' dir='ltr'><strong>Ommim</strong></span> <span class='ocrx_word' id='word_1_239' title='bbox 2944 879 2985 945; x_wconf 79' lang='grc'><strong>⁴,</strong></span> <span class='ocrx_word' id='word_1_240' title='bbox 3015 884 3071 934; x_wconf 91' lang='lat' dir='ltr'><strong>et</strong></span> <span class='ocrx_word' id='word_1_241' title='bbox 3118 884 3321 950; x_wconf 89' lang='lat' dir='ltr'><strong>postea</strong></span> <span class='ocrx_word' id='word_1_242' title='bbox 3366 887 3661 942; x_wconf 88' lang='lat' dir='ltr'><strong>retentum</strong></span> <span class='ocrx_word' id='word_1_243' title='bbox 3706 905 3741 943; x_wconf 86' lang='lat' dir='ltr'><strong>a</strong></span> 
     </span>
    </p>
   </div>
   <div class='ocr_carea' id='block_1_39' title="bbox 2095 955 3733 1042">
    <p class='ocr_par' dir='ltr' id='par_1_39' title="bbox 2095 955 3733 1042">
     <span class='ocr_line' id='line_1_39' title="bbox 2095 955 3733 1042; baseline 0.014 -33"><span class='ocrx_word' id='word_1_244' title='bbox 2095 955 2231 1012; x_wconf 86' lang='lat' dir='ltr'><strong>ﬁliis</strong></span> <span class='ocrx_word' id='word_1_245' title='bbox 2274 958 2399 1025; x_wconf 87' lang='lat' dir='ltr'><strong>Lot,</strong></span> <span class='ocrx_word' id='word_1_246' title='bbox 2434 959 2492 1013; x_wconf 91' lang='lat' dir='ltr'><strong>id</strong></span> <span class='ocrx_word' id='word_1_247' title='bbox 2542 965 2648 1028; x_wconf 89' lang='lat' dir='ltr'><strong>est,</strong></span> <span class='ocrx_word' id='word_1_248' title='bbox 2696 963 2991 1034; x_wconf 89' lang='lat' dir='ltr'><strong>Moabitis,</strong></span> <span class='ocrx_word' id='word_1_249' title='bbox 3035 984 3171 1024; x_wconf 91' lang='lat' dir='ltr'><strong>cum</strong></span> <span class='ocrx_word' id='word_1_250' title='bbox 3225 972 3448 1042; x_wconf 89' lang='lat' dir='ltr'><strong>priores</strong></span> <span class='ocrx_word' id='word_1_251' title='bbox 3506 976 3733 1032; x_wconf 88' lang='lat' dir='ltr'><strong>accolas</strong></span> 
     </span>
    </p>
   </div>
   <div class='ocr_carea' id='block_1_40' title="bbox 2094 1046 3739 1130">
    <p class='ocr_par' dir='ltr' id='par_1_40' title="bbox 2094 1046 3739 1130">
     <span class='ocr_line' id='line_1_40' title="bbox 2094 1046 3739 1130; baseline 0.014 -32"><span class='ocrx_word' id='word_1_252' title='bbox 2094 1046 2539 1116; x_wconf 89' lang='lat' dir='ltr'><strong>subvertissent,</strong></span> <span class='ocrx_word' id='word_1_253' title='bbox 2576 1051 2641 1105; x_wconf 89' lang='lat' dir='ltr'><strong>Et</strong></span> <span class='ocrx_word' id='word_1_254' title='bbox 2689 1054 3017 1109; x_wconf 90' lang='lat' dir='ltr'><strong>ostenditur</strong></span> <span class='ocrx_word' id='word_1_255' title='bbox 3073 1075 3259 1130; x_wconf 91' lang='lat' dir='ltr'><strong>usque</strong></span> <span class='ocrx_word' id='word_1_256' title='bbox 3292 1060 3465 1117; x_wconf 90' lang='lat' dir='ltr'><strong>hodie</strong></span> <span class='ocrx_word' id='word_1_257' title='bbox 3522 1064 3580 1119; x_wconf 90' lang='lat' dir='ltr'><strong>in</strong></span> <span class='ocrx_word' id='word_1_258' title='bbox 3612 1081 3739 1121; x_wconf 86' lang='lat' dir='ltr'><strong>ver-</strong></span> 
     </span>
    </p>
   </div>
   <div class='ocr_carea' id='block_1_41' title="bbox 2092 1133 3745 1227">
    <p class='ocr_par' dir='ltr' id='par_1_41' title="bbox 2092 1133 3745 1227">
     <span class='ocr_line' id='line_1_41' title="bbox 2092 1133 3745 1227; baseline 0.015 -40"><span class='ocrx_word' id='word_1_259' title='bbox 2092 1133 2200 1190; x_wconf 87' lang='lat' dir='ltr'><strong>tice</strong></span> <span class='ocrx_word' id='word_1_260' title='bbox 2233 1136 2448 1191; x_wconf 90' lang='lat' dir='ltr'><strong>montis</strong></span> <span class='ocrx_word' id='word_1_261' title='bbox 2498 1137 2657 1194; x_wconf 91' lang='lat' dir='ltr'><strong>illius</strong></span> <span class='ocrx_word' id='word_1_262' title='bbox 2687 1142 2707 1174; x_wconf 77' lang='grc'>⁵</span> <span class='ocrx_word' id='word_1_263' title='bbox 2740 1159 2752 1196; x_wconf 90' lang='lat'><strong>:</strong></span> <span class='ocrx_word' id='word_1_264' title='bbox 2786 1143 2888 1197; x_wconf 91' lang='lat' dir='ltr'><strong>sed</strong></span> <span class='ocrx_word' id='word_1_265' title='bbox 2946 1149 3003 1200; x_wconf 90' lang='lat' dir='ltr'><strong>et</strong></span> <span class='ocrx_word' id='word_1_266' title='bbox 3047 1149 3274 1203; x_wconf 89' lang='lat' dir='ltr'><strong>torrens</strong></span> <span class='ocrx_word' id='word_1_267' title='bbox 3331 1165 3435 1221; x_wconf 90' lang='lat' dir='ltr'><strong>per</strong></span> <span class='ocrx_word' id='word_1_268' title='bbox 3490 1153 3745 1227; x_wconf 82' lang='lat' dir='ltr'><strong>abrupta</strong></span> 
     </span>
    </p>
   </div>
   <div class='ocr_carea' id='block_1_42' title="bbox 2091 1222 3737 1298">
    <p class='ocr_par' dir='ltr' id='par_1_42' title="bbox 2091 1222 3737 1298">
     <span class='ocr_line' id='line_1_42' title="bbox 2091 1222 3737 1298; baseline 0.013 -22"><span class='ocrx_word' id='word_1_269' title='bbox 2091 1222 2473 1293; x_wconf 86' lang='lat' dir='ltr'><strong>descendens,</strong></span> <span class='ocrx_word' id='word_1_270' title='bbox 2508 1226 2566 1281; x_wconf 91' lang='lat' dir='ltr'><strong>in</strong></span> <span class='ocrx_word' id='word_1_271' title='bbox 2599 1245 2759 1285; x_wconf 88' lang='lat' dir='ltr'><strong>mare</strong></span> <span class='ocrx_word' id='word_1_272' title='bbox 2799 1232 3093 1289; x_wconf 89' lang='lat' dir='ltr'><strong>Mortuum</strong></span> <span class='ocrx_word' id='word_1_273' title='bbox 3153 1237 3299 1292; x_wconf 86' lang='lat' dir='ltr'><strong>fluit.</strong></span> <span class='ocrx_word' id='word_1_274' title='bbox 3364 1239 3584 1295; x_wconf 84' lang='lat' dir='ltr'><strong>Cecidit</strong></span> <span class='ocrx_word' id='word_1_275' title='bbox 3632 1222 3737 1298; x_wconf 76' lang='lat' dir='ltr'><strong>au-</strong></span> 
     </span>
    </p>
   </div>
   <div class='ocr_carea' id='block_1_43' title="bbox 2090 1315 3736 1387">
    <p class='ocr_par' dir='ltr' id='par_1_43' title="bbox 2090 1315 3736 1387">
     <span class='ocr_line' id='line_1_43' title="bbox 2090 1315 3736 1387; baseline 0.013 -22"><span class='ocrx_word' id='word_1_276' title='bbox 2090 1316 2207 1366; x_wconf 90' lang='lat' dir='ltr'><strong>tem</strong></span> <span class='ocrx_word' id='word_1_277' title='bbox 2250 1316 2429 1369; x_wconf 90' lang='lat' dir='ltr'><strong>Aroer</strong></span> <span class='ocrx_word' id='word_1_278' title='bbox 2461 1315 2519 1370; x_wconf 91' lang='lat' dir='ltr'><strong>in</strong></span> <span class='ocrx_word' id='word_1_279' title='bbox 2572 1322 2789 1373; x_wconf 89' lang='lat' dir='ltr'><strong>sortem</strong></span> <span class='ocrx_word' id='word_1_280' title='bbox 2844 1321 3031 1377; x_wconf 91' lang='lat' dir='ltr'><strong>tribus</strong></span> <span class='ocrx_word' id='word_1_281' title='bbox 3088 1326 3207 1380; x_wconf 89' lang='lat' dir='ltr'><strong>Gad</strong></span> <span class='ocrx_word' id='word_1_282' title='bbox 3267 1330 3470 1385; x_wconf 90' lang='lat' dir='ltr'><strong>contra</strong></span> <span class='ocrx_word' id='word_1_283' title='bbox 3529 1330 3736 1387; x_wconf 87' lang='lat' dir='ltr'><strong>faciem</strong></span> 
     </span>
    </p>
   </div>
   <div class='ocr_carea' id='block_1_44' title="bbox 2091 1399 2311 1456">
    <p class='ocr_par' dir='ltr' id='par_1_44' title="bbox 2091 1399 2311 1456">
     <span class='ocr_line' id='line_1_44' title="bbox 2091 1399 2311 1456; baseline 0.018 -4"><span class='ocrx_word' id='word_1_284' title='bbox 2091 1399 2311 1456; x_wconf 85' lang='lat' dir='ltr'><strong>Rabba.</strong></span> 
     </span>
    </p>
   </div>
   <div class='ocr_carea' id='block_1_45' title="bbox 2160 1508 3723 1597">
    <p class='ocr_par' dir='ltr' id='par_1_45' title="bbox 2160 1508 3723 1597">
     <span class='ocr_line' id='line_1_45' title="bbox 2160 1508 3723 1597; baseline 0.014 -38"><span class='ocrx_word' id='word_1_285' title='bbox 2160 1508 2449 1579; x_wconf 90' lang='lat' dir='ltr'><strong>Astaroth,</strong></span> <span class='ocrx_word' id='word_1_286' title='bbox 2482 1511 2725 1583; x_wconf 89' lang='lat' dir='ltr'><strong>antiqua</strong></span> <span class='ocrx_word' id='word_1_287' title='bbox 2756 1513 2958 1571; x_wconf 89' lang='lat' dir='ltr'><strong>civitas</strong></span> <span class='ocrx_word' id='word_1_288' title='bbox 2979 1516 3065 1589; x_wconf 87' lang='lat' dir='ltr'><strong>0g</strong></span> <span class='ocrx_word' id='word_1_289' title='bbox 3094 1520 3246 1592; x_wconf 87' lang='lat' dir='ltr'><strong>regis</strong></span> <span class='ocrx_word' id='word_1_290' title='bbox 3279 1522 3488 1591; x_wconf 83' lang='lat' dir='ltr'><strong>Basan,</strong></span> <span class='ocrx_word' id='word_1_291' title='bbox 3524 1526 3582 1580; x_wconf 93' lang='lat' dir='ltr'><strong>in</strong></span> <span class='ocrx_word' id='word_1_292' title='bbox 3606 1542 3723 1597; x_wconf 89' lang='lat' dir='ltr'><strong>qua</strong></span> 
     </span>
    </p>
   </div>
   <div class='ocr_carea' id='block_1_46' title="bbox 2089 1596 3735 1679">
    <p class='ocr_par' dir='ltr' id='par_1_46' title="bbox 2089 1596 3735 1679">
     <span class='ocr_line' id='line_1_46' title="bbox 2089 1596 3735 1679; baseline 0.013 -31"><span class='ocrx_word' id='word_1_293' title='bbox 2089 1596 2499 1652; x_wconf 89' lang='lat' dir='ltr'><strong>habitaverunt</strong></span> <span class='ocrx_word' id='word_1_294' title='bbox 2556 1601 2855 1671; x_wconf 87' lang='lat' dir='ltr'><strong>gigantes,</strong></span> <span class='ocrx_word' id='word_1_295' title='bbox 2935 1622 3059 1676; x_wconf 63' lang='lat' dir='ltr'><strong>qum</strong></span> <span class='ocrx_word' id='word_1_296' title='bbox 3138 1612 3339 1679; x_wconf 90' lang='lat' dir='ltr'><strong>postea</strong></span> <span class='ocrx_word' id='word_1_297' title='bbox 3411 1596 3639 1668; x_wconf 68' lang='lat' dir='ltr'><strong>cecidit</strong></span> <span class='ocrx_word' id='word_1_298' title='bbox 3674 1614 3735 1669; x_wconf 92' lang='lat' dir='ltr'><strong>in</strong></span> 
     </span>
    </p>
   </div>
   <div class='ocr_carea' id='block_1_47' title="bbox 2090 1686 3739 1773">
    <p class='ocr_par' dir='ltr' id='par_1_47' title="bbox 2090 1686 3739 1773">
     <span class='ocr_line' id='line_1_47' title="bbox 2090 1686 3739 1773; baseline 0.013 -36"><span class='ocrx_word' id='word_1_299' title='bbox 2090 1688 2307 1739; x_wconf 90' lang='lat' dir='ltr'><strong>sortem</strong></span> <span class='ocrx_word' id='word_1_300' title='bbox 2366 1686 2559 1743; x_wconf 90' lang='lat' dir='ltr'><strong>trihus</strong></span> <span class='ocrx_word' id='word_1_301' title='bbox 2627 1690 2922 1761; x_wconf 90' lang='lat' dir='ltr'><strong>Manasse,</strong></span> <span class='ocrx_word' id='word_1_302' title='bbox 2998 1696 3249 1767; x_wconf 89' lang='lat' dir='ltr'><strong>regionis</strong></span> <span class='ocrx_word' id='word_1_303' title='bbox 3316 1700 3619 1773; x_wconf 69' lang='lat' dir='ltr'><strong>Batanaete,</strong></span> <span class='ocrx_word' id='word_1_304' title='bbox 3680 1706 3739 1758; x_wconf 83' lang='lat' dir='ltr'><strong>et</strong></span> 
     </span>
    </p>
   </div>
   <div class='ocr_carea' id='block_1_48' title="bbox 2009 1774 3733 1860">
    <p class='ocr_par' dir='ltr' id='par_1_48' title="bbox 2009 1774 3733 1860">
     <span class='ocr_line' id='line_1_48' title="bbox 2009 1774 3733 1860; baseline 0.011 -34"><span class='ocrx_word' id='word_1_305' title='bbox 2009 1778 2057 1842; x_wconf 85' lang='grc' dir='ltr'>Β</span> <span class='ocrx_word' id='word_1_306' title='bbox 2092 1790 2191 1829; x_wconf 86' lang='lat' dir='ltr'><strong>sex</strong></span> <span class='ocrx_word' id='word_1_307' title='bbox 2220 1774 2483 1831; x_wconf 90' lang='lat' dir='ltr'><strong>millibus</strong></span> <span class='ocrx_word' id='word_1_308' title='bbox 2514 1778 2587 1831; x_wconf 92' lang='lat' dir='ltr'><strong>ab</strong></span> <span class='ocrx_word' id='word_1_309' title='bbox 2636 1779 2784 1835; x_wconf 84' lang='lat' dir='ltr'><strong>Adra</strong></span> <span class='ocrx_word' id='word_1_310' title='bbox 2823 1782 2965 1837; x_wconf 89' lang='lat' dir='ltr'><strong>nrbe</strong></span> <span class='ocrx_word' id='word_1_311' title='bbox 3023 1785 3239 1841; x_wconf 63' lang='lat' dir='ltr'><strong>Arabia:</strong></span> <span class='ocrx_word' id='word_1_312' title='bbox 3298 1794 3569 1860; x_wconf 86' lang='lat' dir='ltr'><strong>separata</strong></span> <span class='ocrx_word' id='word_1_313' title='bbox 3625 1795 3733 1858; x_wconf 89' lang='lat' dir='ltr'><strong>est,</strong></span> 
     </span>
    </p>
   </div>
   <div class='ocr_carea' id='block_1_49' title="bbox 2090 1862 3737 1946">
    <p class='ocr_par' dir='ltr' id='par_1_49' title="bbox 2090 1862 3737 1946">
     <span class='ocr_line' id='line_1_49' title="bbox 2090 1862 3737 1946; baseline 0.012 -31"><span class='ocrx_word' id='word_1_314' title='bbox 2090 1862 2262 1917; x_wconf 85' lang='lat' dir='ltr'><strong>Porro</strong></span> <span class='ocrx_word' id='word_1_315' title='bbox 2322 1864 2472 1919; x_wconf 84' lang='lat' dir='ltr'><strong>Adra</strong></span> <span class='ocrx_word' id='word_1_316' title='bbox 2530 1883 2563 1920; x_wconf 90' lang='lat' dir='ltr'><strong>a</strong></span> <span class='ocrx_word' id='word_1_317' title='bbox 2629 1866 2834 1923; x_wconf 90' lang='lat' dir='ltr'><strong>Bostra</strong></span> <span class='ocrx_word' id='word_1_318' title='bbox 2889 1870 3094 1943; x_wconf 88' lang='lat' dir='ltr'><strong>viginti</strong></span> <span class='ocrx_word' id='word_1_319' title='bbox 3154 1874 3413 1946; x_wconf 90' lang='lat' dir='ltr'><strong>quinque</strong></span> <span class='ocrx_word' id='word_1_320' title='bbox 3471 1878 3737 1936; x_wconf 86' lang='lat' dir='ltr'><strong>millibus</strong></span> 
     </span>
    </p>
   </div>
   <div class='ocr_carea' id='block_1_50' title="bbox 2089 1952 3659 2029">
    <p class='ocr_par' dir='ltr' id='par_1_50' title="bbox 2089 1952 3659 2029">
     <span class='ocr_line' id='line_1_50' title="bbox 2089 1952 3659 2029; baseline 0.011 -24"><span class='ocrx_word' id='word_1_321' title='bbox 2089 1952 2284 2007; x_wconf 88' lang='lat' dir='ltr'><strong>distat.</strong></span> <span class='ocrx_word' id='word_1_322' title='bbox 2320 1952 2585 2010; x_wconf 85' lang='lat' dir='ltr'><strong>Diximus</strong></span> <span class='ocrx_word' id='word_1_323' title='bbox 2617 1960 2673 2011; x_wconf 93' lang='lat' dir='ltr'><strong>et</strong></span> <span class='ocrx_word' id='word_1_324' title='bbox 2704 1974 2884 2029; x_wconf 91' lang='lat' dir='ltr'><strong>supra</strong></span> <span class='ocrx_word' id='word_1_325' title='bbox 2913 1960 2983 2015; x_wconf 90' lang='lat' dir='ltr'><strong>de</strong></span> <span class='ocrx_word' id='word_1_326' title='bbox 3012 1962 3284 2018; x_wconf 90' lang='lat' dir='ltr'><strong>Astaroth</strong></span> <span class='ocrx_word' id='word_1_327' title='bbox 3325 1964 3659 2023; x_wconf 89' lang='lat' dir='ltr'><strong>Charnaim.</strong></span> 
     </span>
    </p>
   </div>
   <div class='ocr_carea' id='block_1_51' title="bbox 2159 2057 3731 2144">
    <p class='ocr_par' dir='ltr' id='par_1_51' title="bbox 2159 2057 3731 2144">
     <span class='ocr_line' id='line_1_51' title="bbox 2159 2057 3731 2144; baseline 0.014 -35"><span class='ocrx_word' id='word_1_328' title='bbox 2159 2057 2289 2127; x_wconf 82' lang='lat' dir='ltr'><strong>Agri</strong></span> <span class='ocrx_word' id='word_1_329' title='bbox 2322 2060 2580 2129; x_wconf 89' lang='lat' dir='ltr'><strong>specula,</strong></span> <span class='ocrx_word' id='word_1_330' title='bbox 2617 2078 2785 2117; x_wconf 93' lang='lat' dir='ltr'><strong>mons</strong></span> <span class='ocrx_word' id='word_1_331' title='bbox 2835 2068 2923 2120; x_wconf 91' lang='lat' dir='ltr'><strong>est</strong></span> <span class='ocrx_word' id='word_1_332' title='bbox 2971 2065 3385 2141; x_wconf 87' lang='lat' dir='ltr'><strong>Moabitarum,</strong></span> <span class='ocrx_word' id='word_1_333' title='bbox 3446 2071 3505 2127; x_wconf 92' lang='lat' dir='ltr'><strong>in</strong></span> <span class='ocrx_word' id='word_1_334' title='bbox 3552 2090 3731 2144; x_wconf 90' lang='lat' dir='ltr'><strong>quem</strong></span> 
     </span>
    </p>
   </div>
   <div class='ocr_carea' id='block_1_52' title="bbox 2088 2145 3731 2224">
    <p class='ocr_par' dir='ltr' id='par_1_52' title="bbox 2088 2145 3731 2224">
     <span class='ocr_line' id='line_1_52' title="bbox 2088 2145 3731 2224; baseline 0.013 -26"><span class='ocrx_word' id='word_1_335' title='bbox 2088 2145 2329 2201; x_wconf 78' lang='lat' dir='ltr'><strong>adduxit</strong></span> <span class='ocrx_word' id='word_1_336' title='bbox 2382 2146 2552 2203; x_wconf 90' lang='lat' dir='ltr'><strong>Balac</strong></span> <span class='ocrx_word' id='word_1_337' title='bbox 2605 2150 2763 2206; x_wconf 80' lang='lat' dir='ltr'><strong>filius</strong></span> <span class='ocrx_word' id='word_1_338' title='bbox 2835 2154 3081 2224; x_wconf 89' lang='lat' dir='ltr'><strong>Sephor,</strong></span> <span class='ocrx_word' id='word_1_339' title='bbox 3167 2158 3394 2214; x_wconf 89' lang='lat' dir='ltr'><strong>Balaam</strong></span> <span class='ocrx_word' id='word_1_340' title='bbox 3465 2161 3731 2218; x_wconf 90' lang='lat' dir='ltr'><strong>divinum</strong></span> 
     </span>
    </p>
   </div>
   <div class='ocr_carea' id='block_1_53' title="bbox 2087 2234 3731 2322">
    <p class='ocr_par' dir='ltr' id='par_1_53' title="bbox 2087 2234 3731 2322">
     <span class='ocr_line' id='line_1_53' title="bbox 2087 2234 3731 2322; baseline 0.009 -33"><span class='ocrx_word' id='word_1_341' title='bbox 2087 2235 2158 2289; x_wconf 92' lang='lat' dir='ltr'><strong>ad</strong></span> <span class='ocrx_word' id='word_1_342' title='bbox 2221 2234 2687 2293; x_wconf 88' lang='lat' dir='ltr'><strong>meledicendum</strong></span> <span class='ocrx_word' id='word_1_343' title='bbox 2744 2240 2917 2295; x_wconf 84' lang='lat' dir='ltr'><strong>Israel</strong></span> <span class='ocrx_word' id='word_1_344' title='bbox 2990 2260 3168 2315; x_wconf 90' lang='lat' dir='ltr'><strong>super</strong></span> <span class='ocrx_word' id='word_1_345' title='bbox 3256 2247 3552 2317; x_wconf 86' lang='lat' dir='ltr'><strong>verticem,</strong></span> <span class='ocrx_word' id='word_1_346' title='bbox 3631 2252 3731 2322; x_wconf 93' lang='lat' dir='ltr'><strong>qui</strong></span> 
     </span>
    </p>
   </div>
   <div class='ocr_carea' id='block_1_54' title="bbox 2087 2323 3730 2409">
    <p class='ocr_par' dir='ltr' id='par_1_54' title="bbox 2087 2323 3730 2409">
     <span class='ocr_line' id='line_1_54' title="bbox 2087 2323 3730 2409; baseline 0.011 -32"><span class='ocrx_word' id='word_1_347' title='bbox 2087 2327 2321 2394; x_wconf 88' lang='lat' dir='ltr'><strong>propter</strong></span> <span class='ocrx_word' id='word_1_348' title='bbox 2370 2323 2683 2381; x_wconf 84' lang='lat' dir='ltr'><strong>vehemens</strong></span> <span class='ocrx_word' id='word_1_349' title='bbox 2750 2334 3131 2401; x_wconf 72' lang='lat' dir='ltr'><strong>praeruptum,</strong></span> <span class='ocrx_word' id='word_1_350' title='bbox 3195 2339 3436 2390; x_wconf 88' lang='lat' dir='ltr'><strong>vocatur</strong></span> <span class='ocrx_word' id='word_1_351' title='bbox 3482 2338 3730 2409; x_wconf 83' lang='lat' dir='ltr'><strong>excisus,</strong></span> 
     </span>
    </p>
   </div>
   <div class='ocr_carea' id='block_1_55' title="bbox 2086 2411 3733 2495">
    <p class='ocr_par' dir='ltr' id='par_1_55' title="bbox 2086 2411 3733 2495">
     <span class='ocr_line' id='line_1_55' title="bbox 2086 2411 3733 2495; baseline 0.012 -32"><span class='ocrx_word' id='word_1_352' title='bbox 2086 2416 2142 2465; x_wconf 90' lang='lat' dir='ltr'><strong>et</strong></span> <span class='ocrx_word' id='word_1_353' title='bbox 2195 2411 2460 2468; x_wconf 75' lang='lat' dir='ltr'><strong>imminet</strong></span> <span class='ocrx_word' id='word_1_354' title='bbox 2516 2414 2663 2469; x_wconf 91' lang='lat' dir='ltr'><strong>mari</strong></span> <span class='ocrx_word' id='word_1_355' title='bbox 2722 2416 2949 2473; x_wconf 90' lang='lat' dir='ltr'><strong>Mortuo</strong></span> <span class='ocrx_word' id='word_1_356' title='bbox 3024 2420 3179 2476; x_wconf 88' lang='lat' dir='ltr'><strong>haud</strong></span> <span class='ocrx_word' id='word_1_357' title='bbox 3240 2424 3439 2495; x_wconf 89' lang='lat' dir='ltr'><strong>procul</strong></span> <span class='ocrx_word' id='word_1_358' title='bbox 3500 2427 3571 2481; x_wconf 88' lang='lat' dir='ltr'><strong>ab</strong></span> <span class='ocrx_word' id='word_1_359' title='bbox 3627 2430 3733 2483; x_wconf 91' lang='lat' dir='ltr'><strong>Ar-</strong></span> 
     </span>
    </p>
   </div>
   <div class='ocr_carea' id='block_1_56' title="bbox 2086 2516 2255 2557">
    <p class='ocr_par' dir='ltr' id='par_1_56' title="bbox 2086 2516 2255 2557">
     <span class='ocr_line' id='line_1_56' title="bbox 2086 2516 2255 2557; baseline -0.006 -2"><span class='ocrx_word' id='word_1_360' title='bbox 2086 2516 2255 2557; x_wconf 90' lang='lat' dir='ltr'><strong>none.</strong></span> 
     </span>
    </p>
   </div>
   <div class='ocr_carea' id='block_1_57' title="bbox 2154 2609 3729 2695">
    <p class='ocr_par' dir='ltr' id='par_1_57' title="bbox 2154 2609 3729 2695">
     <span class='ocr_line' id='line_1_57' title="bbox 2154 2609 3729 2695; baseline 0.012 -34"><span class='ocrx_word' id='word_1_361' title='bbox 2154 2609 2407 2664; x_wconf 88' lang='lat' dir='ltr'><strong>Araboth</strong></span> <span class='ocrx_word' id='word_1_362' title='bbox 2442 2609 2631 2677; x_wconf 91' lang='lat' dir='ltr'><strong>Moab,</strong></span> <span class='ocrx_word' id='word_1_363' title='bbox 2666 2611 2762 2666; x_wconf 91' lang='lat' dir='ltr'><strong>ubi</strong></span> <span class='ocrx_word' id='word_1_364' title='bbox 2797 2616 3053 2671; x_wconf 91' lang='lat' dir='ltr'><strong>secundo</strong></span> <span class='ocrx_word' id='word_1_365' title='bbox 3094 2624 3437 2676; x_wconf 83' lang='lat' dir='ltr'><strong>numeratus</strong></span> <span class='ocrx_word' id='word_1_366' title='bbox 3491 2626 3581 2677; x_wconf 90' lang='lat' dir='ltr'><strong>est</strong></span> <span class='ocrx_word' id='word_1_367' title='bbox 3628 2640 3729 2695; x_wconf 84' lang='lat' dir='ltr'><strong>po-</strong></span> 
     </span>
    </p>
   </div>
   <div class='ocr_carea' id='block_1_58' title="bbox 2083 2696 3730 2775">
    <p class='ocr_par' dir='ltr' id='par_1_58' title="bbox 2083 2696 3730 2775">
     <span class='ocr_line' id='line_1_58' title="bbox 2083 2696 3730 2775; baseline 0.011 -26"><span class='ocrx_word' id='word_1_368' title='bbox 2083 2696 2277 2767; x_wconf 91' lang='lat' dir='ltr'><strong>pulus,</strong></span> <span class='ocrx_word' id='word_1_369' title='bbox 2340 2698 2494 2768; x_wconf 91' lang='lat' dir='ltr'><strong>quod</strong></span> <span class='ocrx_word' id='word_1_370' title='bbox 2545 2699 2752 2770; x_wconf 88' lang='lat' dir='ltr'><strong>Aquila</strong></span> <span class='ocrx_word' id='word_1_371' title='bbox 2811 2702 3251 2775; x_wconf 86' lang='lat' dir='ltr'><strong>interpretatur,</strong></span> <span class='ocrx_word' id='word_1_372' title='bbox 3311 2707 3561 2764; x_wconf 89' lang='lat' dir='ltr'><strong>humilia</strong></span> <span class='ocrx_word' id='word_1_373' title='bbox 3609 2710 3730 2767; x_wconf 89' lang='lat' dir='ltr'><strong>sive</strong></span> 
     </span>
    </p>
   </div>
   <div class='ocr_carea' id='block_1_59' title="bbox 2082 2786 3730 2869">
    <p class='ocr_par' dir='ltr' id='par_1_59' title="bbox 2082 2786 3730 2869">
     <span class='ocr_line' id='line_1_59' title="bbox 2082 2786 3730 2869; baseline 0.011 -32"><span class='ocrx_word' id='word_1_374' title='bbox 2082 2786 2330 2857; x_wconf 78' lang='lat' dir='ltr'><strong>aequalia</strong></span> <span class='ocrx_word' id='word_1_375' title='bbox 2362 2786 2531 2841; x_wconf 92' lang='lat' dir='ltr'><strong>Moab</strong></span> <span class='ocrx_word' id='word_1_376' title='bbox 2580 2787 2752 2858; x_wconf 90' lang='lat' dir='ltr'><strong>(hanc</strong></span> <span class='ocrx_word' id='word_1_377' title='bbox 2810 2788 3031 2846; x_wconf 90' lang='lat' dir='ltr'><strong>habens</strong></span> <span class='ocrx_word' id='word_1_378' title='bbox 3093 2797 3602 2869; x_wconf 90' lang='lat' dir='ltr'><strong>consuetudinem,</strong></span> <span class='ocrx_word' id='word_1_379' title='bbox 3663 2804 3730 2855; x_wconf 90' lang='lat' dir='ltr'><strong>ut</strong></span> 
     </span>
    </p>
   </div>
   <div class='ocr_carea' id='block_1_60' title="bbox 2081 2875 3727 2959">
    <p class='ocr_par' dir='ltr' id='par_1_60' title="bbox 2081 2875 3727 2959">
     <span class='ocr_line' id='line_1_60' title="bbox 2081 2875 3727 2959; baseline 0.01 -32"><span class='ocrx_word' id='word_1_380' title='bbox 2081 2890 2341 2928; x_wconf 89' lang='lat' dir='ltr'><strong>eremum</strong></span> <span class='ocrx_word' id='word_1_381' title='bbox 2373 2879 2609 2946; x_wconf 87' lang='lat' dir='ltr'><strong>propter</strong></span> <span class='ocrx_word' id='word_1_382' title='bbox 2638 2875 2938 2947; x_wconf 88' lang='lat' dir='ltr'><strong>planitiem</strong></span> <span class='ocrx_word' id='word_1_383' title='bbox 2963 2877 3203 2951; x_wconf 74' lang='grc' dir='ltr'><strong>ὁμαλὴν,</strong></span> <span class='ocrx_word' id='word_1_384' title='bbox 3252 2884 3310 2938; x_wconf 92' lang='lat' dir='ltr'><strong>id</strong></span> <span class='ocrx_word' id='word_1_385' title='bbox 3369 2890 3476 2954; x_wconf 89' lang='lat' dir='ltr'><strong>est,</strong></span> <span class='ocrx_word' id='word_1_386' title='bbox 3528 2903 3727 2959; x_wconf 72' lang='lat' dir='ltr'><strong>mqua-</strong></span> 
     </span>
    </p>
   </div>
   <div class='ocr_carea' id='block_1_61' title="bbox 2078 2962 3724 3046">
    <p class='ocr_par' dir='ltr' id='par_1_61' title="bbox 2078 2962 3724 3046">
     <span class='ocr_line' id='line_1_61' title="bbox 2078 2962 3724 3046; baseline 0.011 -31"><span class='ocrx_word' id='word_1_387' title='bbox 2078 2962 2191 3016; x_wconf 92' lang='lat' dir='ltr'><strong>lem</strong></span> <span class='ocrx_word' id='word_1_388' title='bbox 2220 2962 2635 3034; x_wconf 86' lang='lat' dir='ltr'><strong>interpretetur</strong></span> <span class='ocrx_word' id='word_1_389' title='bbox 2664 2970 2719 3020; x_wconf 89' lang='lat' dir='ltr'><strong>et</strong></span> <span class='ocrx_word' id='word_1_390' title='bbox 2750 2965 3296 3043; x_wconf 86' lang='lat' dir='ltr'><strong>planam).Deuique</strong></span> <span class='ocrx_word' id='word_1_391' title='bbox 3331 2974 3724 3046; x_wconf 86' lang='lat' dir='ltr'><strong>Symmachus</strong></span> 
     </span>
    </p>
   </div>
   <div class='ocr_carea' id='block_1_62' title="bbox 2080 3051 3724 3127">
    <p class='ocr_par' dir='ltr' id='par_1_62' title="bbox 2080 3051 3724 3127">
     <span class='ocr_line' id='line_1_62' title="bbox 2080 3051 3724 3127; baseline 0.009 -22"><span class='ocrx_word' id='word_1_392' title='bbox 2080 3068 2183 3122; x_wconf 91' lang='lat' dir='ltr'><strong>pro</strong></span> <span class='ocrx_word' id='word_1_393' title='bbox 2212 3051 2467 3107; x_wconf 88' lang='lat' dir='ltr'><strong>Araboth</strong></span> <span class='ocrx_word' id='word_1_394' title='bbox 2494 3053 2682 3120; x_wconf 88' lang='lat' dir='ltr'><strong>Moab,</strong></span> <span class='ocrx_word' id='word_1_395' title='bbox 2714 3058 3063 3127; x_wconf 90' lang='lat' dir='ltr'><strong>campestria</strong></span> <span class='ocrx_word' id='word_1_396' title='bbox 3093 3058 3262 3115; x_wconf 90' lang='lat' dir='ltr'><strong>Moab</strong></span> <span class='ocrx_word' id='word_1_397' title='bbox 3287 3062 3591 3118; x_wconf 88' lang='lat' dir='ltr'><strong>transtulit</strong></span> <span class='ocrx_word' id='word_1_398' title='bbox 3623 3081 3636 3118; x_wconf 91' lang='lat'><strong>:</strong></span> <span class='ocrx_word' id='word_1_399' title='bbox 3666 3069 3724 3121; x_wconf 91' lang='lat' dir='ltr'><strong>et</strong></span> 
     </span>
    </p>
   </div>
   <div class='ocr_carea' id='block_1_63' title="bbox 390 3127 3719 3222">
    <p class='ocr_par' dir='ltr' id='par_1_63' title="bbox 390 3127 3719 3222">
     <span class='ocr_line' id='line_1_63' title="bbox 390 3127 3719 3222; baseline 0.008 -41"><span class='ocrx_word' id='word_1_400' title='bbox 390 3130 485 3195; x_wconf 81' lang='lat' dir='ltr'><strong>Ar,</strong></span> <span class='ocrx_word' id='word_1_401' title='bbox 516 3127 679 3184; x_wconf 91' lang='lat' dir='ltr'><strong>locus</strong></span> <span class='ocrx_word' id='word_1_402' title='bbox 710 3128 798 3184; x_wconf 87' lang='lat' dir='ltr'><strong>vel</strong></span> <span class='ocrx_word' id='word_1_403' title='bbox 830 3130 1112 3201; x_wconf 90' lang='lat' dir='ltr'><strong>oppidum</strong></span> <span class='ocrx_word' id='word_1_404' title='bbox 1145 3134 1406 3188; x_wconf 76' lang='lat' dir='ltr'><strong>Armonae</strong></span> <span class='ocrx_word' id='word_1_405' title='bbox 1442 3153 1453 3190; x_wconf 91' lang='lat'><strong>:</strong></span> <span class='ocrx_word' id='word_1_406' title='bbox 1488 3137 1641 3207; x_wconf 90' lang='lat' dir='ltr'><strong>quod</strong></span> <span class='ocrx_word' id='word_1_407' title='bbox 1667 3155 1699 3192; x_wconf 86' lang='lat' dir='ltr'><strong>a</strong></span> <span class='ocrx_word' id='word_1_408' title='bbox 1726 3138 1963 3211; x_wconf 87' lang='lat' dir='ltr'><strong>Septua-</strong></span> <span class='ocrx_word' id='word_1_409' title='bbox 1993 3142 2035 3207; x_wconf 86' lang='lat' dir='ltr'>C</span> <span class='ocrx_word' id='word_1_410' title='bbox 2076 3145 2163 3195; x_wconf 90' lang='lat' dir='ltr'><strong>est</strong></span> <span class='ocrx_word' id='word_1_411' title='bbox 2189 3157 2375 3212; x_wconf 89' lang='lat' dir='ltr'><strong>usque</strong></span> <span class='ocrx_word' id='word_1_412' title='bbox 2405 3141 2575 3197; x_wconf 91' lang='lat' dir='ltr'><strong>hodie</strong></span> <span class='ocrx_word' id='word_1_413' title='bbox 2606 3141 2767 3199; x_wconf 91' lang='lat' dir='ltr'><strong>locus</strong></span> <span class='ocrx_word' id='word_1_414' title='bbox 2788 3145 2959 3214; x_wconf 80' lang='lat' dir='ltr'><strong>juxta</strong></span> <span class='ocrx_word' id='word_1_415' title='bbox 2989 3153 3244 3204; x_wconf 87' lang='lat' dir='ltr'><strong>montem</strong></span> <span class='ocrx_word' id='word_1_416' title='bbox 3281 3151 3529 3222; x_wconf 87' lang='lat' dir='ltr'><strong>Phogor,</strong></span> <span class='ocrx_word' id='word_1_417' title='bbox 3574 3170 3719 3208; x_wconf 90' lang='lat' dir='ltr'><strong>eun-</strong></span> 
     </span>
    </p>
   </div>
   <div class='ocr_carea' id='block_1_64' title="bbox 316 3216 1967 3295">
    <p class='ocr_par' dir='ltr' id='par_1_64' title="bbox 316 3216 1967 3295">
     <span class='ocr_line' id='line_1_64' title="bbox 316 3216 1967 3295; baseline 0.008 -26"><span class='ocrx_word' id='word_1_418' title='bbox 316 3216 487 3286; x_wconf 82' lang='lat' dir='ltr'><strong>ginta</strong></span> <span class='ocrx_word' id='word_1_419' title='bbox 519 3217 936 3289; x_wconf 88' lang='lat' dir='ltr'><strong>interpretibus</strong></span> <span class='ocrx_word' id='word_1_420' title='bbox 994 3235 1098 3291; x_wconf 90' lang='lat' dir='ltr'><strong>per</strong></span> <span class='ocrx_word' id='word_1_421' title='bbox 1157 3226 1454 3278; x_wconf 83' lang='lat' dir='ltr'><strong>extensam</strong></span> <span class='ocrx_word' id='word_1_422' title='bbox 1516 3224 1788 3295; x_wconf 88' lang='lat' dir='ltr'><strong>vocalem,</strong></span> <span class='ocrx_word' id='word_1_423' title='bbox 1844 3229 1967 3282; x_wconf 71' lang='lat' dir='ltr'><strong>Er’</strong></span> 
     </span>
    </p>
   </div>
   <div class='ocr_carea' id='block_1_65' title="bbox 317 3302 555 3361">
    <p class='ocr_par' dir='ltr' id='par_1_65' title="bbox 317 3302 555 3361">
     <span class='ocr_line' id='line_1_65' title="bbox 317 3302 555 3361; baseline 0.017 -4"><span class='ocrx_word' id='word_1_424' title='bbox 317 3302 555 3361; x_wconf 88' lang='lat' dir='ltr'><strong>dicitur.</strong></span> 
     </span>
    </p>
   </div>
   <div class='ocr_carea' id='block_1_66' title="bbox 393 3393 1965 3475">
    <p class='ocr_par' dir='ltr' id='par_1_66' title="bbox 393 3393 1965 3475">
     <span class='ocr_line' id='line_1_66' title="bbox 393 3393 1965 3475; baseline 0.008 -27"><span class='ocrx_word' id='word_1_425' title='bbox 393 3394 687 3461; x_wconf 83' lang='lat' dir='ltr'><strong>Aesimon,</strong></span> <span class='ocrx_word' id='word_1_426' title='bbox 720 3393 884 3451; x_wconf 91' lang='lat' dir='ltr'><strong>locus</strong></span> <span class='ocrx_word' id='word_1_427' title='bbox 916 3397 1130 3453; x_wconf 89' lang='lat' dir='ltr'><strong>deserti</strong></span> <span class='ocrx_word' id='word_1_428' title='bbox 1153 3400 1425 3472; x_wconf 82' lang='lat' dir='ltr'><strong>(denique</strong></span> <span class='ocrx_word' id='word_1_429' title='bbox 1456 3407 1512 3457; x_wconf 92' lang='lat' dir='ltr'><strong>et</strong></span> <span class='ocrx_word' id='word_1_430' title='bbox 1560 3403 1754 3475; x_wconf 91' lang='lat' dir='ltr'><strong>ipsum</strong></span> <span class='ocrx_word' id='word_1_431' title='bbox 1798 3422 1965 3462; x_wconf 84' lang='lat' dir='ltr'><strong>voca-</strong></span> 
     </span>
    </p>
   </div>
   <div class='ocr_carea' id='block_1_67' title="bbox 317 3481 1892 3564">
    <p class='ocr_par' dir='ltr' id='par_1_67' title="bbox 317 3481 1892 3564">
     <span class='ocr_line' id='line_1_67' title="bbox 317 3481 1892 3564; baseline 0.008 -28"><span class='ocrx_word' id='word_1_432' title='bbox 317 3481 531 3537; x_wconf 89' lang='lat' dir='ltr'><strong>bulum</strong></span> <span class='ocrx_word' id='word_1_433' title='bbox 571 3484 854 3540; x_wconf 89' lang='lat' dir='ltr'><strong>incultam</strong></span> <span class='ocrx_word' id='word_1_434' title='bbox 886 3490 1101 3543; x_wconf 87' lang='lat' dir='ltr'><strong>terram</strong></span> <span class='ocrx_word' id='word_1_435' title='bbox 1133 3490 1540 3563; x_wconf 84' lang='lat' dir='ltr'><strong>desertamque</strong></span> <span class='ocrx_word' id='word_1_436' title='bbox 1561 3492 1892 3564; x_wconf 78' lang='lat' dir='ltr'><strong>signiﬁcat).</strong></span> 
     </span>
    </p>
   </div>
   <div class='ocr_carea' id='block_1_68' title="bbox 395 3572 1965 3643">
    <p class='ocr_par' dir='ltr' id='par_1_68' title="bbox 395 3572 1965 3643">
     <span class='ocr_line' id='line_1_68' title="bbox 395 3572 1965 3643; baseline 0.008 -18"><span class='ocrx_word' id='word_1_437' title='bbox 395 3572 710 3628; x_wconf 84' lang='lat' dir='ltr'><strong>Abelsatim</strong></span> <span class='ocrx_word' id='word_1_438' title='bbox 742 3574 783 3643; x_wconf 85' lang='grc'><strong>³,</strong></span> <span class='ocrx_word' id='word_1_439' title='bbox 817 3574 980 3631; x_wconf 91' lang='lat' dir='ltr'><strong>locus</strong></span> <span class='ocrx_word' id='word_1_440' title='bbox 1012 3577 1069 3630; x_wconf 92' lang='lat' dir='ltr'><strong>in</strong></span> <span class='ocrx_word' id='word_1_441' title='bbox 1103 3577 1331 3633; x_wconf 89' lang='lat' dir='ltr'><strong>deserto</strong></span> <span class='ocrx_word' id='word_1_442' title='bbox 1366 3580 1437 3635; x_wconf 91' lang='lat' dir='ltr'><strong>ad</strong></span> <span class='ocrx_word' id='word_1_443' title='bbox 1470 3580 1775 3635; x_wconf 90' lang='lat' dir='ltr'><strong>meridiem</strong></span> <span class='ocrx_word' id='word_1_444' title='bbox 1808 3582 1965 3638; x_wconf 86' lang='lat' dir='ltr'><strong>Moa-</strong></span> 
     </span>
    </p>
   </div>
   <div class='ocr_carea' id='block_1_69' title="bbox 320 3659 609 3715">
    <p class='ocr_par' dir='ltr' id='par_1_69' title="bbox 320 3659 609 3715">
     <span class='ocr_line' id='line_1_69' title="bbox 320 3659 609 3715; baseline 0 0"><span class='ocrx_word' id='word_1_445' title='bbox 320 3659 583 3715; x_wconf 84' lang='lat' dir='ltr'><strong>bitarum</strong></span> <span class='ocrx_word' id='word_1_446' title='bbox 599 3702 609 3715; x_wconf 95' lang='lat'><strong>.</strong></span> 
     </span>
    </p>
   </div>
   <div class='ocr_carea' id='block_1_70' title="bbox 394 3748 1965 3820">
    <p class='ocr_par' dir='ltr' id='par_1_70' title="bbox 394 3748 1965 3820">
     <span class='ocr_line' id='line_1_70' title="bbox 394 3748 1965 3820; baseline 0.008 -18"><span class='ocrx_word' id='word_1_447' title='bbox 394 3748 546 3804; x_wconf 70' lang='lat'><strong>135</strong></span> <span class='ocrx_word' id='word_1_448' title='bbox 577 3750 737 3817; x_wconf 81' lang='lat' dir='ltr'><strong>Aser,</strong></span> <span class='ocrx_word' id='word_1_449' title='bbox 771 3751 889 3807; x_wconf 88' lang='lat' dir='ltr'><strong>sive</strong></span> <span class='ocrx_word' id='word_1_450' title='bbox 918 3752 1105 3820; x_wconf 84' lang='lat' dir='ltr'><strong>Jazer,</strong></span> <span class='ocrx_word' id='word_1_451' title='bbox 1157 3754 1446 3811; x_wconf 89' lang='lat' dir='ltr'><strong>terminus</strong></span> <span class='ocrx_word' id='word_1_452' title='bbox 1495 3758 1658 3813; x_wconf 92' lang='lat' dir='ltr'><strong>urbis</strong></span> <span class='ocrx_word' id='word_1_453' title='bbox 1712 3764 1965 3815; x_wconf 88' lang='lat' dir='ltr'><strong>Ammon</strong></span> 
     </span>
    </p>
   </div>
   <div class='ocr_carea' id='block_1_71' title="bbox 304 3838 1969 3913">
    <p class='ocr_par' dir='ltr' id='par_1_71' title="bbox 304 3838 1969 3913">
     <span class='ocr_line' id='line_1_71' title="bbox 304 3838 1969 3913; baseline 0.008 -21"><span class='ocrx_word' id='word_1_454' title='bbox 304 3856 444 3912; x_wconf 68' lang='lat' dir='ltr'><strong>quae</strong></span> <span class='ocrx_word' id='word_1_455' title='bbox 478 3855 635 3894; x_wconf 91' lang='lat' dir='ltr'><strong>nunc</strong></span> <span class='ocrx_word' id='word_1_456' title='bbox 666 3838 1073 3913; x_wconf 88' lang='lat' dir='ltr'><strong>Philadelphia</strong></span> <span class='ocrx_word' id='word_1_457' title='bbox 1093 3842 1598 3910; x_wconf 84' lang='lat' dir='ltr'><strong>dicitur,dividens</strong></span> <span class='ocrx_word' id='word_1_458' title='bbox 1618 3863 1746 3903; x_wconf 87' lang='lat' dir='ltr'><strong>eam</strong></span> <span class='ocrx_word' id='word_1_459' title='bbox 1769 3855 1969 3906; x_wconf 85' lang='lat' dir='ltr'><strong>Amor-</strong></span> 
     </span>
    </p>
   </div>
   <div class='ocr_carea' id='block_1_72' title="bbox 380 3962 1963 4030">
    <p class='ocr_par' dir='ltr' id='par_1_72' title="bbox 380 3962 1963 4030">
     <span class='ocr_line' id='line_1_72' title="bbox 380 3962 1963 4030; baseline 0.008 -14"><span class='ocrx_word' id='word_1_460' title='bbox 380 3964 397 3996; x_wconf 90' lang='grc'>¹</span> <span class='ocrx_word' id='word_1_461' title='bbox 430 3962 757 4017; x_wconf 77' lang='lat' dir='ltr'><strong>Ahetharim</strong></span> <span class='ocrx_word' id='word_1_462' title='bbox 811 3968 920 4019; x_wconf 90' lang='lat' dir='ltr'><strong>etc.</strong></span> <span class='ocrx_word' id='word_1_463' title='bbox 955 3964 1058 4019; x_wconf 87' lang='lat' dir='ltr'><strong>Hic</strong></span> <span class='ocrx_word' id='word_1_464' title='bbox 1089 3969 1284 4021; x_wconf 66' lang='lat' dir='ltr'><strong>Graeca</strong></span> <span class='ocrx_word' id='word_1_465' title='bbox 1332 3969 1509 4023; x_wconf 86' lang='lat' dir='ltr'><strong>verba</strong></span> <span class='ocrx_word' id='word_1_466' title='bbox 1557 3971 1820 4026; x_wconf 90' lang='lat' dir='ltr'><strong>nonnihil</strong></span> <span class='ocrx_word' id='word_1_467' title='bbox 1854 3975 1963 4030; x_wconf 91' lang='lat' dir='ltr'><strong>dif-</strong></span> 
     </span>
    </p>
   </div>
   <div class='ocr_carea' id='block_1_73' title="bbox 310 4034 1657 4107">
    <p class='ocr_par' dir='ltr' id='par_1_73' title="bbox 310 4034 1657 4107">
     <span class='ocr_line' id='line_1_73' title="bbox 310 4034 1657 4107; baseline 0.004 -18"><span class='ocrx_word' id='word_1_468' title='bbox 310 4036 512 4089; x_wconf 85' lang='lat' dir='ltr'><strong>ferunt</strong></span> <span class='ocrx_word' id='word_1_469' title='bbox 542 4051 576 4088; x_wconf 87' lang='lat' dir='ltr'><strong>a</strong></span> <span class='ocrx_word' id='word_1_470' title='bbox 605 4034 810 4089; x_wconf 83' lang='lat' dir='ltr'><strong>Latina</strong></span> <span class='ocrx_word' id='word_1_471' title='bbox 840 4036 1338 4107; x_wconf 87' lang='lat' dir='ltr'><strong>interpretatione.</strong></span> <span class='ocrx_word' id='word_1_472' title='bbox 1373 4039 1657 4095; x_wconf 80' lang='lat' dir='ltr'><strong>MARTIAN.</strong></span> 
     </span>
    </p>
   </div>
   <div class='ocr_carea' id='block_1_74' title="bbox 378 4107 1963 4179">
    <p class='ocr_par' dir='ltr' id='par_1_74' title="bbox 378 4107 1963 4179">
     <span class='ocr_line' id='line_1_74' title="bbox 378 4107 1963 4179; baseline 0.009 -20"><span class='ocrx_word' id='word_1_473' title='bbox 378 4107 399 4138; x_wconf 85' lang='grc'>²</span> <span class='ocrx_word' id='word_1_474' title='bbox 432 4111 540 4160; x_wconf 85' lang='lat' dir='ltr'><strong>Per</strong></span> <span class='ocrx_word' id='word_1_475' title='bbox 561 4113 846 4179; x_wconf 56' lang='lat' dir='ltr'><strong>emensam</strong></span> <span class='ocrx_word' id='word_1_476' title='bbox 874 4109 1138 4179; x_wconf 50' lang='lat' dir='ltr'><strong>vocalem,</strong></span> <span class='ocrx_word' id='word_1_477' title='bbox 1172 4110 1245 4163; x_wconf 84' lang='lat' dir='ltr'><strong>Er</strong></span> <span class='ocrx_word' id='word_1_478' title='bbox 1273 4110 1499 4179; x_wconf 76' lang='lat' dir='ltr'><strong>dicitur,</strong></span> <span class='ocrx_word' id='word_1_479' title='bbox 1551 4112 1740 4168; x_wconf 84' lang='lat' dir='ltr'><strong>Codex</strong></span> <span class='ocrx_word' id='word_1_480' title='bbox 1797 4122 1963 4173; x_wconf 90' lang='lat' dir='ltr'><strong>vetus</strong></span> 
     </span>
    </p>
   </div>
   <div class='ocr_carea' id='block_1_75' title="bbox 316 4177 1960 4257">
    <p class='ocr_par' dir='ltr' id='par_1_75' title="bbox 316 4177 1960 4257">
     <span class='ocr_line' id='line_1_75' title="bbox 316 4177 1960 4257; baseline 0.009 -27"><span class='ocrx_word' id='word_1_481' title='bbox 316 4177 783 4257; x_wconf 36' lang='lat' dir='ltr'><strong>man‘us‘criptus.</strong></span> <span class='ocrx_word' id='word_1_482' title='bbox 816 4177 1062 4257; x_wconf 66' lang='lat' dir='ltr'><strong>Colbert.</strong></span> <span class='ocrx_word' id='word_1_483' title='bbox 1117 4180 1223 4234; x_wconf 84' lang='lat' dir='ltr'><strong>Aer</strong></span> <span class='ocrx_word' id='word_1_484' title='bbox 1260 4177 1746 4257; x_wconf 69' lang='lat' dir='ltr'><strong>corrupte_legit</strong></span> <span class='ocrx_word' id='word_1_485' title='bbox 1776 4204 1795 4247; x_wconf 87' lang='lat'><em>;</em></span> <span class='ocrx_word' id='word_1_486' title='bbox 1828 4205 1960 4243; x_wconf 90' lang='lat' dir='ltr'><strong>cum</strong></span> 
     </span>
    </p>
   </div>
   <div class='ocr_carea' id='block_1_76' title="bbox 309 4247 1963 4401">
    <p class='ocr_par' dir='ltr' id='par_1_76' title="bbox 309 4247 1963 4401">
     <span class='ocr_line' id='line_1_76' title="bbox 309 4247 1963 4338; baseline 0.007 -35"><span class='ocrx_word' id='word_1_487' title='bbox 309 4247 471 4329; x_wconf 73' lang='lat' dir='ltr'><strong>apud</strong></span> <span class='ocrx_word' id='word_1_488' title='bbox 504 4247 894 4328; x_wconf 80' lang='lat' dir='ltr'><strong>Septuaginta</strong></span> <span class='ocrx_word' id='word_1_489' title='bbox 926 4267 1065 4304; x_wconf 91' lang='lat' dir='ltr'><strong>num</strong></span> <span class='ocrx_word' id='word_1_490' title='bbox 1098 4268 1214 4333; x_wconf 58' lang='lat' dir='ltr'><strong>xiii,</strong></span> <span class='ocrx_word' id='word_1_491' title='bbox 1249 4252 1317 4306; x_wconf 80' lang='grc'><strong>45</strong></span> <span class='ocrx_word' id='word_1_492' title='bbox 1350 4270 1361 4307; x_wconf 92' lang='lat'><strong>:</strong></span> <span class='ocrx_word' id='word_1_493' title='bbox 1396 4247 1515 4335; x_wconf 64' lang='grc' dir='ltr'><strong>Ἤρ,</strong></span> <span class='ocrx_word' id='word_1_494' title='bbox 1549 4255 1641 4319; x_wconf 87' lang='lat' dir='ltr'><strong>Er,</strong></span> <span class='ocrx_word' id='word_1_495' title='bbox 1661 4247 1785 4338; x_wconf 42' lang='lat' dir='ltr'><strong>“per</strong></span> <span class='ocrx_word' id='word_1_496' title='bbox 1827 4261 1963 4316; x_wconf 85' lang='lat' dir='ltr'><strong>Etha</strong></span> 
     </span>
     <span class='ocr_line' id='line_1_77' title="bbox 313 4320 1959 4401; baseline 0.008 -28"><span class='ocrx_word' id='word_1_497' title='bbox 313 4320 920 4401; x_wconf 46' lang='lat' dir='ltr'><strong>htteram&#39;scriptum</strong></span> <span class='ocrx_word' id='word_1_498' title='bbox 980 4329 1303 4401; x_wconf 62' lang='lat' dir='ltr'><strong>reperiatur</strong></span> <span class='ocrx_word' id='word_1_499' title='bbox 1336 4329 1439 4378; x_wconf 59' lang='lat' dir='ltr'><strong>ret</strong></span> <span class='ocrx_word' id='word_1_500' title='bbox 1467 4325 1749 4401; x_wconf 50' lang='lat' dir='ltr'><strong>illudusn</strong></span> <span class='ocrx_word' id='word_1_501' title='bbox 1806 4332 1959 4401; x_wconf 92' lang='lat' dir='ltr'><strong>quod</strong></span> 
     </span>
    </p>
   </div>
   <div class='ocr_carea' id='block_1_77' title="bbox 313 4389 1959 4471">
    <p class='ocr_par' dir='ltr' id='par_1_77' title="bbox 313 4389 1959 4471">
     <span class='ocr_line' id='line_1_78' title="bbox 313 4389 1959 4471; baseline 0.007 -26"><span class='ocrx_word' id='word_1_502' title='bbox 313 4389 548 4471; x_wconf 74' lang='lat' dir='ltr'><strong>monuit</strong></span> <span class='ocrx_word' id='word_1_503' title='bbox 587 4389 973 4471; x_wconf 65' lang='lat' dir='ltr'><strong>Hieronymus</strong></span> <span class='ocrx_word' id='word_1_504' title='bbox 1008 4389 1127 4447; x_wconf 70' lang='lat' dir='ltr'><strong>:Er</strong></span> <span class='ocrx_word' id='word_1_505' title='bbox 1167 4394 1279 4448; x_wconf 91' lang='lat' dir='ltr'><strong>dici</strong></span> <span class='ocrx_word' id='word_1_506' title='bbox 1331 4397 1484 4466; x_wconf 88' lang='lat' dir='ltr'><strong>apud</strong></span> <span class='ocrx_word' id='word_1_507' title='bbox 1538 4396 1677 4451; x_wconf 85' lang='lat' dir='ltr'><strong>LXX</strong></span> <span class='ocrx_word' id='word_1_508' title='bbox 1728 4389 1959 4471; x_wconf 45' lang='lat' dir='ltr'><strong>per‘ex-</strong></span> 
     </span>
    </p>
   </div>
   <div class='ocr_carea' id='block_1_78' title="bbox 312 4461 1182 4519">
    <p class='ocr_par' dir='ltr' id='par_1_78' title="bbox 312 4461 1182 4519">
     <span class='ocr_line' id='line_1_79' title="bbox 312 4461 1182 4519; baseline 0.003 -3"><span class='ocrx_word' id='word_1_509' title='bbox 312 4467 549 4516; x_wconf 75' lang='lat' dir='ltr'><strong>tensam</strong></span> <span class='ocrx_word' id='word_1_510' title='bbox 580 4461 861 4516; x_wconf 87' lang='lat' dir='ltr'><strong>vocalem.</strong></span> <span class='ocrx_word' id='word_1_511' title='bbox 896 4462 1182 4519; x_wconf 79' lang='lat' dir='ltr'><strong>MARTIAN.</strong></span> 
     </span>
    </p>
   </div>
   <div class='ocr_carea' id='block_1_79' title="bbox 387 4501 2046 4597">
    <p class='ocr_par' dir='ltr' id='par_1_79' title="bbox 387 4501 2046 4597">
     <span class='ocr_line' id='line_1_80' title="bbox 387 4501 2046 4597; baseline 0.008 -11"><span class='ocrx_word' id='word_1_512' title='bbox 387 4533 413 4566; x_wconf 83' lang='grc'>⁸</span> <span class='ocrx_word' id='word_1_513' title='bbox 442 4532 772 4597; x_wconf 69' lang='lat' dir='ltr'><strong>Abelsatim,</strong></span> <span class='ocrx_word' id='word_1_514' title='bbox 807 4535 955 4589; x_wconf 84' lang='lat' dir='ltr'><strong>locus</strong></span> <span class='ocrx_word' id='word_1_515' title='bbox 986 4537 1045 4588; x_wconf 81' lang='lat' dir='ltr'><strong>in</strong></span> <span class='ocrx_word' id='word_1_516' title='bbox 1096 4536 1302 4591; x_wconf 75' lang='lat' dir='ltr'><strong>deserto</strong></span> <span class='ocrx_word' id='word_1_517' title='bbox 1361 4542 1469 4592; x_wconf 91' lang='lat' dir='ltr'><strong>etc.</strong></span> <span class='ocrx_word' id='word_1_518' title='bbox 1533 4538 1655 4593; x_wconf 90' lang='lat' dir='ltr'><strong>Non</strong></span> <span class='ocrx_word' id='word_1_519' title='bbox 1717 4557 1966 4597; x_wconf 91' lang='lat' dir='ltr'><strong>consen-</strong></span> <span class='ocrx_word' id='word_1_520' title='bbox 2002 4501 2046 4564; x_wconf 67' lang='grc' dir='ltr'><strong>Β</strong></span> 
     </span>
    </p>
   </div>
   <div class='ocr_carea' id='block_1_80' title="bbox 312 4602 1978 4695">
    <p class='ocr_par' dir='ltr' id='par_1_80' title="bbox 312 4602 1978 4695">
     <span class='ocr_line' id='line_1_81' title="bbox 312 4602 1978 4695; baseline 0.007 -39"><span class='ocrx_word' id='word_1_521' title='bbox 312 4602 477 4683; x_wconf 80' lang='lat' dir='ltr'><strong>tiunt</strong></span> <span class='ocrx_word' id='word_1_522' title='bbox 520 4602 643 4695; x_wconf 63' lang='lat' dir='ltr'><strong>hocl</strong></span> <span class='ocrx_word' id='word_1_523' title='bbox 686 4603 811 4695; x_wconf 72' lang='lat' dir='ltr'><strong>loco</strong></span> <span class='ocrx_word' id='word_1_524' title='bbox 852 4606 1157 4695; x_wconf 42' lang='lat' dir='ltr'><strong>Eusebius</strong></span> <span class='ocrx_word' id='word_1_525' title='bbox 1215 4607 1711 4695; x_wconf 55' lang='lat' dir='ltr'><strong>et_Hieronymp_s</strong></span> <span class='ocrx_word' id='word_1_526' title='bbox 1760 4614 1978 4695; x_wconf 41' lang='lat' dir='ltr'><strong>‘;Dprior</strong></span> 
     </span>
    </p>
   </div>
   <div class='ocr_carea' id='block_1_81' title="bbox 311 4672 1970 4752">
    <p class='ocr_par' dir='ltr' id='par_1_81' title="bbox 311 4672 1970 4752">
     <span class='ocr_line' id='line_1_82' title="bbox 311 4672 1970 4752; baseline 0.006 -23"><span class='ocrx_word' id='word_1_527' title='bbox 311 4674 478 4729; x_wconf 88' lang='lat' dir='ltr'><strong>enim</strong></span> <span class='ocrx_word' id='word_1_528' title='bbox 535 4672 780 4752; x_wconf 76' lang='lat' dir='ltr'><strong>collocat</strong></span> <span class='ocrx_word' id='word_1_529' title='bbox 830 4676 1314 4752; x_wconf 69' lang='lat' dir='ltr'><strong>Ahelsalim__m~.i</strong></span> <span class='ocrx_word' id='word_1_530' title='bbox 1382 4672 1591 4752; x_wconf 55' lang='lat' dir='ltr'><strong>accpi;</strong></span> <span class='ocrx_word' id='word_1_531' title='bbox 1645 4672 1839 4752; x_wconf 67' lang='grc' dir='ltr'><strong>Μωᾶϐξ</strong></span> <span class='ocrx_word' id='word_1_532' title='bbox 1912 4685 1970 4739; x_wconf 91' lang='lat' dir='ltr'><strong>id</strong></span> 
     </span>
    </p>
   </div>
   <div class='ocr_carea' id='block_1_82' title="bbox 316 4746 1972 4823">
    <p class='ocr_par' dir='ltr' id='par_1_82' title="bbox 316 4746 1972 4823">
     <span class='ocr_line' id='line_1_83' title="bbox 316 4746 1972 4823; baseline 0.006 -23"><span class='ocrx_word' id='word_1_533' title='bbox 316 4748 439 4823; x_wconf 72' lang='lat' dir='ltr'><strong>est,</strong></span> <span class='ocrx_word' id='word_1_534' title='bbox 467 4759 647 4823; x_wconf 59' lang='lat' dir='ltr'><strong>versus</strong></span> <span class='ocrx_word' id='word_1_535' title='bbox 674 4746 763 4801; x_wconf 90' lang='lat' dir='ltr'><strong>vel</strong></span> <span class='ocrx_word' id='word_1_536' title='bbox 782 4752 986 4823; x_wconf 66' lang='lat' dir='ltr'><strong>contra</strong></span> <span class='ocrx_word' id='word_1_537' title='bbox 1027 4748 1353 4803; x_wconf 78' lang='lat' dir='ltr'><strong>occidentem</strong></span> <span class='ocrx_word' id='word_1_538' title='bbox 1393 4746 1541 4823; x_wconf 66' lang='lat' dir='ltr'><strong>Moab</strong></span> <span class='ocrx_word' id='word_1_539' title='bbox 1574 4753 1603 4823; x_wconf 71' lang='grc' dir='ltr'><strong>)Δ</strong></span> <span class='ocrx_word' id='word_1_540' title='bbox 1630 4752 1775 4807; x_wconf 89' lang='lat' dir='ltr'><strong>alter</strong></span> <span class='ocrx_word' id='word_1_541' title='bbox 1819 4746 1972 4823; x_wconf 82' lang='lat' dir='ltr'><strong>vero,</strong></span> 
     </span>
    </p>
   </div>
   <div class='ocr_carea' id='block_1_83' title="bbox 318 4814 1975 4882">
    <p class='ocr_par' dir='ltr' id='par_1_83' title="bbox 318 4814 1975 4882">
     <span class='ocr_line' id='line_1_84' title="bbox 318 4814 1975 4882; baseline 0.007 -11"><span class='ocrx_word' id='word_1_542' title='bbox 318 4814 393 4871; x_wconf 86' lang='lat' dir='ltr'><strong>ad</strong></span> <span class='ocrx_word' id='word_1_543' title='bbox 426 4815 708 4871; x_wconf 78' lang='lat' dir='ltr'><strong>meridiem</strong></span> <span class='ocrx_word' id='word_1_544' title='bbox 766 4819 1154 4874; x_wconf 75' lang='lat' dir='ltr'><strong>Moabitarum.</strong></span> <span class='ocrx_word' id='word_1_545' title='bbox 1212 4824 1327 4874; x_wconf 84' lang='lat' dir='ltr'><strong>Nec</strong></span> <span class='ocrx_word' id='word_1_546' title='bbox 1388 4814 1794 4879; x_wconf 83' lang='lat' dir='ltr'><strong>ditticultatem</strong></span> <span class='ocrx_word' id='word_1_547' title='bbox 1856 4814 1975 4882; x_wconf 81' lang='lat' dir='ltr'><strong>sive</strong></span> 
     </span>
    </p>
   </div>
   <div class='ocr_carea' id='block_1_84' title="bbox 315 4885 1972 4965">
    <p class='ocr_par' dir='ltr' id='par_1_84' title="bbox 315 4885 1972 4965">
     <span class='ocr_line' id='line_1_85' title="bbox 315 4885 1972 4965; baseline 0.006 -23"><span class='ocrx_word' id='word_1_548' title='bbox 315 4885 643 4965; x_wconf 77' lang='lat' dir='ltr'><strong>dissidium</strong></span> <span class='ocrx_word' id='word_1_549' title='bbox 676 4886 1425 4965; x_wconf 84' lang='lat' dir='ltr'><strong>tollit_Bonfrerius,dicens</strong></span> <span class='ocrx_word' id='word_1_550' title='bbox 1456 4892 1625 4946; x_wconf 90' lang='lat' dir='ltr'><strong>illum</strong></span> <span class='ocrx_word' id='word_1_551' title='bbox 1653 4896 1972 4965; x_wconf 87' lang='lat' dir='ltr'><strong>genitivum</strong></span> 
     </span>
    </p>
   </div>
   <div class='ocr_carea' id='block_1_85' title="bbox 354 4958 1971 5037">
    <p class='ocr_par' dir='ltr' id='par_1_85' title="bbox 354 4958 1971 5037">
     <span class='ocr_line' id='line_1_86' title="bbox 354 4958 1971 5037; baseline 0.007 -25"><span class='ocrx_word' id='word_1_552' title='bbox 354 4958 1197 5037; x_wconf 77' lang='lat' dir='ltr'><strong>Mabitarum_conjungendum</strong></span> <span class='ocrx_word' id='word_1_553' title='bbox 1229 4979 1357 5037; x_wconf 83' lang='lat' dir='ltr'><strong>esse</strong></span> <span class='ocrx_word' id='word_1_554' title='bbox 1406 4980 1539 5037; x_wconf 77' lang='lat' dir='ltr'><strong>cum</strong></span> <span class='ocrx_word' id='word_1_555' title='bbox 1573 4958 1705 5019; x_wconf 62' lang='lat' dir='ltr'><strong>voce</strong></span> <span class='ocrx_word' id='word_1_556' title='bbox 1748 4966 1971 5037; x_wconf 74' lang='lat' dir='ltr'><strong>deserto,</strong></span> 
     </span>
    </p>
   </div>
   <div class='ocr_carea' id='block_1_86' title="bbox 316 5029 1973 5110">
    <p class='ocr_par' dir='ltr' id='par_1_86' title="bbox 316 5029 1973 5110">
     <span class='ocr_line' id='line_1_87' title="bbox 316 5029 1973 5110; baseline 0.007 -26"><span class='ocrx_word' id='word_1_557' title='bbox 316 5048 444 5089; x_wconf 84' lang='lat' dir='ltr'><strong>non</strong></span> <span class='ocrx_word' id='word_1_558' title='bbox 481 5046 617 5110; x_wconf 82' lang='lat' dir='ltr'><strong>cum</strong></span> <span class='ocrx_word' id='word_1_559' title='bbox 652 5029 832 5085; x_wconf 86' lang='lat' dir='ltr'><strong>altera</strong></span> <span class='ocrx_word' id='word_1_560' title='bbox 854 5029 990 5110; x_wconf 69' lang='lat' dir='ltr'><strong>voce</strong></span> <span class='ocrx_word' id='word_1_561' title='bbox 1011 5033 1569 5110; x_wconf 49' lang='lat' dir='ltr'><strong>admcrz’diemd‘iam</strong></span> <span class='ocrx_word' id='word_1_562' title='bbox 1604 5029 1973 5110; x_wconf 82' lang='lat' dir='ltr'><strong>quocumque</strong></span> 
     </span>
    </p>
   </div>
   <div class='ocr_carea' id='block_1_87' title="bbox 315 5100 1974 5178">
    <p class='ocr_par' dir='ltr' id='par_1_87' title="bbox 315 5100 1974 5178">
     <span class='ocr_line' id='line_1_88' title="bbox 315 5100 1974 5178; baseline 0.006 -22"><span class='ocrx_word' id='word_1_563' title='bbox 315 5106 498 5178; x_wconf 81' lang='lat' dir='ltr'><strong>modo</strong></span> <span class='ocrx_word' id='word_1_564' title='bbox 530 5100 819 5178; x_wconf 83' lang='lat' dir='ltr'><strong>legamus,</strong></span> <span class='ocrx_word' id='word_1_565' title='bbox 853 5103 1169 5178; x_wconf 57' lang='grc' dir='ltr'><strong>ᾼὸαιδίιζιῖτη,</strong></span> <span class='ocrx_word' id='word_1_566' title='bbox 1208 5105 1341 5178; x_wconf 86' lang='lat' dir='ltr'><strong>erit</strong></span> <span class='ocrx_word' id='word_1_567' title='bbox 1385 5105 1463 5178; x_wconf 59' lang='lat' dir='ltr'><strong>ad</strong></span> <span class='ocrx_word' id='word_1_568' title='bbox 1507 5100 1759 5161; x_wconf 63' lang='lat' dir='ltr'><strong>occasum</strong></span> <span class='ocrx_word' id='word_1_569' title='bbox 1810 5100 1974 5178; x_wconf 67' lang='lat' dir='ltr'><strong>juirta</strong></span> 
     </span>
    </p>
   </div>
   <div class='ocr_carea' id='block_1_88' title="bbox 323 5173 1973 5249">
    <p class='ocr_par' dir='ltr' id='par_1_88' title="bbox 323 5173 1973 5249">
     <span class='ocr_line' id='line_1_89' title="bbox 323 5173 1973 5249; baseline 0.006 -22"><span class='ocrx_word' id='word_1_570' title='bbox 323 5173 674 5249; x_wconf 83' lang='lat' dir='ltr'><strong>Eusebium,</strong></span> <span class='ocrx_word' id='word_1_571' title='bbox 708 5179 765 5249; x_wconf 71' lang='lat' dir='ltr'><strong>et</strong></span> <span class='ocrx_word' id='word_1_572' title='bbox 793 5173 862 5227; x_wconf 81' lang='lat' dir='ltr'><strong>ad</strong></span> <span class='ocrx_word' id='word_1_573' title='bbox 892 5175 1365 5249; x_wconf 63' lang='lat' dir='ltr'><strong>meridt&#39;cmjuxta</strong></span> <span class='ocrx_word' id='word_1_574' title='bbox 1382 5173 1899 5249; x_wconf 46' lang='lat' dir='ltr'><strong>lIieronymumIAt</strong></span> <span class='ocrx_word' id='word_1_575' title='bbox 1924 5182 1973 5237; x_wconf 91' lang='lat' dir='ltr'><strong>si</strong></span> 
     </span>
    </p>
   </div>
   <div class='ocr_carea' id='block_1_89' title="bbox 315 5244 1971 5322">
    <p class='ocr_par' dir='ltr' id='par_1_89' title="bbox 315 5244 1971 5322">
     <span class='ocr_line' id='line_1_90' title="bbox 315 5244 1971 5322; baseline 0.005 -23"><span class='ocrx_word' id='word_1_576' title='bbox 315 5244 674 5322; x_wconf 72' lang='lat' dir='ltr'><strong>consulatur</strong></span> <span class='ocrx_word' id='word_1_577' title='bbox 701 5244 1167 5322; x_wconf 59' lang='lat' dir='ltr'><strong>gemmentarius</strong></span> <span class='ocrx_word' id='word_1_578' title='bbox 1198 5244 1529 5322; x_wconf 74' lang='lat' dir='ltr'><strong>Hieronymi</strong></span> <span class='ocrx_word' id='word_1_579' title='bbox 1564 5244 1621 5303; x_wconf 80' lang='lat' dir='ltr'><strong>in</strong></span> <span class='ocrx_word' id='word_1_580' title='bbox 1655 5256 1831 5322; x_wconf 88' lang='lat' dir='ltr'><strong>caput</strong></span> <span class='ocrx_word' id='word_1_581' title='bbox 1862 5258 1971 5307; x_wconf 90' lang='lat' dir='ltr'><strong>ter-</strong></span> 
     </span>
    </p>
   </div>
   <div class='ocr_carea' id='block_1_90' title="bbox 316 5314 1973 5389">
    <p class='ocr_par' dir='ltr' id='par_1_90' title="bbox 316 5314 1973 5389">
     <span class='ocr_line' id='line_1_91' title="bbox 316 5314 1973 5389; baseline 0.004 -18"><span class='ocrx_word' id='word_1_582' title='bbox 316 5318 469 5374; x_wconf 85' lang='lat' dir='ltr'><strong>tium</strong></span> <span class='ocrx_word' id='word_1_583' title='bbox 500 5314 833 5389; x_wconf 66' lang='lat' dir='ltr'><strong>Joelis,hsec</strong></span> <span class='ocrx_word' id='word_1_584' title='bbox 862 5316 933 5389; x_wconf 88' lang='lat' dir='ltr'><strong>ab</strong></span> <span class='ocrx_word' id='word_1_585' title='bbox 957 5333 1023 5371; x_wconf 93' lang='lat' dir='ltr'><strong>eo</strong></span> <span class='ocrx_word' id='word_1_586' title='bbox 1053 5318 1273 5389; x_wconf 89' lang='lat' dir='ltr'><strong>scripta</strong></span> <span class='ocrx_word' id='word_1_587' title='bbox 1304 5314 1628 5389; x_wconf 74' lang='lat' dir='ltr'><strong>reperimus</strong></span> <span class='ocrx_word' id='word_1_588' title='bbox 1658 5314 1973 5380; x_wconf 59' lang='lat' dir='ltr'><strong>de&#39;Abelsa-</strong></span> 
     </span>
    </p>
   </div>
   <div class='ocr_carea' id='block_1_91' title="bbox 284 5386 1975 5470">
    <p class='ocr_par' dir='ltr' id='par_1_91' title="bbox 284 5386 1975 5470">
     <span class='ocr_line' id='line_1_92' title="bbox 284 5386 1975 5470; baseline 0.004 -26"><span class='ocrx_word' id='word_1_589' title='bbox 284 5392 425 5445; x_wconf 26' lang='lat' dir='ltr'><strong>etim</strong></span> <span class='ocrx_word' id='word_1_590' title='bbox 460 5408 474 5444; x_wconf 86' lang='lat'>:</span> <span class='ocrx_word' id='word_1_591' title='bbox 513 5386 678 5470; x_wconf 53' lang='lat' dir='ltr'><strong>«:_Es_t</strong></span> <span class='ocrx_word' id='word_1_592' title='bbox 693 5392 889 5441; x_wconf 89' lang='lat' dir='ltr'><strong>autem</strong></span> <span class='ocrx_word' id='word_1_593' title='bbox 912 5387 1073 5470; x_wconf 81' lang='lat' dir='ltr'><strong>locus</strong></span> <span class='ocrx_word' id='word_1_594' title='bbox 1098 5386 1481 5470; x_wconf 55' lang='lat' dir='ltr'><strong>inquit_,ju&#39;xta</strong></span> <span class='ocrx_word' id='word_1_595' title='bbox 1508 5391 1800 5470; x_wconf 71' lang='lat' dir='ltr'><strong>Libiadem</strong></span> <span class='ocrx_word' id='word_1_596' title='bbox 1818 5401 1975 5470; x_wconf 38' lang='lat' dir='ltr'><strong>trans</strong></span> 
     </span>
    </p>
   </div>
   <div class='ocr_carea' id='block_1_92' title="bbox 314 5460 1973 5524">
    <p class='ocr_par' dir='ltr' id='par_1_92' title="bbox 314 5460 1973 5524">
     <span class='ocr_line' id='line_1_93' title="bbox 314 5460 1973 5524; baseline 0.002 -7"><span class='ocrx_word' id='word_1_597' title='bbox 314 5477 483 5517; x_wconf 85' lang='lat' dir='ltr'><strong>mare</strong></span> <span class='ocrx_word' id='word_1_598' title='bbox 520 5460 840 5524; x_wconf 88' lang='lat' dir='ltr'><strong>Mortuum,</strong></span> <span class='ocrx_word' id='word_1_599' title='bbox 872 5465 1034 5515; x_wconf 84' lang='lat' dir='ltr'><strong>sexto</strong></span> <span class='ocrx_word' id='word_1_600' title='bbox 1067 5461 1138 5515; x_wconf 89' lang='lat' dir='ltr'><strong>ab</strong></span> <span class='ocrx_word' id='word_1_601' title='bbox 1170 5477 1235 5516; x_wconf 90' lang='lat' dir='ltr'><strong>eo</strong></span> <span class='ocrx_word' id='word_1_602' title='bbox 1267 5460 1493 5516; x_wconf 87' lang='lat' dir='ltr'><strong>distans</strong></span> <span class='ocrx_word' id='word_1_603' title='bbox 1528 5462 1801 5519; x_wconf 89' lang='lat' dir='ltr'><strong>milliario</strong></span> <span class='ocrx_word' id='word_1_604' title='bbox 1836 5484 1847 5521; x_wconf 89' lang='lat'>:</span> <span class='ocrx_word' id='word_1_605' title='bbox 1876 5468 1973 5521; x_wconf 91' lang='lat' dir='ltr'><strong>ubi</strong></span> 
     </span>
    </p>
   </div>
   <div class='ocr_carea' id='block_1_93' title="bbox 364 5530 1969 5606">
    <p class='ocr_par' dir='ltr' id='par_1_93' title="bbox 364 5530 1969 5606">
     <span class='ocr_line' id='line_1_94' title="bbox 364 5530 1969 5606; baseline 0.004 -17"><span class='ocrx_word' id='word_1_606' title='bbox 364 5532 517 5589; x_wconf 85' lang='lat' dir='ltr'><strong>uond</strong></span> <span class='ocrx_word' id='word_1_607' title='bbox 532 5546 785 5606; x_wconf 87' lang='lat' dir='ltr'><strong>am_cum</strong></span> <span class='ocrx_word' id='word_1_608' title='bbox 805 5530 1140 5606; x_wconf 80' lang='lat' dir='ltr'><strong>Madianitis</strong></span> <span class='ocrx_word' id='word_1_609' title='bbox 1162 5532 1485 5606; x_wconf 78' lang='lat' dir='ltr'><strong>fornicatus</strong></span> <span class='ocrx_word' id='word_1_610' title='bbox 1516 5539 1604 5606; x_wconf 83' lang='lat' dir='ltr'><strong>est</strong></span> <span class='ocrx_word' id='word_1_611' title='bbox 1619 5536 1969 5606; x_wconf 72' lang='lat' dir='ltr'><strong>Israel,»etc.</strong></span> 
     </span>
    </p>
   </div>
   <div class='ocr_carea' id='block_1_94' title="bbox 366 5600 1972 5683">
    <p class='ocr_par' dir='ltr' id='par_1_94' title="bbox 366 5600 1972 5683">
     <span class='ocr_line' id='line_1_95' title="bbox 366 5600 1972 5683; baseline 0.003 -20"><span class='ocrx_word' id='word_1_612' title='bbox 366 5604 585 5683; x_wconf 80' lang='lat' dir='ltr'><strong>quibus</strong></span> <span class='ocrx_word' id='word_1_613' title='bbox 605 5600 689 5662; x_wconf 87' lang='lat' dir='ltr'><strong>sic</strong></span> <span class='ocrx_word' id='word_1_614' title='bbox 703 5601 1014 5661; x_wconf 86' lang='lat' dir='ltr'><strong>conciliare</strong></span> <span class='ocrx_word' id='word_1_615' title='bbox 1030 5619 1350 5676; x_wconf 87' lang='lat' dir='ltr'><strong>possumus</strong></span> <span class='ocrx_word' id='word_1_616' title='bbox 1370 5604 1690 5665; x_wconf 88' lang='lat' dir='ltr'><strong>Eusebium</strong></span> <span class='ocrx_word' id='word_1_617' title='bbox 1712 5600 1846 5666; x_wconf 84' lang='lat' dir='ltr'><strong>cum</strong></span> <span class='ocrx_word' id='word_1_618' title='bbox 1868 5610 1972 5668; x_wconf 85' lang='lat' dir='ltr'><strong>Hie</strong></span> 
     </span>
    </p>
   </div>
   <div class='ocr_carea' id='block_1_95' title="bbox 2076 3228 3721 3310">
    <p class='ocr_par' dir='ltr' id='par_1_95' title="bbox 2076 3228 3721 3310">
     <span class='ocr_line' id='line_1_96' title="bbox 2076 3228 3721 3310; baseline 0.008 -27"><span class='ocrx_word' id='word_1_619' title='bbox 2076 3228 2234 3283; x_wconf 90' lang='lat' dir='ltr'><strong>tibus</strong></span> <span class='ocrx_word' id='word_1_620' title='bbox 2261 3246 2294 3283; x_wconf 89' lang='lat' dir='ltr'><strong>a</strong></span> <span class='ocrx_word' id='word_1_621' title='bbox 2324 3229 2650 3289; x_wconf 72' lang='lat' dir='ltr'><strong>Libiade‘lin</strong></span> <span class='ocrx_word' id='word_1_622' title='bbox 2683 3232 2909 3288; x_wconf 90' lang='lat' dir='ltr'><strong>Esebon</strong></span> <span class='ocrx_word' id='word_1_623' title='bbox 2939 3236 3163 3291; x_wconf 78' lang='lat' dir='ltr'><strong>Arabiae</strong></span> <span class='ocrx_word' id='word_1_624' title='bbox 3215 3240 3419 3293; x_wconf 90' lang='lat' dir='ltr'><strong>contra</strong></span> <span class='ocrx_word' id='word_1_625' title='bbox 3464 3238 3721 3310; x_wconf 89' lang='lat' dir='ltr'><strong>Jericho,</strong></span> 
     </span>
    </p>
   </div>
   <div class='ocr_carea' id='block_1_96' title="bbox 2076 3314 2663 3387">
    <p class='ocr_par' dir='ltr' id='par_1_96' title="bbox 2076 3314 2663 3387">
     <span class='ocr_line' id='line_1_97' title="bbox 2076 3314 2663 3387; baseline 0.003 -18"><span class='ocrx_word' id='word_1_626' title='bbox 2076 3314 2175 3385; x_wconf 86' lang='lat' dir='ltr'><strong>qui</strong></span> <span class='ocrx_word' id='word_1_627' title='bbox 2208 3314 2289 3369; x_wconf 89' lang='lat' dir='ltr'><strong>ita</strong></span> <span class='ocrx_word' id='word_1_628' title='bbox 2318 3314 2663 3387; x_wconf 89' lang='lat' dir='ltr'><strong>appellatur.</strong></span> 
     </span>
    </p>
   </div>
   <div class='ocr_carea' id='block_1_97' title="bbox 2148 3422 3718 3497">
    <p class='ocr_par' dir='ltr' id='par_1_97' title="bbox 2148 3422 3718 3497">
     <span class='ocr_line' id='line_1_98' title="bbox 2148 3422 3718 3497; baseline 0.01 -23"><span class='ocrx_word' id='word_1_629' title='bbox 2148 3422 2333 3476; x_wconf 90' lang='lat' dir='ltr'><strong>Araba</strong></span> <span class='ocrx_word' id='word_1_630' title='bbox 2353 3422 2396 3489; x_wconf 77' lang='grc' dir='ltr'><strong>δ,</strong></span> <span class='ocrx_word' id='word_1_631' title='bbox 2429 3422 2578 3476; x_wconf 89' lang='lat' dir='ltr'><strong>hanc</strong></span> <span class='ocrx_word' id='word_1_632' title='bbox 2610 3426 2675 3477; x_wconf 89' lang='lat' dir='ltr'><strong>ut</strong></span> <span class='ocrx_word' id='word_1_633' title='bbox 2705 3440 2902 3494; x_wconf 88' lang='lat' dir='ltr'><strong>supra,</strong></span> <span class='ocrx_word' id='word_1_634' title='bbox 2957 3426 3171 3497; x_wconf 87' lang='lat' dir='ltr'><strong>Aquila</strong></span> <span class='ocrx_word' id='word_1_635' title='bbox 3209 3430 3514 3485; x_wconf 87' lang='lat' dir='ltr'><strong>transtulit</strong></span> <span class='ocrx_word' id='word_1_636' title='bbox 3562 3432 3718 3489; x_wconf 76' lang='lat'><strong>188</strong></span> 
     </span>
    </p>
   </div>
   <div class='ocr_carea' id='block_1_98' title="bbox 2075 3509 3723 3591">
    <p class='ocr_par' dir='ltr' id='par_1_98' title="bbox 2075 3509 3723 3591">
     <span class='ocr_line' id='line_1_99' title="bbox 2075 3509 3723 3591; baseline 0.009 -29"><span class='ocrx_word' id='word_1_637' title='bbox 2075 3509 2312 3580; x_wconf 87' lang='lat' dir='ltr'><strong>planam</strong></span> <span class='ocrx_word' id='word_1_638' title='bbox 2374 3527 2385 3563; x_wconf 92' lang='lat'>:</span> <span class='ocrx_word' id='word_1_639' title='bbox 2444 3511 2850 3581; x_wconf 79' lang='lat' dir='ltr'><strong>Symmachus,</strong></span> <span class='ocrx_word' id='word_1_640' title='bbox 2936 3515 3231 3571; x_wconf 91' lang='lat' dir='ltr'><strong>interdum</strong></span> <span class='ocrx_word' id='word_1_641' title='bbox 3308 3525 3723 3591; x_wconf 86' lang='lat' dir='ltr'><strong>campestrem,</strong></span> 
     </span>
    </p>
   </div>
   <div class='ocr_carea' id='block_1_99' title="bbox 2078 3598 3726 3664">
    <p class='ocr_par' dir='ltr' id='par_1_99' title="bbox 2078 3598 3726 3664">
     <span class='ocr_line' id='line_1_100' title="bbox 2078 3598 3726 3664; baseline 0.008 -13"><span class='ocrx_word' id='word_1_642' title='bbox 2078 3599 2374 3653; x_wconf 90' lang='lat' dir='ltr'><strong>interdum</strong></span> <span class='ocrx_word' id='word_1_643' title='bbox 2433 3598 2879 3655; x_wconf 88' lang='lat' dir='ltr'><strong>inhabitabilem</strong></span> <span class='ocrx_word' id='word_1_644' title='bbox 2955 3619 2966 3656; x_wconf 91' lang='lat'><strong>:</strong></span> <span class='ocrx_word' id='word_1_645' title='bbox 3025 3604 3390 3660; x_wconf 87' lang='lat' dir='ltr'><strong>Theodotion</strong></span> <span class='ocrx_word' id='word_1_646' title='bbox 3447 3608 3726 3664; x_wconf 90' lang='lat' dir='ltr'><strong>occiden-</strong></span> 
     </span>
    </p>
   </div>
   <div class='ocr_carea' id='block_1_100' title="bbox 2074 3687 3317 3742">
    <p class='ocr_par' dir='ltr' id='par_1_100' title="bbox 2074 3687 3317 3742">
     <span class='ocr_line' id='line_1_101' title="bbox 2074 3687 3317 3742; baseline -0.006 -1"><span class='ocrx_word' id='word_1_647' title='bbox 2074 3687 2271 3742; x_wconf 88' lang='lat' dir='ltr'><strong>talem.</strong></span> <span class='ocrx_word' id='word_1_648' title='bbox 3314 3699 3317 3701; x_wconf 92' lang='grc'><strong>·</strong></span> 
     </span>
    </p>
   </div>
   <div class='ocr_carea' id='block_1_101' title="bbox 2146 3774 3727 3842">
    <p class='ocr_par' dir='ltr' id='par_1_101' title="bbox 2146 3774 3727 3842">
     <span class='ocr_line' id='line_1_102' title="bbox 2146 3774 3727 3842; baseline 0.006 -13"><span class='ocrx_word' id='word_1_649' title='bbox 2146 3774 2452 3842; x_wconf 88' lang='lat' dir='ltr'><strong>Atharoth,</strong></span> <span class='ocrx_word' id='word_1_650' title='bbox 2487 3775 2693 3831; x_wconf 87' lang='lat' dir='ltr'><strong>civitas</strong></span> <span class='ocrx_word' id='word_1_651' title='bbox 2724 3776 2864 3831; x_wconf 90' lang='lat' dir='ltr'><strong>olim</strong></span> <span class='ocrx_word' id='word_1_652' title='bbox 2893 3778 3363 3835; x_wconf 66' lang='lat' dir='ltr'><strong>Amorrhaaorum</strong></span> <span class='ocrx_word' id='word_1_653' title='bbox 3394 3785 3558 3837; x_wconf 87' lang='lat' dir='ltr'><strong>trans</strong></span> <span class='ocrx_word' id='word_1_654' title='bbox 3597 3783 3727 3838; x_wconf 88' lang='lat' dir='ltr'><strong>Jor-</strong></span> 
     </span>
    </p>
   </div>
   <div class='ocr_carea' id='block_1_102' title="bbox 2076 3865 3728 3935">
    <p class='ocr_par' dir='ltr' id='par_1_102' title="bbox 2076 3865 3728 3935">
     <span class='ocr_line' id='line_1_103' title="bbox 2076 3865 3728 3935; baseline 0.003 -14"><span class='ocrx_word' id='word_1_655' title='bbox 2076 3865 2309 3931; x_wconf 90' lang='lat' dir='ltr'><strong>danem,</strong></span> <span class='ocrx_word' id='word_1_656' title='bbox 2374 3881 2499 3934; x_wconf 83' lang='lat' dir='ltr'><strong>quae</strong></span> <span class='ocrx_word' id='word_1_657' title='bbox 2554 3868 2754 3935; x_wconf 88' lang='lat' dir='ltr'><strong>postea</strong></span> <span class='ocrx_word' id='word_1_658' title='bbox 2828 3865 3033 3921; x_wconf 83' lang='lat' dir='ltr'><strong>cecidit</strong></span> <span class='ocrx_word' id='word_1_659' title='bbox 3116 3866 3176 3921; x_wconf 93' lang='lat' dir='ltr'><strong>in</strong></span> <span class='ocrx_word' id='word_1_660' title='bbox 3234 3872 3450 3924; x_wconf 88' lang='lat' dir='ltr'><strong>sortem</strong></span> <span class='ocrx_word' id='word_1_661' title='bbox 3537 3870 3728 3926; x_wconf 88' lang='lat' dir='ltr'><strong>tribus</strong></span> 
     </span>
    </p>
   </div>
   <div class='ocr_carea' id='block_1_103' title="bbox 2076 3987 3725 4062">
    <p class='ocr_par' dir='ltr' id='par_1_103' title="bbox 2076 3987 3725 4062">
     <span class='ocr_line' id='line_1_104' title="bbox 2076 3987 3725 4062; baseline 0.005 -20"><span class='ocrx_word' id='word_1_662' title='bbox 2076 4004 2317 4062; x_wconf 76' lang='lat' dir='ltr'><strong>ronymu</strong></span> <span class='ocrx_word' id='word_1_663' title='bbox 2349 3990 2413 4042; x_wconf 90' lang='lat' dir='ltr'><strong>ut</strong></span> <span class='ocrx_word' id='word_1_664' title='bbox 2444 3987 2709 4062; x_wconf 81' lang='lat' dir='ltr'><strong>dicamus</strong></span> <span class='ocrx_word' id='word_1_665' title='bbox 2740 3988 3036 4062; x_wconf 70' lang='lat' dir='ltr'><strong>hbelsatim</strong></span> <span class='ocrx_word' id='word_1_666' title='bbox 3061 3995 3325 4062; x_wconf 89' lang='lat' dir='ltr'><strong>respectu</strong></span> <span class='ocrx_word' id='word_1_667' title='bbox 3383 3992 3725 4050; x_wconf 89' lang='lat' dir='ltr'><strong>solitudinis</strong></span> 
     </span>
    </p>
   </div>
   <div class='ocr_carea' id='block_1_104' title="bbox 2074 4059 3723 4132">
    <p class='ocr_par' dir='ltr' id='par_1_104' title="bbox 2074 4059 3723 4132">
     <span class='ocr_line' id='line_1_105' title="bbox 2074 4059 3723 4132; baseline 0.004 -18"><span class='ocrx_word' id='word_1_668' title='bbox 2074 4060 2192 4132; x_wconf 89' lang='lat' dir='ltr'><strong>sive</strong></span> <span class='ocrx_word' id='word_1_669' title='bbox 2213 4059 2631 4132; x_wconf 81' lang='lat' dir='ltr'><strong>campestrium</strong></span> <span class='ocrx_word' id='word_1_670' title='bbox 2652 4060 3107 4132; x_wconf 86' lang='lat' dir='ltr'><strong>Moab,positum</strong></span> <span class='ocrx_word' id='word_1_671' title='bbox 3122 4059 3250 4117; x_wconf 81' lang='lat' dir='ltr'><strong>esse</strong></span> <span class='ocrx_word' id='word_1_672' title='bbox 3268 4065 3337 4118; x_wconf 90' lang='lat' dir='ltr'><strong>ad</strong></span> <span class='ocrx_word' id='word_1_673' title='bbox 3360 4065 3723 4121; x_wconf 90' lang='lat' dir='ltr'><strong>occidentem</strong></span> 
     </span>
    </p>
   </div>
   <div class='ocr_carea' id='block_1_105' title="bbox 2073 4130 3724 4204">
    <p class='ocr_par' dir='ltr' id='par_1_105' title="bbox 2073 4130 3724 4204">
     <span class='ocr_line' id='line_1_106' title="bbox 2073 4130 3724 4204; baseline 0.004 -19"><span class='ocrx_word' id='word_1_674' title='bbox 2073 4131 2173 4185; x_wconf 90' lang='lat' dir='ltr'><strong>sed</strong></span> <span class='ocrx_word' id='word_1_675' title='bbox 2204 4135 2474 4204; x_wconf 72' lang='lat' dir='ltr'><strong>respectu</strong></span> <span class='ocrx_word' id='word_1_676' title='bbox 2505 4130 2758 4204; x_wconf 90' lang='lat' dir='ltr'><strong>_Liviad_is</strong></span> <span class='ocrx_word' id='word_1_677' title='bbox 2791 4130 2952 4204; x_wconf 80' lang='lat' dir='ltr'><strong>urbis</strong></span> <span class='ocrx_word' id='word_1_678' title='bbox 2985 4134 3270 4204; x_wconf 90' lang='lat' dir='ltr'><strong>respicere</strong></span> <span class='ocrx_word' id='word_1_679' title='bbox 3292 4136 3360 4189; x_wconf 90' lang='lat' dir='ltr'><strong>ad</strong></span> <span class='ocrx_word' id='word_1_680' title='bbox 3418 4136 3724 4192; x_wconf 90' lang='lat' dir='ltr'><strong>meridiem</strong></span> 
     </span>
    </p>
   </div>
   <div class='ocr_carea' id='block_1_106' title="bbox 2072 4201 3725 4278">
    <p class='ocr_par' dir='ltr' id='par_1_106' title="bbox 2072 4201 3725 4278">
     <span class='ocr_line' id='line_1_107' title="bbox 2072 4201 3725 4278; baseline 0.004 -21"><span class='ocrx_word' id='word_1_681' title='bbox 2072 4201 2986 4278; x_wconf 55' lang='lat' dir='ltr'><strong>Moabitarum.ponsuletabulas</strong></span> <span class='ocrx_word' id='word_1_682' title='bbox 3003 4201 3725 4278; x_wconf 74' lang='lat' dir='ltr'><strong>geographicangnosce,</strong></span> 
     </span>
    </p>
   </div>
   <div class='ocr_carea' id='block_1_107' title="bbox 2073 4272 3728 4333">
    <p class='ocr_par' dir='ltr' id='par_1_107' title="bbox 2073 4272 3728 4333">
     <span class='ocr_line' id='line_1_108' title="bbox 2073 4272 3728 4333; baseline 0.004 -6"><span class='ocrx_word' id='word_1_683' title='bbox 2073 4274 2255 4328; x_wconf 91' lang='lat' dir='ltr'><strong>lector</strong></span> <span class='ocrx_word' id='word_1_684' title='bbox 2284 4272 2616 4327; x_wconf 86' lang='lat' dir='ltr'><strong>difﬁcultati</strong></span> <span class='ocrx_word' id='word_1_685' title='bbox 2651 4273 2907 4328; x_wconf 90' lang='lat' dir='ltr'><strong>locorum</strong></span> <span class='ocrx_word' id='word_1_686' title='bbox 2945 4293 2955 4330; x_wconf 92' lang='lat'>:</span> <span class='ocrx_word' id='word_1_687' title='bbox 2993 4272 3095 4329; x_wconf 69' lang='lat' dir='ltr'><strong>aut</strong></span> <span class='ocrx_word' id='word_1_688' title='bbox 3118 4272 3173 4329; x_wconf 72' lang='lat' dir='ltr'><strong>si</strong></span> <span class='ocrx_word' id='word_1_689' title='bbox 3207 4272 3419 4331; x_wconf 83' lang='lat' dir='ltr'><strong>melius</strong></span> <span class='ocrx_word' id='word_1_690' title='bbox 3459 4272 3600 4333; x_wconf 47' lang='lat' dir='ltr'><strong>avuid</strong></span> <span class='ocrx_word' id='word_1_691' title='bbox 3633 4272 3728 4333; x_wconf 51' lang='lat' dir='ltr'><strong>in;</strong></span> 
     </span>
    </p>
   </div>
   <div class='ocr_carea' id='block_1_108' title="bbox 2069 4344 3725 4419">
    <p class='ocr_par' dir='ltr' id='par_1_108' title="bbox 2069 4344 3725 4419">
     <span class='ocr_line' id='line_1_109' title="bbox 2069 4344 3725 4419; baseline 0.004 -21"><span class='ocrx_word' id='word_1_692' title='bbox 2069 4344 2479 4419; x_wconf 85' lang='lat' dir='ltr'><strong>venire_potes,</strong></span> <span class='ocrx_word' id='word_1_693' title='bbox 2514 4345 2652 4398; x_wconf 84' lang='lat' dir='ltr'><strong>doce</strong></span> <span class='ocrx_word' id='word_1_694' title='bbox 2689 4361 2700 4398; x_wconf 92' lang='lat'><strong>:</strong></span> <span class='ocrx_word' id='word_1_695' title='bbox 2734 4345 2983 4401; x_wconf 86' lang='lat' dir='ltr'><strong>libenter</strong></span> <span class='ocrx_word' id='word_1_696' title='bbox 3004 4346 3307 4417; x_wconf 91' lang='lat' dir='ltr'><strong>discimus,</strong></span> <span class='ocrx_word' id='word_1_697' title='bbox 3338 4344 3493 4419; x_wconf 83' lang='lat' dir='ltr'><strong>quod</strong></span> <span class='ocrx_word' id='word_1_698' title='bbox 3537 4350 3725 4405; x_wconf 90' lang='lat' dir='ltr'><strong>nesci-</strong></span> 
     </span>
    </p>
   </div>
   <div class='ocr_carea' id='block_1_109' title="bbox 2074 4416 2545 4479">
    <p class='ocr_par' dir='ltr' id='par_1_109' title="bbox 2074 4416 2545 4479">
     <span class='ocr_line' id='line_1_110' title="bbox 2074 4416 2545 4479; baseline -0.004 -10"><span class='ocrx_word' id='word_1_699' title='bbox 2074 4432 2230 4479; x_wconf 89' lang='lat' dir='ltr'><strong>mus,</strong></span> <span class='ocrx_word' id='word_1_700' title='bbox 2263 4416 2545 4470; x_wconf 67' lang='lat' dir='ltr'><strong>MARTIAN.</strong></span> 
     </span>
    </p>
   </div>
   <div class='ocr_carea' id='block_1_110' title="bbox 2148 4486 3727 4553">
    <p class='ocr_par' dir='ltr' id='par_1_110' title="bbox 2148 4486 3727 4553">
     <span class='ocr_line' id='line_1_111' title="bbox 2148 4486 3727 4553; baseline 0.004 -13"><span class='ocrx_word' id='word_1_701' title='bbox 2148 4488 2169 4520; x_wconf 77' lang='grc'><strong>⁴</strong></span> <span class='ocrx_word' id='word_1_702' title='bbox 2198 4486 2361 4541; x_wconf 79' lang='lat' dir='ltr'><strong>Gente</strong></span> <span class='ocrx_word' id='word_1_703' title='bbox 2394 4489 2679 4541; x_wconf 70' lang='lat' dir='ltr'><strong>veterrima</strong></span> <span class='ocrx_word' id='word_1_704' title='bbox 2714 4486 2966 4553; x_wconf 74' lang='lat' dir='ltr'><strong>Ommim,</strong></span> <span class='ocrx_word' id='word_1_705' title='bbox 3001 4489 3108 4543; x_wconf 90' lang='lat' dir='ltr'><strong>Ms.</strong></span> <span class='ocrx_word' id='word_1_706' title='bbox 3141 4487 3507 4545; x_wconf 89' lang='lat' dir='ltr'><strong>Colbertinus</strong></span> <span class='ocrx_word' id='word_1_707' title='bbox 3529 4507 3727 4546; x_wconf 91' lang='lat' dir='ltr'><strong>recen-</strong></span> 
     </span>
    </p>
   </div>
   <div class='ocr_carea' id='block_1_111' title="bbox 2088 4557 3727 4633">
    <p class='ocr_par' dir='ltr' id='par_1_111' title="bbox 2088 4557 3727 4633">
     <span class='ocr_line' id='line_1_112' title="bbox 2088 4557 3727 4633; baseline 0.004 -22"><span class='ocrx_word' id='word_1_708' title='bbox 2088 4557 2216 4633; x_wconf 83' lang='lat' dir='ltr'><strong>tior,</strong></span> <span class='ocrx_word' id='word_1_709' title='bbox 2238 4562 2397 4633; x_wconf 59' lang='lat' dir='ltr'><strong>gegite</strong></span> <span class='ocrx_word' id='word_1_710' title='bbox 2427 4559 2709 4633; x_wconf 67' lang='lat' dir='ltr'><strong>teterrima</strong></span> <span class='ocrx_word' id='word_1_711' title='bbox 2732 4558 3011 4633; x_wconf 50' lang='lat' dir='ltr'><strong>Oleniz&#39;im.</strong></span> <span class='ocrx_word' id='word_1_712' title='bbox 3047 4559 3320 4633; x_wconf 90' lang='lat' dir='ltr'><strong>Nonnulli</strong></span> <span class='ocrx_word' id='word_1_713' title='bbox 3352 4560 3556 4633; x_wconf 89' lang='lat' dir='ltr'><strong>legunt</strong></span> <span class='ocrx_word' id='word_1_714' title='bbox 3605 4564 3727 4618; x_wconf 87' lang='lat' dir='ltr'><strong>Um-</strong></span> 
     </span>
    </p>
   </div>
   <div class='ocr_carea' id='block_1_112' title="bbox 2086 4628 3726 4704">
    <p class='ocr_par' dir='ltr' id='par_1_112' title="bbox 2086 4628 3726 4704">
     <span class='ocr_line' id='line_1_113' title="bbox 2086 4628 3726 4704; baseline 0.004 -23"><span class='ocrx_word' id='word_1_715' title='bbox 2086 4630 2241 4704; x_wconf 78' lang='lat' dir='ltr'><strong>mim.</strong></span> <span class='ocrx_word' id='word_1_716' title='bbox 2271 4628 2723 4704; x_wconf 69' lang='lat' dir='ltr'><strong>Yetustissimus</strong></span> <span class='ocrx_word' id='word_1_717' title='bbox 2754 4629 2923 4685; x_wconf 88' lang='lat' dir='ltr'><strong>Corb.</strong></span> <span class='ocrx_word' id='word_1_718' title='bbox 2951 4646 3114 4686; x_wconf 91' lang='lat' dir='ltr'><strong>num.</strong></span> <span class='ocrx_word' id='word_1_719' title='bbox 3147 4632 3273 4700; x_wconf 80' lang='lat'><strong>281,</strong></span> <span class='ocrx_word' id='word_1_720' title='bbox 3305 4649 3338 4686; x_wconf 90' lang='lat' dir='ltr'><strong>a</strong></span> <span class='ocrx_word' id='word_1_721' title='bbox 3374 4628 3528 4704; x_wconf 67' lang='lat' dir='ltr'><strong>génte</strong></span> <span class='ocrx_word' id='word_1_722' title='bbox 3559 4636 3726 4689; x_wconf 79' lang='lat' dir='ltr'><strong>teter-</strong></span> 
     </span>
    </p>
   </div>
   <div class='ocr_carea' id='block_1_113' title="bbox 2087 4698 2791 4754">
    <p class='ocr_par' dir='ltr' id='par_1_113' title="bbox 2087 4698 2791 4754">
     <span class='ocr_line' id='line_1_114' title="bbox 2087 4698 2791 4754; baseline 0 -1"><span class='ocrx_word' id='word_1_723' title='bbox 2087 4701 2233 4753; x_wconf 76' lang='lat' dir='ltr'><strong>rima</strong></span> <span class='ocrx_word' id='word_1_724' title='bbox 2277 4698 2473 4753; x_wconf 79' lang='lat' dir='ltr'><strong>Omim.</strong></span> <span class='ocrx_word' id='word_1_725' title='bbox 2507 4701 2791 4754; x_wconf 75' lang='lat' dir='ltr'><strong>MARTIAN.</strong></span> 
     </span>
    </p>
   </div>
   <div class='ocr_carea' id='block_1_114' title="bbox 2156 4770 3730 4844">
    <p class='ocr_par' dir='ltr' id='par_1_114' title="bbox 2156 4770 3730 4844">
     <span class='ocr_line' id='line_1_115' title="bbox 2156 4770 3730 4844; baseline 0.004 -21"><span class='ocrx_word' id='word_1_726' title='bbox 2156 4770 2175 4803; x_wconf 69' lang='grc'><strong>⁵</strong></span> <span class='ocrx_word' id='word_1_727' title='bbox 2215 4770 2593 4844; x_wconf 81' lang='lat' dir='ltr'><strong>Frustrahoc</strong></span> <span class='ocrx_word' id='word_1_728' title='bbox 2640 4770 2976 4844; x_wconf 81' lang='lat' dir='ltr'><strong>Bonfrerius</strong></span> <span class='ocrx_word' id='word_1_729' title='bbox 3025 4771 3338 4842; x_wconf 78' lang='lat' dir='ltr'><strong>inficiatur,</strong></span> <span class='ocrx_word' id='word_1_730' title='bbox 3390 4774 3730 4844; x_wconf 88' lang='lat' dir='ltr'><strong>frustraque</strong></span> 
     </span>
    </p>
   </div>
   <div class='ocr_carea' id='block_1_115' title="bbox 2086 4842 3728 4915">
    <p class='ocr_par' dir='ltr' id='par_1_115' title="bbox 2086 4842 3728 4915">
     <span class='ocr_line' id='line_1_116' title="bbox 2086 4842 3728 4915; baseline 0.004 -22"><span class='ocrx_word' id='word_1_731' title='bbox 2086 4842 2404 4903; x_wconf 90' lang='lat' dir='ltr'><strong>contendit,</strong></span> <span class='ocrx_word' id='word_1_732' title='bbox 2438 4843 2612 4915; x_wconf 81' lang='lat' dir='ltr'><strong>Aroer</strong></span> <span class='ocrx_word' id='word_1_733' title='bbox 2662 4842 2731 4895; x_wconf 88' lang='lat' dir='ltr'><strong>ad</strong></span> <span class='ocrx_word' id='word_1_734' title='bbox 2768 4842 2970 4915; x_wconf 66' lang='lat' dir='ltr'><strong>_tluvii</strong></span> <span class='ocrx_word' id='word_1_735' title='bbox 3005 4845 3185 4915; x_wconf 86' lang='lat' dir='ltr'><strong>ripas,</strong></span> <span class='ocrx_word' id='word_1_736' title='bbox 3236 4862 3349 4899; x_wconf 92' lang='lat' dir='ltr'><strong>non</strong></span> <span class='ocrx_word' id='word_1_737' title='bbox 3404 4846 3462 4899; x_wconf 93' lang='lat' dir='ltr'><strong>in</strong></span> <span class='ocrx_word' id='word_1_738' title='bbox 3507 4842 3728 4902; x_wconf 75' lang='lat' dir='ltr'><strong>montis</strong></span> 
     </span>
    </p>
   </div>
   <div class='ocr_carea' id='block_1_116' title="bbox 2084 4912 3726 4985">
    <p class='ocr_par' dir='ltr' id='par_1_116' title="bbox 2084 4912 3726 4985">
     <span class='ocr_line' id='line_1_117' title="bbox 2084 4912 3726 4985; baseline 0.004 -20"><span class='ocrx_word' id='word_1_739' title='bbox 2084 4912 2295 4985; x_wconf 80' lang='lat' dir='ltr'><strong>vertice</strong></span> <span class='ocrx_word' id='word_1_740' title='bbox 2326 4912 2730 4985; x_wconf 82' lang='lat' dir='ltr'><strong>constitutam.</strong></span> <span class='ocrx_word' id='word_1_741' title='bbox 2766 4913 2889 4967; x_wconf 90' lang='lat' dir='ltr'><strong>Non</strong></span> <span class='ocrx_word' id='word_1_742' title='bbox 2922 4912 3110 4981; x_wconf 82' lang='lat' dir='ltr'><strong>video,</strong></span> <span class='ocrx_word' id='word_1_743' title='bbox 3169 4916 3359 4985; x_wconf 88' lang='lat' dir='ltr'><strong>inquit</strong></span> <span class='ocrx_word' id='word_1_744' title='bbox 3413 4916 3726 4982; x_wconf 77' lang='lat' dir='ltr'><strong>Relandus,</strong></span> 
     </span>
    </p>
   </div>
   <div class='ocr_carea' id='block_1_117' title="bbox 2085 4983 3729 5055">
    <p class='ocr_par' dir='ltr' id='par_1_117' title="bbox 2085 4983 3729 5055">
     <span class='ocr_line' id='line_1_118' title="bbox 2085 4983 3729 5055; baseline 0.004 -20"><span class='ocrx_word' id='word_1_745' title='bbox 2085 4983 2290 5055; x_wconf 83' lang='lat' dir='ltr'><strong>quidni</strong></span> <span class='ocrx_word' id='word_1_746' title='bbox 2321 4983 2462 5037; x_wconf 90' lang='lat' dir='ltr'><strong>urbs</strong></span> <span class='ocrx_word' id='word_1_747' title='bbox 2522 4984 2835 5055; x_wconf 89' lang='lat' dir='ltr'><strong>in_monte</strong></span> <span class='ocrx_word' id='word_1_748' title='bbox 2895 4984 3026 5051; x_wconf 89' lang='lat' dir='ltr'><strong>sita,</strong></span> <span class='ocrx_word' id='word_1_749' title='bbox 3088 4985 3137 5040; x_wconf 90' lang='lat' dir='ltr'><strong>si</strong></span> <span class='ocrx_word' id='word_1_750' title='bbox 3195 4983 3268 5040; x_wconf 82' lang='lat' dir='ltr'><strong>ad</strong></span> <span class='ocrx_word' id='word_1_751' title='bbox 3328 4986 3455 5055; x_wconf 84' lang='lat' dir='ltr'><strong>ejus</strong></span> <span class='ocrx_word' id='word_1_752' title='bbox 3509 4987 3729 5043; x_wconf 90' lang='lat' dir='ltr'><strong>montis</strong></span> 
     </span>
    </p>
   </div>
   <div class='ocr_carea' id='block_1_118' title="bbox 2086 5053 3729 5126">
    <p class='ocr_par' dir='ltr' id='par_1_118' title="bbox 2086 5053 3729 5126">
     <span class='ocr_line' id='line_1_119' title="bbox 2086 5053 3729 5126; baseline 0.004 -21"><span class='ocrx_word' id='word_1_753' title='bbox 2086 5053 2311 5126; x_wconf 84' lang='lat' dir='ltr'><strong>radices</strong></span> <span class='ocrx_word' id='word_1_754' title='bbox 2337 5055 2568 5126; x_wconf 75' lang='lat' dir='ltr'><strong>ﬂumen</strong></span> <span class='ocrx_word' id='word_1_755' title='bbox 2603 5053 2832 5126; x_wconf 84' lang='lat' dir='ltr'><strong>labatur</strong></span> <span class='ocrx_word' id='word_1_756' title='bbox 2863 5057 3050 5125; x_wconf 88' lang='lat' dir='ltr'><strong>possit</strong></span> <span class='ocrx_word' id='word_1_757' title='bbox 3110 5057 3180 5109; x_wconf 91' lang='lat' dir='ltr'><strong>ad</strong></span> <span class='ocrx_word' id='word_1_758' title='bbox 3240 5057 3283 5109; x_wconf 92' lang='lat' dir='ltr'><strong>ri</strong></span> <span class='ocrx_word' id='word_1_759' title='bbox 3300 5053 3431 5126; x_wconf 79' lang='lat' dir='ltr'><strong>pam</strong></span> <span class='ocrx_word' id='word_1_760' title='bbox 3463 5057 3729 5113; x_wconf 87' lang='lat' dir='ltr'><strong>ﬂuminis</strong></span> 
     </span>
    </p>
   </div>
   <div class='ocr_carea' id='block_1_119' title="bbox 2084 5124 3731 5199">
    <p class='ocr_par' dir='ltr' id='par_1_119' title="bbox 2084 5124 3731 5199">
     <span class='ocr_line' id='line_1_120' title="bbox 2084 5124 3731 5199; baseline 0.004 -22"><span class='ocrx_word' id='word_1_761' title='bbox 2084 5124 2254 5178; x_wconf 90' lang='lat' dir='ltr'><strong>sitam</strong></span> <span class='ocrx_word' id='word_1_762' title='bbox 2292 5124 2427 5190; x_wconf 88' lang='lat' dir='ltr'><strong>dici,</strong></span> <span class='ocrx_word' id='word_1_763' title='bbox 2461 5125 2780 5199; x_wconf 67' lang='lat' dir='ltr'><strong>siquidem</strong></span> <span class='ocrx_word' id='word_1_764' title='bbox 2814 5124 3085 5199; x_wconf 28' lang='lat' dir='ltr'><strong>a’vei‘tice</strong></span> <span class='ocrx_word' id='word_1_765' title='bbox 3116 5128 3187 5181; x_wconf 90' lang='lat' dir='ltr'><strong>ad</strong></span> <span class='ocrx_word' id='word_1_766' title='bbox 3237 5124 3493 5199; x_wconf 79' lang='lat' dir='ltr'><strong>radicem</strong></span> <span class='ocrx_word' id='word_1_767' title='bbox 3543 5145 3731 5199; x_wconf 90' lang='lat' dir='ltr'><strong>usque</strong></span> 
     </span>
    </p>
   </div>
   <div class='ocr_carea' id='block_1_120' title="bbox 2084 5196 3731 5277">
    <p class='ocr_par' dir='ltr' id='par_1_120' title="bbox 2084 5196 3731 5277">
     <span class='ocr_line' id='line_1_121' title="bbox 2084 5196 3731 5277; baseline 0.005 -28"><span class='ocrx_word' id='word_1_768' title='bbox 2084 5197 2301 5277; x_wconf 79' lang='lat' dir='ltr'><strong>montis</strong></span> <span class='ocrx_word' id='word_1_769' title='bbox 2330 5196 2559 5277; x_wconf 79' lang='lat' dir='ltr'><strong>extendi</strong></span> <span class='ocrx_word' id='word_1_770' title='bbox 2585 5200 2794 5277; x_wconf 71' lang='lat' dir='ltr'><strong>potest,</strong></span> <span class='ocrx_word' id='word_1_771' title='bbox 2829 5197 3193 5277; x_wconf 47' lang='lat' dir='ltr'><strong>eanmdenque</strong></span> <span class='ocrx_word' id='word_1_772' title='bbox 3225 5204 3281 5253; x_wconf 91' lang='lat' dir='ltr'><strong>et</strong></span> <span class='ocrx_word' id='word_1_773' title='bbox 3310 5198 3487 5277; x_wconf 67' lang='lat' dir='ltr'><strong>lateri</strong></span> <span class='ocrx_word' id='word_1_774' title='bbox 3517 5196 3731 5277; x_wconf 33' lang='lat' dir='ltr'><strong>mon—Alis</strong></span> 
     </span>
    </p>
   </div>
   <div class='ocr_carea' id='block_1_121' title="bbox 2086 5265 3727 5337">
    <p class='ocr_par' dir='ltr' id='par_1_121' title="bbox 2086 5265 3727 5337">
     <span class='ocr_line' id='line_1_122' title="bbox 2086 5265 3727 5337; baseline 0.005 -18"><span class='ocrx_word' id='word_1_775' title='bbox 2086 5266 2444 5333; x_wconf 88' lang='lat' dir='ltr'><strong>incumbere,</strong></span> <span class='ocrx_word' id='word_1_776' title='bbox 2476 5273 2531 5321; x_wconf 90' lang='lat' dir='ltr'><strong>et</strong></span> <span class='ocrx_word' id='word_1_777' title='bbox 2563 5267 2632 5320; x_wconf 86' lang='lat' dir='ltr'><strong>ad</strong></span> <span class='ocrx_word' id='word_1_778' title='bbox 2667 5265 2853 5337; x_wconf 90' lang='lat' dir='ltr'><strong>ripam</strong></span> <span class='ocrx_word' id='word_1_779' title='bbox 2886 5265 3148 5323; x_wconf 84' lang='lat' dir='ltr'><strong>ﬂuminis</strong></span> <span class='ocrx_word' id='word_1_780' title='bbox 3186 5286 3333 5324; x_wconf 89' lang='lat' dir='ltr'><strong>esse.</strong></span> <span class='ocrx_word' id='word_1_781' title='bbox 3381 5271 3527 5326; x_wconf 88' lang='lat' dir='ltr'><strong>Vide</strong></span> <span class='ocrx_word' id='word_1_782' title='bbox 3572 5272 3727 5329; x_wconf 84' lang='lat' dir='ltr'><strong>infra</strong></span> 
     </span>
    </p>
   </div>
   <div class='ocr_carea' id='block_1_122' title="bbox 2083 5339 2270 5391">
    <p class='ocr_par' dir='ltr' id='par_1_122' title="bbox 2083 5339 2270 5391">
     <span class='ocr_line' id='line_1_123' title="bbox 2083 5339 2270 5391; baseline 0 -1"><span class='ocrx_word' id='word_1_783' title='bbox 2083 5339 2270 5391; x_wconf 77' lang='lat' dir='ltr'><strong>Aruir.</strong></span> 
     </span>
    </p>
   </div>
   <div class='ocr_carea' id='block_1_123' title="bbox 2156 5408 3723 5483">
    <p class='ocr_par' dir='ltr' id='par_1_123' title="bbox 2156 5408 3723 5483">
     <span class='ocr_line' id='line_1_124' title="bbox 2156 5408 3723 5483; baseline 0.005 -22"><span class='ocrx_word' id='word_1_784' title='bbox 2156 5410 2175 5441; x_wconf 78' lang='grc' dir='ltr'>θ</span> <span class='ocrx_word' id='word_1_785' title='bbox 2208 5408 2411 5474; x_wconf 84' lang='lat' dir='ltr'><strong>Araba,</strong></span> <span class='ocrx_word' id='word_1_786' title='bbox 2445 5408 2671 5483; x_wconf 50' lang='lat' dir='ltr'><strong>[faueat</strong></span> <span class='ocrx_word' id='word_1_787' title='bbox 2701 5424 2887 5483; x_wconf 72' lang='lat' dir='ltr'><strong>supra,</strong></span> <span class='ocrx_word' id='word_1_788' title='bbox 2923 5412 3029 5463; x_wconf 91' lang='lat' dir='ltr'><strong>etc.</strong></span> <span class='ocrx_word' id='word_1_789' title='bbox 3090 5410 3546 5483; x_wconf 88' lang='lat' dir='ltr'><strong>Corruptissime</strong></span> <span class='ocrx_word' id='word_1_790' title='bbox 3603 5413 3723 5469; x_wconf 69' lang='lat' dir='ltr'><strong>haec</strong></span> 
     </span>
    </p>
   </div>
   <div class='ocr_carea' id='block_1_124' title="bbox 2084 5478 3715 5551">
    <p class='ocr_par' dir='ltr' id='par_1_124' title="bbox 2084 5478 3715 5551">
     <span class='ocr_line' id='line_1_125' title="bbox 2084 5478 3715 5551; baseline 0.009 -22"><span class='ocrx_word' id='word_1_791' title='bbox 2084 5495 2221 5551; x_wconf 73' lang='lat' dir='ltr'><strong>eum</strong></span> <span class='ocrx_word' id='word_1_792' title='bbox 2254 5478 2718 5551; x_wconf 64' lang='lat' dir='ltr'><strong>praecedentibus</strong></span> <span class='ocrx_word' id='word_1_793' title='bbox 2749 5481 3055 5551; x_wconf 88' lang='lat' dir='ltr'><strong>csnjuncta</strong></span> <span class='ocrx_word' id='word_1_794' title='bbox 3087 5488 3227 5538; x_wconf 92' lang='lat' dir='ltr'><strong>sunt</strong></span> <span class='ocrx_word' id='word_1_795' title='bbox 3257 5478 3316 5539; x_wconf 79' lang='lat' dir='ltr'><strong>in</strong></span> <span class='ocrx_word' id='word_1_796' title='bbox 3340 5490 3511 5543; x_wconf 87' lang='lat' dir='ltr'><strong>antea</strong></span> <span class='ocrx_word' id='word_1_797' title='bbox 3539 5485 3715 5543; x_wconf 87' lang='lat' dir='ltr'><strong>editis</strong></span> 
     </span>
    </p>
   </div>
   <div class='ocr_carea' id='block_1_125' title="bbox 2084 5549 3271 5622">
    <p class='ocr_par' dir='ltr' id='par_1_125' title="bbox 2084 5549 3271 5622">
     <span class='ocr_line' id='line_1_126' title="bbox 2084 5549 3271 5622; baseline 0.007 -15"><span class='ocrx_word' id='word_1_798' title='bbox 2084 5549 2261 5608; x_wconf 88' lang='lat' dir='ltr'><strong>libris</strong></span> <span class='ocrx_word' id='word_1_799' title='bbox 2293 5554 2349 5606; x_wconf 89' lang='lat' dir='ltr'><strong>et</strong></span> <span class='ocrx_word' id='word_1_800' title='bbox 2376 5549 2531 5622; x_wconf 88' lang='lat' dir='ltr'><strong>apud</strong></span> <span class='ocrx_word' id='word_1_801' title='bbox 2563 5549 2949 5610; x_wconf 85' lang='lat' dir='ltr'><strong>Bonfrerium.</strong></span> <span class='ocrx_word' id='word_1_802' title='bbox 2984 5553 3271 5615; x_wconf 58' lang='lat' dir='ltr'><strong>Maenas.</strong></span> 
     </span>
    </p>
   </div>
  </div>
