4088 6166
357 295 479 393 eis

1351 300 1453 364 DE
1498 301 1677 366 SlTU
1723 300 1823 363 ET
1868 298 2147 364 NOMIN.
2191 298 2361 364 LOC.
2410 301 2769 367 HEBRAIC.

3647 300 3767 371 914

360 436 671 505 estusque
700 432 871 491 hodie
918 434 1080 492 vicus
1126 436 1279 493 circa
1308 435 1585 494 Gerasam
1618 438 1823 493 urbem
1861 440 2004 492 Ara-
2033 438 2088 505 Α
2189 437 2467 507 Asedoth,
2503 436 2618 493 alia
2648 438 2768 492 haec
2800 436 3003 494 civitas
3035 435 3173 509 (non
3218 453 3342 511 quae
3392 452 3591 513 supra,
3630 434 3767 495 licet

354 522 487 589 hias,
520 520 835 594 quindecin
868 524 939 579 ab
971 542 1039 580 ea
1069 525 1332 581 millibus
1364 527 1591 581 distans
1622 530 1824 581 contra
1853 526 2002 581 occi-

355 610 620 678 dentem,
651 611 751 683 qui
780 614 933 685 Arga
975 614 1333 686 appellatur:
1384 616 1538 687 quod
1594 615 2008 686 interpretatur

358 699 755 772 Symmachus
788 718 1148 757 mensuram.

430 788 713 855 Asedoth,
765 789 905 845 urbs
950 791 1441 859 Amorrhaeorum,
1495 810 1621 864 quae
1681 793 1890 847 cecidit
1946 792 2005 846 in

357 881 571 934 sortem
625 878 814 933 tribus
862 880 1103 935 Ruben:
1158 880 1484 953 appellatur
1532 886 1751 948 autem,
1809 881 2005 936 addito

358 970 765 1039 cognomento,
797 968 1055 1024 Asedoth
1089 970 1349 1042 Phasga:
1387 971 1541 1043 quod
1574 971 1631 1025 in
1663 970 1865 1043 lingua
1905 988 2005 1026 no-

358 1059 483 1119 stra
514 1062 771 1126 resonat,
805 1058 1158 1113 abscissum.

430 1145 696 1215 Abarim,
730 1163 899 1202 mons
932 1146 989 1201 in
1014 1164 1127 1218 quo
1151 1152 1416 1203 mortuus
1439 1153 1526 1203 est
1547 1150 1752 1204 Moses.
1790 1148 2009 1203 Dicitur

354 1240 553 1297 autem
585 1240 641 1291 et
673 1252 843 1292 mons
894 1252 1022 1291 esse
1069 1236 1293 1304 Nabau,
1331 1237 1387 1291 in
1421 1241 1573 1292 terra
1605 1238 1772 1293 Moab
1806 1242 2008 1292 contra

352 1324 588 1382 Jericho
648 1341 829 1395 supra
884 1324 1203 1380 Jordanem
1266 1324 1324 1379 in
1383 1324 1695 1397 supercilio
1755 1326 2003 1398 Phasga.

356 1412 819 1485 Ostenditurque
868 1412 1320 1469 ascendentibus
1375 1414 1445 1468 de
1502 1414 1734 1469 Liviade
1787 1414 1845 1468 in
1903 1415 2006 1468 Es-

354 1504 523 1574 bum,
583 1501 826 1573 antiquo
905 1501 1191 1573 hodieque
1265 1502 1543 1557 vocabulo
1612 1503 1784 1573 juxta
1842 1518 2005 1557 mon-

354 1596 473 1649 tem
547 1590 799 1663 Phogor,
878 1606 1090 1646 nomen
1159 1590 1475 1661 pristinum
1544 1591 1914 1659 retinentem,
1976 1608 2007 1645 a

348 1698 472 1753 quo
541 1680 691 1735 circa
766 1696 899 1735 eum
967 1679 1124 1751 regio
1201 1696 1387 1751 usque
1463 1698 1617 1735 nunc
1684 1680 2009 1753 appellatur

354 1770 609 1841 Phasga.

428 1856 747 1923 Avothiair,
827 1858 982 1928 quod
1060 1857 1480 1929 interpretatur
1556 1855 1810 1919 ἐπαύλεις
1872 1857 2029 1932 ἰαὶρ,⁷

358 1948 483 2004 haec
515 1952 604 2003 est
651 1951 857 2013 Basan,
924 1946 979 2000 in
1040 1964 1154 2018 qua
1214 1952 1352 2002 sunt
1404 1948 1512 2002 vici
1571 1948 1916 2021 (sexaginta)
1947 1948 2007 2001 in

359 2040 560 2092 monte
590 2034 827 2102 Galaad,
863 2035 960 2105 qui
1012 2036 1349 2091 ceciderunt
1391 2035 1448 2090 in
1502 2040 1718 2092 sortem
1752 2036 2008 2091 dimidia:

358 2124 553 2179 tribus
581 2124 884 2179 Manasse:
922 2124 1017 2194 qui
1052 2125 1215 2181 locus
1247 2142 1401 2181 nunc
1427 2128 1665 2181 vocatur
1690 2126 1915 2191 Golam,
1952 2126 2008 2179 in

360 2215 520 2268 terra
547 2212 832 2269 Batanzsa.

904 2400 994 2456 DE
1036 2400 1250 2456 LIBRO
1288 2401 1477 2457 JESU.

340 2640 347 2645 '
438 2567 849 2625 Antilibanus:
886 2586 952 2625 ea
1011 2586 1137 2641 quae
1187 2573 1325 2625 sunt
1374 2587 1553 2641 supra
1604 2569 1912 2637 Libanum,
1944 2570 2014 2625 ad

367 2657 709 2713 orientalem
743 2656 1014 2730 plagam‘
1058 2658 1450 2731 respicientia,
1507 2659 1883 2714 Antilibanus
1915 2676 2019 2731 ap-

366 2746 684 2819 pellantur,
715 2746 871 2803 eirca
902 2748 1201 2819 regionem
1232 2748 1399 2802 urbis
1438 2748 1730 2814 Damasci,
1765 2765 1891 2819 qua)
1925 2764 2017 2802 ce-

324 2905 341 2912 -
368 2835 514 2892 cidit
544 2836 602 2891 in
636 2841 851 2891 sortem
882 2837 1073 2892 tribus
1102 2840 1387 2891 Manasse.

439 2925 857 2993 Azeca,oivitas
879 2925 1340 2981 Cbananaeorum
1362 2925 1419 2980 in
1438 2930 1599 2995 parte
1616 2925 1807 2981 tribus
1829 2926 2016 2993 Judze,

366 3014 440 3071 ad
472 3030 651 3086 quam
685 3031 873 3086 usque
905 3019 1245 3087 persecutus
1272 3016 1421 3071 143
1445 3018 1533 3069 est
1558 3015 1731 3070 Jesus
1759 3015 2020 3086 quinque

2037 1803 2085 1869 B

2116 528 2320 583 eodem
2348 527 2586 583 nomine
2612 527 2868 598 vocetur)
2891 544 3068 598 quam
3095 528 3445 601 expugnavit
3466 527 3763 601 quondam

2114 616 2308 686 Jesus,
2344 631 2477 687 rege
2503 615 2663 674 illius
2689 615 3015 672 interfecto.

2186 707 2351 775 Asor,
2386 705 2589 760 civitas
2622 705 2783 776 regni
2816 705 3010 775 Jabin,
3047 722 3225 777 quam
3280 705 3463 761 solam
3511 704 3769 761 incendit

2116 793 2308 863 Jesus,
2353 793 2493 865 quia
2552 793 2891 865 metropolis
2952 799 3075 850 erat
3132 795 3394 850 omnium
3453 810 3766 866 regnorum

2117 881 2455 937 Pbilistiim.
2492 884 2590 937 Est
2619 886 2675 937 et
2725 881 2839 937 alia
2885 882 3022 937 villa
3074 900 3262 954 usque
3310 882 3481 938 hodie
3509 884 3674 951 Asor,
3707 880 3765 936 in

2118 972 2336 1026 ﬁnibus
2367 970 2691 1039 Ascalonis,
2727 976 2929 1026 contra
2960 971 3244 1027 orientem
3272 972 3398 1041 ejus
3424 988 3436 1026 :
3473 988 3597 1043 quae
3628 970 3770 1025 ceci-

2117 1060 2203 1115 dit
2234 1060 2292 1114 in
2315 1065 2532 1115 sortem
2555 1059 2745 1115 tribus
2765 1059 2939 1131 Juda,
2966 1061 3136 1131 cujus
3159 1065 3215 1116 et
3238 1059 3540 1131 Scriptura
3561 1058 3768 1114 memi-

2117 1152 2203 1204 nit
2235 1152 2413 1219 (Josue
2444 1166 2565 1218 xm,
2599 1149 2709 1219 45),
2745 1148 3047 1220 appellans
3078 1166 3206 1205 eam
3232 1150 3303 1205 ad
3333 1147 3767 1204 distinctionem

2116 1238 2346 1307 veteris,
2382 1244 2530 1293 Asor
2560 1255 2789 1292 novam.

2190 1329 2444 1393 /Ermon,
2480 1327 2637 1398 regio
2669 1328 2993 1397 Evzeorum,
3036 1344 3214 1398 quam
3271 1325 3526 1381 obtinuit
3566 1324 3768 1381 Jesus.

2118 1418 2415 1488 (Hebraeus
2458 1432 2590 1470 vero
2638 1432 2753 1487 quo
2802 1414 3149 1488 praelegente
3199 1413 3531 1488 Scripturas
3569 1412 3767 1481 didici,

2117 1505 2373 1560 afﬁrmat
2450 1509 2710 1559 montem
2788 1504 3027 1559 [Ermon
3108 1504 3359 1559 Paneadi
3441 1502 3768 1571 imminere,

2117 1610 2293 1666 quem
2342 1594 2641 1665 quondam
2690 1596 2928 1648 tenuere
2975 1591 3127 1647 Evazi
3173 1596 3231 1648 et
3283 1590 3645 1647 Amorrhaei:
3702 1592 3774 1646 de

2118 1700 2233 1755 quo
2284 1700 2439 1737 nunc
2490 1682 2697 1738 aestivae
2750 1682 2911 1737 nives
2958 1682 3175 1754 Tyrum
3225 1682 3297 1736 ob
3347 1678 3586 1736 delicias
3615 1679 3772 1735 defe-

2118 1772 2376 1843 runtur.)

2190 1860 2421 1929 Ahalae,
2469 1876 2638 1915 mons
2676 1874 2851 1931 quem
2902 1858 3111 1930 Aquila
3161 1859 3599 1930 interpretatur,
3630 1855 3776 1913 divi-

2120 1950 2352 2005 dentem
2414 1954 2723 2004 montem:
2782 1952 2839 2003 et
2894 1947 3303 2019 Symmachus,
3366 1947 3521 2002 148
3576 1946 3774 2004 lavem

2121 2045 2397 2101 montem,
2432 2039 2489 2091 id
2521 2043 2627 2107 est,
2660 2037 2975 2109 limpidum
3008 2037 3128 2091 sive
3170 2035 3489 2091 lubricum.

2190 2131 2463 2195 Aermon,
2532 2143 2702 2182 mons
2766 2125 3254 2195 Amorrhaaorum,
3316 2126 3387 2180 de
3445 2140 3563 2196 quo
3621 2141 3778 2181 nunc

2122 2215 2347 2271 dictum
2378 2220 2502 2271 est:
2548 2230 2721 2285 quem
2781 2212 3084 2269 Phcnnices
3112 2218 3367 2281 evocant,
3428 2213 3621 2268 sanior
3638 2213 3680 2282 ³,
3712 2215 3771 2267 et

2124 2303 2495 2360 Amorrbzeus
2535 2299 2865 2375 appellavit,
2896 2303 3057 2357 sanir
3079 2317 3091 2355 :
3112 2300 3446 2371 diciturque
3474 2299 3534 2355 in
3565 2298 3779 2355 vertice

2125 2394 2254 2465 ejus
2295 2393 2527 2465 insigne
2573 2391 2920 2463 templum‘,
2972 2390 3126 2461 quod
3181 2390 3252 2445 ab
3316 2388 3565 2445 ethnicis
3596 2386 3778 2443 cultui

2127 2482 2375 2537 hebetur
2404 2497 2433 2536 e
2466 2481 2700 2552 regione
2730 2478 3016 2534 Paneadis
3046 2482 3103 2532 et
3142 2476 3343 2533 Libani
3368 2493 3381 2531 :
3408 2476 3511 2532 sed
3542 2479 3599 2531 et
3624 2480 3781 2533 terra

2128 2570 2382 2626 filiorum
2415 2569 2591 2625 Israel
2622 2573 2784 2625 trans
2838 2568 3154 2625 Jordanem
3214 2566 3286 2622 ab
3340 2565 3485 2623 solis
3513 2568 3712 2627 ortum
3747 2583 3781 2620 a

2129 2663 2421 2731 praerupto
2449 2659 2704 2715 Arnonis
2734 2672 2921 2729 usque
2968 2657 3039 2712 ad
3094 2659 3354 2714 montem
3396 2656 3775 2719 Aermonex-

2128 2748 2408 2805 tenditur.

2212 2838 2389 2905 Anob,
2425 2838 2627 2893 civitas
2683 2852 2862 2907 quam
2921 2835 3274 2907 expugnavit
3328 2834 3525 2905 Jesus,
3590 2836 3647 2891 et
3690 2836 3784 2893 est

2130 2943 2317 2998 usque
2376 2926 2547 2981 hodie
2614 2926 2751 2980 villa
2819 2925 2991 2994 juxta
3069 2922 3412 2995 Diospolim,
3476 2921 3645 2993 quasi
3717 2920 3778 2975 in

2132 3020 2337 3087 quarto
2398 3014 2672 3070 milliario
2733 3013 2803 3069 ad
2866 3011 3210 3069 orientalem
3288 3011 3522 3084 plagam
3551 3012 3591 3080 ⁵,
3648 3026 3780 3081 qua:

364 3120 555 3175 reges.
614 3104 724 3160 Sed
785 3109 840 3159 et
898 3105 1069 3160 hodie
1127 3108 1367 3160 vocatur
1422 3103 1557 3159 villa
1606 3106 1806 3170 Azeca,
1868 3103 2021 3159 inter
2059 3170 2089 3175 _
2129 3110 2369 3161 vocatur
2411 3104 2846 3159 Bethoannaba.
2900 3101 3190 3173 (Plerique
3240 3105 3434 3157 autem
3485 3099 3783 3163 affirmant

324 3252 331 3273 ,η
363 3192 860 3265 Eleutheropolim
892 3199 948 3249 et
976 3193 1203 3249 ZEliam.

437 3281 663 3349 Aialon,
723 3282 866 3337 valis
923 3288 1095 3353 atque
1153 3284 1539 3354 praeruptum,
1600 3298 1779 3355 super
1836 3282 2013 3353 quod,

334 3375 573 3427 .orante
613 3372 905 3443 quondam
965 3372 1127 3440 Jesu,
1190 3371 1332 3426 luna
1388 3371 1550 3426 stetit
1595 3372 1765 3441 juxta
1820 3370 2015 3425 villam

366 3476 496 3533 qua:
553 3476 742 3532 usque
802 3478 957 3515 nunc
1014 3460 1183 3516 Ailon
1264 3460 1499 3527 dicitur,
1561 3464 1763 3515 contra
1830 3459 2019 3514 orien-

366 3554 490 3605 tem
520 3549 791 3615 Bethelis,
826 3549 1016 3605 tribus
1047 3551 1119 3605 ad
1170 3565 1237 3605 ea
1285 3548 1550 3603 millibus
1582 3549 1829 3618 distans,
1864 3548 2019 3603 haud

372 3635 577 3709 procul
612 3639 866 3693 aGabaa
915 3643 974 3694 et
1021 3639 1206 3693 Rama
1254 3637 1449 3693 Saulis
1500 3637 1768 3692 urbibus.
1824 3638 2019 3708 (Porro

375 3721 601 3778 Hebrtei
630 3724 923 3779 afﬁrmant
951 3725 1177 3792 Aialon,
1211 3724 1403 3780 vicum
1427 3725 1741 3795 essejuxta
1770 3724 2021 3795 Nicopo-

369 3808 478 3866 lim
510 3812 567 3866 in
598 3814 853 3868 secundo
885 3812 1101 3885 lapide,
1134 3814 1515 3885 pergentibus
1555 3813 1808 3883 zEliam.)

440 3901 633 3957 Achor
686 3902 993 3971 (Ilebraice
1070 3902 1287 3957 dicitur
1341 3903 1653 3958 emecaehor
1708 3912 2020 3992 11:21:92:

365 4007 436 4048 eo
467 3992 625 4063 quod
656 3991 738 4046 ibi
771 3992 1166 4047 tumultuatus
1197 3996 1252 4046 et
1284 3992 1555 4047 turbatus
1588 3992 1664 4047 sit
1705 3992 1926 4063 Israel),
1964 3992 2024 4046 in

366 4097 487 4154 qua
513 4080 922 4153 lapidaverunt
943 4082 1239 4152 quondam
1262 4081 1461 4135 Achan
1482 4083 1521 4148 ³,
1547 4085 1782 4152 propter
1804 4082 2023 4136 furtum

368 4170 785 4227 anathematis.
834 4170 931 4225 Est
979 4175 1176 4225 autem
1230 4171 1301 4225 ad
1356 4170 1817 4242 septentrionem
1876 4170 2023 4226 Jeri-

368 4262 555 4317 chus:
591 4263 649 4315 et
678 4276 866 4330 usque
913 4259 1088 4313 hodie
1119 4276 1153 4313 a
1184 4259 1437 4331 regionis
1485 4258 1643 4314 illius
1694 4259 1907 4316 accolis
1941 4261 2025 4315 sic

371 4347 739 4404 nominatur.
800 4348 1069 4403 Meminit
1124 4348 1304 4418 hujus
1361 4347 1503 4403 Osee
1560 4348 1843 4420 propheta
1875 4349 2027 4419 (Osee

368 4452 437 4509 n,
472 4436 585 4507 45).

447 4614 579 4687 {Ad
627 4616 951 4671 orientalem
993 4618 1241 4687 plagam,
1298 4618 1407 4670 etc.
1461 4614 1617 4670 Colb.
1668 4632 1779 4670 ms.
1841 4617 2021 4671 codex

374 4686 610 4770 optimae
642 4691 788 4770 notae
819 4687 960 4770 legit
989 4686 1057 4743 ad
1086 4688 1409 4770 oriepfalem
1434 4688 1678 4758 plagam.
1722 4690 1801 4742 Ita
1845 4688 2019 4743 etiam

330 4826 335 4829 _
377 4757 604 4829 aliquot
630 4757 728 4813 alii
762 4757 991 4815 codices
1024 4776 1166 4813 mss.
1202 4757 1486 4813 Maurus.

428 4897 440 4902 _
462 4828 482 4861 ’
512 4830 633 4885 Non
672 4831 866 4902 Achor,
900 4847 1083 4901 eoque
1114 4829 1311 4902 minus
1343 4831 1545 4902 {lc/ian,
1582 4832 1643 4881 ut
1675 4830 2023 4902 Hieronymo

428 4897 590 4969 iacet,
624 4901 727 4955 sed
758 4902 956 4969 Achar,
986 4897 1054 4955 ut
1103 4901 1279 4955 Graeci
1332 4900 1645 4970 Scriptura:
1678 4897 1926 4968 codices,
1960 4918 2052 4955 ac-

330 5034 331 5039 ,
374 4970 568 5028 Latini
600 4972 841 5041 passim,
876 4978 933 5027 et
971 4988 1175 5027 omnes
1223 4970 1487 5026 omnium
1539 4970 1870 5041 linguarum
1904 4974 2025 5027 edi-

374 4988 568 5028 Latim
640 4988 841 5040 assim,
876 4988 933 5027 et
971 4988 1175 5027 omnes
1223 4988 1487 5026 omnium
1539 4988 1870 5041 linguarum
1904 4988 2025 5027 eui-

370 5044 567 5099 tiones
598 4988 834 5110 iiabent,
896 5044 987 5098 fur
1045 5042 1140 5097 ille
1198 5041 1561 5113 appellatur;
1612 5057 1807 5113 neque
1861 5042 2028 5099 aliter

373 5112 931 5195 Eonstabitallusio,
966 5114 1183 5195 qure_i_n
1218 5111 1453 5195 liébrazo
1486 5113 1570 5177 fit,
1599 5111 1778 5195 Josue
1808 5131 1901 5195 vn,

372 5186 640 5264 Rursum
685 5186 919 5264 Hieron.
982 5185 1041 5239 in
1086 5185 1335 5264 _Michea;
1395 5200 1538 5264 cap.
1578 5200 1653 5247 vn,
1684 5185 2029 5264 {tollor-legit

366 5258 547 5330 juxta
576 5257 917 5324 Eusebium,
950 5257 1103 5325 quod
1156 5273 1270 5311 non
1320 5255 1575 5310 hominis
1613 5256 1711 5309 sed
1745 5255 1911 5312 vallis
1943 5255 2031 5312 est

328 5372 339 5475 Ἰ
374 5344 786 5478 Ποδωέἓᾴξηιξςθιξ
814 5404 1022 5467 vocant,
1044 5398 1271 5478 Δδαηίθγ.
1428 5396 1615 5478 Λαρυᾴ
1664 5398 1822 5478 ξτΧΧ,
1858 5398 2027 5478 Deut.

378 5487 447 5527 In
500 5471 556 5524 9.
596 5471 655 5525 In
690 5470 926 5525 Hebraeo
960 5474 1152 5525 autem
1186 5474 1240 5522 et
1269 5467 1400 5522 aliis
1424 5466 1807 5523 Orientalium
1833 5470 2032 5523 editio-

336 5538 347 5543 ’
385 5517 563 5598 nibus
630 5557 732 5603 pro
780 5544 1001 5603 Sanz’or,
1056 5540 1307 5603 legimus
1375 5548 1513 5603 mw
1540 5539 1778 5601 Sarion;
1810 5546 1865 5595 et
1895 5550 2033 5603 1’31“:

385 5551 563 5598 nibus
629 5557 732 5613 pro
780 5551 1001 5611 Santor,
1056 5551 1307 5669 tissimus
1375 5551 1778 5630 3111731171012;
1810 5551 1865 5595 et
1895 5551 1975 5603 Ἴτε

385 5613 550 5670 Sanir
579 5617 1022 5685 consequenter.
1166 5627 1356 5669 arma.

2047 4537 2097 4601 D

2048 3170 2091 3237 (ἶ
2129 3194 2188 3249 in
2222 3197 2421 3249 octavo
2444 3194 2516 3250 ab
2538 3209 2605 3248 ea
2628 3170 3119 3262 milliarioisitam‘,
3148 3194 3206 3245 et
3230 3188 3513 3262 appellari
3538 3187 3783 3244 Bethan-

2128 3284 2386 3351 nabam.)

2198 3373 2408 3443 Asdod,
2449 3374 2507 3427 in
2540 3376 2694 3427 sorte
2728 3371 2919 3427 tribus
2956 3371 3141 3440 Judze,
3175 3386 3302 3442 quae
3353 3384 3509 3424 nunc
3540 3370 3782 3423 vocatur
3840 3374 3847 3380 '

2128 3467 2379 3517 Azotus:
2423 3462 2482 3516 in
2512 3478 2630 3532 qua
2657 3459 2915 3516 derelieti
2946 3464 3088 3516 sunt
3116 3460 3403 3530 gigantes,
3439 3456 3539 3529 qui
3584 3454 3781 3529 appel-

2128 3551 2403 3608 labantur
2435 3549 2693 3617 Enacim,
2730 3554 2786 3603 et
2816 3552 2906 3603 est
2935 3564 3121 3619 usque
3151 3545 3324 3603 hodie
3354 3546 3585 3618 insigne
3615 3543 3781 3617 oppi-

2130 3641 2271 3696 dum
2300 3638 2635 3705 Palaestinae.

2204 3729 2369 3797 Ader,
2420 3727 2560 3782 urbs
2590 3742 2769 3797 quam
2822 3722 3176 3797 expugnavit
3225 3722 3399 3777 Jesus
3433 3734 3587 3792 ,rege
3618 3718 3781 3775 illius

2132 3818 2459 3873 interfecto.

2202 3906 2419 3977 Aphec,
2455 3908 2510 3959 et
2540 3904 2659 3959 haec
2691 3903 2893 3958 civitas
2923 3905 3033 3971 est,
3067 3914 3245 3971 quam
3277 3913 3411 3970 rege
3442 3895 3630 3969 ipsius
3651 3899 3774 3951 tru-

2135 3996 2347 4063 cidato,
2383 3993 2736 4066 expugnavit
2764 3993 2962 4048 Jesus.

2205 4082 2459 4154 Acsaph,
2502 4086 2558 4137 et
2586 4085 2789 4137 contra
2820 4079 2997 4150 hujus
3052 4092 3247 4149 regem
3288 4078 3460 4133 Jesus
3492 4088 3786 4149 pugnasse

2134 4171 2524 4228 describitur:
2558 4169 3001 4242 appellaturque
3041 4165 3215 4221 hodie
3244 4165 3448 4221 villula
3478 4162 3781 4231 Chasalus,

2134 4262 2193 4317 in
2242 4266 2442 4317 octavo
2498 4259 2690 4332 lapide
2738 4258 3124 4326 Diocmsarezc,
3172 4255 3242 4309 ad
3276 4254 3529 4309 radicem
3566 4252 3782 4307 montis

2136 4351 2389 4419 Thabor,
2424 4350 2481 4402 in
2516 4346 2966 4419 campestribus.

2210 4442 2481 4503 Accaron,
2528 4438 2586 4492 in
2617 4435 2774 4491 tribu
2804 4436 2928 4491 Dan
2961 4433 3105 4504 (sive
3134 4436 3200 4488 ut
3246 4447 3351 4504 ego
3384 4429 3634 4487 arbitror
3652 4429 3693 4499 θ,
3725 4427 3785 4483 in

2204 4618 2493 4672 ‘Minime
2550 4632 2679 4670 vero
2736 4613 2913 4667 tradit
2969 4610 3256 4689 Eusebius
3310 4608 3451 4689 ξερὸν
3512 4605 3785 4689 templum

2136 4689 2213 4743 ibi
2238 4689 2417 4743 luisse
2440 4688 2865 4754 constructum,
2900 4683 3001 4739 sed
3026 4686 3281 4737 montem
3309 4677 3504 4754 ipsum
3534 4677 3779 4748 ὡςηιερὸν

2132 4762 2409 4829 τιμᾶσθαι,
2446 4760 2591 4811 velut
2621 4752 2903 4829 .sacrumia
2933 4755 3183 4829 gentibus
3229 4752 3587 4829 coli._Vetus
3621 4763 3785 4829 nem-

2136 4818 2204 4902 pe
2263 4836 2387 4885 erat
2444 4828 2662 4902 fabula,
2718 4827 2857 4902 quod
2914 4818 3100 4902 angeli
3140 4825 3587 4902 concupiscentes
3635 4818 3784 4886 ﬁlias

2137 4894 2446 4967 hominum,
2477 4916 2599 4953 cum
2630 4900 2694 4952 de
2726 4894 2870 4952 'melo
2919 4894 3420 4970 descenderent,_in.
3442 4894 3779 4970 [iugamen-

2138 4978 2242 5029 tem
2274 4959 2516 5026 maxime
2545 4970 2819 5025 emcelsum
2878 4968 3253 5039 conrzgenerjz’nt.
3313 4969 3402 5019 Ita
3436 4968 3492 5039 β.
3529 4959 3785 5039 Hilarius

2136 5046 2192 5099 in
2228 5044 2321 5098 Ps.
2355 5042 2561 5111 cxxxu,
2597 5055 2768 5110 quem
2810 5037 3068 5111 consule.
3102 5037 3339 5111 _Sed_e_t
3368 5033 3788 5111 subsequentia

2139 5133 2245 5171 suo
2278 5115 2471 5186 potius
2502 5105 2700 5179 sensu,
2752 5125 2929 5181 quam
2979 5109 3050 5163 ab
3102 5107 3350 5163 Eusebio
3394 5105 3781 5176 Hieronymus

2139 5188 2692 5312 edisiilndi'i'entalem
2717 5252 2977 5321 plagam.)
3000 5249 3159 5304 Unus
3211 5265 3321 5321 ms.
3368 5247 3549 5321 codex
3579 5260 3781 5321 monaf

2141 5329 2298 5382 sterii
2335 5325 2517 5381 nostri
2551 5325 2606 5378 S.
2644 5313 2983 5377 Theoderici
3018 5336 3195 5392 prope
3226 5319 3480 5374 Rhemos
3527 5316 3687 5388 legit,
3716 5313 3788 5369 ad

2141 5398 2527 5454 occidentalem
2552 5397 2793 5465 plagam.
2825 5392 3111 5465 Mannum.

2213 5473 2232 5503 ⁸⁵
2266 5457 2733 5523 Ρι-ἰιηὶὶυελΙυὸίῡ
2786 5462 2984 5529 tribui,
3019 5462 3315 5529 assignata
3343 5462 3519 5517 Josue
3551 5476 3642 5528 xv,
3675 5457 3744 5513 .55
3771 5473 3784 5522 ;

2143 5540 2521 5613 postmodum
2553 5535 2820 5592 Daviticae
2851 5534 3088 5597 tributa.
3128 5531 3307 5591 J'osue
3334 5551 3449 5604 xw,
3482 5531 3569 5587 43.
