4088 6166
264 2495 313 2504 α..

311 297 440 369 9η

1300 301 1403 366 DE
1449 302 1631 371 SITU
1673 305 1774 370 ET
1817 302 2095 371 NOMIN.
2141 305 2311 370 Loc.
2358 284 2725 370 ausam.

3597 306 3723 377 918

308 397 469 491 mine
498 430 791 492 Bethasan
824 435 895 492 ad
947 435 1152 494 Eliam
1184 437 1506 511 pertinens,
1538 440 1598 497 in
1628 441 1832 513 quinto
1863 443 1961 500 de-
1990 454 2046 519 Α
2147 440 2312 497 Avim
2342 443 2386 511 ³,
2415 441 2476 497 in
2507 440 2664 497 tribu
2695 437 3021 512 Benjamin.

306 523 464 579 cimo
494 524 568 579 ab
608 540 677 579 ea
706 524 980 582 milliario
1021 529 1035 561 ¹

376 615 587 681 Asena,
618 612 679 668 in
711 614 870 670 tribu
902 616 1089 672 Judaz.

372 701 623 775 Agziph,
656 702 715 757 in
751 703 906 760 tribu
934 705 1125 761 Judae.

375 792 565 861 Anab,
597 791 658 846 in
688 791 847 848 tribu
876 794 1042 850 Judae
1077 814 1091 851 :
1126 813 1281 851 nunc
1313 812 1501 869 usque
1518 798 1679 854 vicus
1718 800 1860 856 I51
1896 801 1957 856 in

304 880 529 937 ﬁnibus
559 881 1127 956 Eleutheoropoleos.
1184 886 1285 941 Est
1313 891 1369 942 et
1398 886 1515 943 alia
1551 889 1792 961 grandis
1822 889 1959 947 villa

303 969 667 1039 Judaorum,
711 972 949 1028 nomine
1003 977 1180 1044 Apea,
1218 975 1280 1030 in
1332 976 1602 1046 Daroma,
1636 982 1838 1035 contra
1862 997 1958 1035 au-

305 1058 550 1116 stralem
577 1059 813 1133 plagam
844 1061 1185 1132 Chebronis,
1236 1081 1443 1121 novem
1499 1067 1571 1122 ab
1600 1083 1669 1124 ea
1694 1067 1956 1125 millibus

302 1152 600 1221 separata.

375 1242 673 1310 Astemoe,
698 1239 757 1294 in
789 1238 943 1296 tribu
976 1241 1141 1297 Judw
1171 1243 1360 1310 vicus,
1381 1248 1438 1299 et
1457 1244 1582 1316 ipse
1600 1246 1953 1317 Iudaeorum,

303 1328 363 1382 in
393 1328 668 1398 Daroma,
703 1329 773 1384 ad
806 1329 1142 1401 aquilonem
1173 1331 1283 1388 loci
1312 1334 1515 1389 Anem.

373 1417 571 1486 Anim,
622 1417 682 1473 in
738 1418 896 1473 tribu
950 1419 1134 1477 Judas.
1194 1422 1295 1477 Est
1350 1421 1509 1478 vicus
1566 1426 1741 1492 Anea,
1789 1426 1957 1495 juxta

301 1505 576 1573 alterum,
610 1506 683 1562 de
731 1524 846 1579 quo
905 1525 1087 1581 supra
1142 1510 1419 1579 diximus,
1479 1513 1551 1567 ad
1610 1514 1953 1570 orientalem

299 1595 539 1669 plagam
598 1596 959 1669 respiciens,
1019 1600 1247 1656 cunctis
1303 1601 1731 1658 habitatoribus
1788 1604 1955 1660 Chri-

302 1683 537 1741 stianis.

371 1773 636 1847 Apheca,
667 1774 727 1830 in
754 1775 913 1831 tribu
940 1776 1123 1835 Jadae.

369 1865 667 1931 Ammata,
690 1864 748 1919 in
779 1864 937 1921 tribu
967 1866 1154 1922 Judae.

369 1952 617 2023 Arebba,
640 1953 699 2007 in
730 1953 887 2009 tribu
916 1954 1103 2010 Judae.

369 2040 681 2109 Atharoth,
705 2043 878 2112 juxta
906 2043 1215 2100 Rammam
1246 2047 1289 2114 ³,
1320 2046 1379 2100 in
1410 2046 1570 2102 tribu
1600 2048 1842 2122 Joseph.

374 2130 679 2197 Atharoth,
710 2131 916 2188 civitas
936 2132 1126 2190 tribus
1150 2134 1425 2208 Ephraim
1461 2153 1474 2191 :
1511 2154 1669 2193 nunc
1690 2139 1853 2195 vicus
1879 2140 1949 2195 ad

299 2219 637 2292 aquilonem
661 2221 1002 2290 Sebastaeﬁn
1016 2228 1224 2296 quarto
1247 2225 1376 2295 ejus
1398 2224 1952 2295 milliario,Atharus

298 2307 536 2364 dicitur.

367 2399 544 2466 Adar,
578 2398 784 2455 civitas
815 2399 1004 2455 tribus
1036 2400 1334 2472 Ephraim.

362 2489 528 2555 Aser,
575 2487 778 2544 civitas
835 2489 1026 2546 tribus
1081 2490 1351 2547 Manasse
1410 2510 1423 2546 :
1486 2510 1644 2548 nunc
1701 2495 1948 2551 demon-

292 2580 518 2634 stratur
573 2576 710 2633 villa
770 2578 1264 2636 descendentibus
1345 2599 1378 2637 a
1437 2581 1641 2654 Napoli
1702 2584 1946 2656 Scytho-

292 2666 498 2740 polim,
556 2667 618 2721 in
677 2667 902 2723 decimo
960 2669 1164 2741 quinto
1195 2668 1389 2742 lapide
1423 2672 1595 2741 juxta
1651 2672 1804 2729 viam
1834 2691 1948 2747 pu-

296 2754 539 2813 blicam.

369 2842 678 2907 Atharoth,
731 2843 935 2900 civitas
991 2844 1181 2902 tribus
1211 2847 1531 2917 Benjamin.
1566 2852 1713 2905 Sunt
1750 2854 1948 2906 autem

293 2933 426 2989 duae
455 2932 742 2988 Atharoth
776 2932 932 2989 haud
964 2934 1165 3006 procul
1198 2937 1270 2991 ab
1298 2936 1463 2993 fElia.

366 3020 686 3087 Anathoth,
747 3021 950 3078 civitas
981 3023 1158 3080 sortis
1190 3025 1495 3096 Benjamin
1544 3027 1946 3084 sacerdotibus

295 3116 592 3185 separata,
643 3110 702 3165 in
760 3111 931 3167 tertio
987 3113 1058 3168 ab
1090 3112 1237 3170 {Elia
1266 3113 1541 3171 milliario
1585 3134 1598 3171 :
1642 3118 1712 3173 de
1743 3135 1861 3189 qua
1889 3123 1946 3174 et

294 3198 585 3257 Jeremias
613 3199 903 3272 propheta
931 3200 1060 3257 fuit.
1974 3194 2017 3261 C

370 3289 589 3356 Addar,
622 3288 826 3345 civitas
856 3290 1031 3346 sortis
1056 3291 1382 3363 Benjamin.

371 3377 621 3446 Elmon,
654 3377 859 3434 civitas
914 3379 1103 3436 tribus
1160 3381 1487 3452 Beujamin,
1547 3384 1948 3441 sacerdotibus

299 3471 592 3540 separata.

377 3554 743 3612 Amec-Casis
774 3556 854 3629 (id
887 3559 995 3625 est,
1057 3556 1227 3613 vallis
1257 3558 1461 3631 Casis),
1494 3559 1553 3614 in
1603 3559 1757 3616 tribu
1807 3565 1949 3617 Ben-

295 3660 517 3717 jamin.

386 3766 871 3846 f__Addit_Euseb.
912 3766 1048 3843 πρδς
1082 3766 1310 3846 δυσμὰς,
1343 3772 1408 3826 od
1437 3773 1785 3838 occidentem,
1826 3778 1953 3829 tum

302 3839 580 3915 mz'ﬂg’qrio
608 3838 815 3915 decimo
844 3838 994 3897 sexto
1024 3859 1128 3913 pro
1159 3838 1367 3898 decimo
1395 3846 1605 3915 quinto.

377 3911 401 3944 ²
440 3909 616 3966 Vetus
655 3911 833 3966 editio
883 3909 1070 3969 contra
1097 3915 1402 3969 ﬂammam.

375 3983 398 4016 ³
427 3981 548 4057 Hoc
578 3998 795 4057 nomen
821 3983 996 4052 sz‘m,
1054 4002 1158 4056 pro
1218 4001 1333 4057 quo
1392 3986 1731 4042 Bonfrcrius
1773 3988 1954 4055 Anim,

301 4053 623 4130 Eusebiani
654 4054 822 4130 codd.
856 4072 973 4110 non
1004 4053 1349 4128 agnoscunt.
1410 4058 1520 4112 Sed
1556 4075 1658 4130 pro
1689 4074 1755 4113 eo
1786 4053 1958 4130 paulo

304 4075 623 4110 Eusebiani
654 4075 822 4108 couu.
856 4075 973 4110 non
1004 4075 1349 4128 agnoscunt.
1410 4075 1520 4112 aeu
1597 4075 1658 4113 ro
1689 4075 1755 4113 eo
1786 4075 1958 4130 paulo

302 4124 556 4207 ipferius
586 4124 807 4207 habent
862 4130 1032 4203 Ἅιςφ,
1092 4130 1246 4198 quod
1304 4145 1483 4200 penes
1541 4075 1958 4202 lgieronymum

305 4198 704 4253 desideratur.

376 4268 645 4350 ﬁlﬁogter
674 4267 745 4321 ad
764 4268 1011 4350 .Reginzs
1042 4285 1152 4350 ms.
1175 4273 1453 4350 _E/rgzint._
1478 4273 1539 4326 In
1598 4272 1815 4327 Notitia
1848 4273 1958 4327 Im-

309 4338 480 4412 perii.
517 4338 716 4393 Cohors
742 4338 1061 4395 duodecz'ma
1094 4338 1333 4396 Vallerz'a
1370 4342 1523 4415 Afro.

309 4482 353 4492 Ἀ
390 4411 412 4443 ⁵
440 4411 786 4492 ιςρρεμαιυν.
820 4412 1141 4492 get‘harz'ph.
1202 4417 1306 4468 Ms.
1343 4413 1576 4492 “sodes
1608 4417 1845 4492 Patrum
1870 4421 1959 4492 ⁵ὃ.

309 4480 790 4556 Dominiciapud
822 4480 1144 4553 Tolosates,
1199 4502 1302 4556 pro
1334 4485 1590 4555 Betarzph
1624 4485 1833 4540 retinet
1864 4486 1961 4540 Be—

309 4552 567 4624 eharip‘t.
602 4552 878 4608 MARTIAN.

385 4623 601 4678 --’lta
660 4625 975 4696 praeferunt
1047 4624 1479 4695 Hieronymiani
1514 4626 1645 4681 libri
1704 4627 1842 4681 editi
1901 4644 1965 4681 ac

316 4711 466 4751 mss.
500 4695 837 4751 Bonl‘rerius
868 4700 1061 4751 tamen
1095 4697 1332 4752 rescribi
1394 4696 1517 4751 vult
1572 4699 1869 4762 Betharz'm,
1906 4704 1969 4751 ut

320 4766 581 4836 aliquam
614 4784 746 4821 cum
781 4783 918 4822 vocc
973 4770 1128 4823 Arim
1184 4767 1527 4823 afﬁnitatem
1559 4769 1791 4824 habeat.
1824 4769 1970 4824 Vide

328 4851 476 4909 num
528 4838 601 4893 sit
667 4841 903 4903 Betarz’s,
962 4844 1064 4893 aut
1120 4844 1374 4906 Beier-us,
1459 4856 1586 4909 quae
1651 4840 1708 4894 in
1797 4841 1969 4895 Itine-

325 4907 486 4964 rario
514 4909 747 4964 Antonii
778 4910 930 4966 inter
959 4910 1280 4966 Caesaream
1314 4916 1373 4964 et
1427 4907 1748 4982 Diospolim
1808 4912 1971 4983 poni-

327 4985 390 5037 tu
402 4997 448 5035 Γ.

392 5053 416 5085 θ
469 5050 677 5122 Contra
730 5054 1174 5122 septentrionem.
1231 5053 1292 5107 In
1368 5055 1540 5107 antea
1591 5051 1763 5106 editis
1810 5052 1977 5107 libris

321 5121 586 5178 maxima
615 5121 709 5194 hic
740 5121 830 5178 cat
870 5122 1130 5179 locorum
1162 5128 1219 5178 et
1257 5124 1562 5178 nominum
1594 5124 1975 5194 perturbatio,

366 5209 510 5266 uam
544 5192 1207 5266 omninosustulimus,
1240 5192 1625 5266 manuscripti
1666 5196 1791 5264 jam
1852 5194 1978 5249 lau-

366 5212 510 5250 uam
544 5212 783 5248 omnino
833 5212 1207 5265 suswnmus,
1240 5212 1625 5266 manuscript:
1666 5212 1791 5264 jam
1854 5212 1978 5249 lau-

322 5212 588 5347 gati,”et
646 5265 935 5347 praecipue
993 5266 1303 5347 Colberti‘ni
1358 5265 1980 5347 uniushantiqui‘ssimi

326 5334 600 5393 subsidio
649 5334 886 5410 'adjuti;
930 5355 1081 5410 qua},
1115 5338 1351 5409 quidem
1412 5334 1839 5410 restitutiojutr
1877 5355 1981 5410 can:

323 5411 462 5464 tera:
494 5422 702 5462 omnes
760 5407 963 5479 hujus‘
996 5407 1290 5473 editionis,
1350 5411 1477 5479 ipso
1511 5407 1739 5463 Eusebii
1800 5408 1982 5463 Grazci

323 5482 602 5550 contextu
662 5478 981 5533 verissima:
1042 5497 1108 5533 ac
1168 5478 1478 5535 tutissimae
1550 5485 1786 5550 reporta:
1847 5485 1985 5533 sunt

327 5549 391 5605 in
476 5550 850 5606 contentione
931 5552 1197 5607 codicum
1263 5549 1983 5606 Latinorum’manuscri-

332 5626 565 5693 ptorum
622 5638 756 5677 cum
816 5622 1147 5679 Eusebiano
1178 5622 1493 5695 exemplari
1555 5623 1771 5679 Graeco.
1820 5622 1986 5679 MAR-

328 5708 463 5750 ΤΙΑΝ
471 5733 486 5749 ο

2140 530 2358 603 Aphra,
2411 530 2471 586 in
2528 531 2687 587 tribu
2740 529 3067 602 Benjamin.
3117 530 3216 587 Est
3271 535 3328 588 et
3383 532 3513 591 odie
3554 532 3720 591 vicus

2070 619 2280 675 Eii‘rem
2313 622 2354 689 ‘,
2384 621 2444 675 in
2477 619 2683 693 quinto
2714 618 2989 676 milliario
3021 619 3300 693 Bethelis,
3331 623 3403 679 ad
3435 623 3719 682 orientem

2068 708 2412 780 respiciens.

2136 797 2505 867 Amoeniam,
2538 798 2597 853 in
2629 798 2785 853 tribu
2816 798 3139 869 Benjamin.

2135 885 2358 958 Aphni,
2389 886 2450 942 in
2480 887 2638 943 tribu
2669 886 2998 959 Benjamin.

2135 1063 2316 1135 Arim,
2379 1064 2435 1119 in
2486 1065 2641 1120 tribu
2700 1064 3026 1137 Benjamin.
3088 1066 3186 1122 Est
3241 1070 3299 1122 et
3354 1066 3491 1124 villa
3549 1070 3716 1139 juxta

2062 1152 2384 1225 Diospolim
2468 1154 2618 1225 (quae
2676 1171 2833 1209 nunc
2900 1171 3089 1228 usque
3153 1154 3462 1228 appelatur
3541 1159 3716 1216 Beta-

2064 1242 2195 1315 riph
2228 1243 2289 1315 ⁵).
2796 1292 2801 1305 ,

2132 1333 2333 1399 Amsa,
2364 1331 2425 1387 in
2459 1331 2611 1387 tribu
2636 1332 2964 1403 Benjamin.

2134 1421 2299 1489 Asar,
2332 1419 2392 1475 in
2422 1420 2582 1476 tribu
2609 1421 2938 1493 Symeonis.

2132 1511 2311 1578 Asan,
2347 1509 2407 1564 in
2440 1509 2596 1565 tribu
2638 1510 2965 1583 Symeonis.

2136 1598 2289 1655 I54
2321 1598 2753 1667 Amarchabob,
2786 1598 2846 1654 in
2878 1600 3035 1656 tribu
3068 1601 3395 1673 Symeonis.

2134 1687 2268 1755 Ain,
2304 1688 2364 1743 in
2396 1687 2554 1743 tribu
2583 1687 2769 1754 Judae,
2802 1688 2921 1745 sive
2952 1688 3259 1761 Symeonis
3289 1692 3494 1750 civitas
3525 1708 3721 1749 sacer-

2064 1774 2301 1831 dotibus
2358 1780 2646 1848 separata.

2070 1825 2300 1831 ﬂ---“
2358 1825 2646 1848 ηιηηη.

1984 1825 2033 1890 Β
2134 1867 2388 1936 Asenna,
2423 1865 2483 1920 in
2506 1865 2665 1922 tribu
2697 1866 3028 1939 Symeonis.

2131 1954 2438 2023 Amathar,
2472 1955 2532 2010 in
2564 1954 2723 2011 tribu
2750 1956 3037 2012 Zabulon.

2131 2047 2320 2110 Anua,
2381 2043 2441 2099 in
2512 2043 2669 2101 tribu
2749 2044 3032 2102 Zabulon.
3119 2046 3219 2102 Est
3274 2049 3332 2103 et
3408 2047 3524 2104 alia
3578 2046 3717 2105 villa

2061 2134 2244 2202 Anua,
2275 2132 2553 2188 euntibus
2583 2134 2654 2188 de
2684 2133 2919 2206 Neapoli
2980 2133 3188 2191 Eliam
3218 2134 3279 2191 in
3323 2135 3549 2193 decimo
3581 2136 3713 2194 mil-

2060 2221 2251 2278 liario.

2129 2310 2463 2378 Ananthon,
2498 2311 2557 2367 in
2588 2312 2748 2367 tribu
2777 2312 3057 2368 Zabulon.

2126 2398 2536 2469 Aschaseluth,
2573 2400 2779 2456 civitas
2810 2402 3001 2457 tribus
3034 2402 3303 2457 Issachar
3333 2419 3347 2458 :
3382 2402 3717 2477 appellatur

2059 2494 2254 2546 autem
2285 2493 2343 2545 et
2374 2489 2613 2561 quidem
2643 2489 2809 2545 vicus
2866 2489 3174 2558 Chasalus,
3226 2491 3398 2562 juxta
3448 2497 3712 2549 montem

2058 2580 2311 2647 Thabor,
2343 2577 2403 2634 in
2435 2578 2885 2650 campestribus,
2927 2579 2987 2634 in
3019 2584 3217 2636 octavo
3248 2579 3524 2637 milliario
3578 2581 3716 2639 Dio-

2058 2685 2317 2725 cassarea:
2347 2668 2419 2724 ad
2450 2666 2736 2723 orientem
2766 2668 3088 2741 respiciens
3120 2669 3296 2742 (sicut
3352 2686 3535 2743 supra
3560 2670 3711 2727 dixi-

2061 2758 2237 2829 mus).

2127 2847 2431 2919 Aphraim,
2462 2846 2664 2902 civitas
2700 2846 2894 2902 tribus
2924 2846 3193 2904 Issachar
3228 2865 3241 2903 :
3275 2851 3480 2921 estque
3536 2848 3710 2906 hodie

2056 2935 2192 2991 villa
2220 2936 2448 2991 Alfarea
2479 2935 2734 3004 nomine,
2778 2935 2836 2990 in
2892 2940 3052 2992 sexto
3100 2936 3374 2994 milliario
3434 2937 3707 3012 Legionis

2056 3029 2259 3081 contra
2288 3023 2746 3095 septentrionem
2772 3026 2814 3079 ⁸.
3677 3039 3683 3043 ·

2125 3113 2389 3182 Anerith,
2423 3112 2482 3167 in
2513 3116 2668 3169 sorte
2694 3113 2884 3169 tribus
2917 3113 3200 3171 Issachar.

2126 3204 2341 3273 zEmes,
2374 3203 2434 3257 in
2466 3205 2623 3258 sorte
2650 3202 2840 3259 tribus
2870 3202 3192 3259 Isssachar.

2122 3292 2372 3364 Acsaph,
2408 3292 2468 3346 in
2498 3290 2655 3347 tribu
2686 3293 2843 3348 Aser.

2125 3380 2461 3451 Alimelech,
2495 3379 2669 3436 sortis
2692 3382 2855 3436 Aser.

2127 3469 2364 3536 Amath,
2398 3470 2457 3523 in
2488 3470 2648 3525 tribu
2676 3473 2843 3525 Aser.

2129 3560 2354 3627 Abdon,
2386 3558 2445 3613 in
2475 3558 2633 3613 tribu
2687 3562 2851 3627 Aser,
2887 3558 3089 3615 civitas
3146 3563 3421 3632 separata
3468 3559 3704 3617 Levitis.

2130 3647 2317 3715 Aniel,
2350 3647 2409 3702 in
2438 3646 2597 3702 tribu
2628 3647 2775 3701 Aser
2803 3648 2843 3701 ".
2880 3647 2979 3703 Est
3006 3649 3274 3720 quendam
3304 3646 3446 3704 villa
3472 3648 3712 3705 nomine

2133 3774 2152 3806 7
2183 3771 2416 3844 Insigne
2453 3771 2755 3844 mendum,
2783 3770 2939 3844 quod
2959 3771 3085 3844 jam
3115 3772 3187 3827 ab
3217 3770 3345 3844 ipso
3369 3770 3711 3844 Hieronymi

2064 3860 2183 3899 aevo
2216 3842 2580 3897 Rhcnferdus
2612 3846 2780 3913 putat
2811 3842 3139 3913 irrepsisse,
3198 3842 3414 3898 codicis
3445 3842 3714 3913 Vaticani

2067 3912 2825 3995 scripturaipsamcndosa
2855 3912 3273 3995 progit,et_quo
3304 3918 3471 3995 pacto
3501 3912 3715 3995 corrigi

2067 3983 2257 4061 possit
2303 3983 2656 4061 subindicat.
2689 3983 2919 4061 Scilicet
2948 3983 3267 4040 Eusebium
3298 3983 3370 4041 de
3397 4001 3534 4042 voce
3564 3983 3716 4061 Αῃςξα

2070 4055 2356 4131 peculiari
2389 4055 2584 4131 _titulo
2642 4056 2837 4131 egisse
2889 4063 3254 4127 compertum
3312 4063 3406 4131 est
3428 4055 3720 4131 tumaliis

2070 4126 2457 4201 argumentis,
2486 4142 2621 4201 cum
2668 4126 2974 4201 praecipue
3017 4126 3249 4184 suomet
3278 4128 3614 4201 testimonio
3643 4128 3719 4182 ad

2070 4144 2457 4201 argumentis,
2486 4144 2621 4180 cum
2668 4144 2962 4252 grecigue
3017 4144 3249 4184 suomet
3278 4144 3614 4185 testimonio
3643 4144 3714 4182 au

2068 4216 2268 4256 vocem
2305 4197 2661 4271 Br,01_v10&,u
2709 4198 2723 4251 i
2756 4198 2827 4252 de
2901 4197 3150 4271 ethanea
3179 4216 3416 4255 rursum
3446 4199 3714 4271 loquens,

2073 4288 2268 4345 quam,
2290 4268 2503 4341 inquit,
2530 4274 2590 4345 et
2618 4284 2791 4345 supra
2831 4269 2932 4345 su_b
2962 4272 3185 4345 nomigze
3215 4272 3255 4324 A
3284 4272 3334 4345 Ν
3357 4271 3401 4324 Ε
3428 4273 3496 4326 τε
3525 4268 3717 4345 posui-

2068 4340 2211 4399 inus.
2250 4340 2549 4412 [mo’quod
2581 4340 2665 4413 ait
2682 4340 3093 4413 suprmlocum
3124 4341 3282 4413 hunc
3303 4342 3499 4413 ipsum
3522 4340 3719 4413 aperte

2071 4414 2302 4481 innuit;
2338 4410 2524 4483 neque
2555 4412 2711 4483 enim
2746 4410 2897 4483 alibi
2928 4411 3039 4466 sub
3063 4414 3108 4466 A
3164 4410 3358 4468 littera
3414 4410 3719 4469 Bethaneaa

2072 4490 2315 4557 ejusque
2346 4482 2495 4538 situs
2514 4486 2571 4538 et
2592 4482 2920 4557 salubrium
2948 4499 3074 4555 qum
3097 4483 3155 4537 in
3175 4487 3403 4557 essunt
3429 4498 3720 4557 aquarum

1998 4562 2044 4625 Ι)
2075 4554 2177 4635 per
2208 4554 2401 4635 partes
2432 4554 2715 4623 meminit.
2747 4554 2901 4608 Nihil
2934 4571 3106 4635 porro
3165 4554 3410 4635 dubium
3460 4554 3589 4611 esse
3609 4554 3721 4635 ,ἀθ-

2079 4625 2191 4694 bet,
2209 4625 2469 4690 )lnwam,
2502 4643 2631 4696 quae
2652 4625 2947 4696 nusquam
2967 4626 3026 4680 in
3058 4625 3167 4681 hoc
3185 4626 3333 4682 libro
3365 4629 3722 4694 recensetur,

2079 4700 2171 4754 hic
2196 4698 2427 4770 proprie
2457 4696 2565 4752 loci
2602 4698 2782 4770 fuisse
2816 4697 2895 4770 ab
2919 4702 3153 4754 auctore
3173 4699 3446 4770 positam,
3480 4698 3725 4770 factum-

2080 4767 2596 4842 que'librariorum
2628 4767 2959 4833 oscitantia,
2992 4773 3057 4823 ut
3103 4767 3389 4825 excideret
3431 4768 3613 4842 facile
3651 4767 3725 4822 ob

2082 4838 2420 4912 earumdem
2452 4838 2776 4912 litterarum
2809 4856 3119 4912 occursum
3150 4842 3207 4895 in
3239 4856 3375 4912 voce
3431 4839 3726 4912 hacﬁgmo

2081 4913 2301 4968 ANAIA
2324 4909 2433 4983 qui
2455 4909 2847 4983 solemnisiest
2868 4911 3293 4983 descriptorum
3316 4909 3729 4982 lapsuslgitur

2085 5001 2212 5056 qua:
2262 4976 2609 5056 post’Awnp,
2650 4976 2861 5055 κλήρου
2912 4976 3080 5055 ’Δσὴῥ
3113 4982 3206 5056 hic
3263 4976 3727 5056 subsequuntur,

2085 5050 2639 5125 idipn'pznoavu'w‘z,
2689 5050 2820 5125 etc'.,
2880 5050 3097 5107 temere
3156 5054 3354 5123 iuncta
3386 5050 3562 5125 sunt,
3612 5051 3729 5125 m_i-;

2088 5121 2362 5204 nimeque
2393 5124 2465 5204 ad
2510 5138 2727 5204 nomen
2783 5122 2961 5204 ’{xyszp
2994 5128 3097 5178 aut
3130 5121 3306 5204 dniel
3325 5123 3636 5204 pertinent.
3657 5121 3730 5204 .Id

2092 5193 2283 5269 primo
2339 5194 2579 5269 ind_icat_
2614 5193 2753 5249 Cod.
2811 5193 3149 5269 Vaticanus,
3208 5193 3730 5269 quifpost’Avwﬁp.

2083 5263 2374 5340 jacentem
2410 5263 2681 5340 lineolam
2716 5265 2949 5335 punctis
2978 5263 3625 5340 utrinq_ue_distinctau_i
3666 5263 3736 5321 ex

2093 5337 2274 5394 minio
2306 5337 2488 5409 ponit,
2522 5339 2588 5390 ut
2612 5338 2792 5409 ﬁnem
2821 5352 2950 5409 esse
2978 5339 3106 5407 ejus
3146 5337 3302 5394 tituli
3331 5337 3734 5409 doceat.Tum

2093 5406 2392 5466 exorditur
2447 5406 2655 5480 'Avxta‘z,
2709 5410 2882 5480 atque
2936 5406 3418 5480 ho’crectissime
3472 5408 3734 5480 quidem.

2098 5488 2160 5535 ut
2191 5498 2257 5534 ex
2288 5478 2622 5552 eonomine
2671 5477 2982 5552 peculiaris
3036 5479 3244 5535 titulus
3304 5477 3561 5552 incipiat.
3622 5477 3737 5534 Sed

2096 5550 2631 5628 canteradaciniosc
2687 5549 2989 5628 distracta,
3050 5568 3115 5628 ac
3174 5549 3478 5624 perperam
3534 5567 3547 5605 :
3598 5563 3737 5628 n_am_

2097 5623 2284 5694 spatio
2316 5620 2658 5694 interposito
2690 5626 2989 5677 revocatur
3042 5619 3231 5694 κώμῆ,
3278 5619 3420 5694 ’νοχλ
3452 5619 3739 5694 superiori

2097 5691 2385 5751 versiculo
2467 5691 2760 5764 descripta
2837 5694 2932 5749 cui
3016 5691 3277 5752 succedit
3329 5691 3485 5768 βαίτο
3525 5691 3743 5747 ’Καισα-
