4088 6166
286 327 404 392 θοι

1282 324 1385 385 DE
1431 323 1612 387 SITU
1653 323 1755 384 ET
1796 319 2073 384 NOMIN.
2116 320 2287 385 LOC.
2335 320 2700 385 HEBRAIC.

3538 320 3543 327 ’
3576 314 3697 386 992

344 461 660 534 Αηηθςθι),
682 476 796 533 pro
826 475 940 532 quo
968 456 1471 531 Aquila,austrum
1509 474 1521 513 :
1554 457 1939 530 Symmachus
1969 457 2024 523 Α
2124 462 2333 515 Arcem
2368 458 2697 531 :Josephus
2726 455 2924 525 refert,
2944 454 3104 512 hanc
3133 470 3261 513 esse
3282 450 3518 513 Petram
3547 454 3694 513 ηπ

291 552 604 609 meridiem
634 549 1081 607 transtulerunt.

356 650 548 719 Arith,
578 648 677 704 ubi
710 649 863 704 sedit
894 646 1193 713 David,cst
1224 645 1363 699 villa
1396 645 1573 700 Arath
1605 644 1942 713 nomine,ad

286 740 649 796 occidentem
677 737 854 793 ZEliae.

358 828 636 893 Ahialim,
667 844 772 899 pro
814 843 929 898 quo
984 824 1197 896 Aquila
1241 822 1562 889 transtulit,
1616 838 1942 889 cervorum,

288 916 610 974 Theodotio
632 915 857 987 lapides
889 930 1215 970 cervorum.

363 1016 611 1082 Aendor,
673 1030 797 1085 quas
857 1011 1046 1067 estin
1116 1009 1399 1073 Jezraela,
1437 1010 1533 1065 ubi
1590 1009 1693 1063 ﬁlii
1768 1010 1945 1065 Israel

293 1121 358 1162 se
430 1105 501 1159 ad
563 1102 833 1174 praelium
891 1104 1283 1172 praeparantes
1343 1103 1534 1155 castra
1594 1102 1941 1170 posuerunt.

296 1196 367 1250 Et
429 1197 518 1249 est
570 1191 862 1262 hodieque
928 1188 1168 1261 grandis
1243 1187 1410 1243 vicus
1464 1189 1713 1253 Aendor,
1786 1189 1952 1257 juxta

302 1287 567 1339 montem
629 1280 861 1335 Thabor
920 1279 991 1333 ad
1053 1277 1357 1332 meridiem
1435 1277 1493 1330 in
1556 1280 1764 1348 quarto
1815 1274 1949 1330 mil-

297 1372 485 1428 liario.

369 1460 592 1532 Aphec,
624 1460 794 1530 juxta
848 1456 1081 1512 Aendor
1137 1454 1435 1522 Jezraelis,
1496 1455 1597 1510 ubi
1657 1454 1955 1509 dimicavit

296 1550 455 1606 Saul.

368 1642 567 1703 Arma,
600 1637 672 1692 ad
705 1651 881 1708 quem
916 1634 1107 1690 locum
1159 1633 1479 1702 spoliorum
1534 1636 1757 1705 partem
1790 1632 1955 1687 misit

297 1729 505 1785 David.

2054 548 2261 603 urbem
2292 548 2551 603 nobilem
2583 546 2923 602 Palaestinae.

2126 645 2524 716 Adrameleca,
2557 644 2779 700 idolum
2812 643 3207 716 Assyriorum,
3239 644 3393 715 quod
3418 648 3474 699 et
3498 647 3696 701 Sama-

2058 736 2180 791 ritae
2210 734 2465 791 venerati
2498 739 2655 790 sunt.

2130 833 2415 899 Aroniim,
2441 833 2609 904 juxta
2640 833 2848 888 Isaiam
2886 834 3001 902 (mp
3056 831 3149 902 xv)
3198 831 3299 885 via:
3348 846 3558 886 nomen
3592 836 3699 897 est,

2058 922 2118 975 in
2149 921 2370 977 visione
2400 927 2599 977 contra
2631 922 2821 987 Moab,
2856 937 2970 997 pro
2999 938 3112 992 quo
3165 918 3379 993 Aquila
3425 920 3699 976 Oranaim

2060 1010 2277 1082 posuit,
2309 1015 2365 1065 et
2394 1010 2781 1083 Symmachus
2811 1010 3112 1066 Orannim.

2133 1108 2407 1180 Agallim,
2442 1112 2497 1163 et
2527 1109 2704 1178 hujus
2736 1107 2917 1163 Isaias
2947 1106 3295 1162 meminitin
3325 1106 3546 1162 visiOne
3575 1124 3707 1163 con-

2062 1204 2153 1254 tra
2183 1198 2374 1253 Moab.
2410 1199 2511 1253 Est
2541 1202 2735 1253 autem
2778 1214 2932 1252 nunc
2978 1195 3223 1270 JEgalim
3279 1197 3442 1251 vicus
3498 1197 3569 1252 ad
3604 1214 3708 1252 au-

2063 1286 2303 1343 stralem
2335 1290 2557 1359 partem
2586 1286 2957 1358 Areopoleos,
2990 1286 3214 1341 distans
3246 1285 3318 1340 ab
3348 1301 3415 1341 ea
3445 1283 3707 1342 millibus

2063 1380 2212 1432 octo.

2136 1473 2327 1541 fElim,
2365 1477 2574 1545 puteus
2603 1473 2836 1539 Dimon,
2887 1477 2942 1527 et
2997 1472 3175 1542 hujus
3228 1471 3336 1527 loci
3388 1472 3448 1527 in
3505 1473 3709 1530 eadem

2063 1563 2290 1618 visione
2315 1564 2493 1618 Isaias
2524 1563 2881 1618 recordatur.

2137 1661 2322 1729 Ariel,
2378 1661 2559 1732 hujus
2640 1676 2871 1733 quoque
2959 1659 3140 1716 Isaias
3198 1661 3467 1717 meminit
3540 1662 3712 1733 (xxxx,

2069 1752 2146 1821 1),
2216 1767 2393 1822 quam
2471 1749 2690 1822 Aquila
2765 1754 2822 1804 et
2895 1748 3283 1822 Symmachus
3350 1748 3715 1820 interpretati

369 1816 623 1910 “bach;
647 1816 719 1871 ad
752 1815 911 1869 hunc
945 1828 1179 1885 quoque
1212 1811 1405 1867 locum
1441 1809 1615 1867 DaVid
1649 1810 1954 1881 miSitpar'
1987 1826 2035 1892 Β
2070 1809 2490 1906 εὖηῐίιθοηθῐῐι
2523 1809 2647 1907 Rei,
2680 1842 2841 1893 Hanc
2872 1809 3080 1909 putant
3111 1855 3238 1894 esse
3262 1809 3717 1910 quidam.Areo-

299 1912 419 1963 tem
452 1905 682 1977 praedae.

368 1996 530 2051 “[59
559 1996 789 2058 Amma,
822 1992 882 2046 in
915 1992 1212 2046 desertum
1240 1990 1518 2044 euntibus
1550 1990 1809 2045 Gabaon.

380 2092 599 2148 Aethon
632 2090 866 2158 Adasai,
902 2106 1005 2161 pro
1038 2105 1153 2161 quo
1184 2088 1571 2159 Symmachus
1622 2086 1841 2158 posuit,
1873 2085 1961 2141 in~

312 2182 583 2238 feriorem
603 2181 777 2235 viam.

390 2285 538 2333 Area
569 2278 737 2345 Orne,
768 2277 890 2332 haec
912 2278 1000 2331 est
1030 2273 1380 2329 Jerusalem.

381 2382 589 2443 Assur,
651 2375 853 2431 civitas
906 2373 1149 2439 Judzeae,
1212 2388 1389 2443 quam
1446 2371 1755 2427 aediﬁcavit
1803 2372 1963 2428 Salo-

314 2484 477 2523 mon.

378 2563 747 2630 Abelmaula,
806 2562 948 2616 urbs
1008 2560 1185 2615 unius
1248 2562 1318 2614 de
1375 2559 1740 2631 principibus
1803 2558 1961 2615 Salo-

312 2654 526 2721 monis,
557 2653 711 2707 undc
744 2649 852 2706 fuit
882 2654 938 2705 et
967 2649 1211 2704 Elisazus
1263 2648 1567 2721 propheta.
1618 2652 1715 2703 Est
1766 2653 1963 2703 autem

309 2760 465 2799 nunc
496 2743 660 2798 vicus
714 2740 771 2795 in
831 2739 1082 2807 Aulone,
1140 2739 1211 2793 de
1270 2755 1384 2809 quo
1444 2754 1625 2810 supra
1685 2737 1965 2806 diximus,

316 2833 376 2887 in
410 2827 1070 2901 decimo’aScythopoli
1128 2825 1402 2881 milliario
1459 2829 1687 2897 (contra
1741 2832 1968 2881 austra-

303 2922 425 2979 lem
458 2920 715 2994 plagam)
765 2918 1002 2973 nomine
1050 2916 1352 2971 Bcthaula.
1414 2916 1524 2971 Sed
1575 2920 1632 2971 et
1676 2915 1957 2972 Abelmea

305 3011 517 3068 villula
575 3012 951 3080 nuucup’atur
1018 3005 1173 3061 inter
1236 3003 1540 3077 Neapolim
1612 3008 1669 3061 et
1725 3006 1967 3078 Scytho-

310 3100 516 3174 polim.

2070 1930 2273 2002 polim,
2307 1946 2373 1985 eo
2408 1929 2562 2000 quod
2592 1929 2673 1984 ibi
2705 1945 2893 2000 usque
2918 1946 3073 1985 nunc
3133 1928 3285 1984 Ariel
3344 1928 3565 1985 idolum
3624 1946 3717 1984 co-

2071 2019 2217 2087 lant,
2275 2023 2545 2074 vocatum
2602 2018 2811 2066 ἀπὸτοῦ
2841 2022 3037 2081 Ἄρεως,
3096 2018 3154 2073 id
3231 2022 3339 2083 est,
3409 2036 3442 2072 a
3514 2018 3718 2084 Marte,

2072 2110 2227 2164 unde
2258 2113 2315 2165 et
2345 2107 2637 2163 civitatem
2671 2106 2886 2161 dictam
2920 2105 3490 2178 suspicantur.(Mihi
3522 2111 3718 2163 autem

2076 2197 2309 2254 videtur
2331 2198 2501 2268 juxta
2534 2196 2976 2267 conequentiam
3014 2199 3361 2266 textumque
3382 2195 3720 2267 prophetiae,

2074 2286 2234 2342 Ariel
2257 2286 2336 2341 ibi
2369 2285 2674 2357 allegorice
2705 2283 3051 2351 Jerusalem,
3077 2284 3195 2339 sive
3226 2282 3512 2355 templum
3545 2283 3722 2355 signi-

2075 2377 2270 2443 ﬁcare,
2312 2374 2423 2429 hoc
2472 2379 2579 2441 est,
2634 2373 2862 2428 leonem
2914 2372 3038 2438 Dei,
3083 2373 3236 2444 quod
3283 2373 3428 2427 forte
3474 2387 3721 2444 regnum

2077 2464 2255 2519 fuerit
2299 2469 2356 2519 et
2407 2466 2632 2536 potens.
2694 2462 2774 2517 De
2831 2461 2939 2517 hoc
2994 2461 3053 2516 in
3109 2460 3275 2517 libris
3329 2461 3723 2517 Hebraicarum

2079 2553 2455 2622 Quaestionum
2486 2553 2501 2585 ¹
2536 2551 2767 2624 plenius
2798 2550 3019 2606 dictum
3053 2553 3188 2619 est.)

2148 2653 2392 2718 Adama,
2426 2650 2484 2704 in
2518 2649 2688 2716 Isaia,
2723 2665 2826 2721 pro
2857 2665 2972 2721 quo
3002 2648 3213 2721 Aquila
3242 2652 3298 2704 et
3327 2647 3720 2721 Symmachus

2076 2740 2348 2807 humum,
2381 2739 2699 2794 Theodotio
2731 2743 2944 2793 terram
2976 2737 3454 2811 interpretantur.

2148 2845 2303 2910 Ager
2346 2837 2608 2899 fullonis,
2668 2839 2724 2891 et
2780 2836 2890 2891 hoc
2947 2836 3007 2890 in
3068 2835 3216 2891 Isaia
3272 2835 3555 2907 scriptum
3613 2839 3723 2891 est.

2078 2929 2423 2984 Ostenditur
2454 2929 2650 2980 autem
2684 2942 2841 2980 nunc
2872 2942 3059 2996 usque
3087 2924 3250 2980 locus
3272 2924 3331 2979 in
3363 2923 3725 2980 suburbanis

2077 3015 2430 3073 Jerusalem.

2150 3105 2411 3161 Asedech
2444 3106 2486 3171 ί,
2512 3108 2569 3159 et
2600 3104 2749 3159 hanc
2791 3103 2971 3159 Isaias
3029 3102 3314 3175 propheta
3362 3102 3620 3158 futuram
3670 3104 3725 3157 in

378 3188 563 3244 Avoth
622 3185 765 3252 Jair,
822 3184 1023 3241 civitas
1093 3182 1269 3237 unius
1342 3183 1413 3238 de
1489 3181 1740 3237 ducibus
1805 3184 2039 3265 Salo-C
2076 3196 2319 3269 [Egypto
2377 3193 2743 3249 vaticinatur,
2804 3192 3087 3249 siendum
3164 3196 3381 3258 autem,
3451 3192 3605 3263 quod
3666 3194 3721 3248 ίη

308 3296 525 3335 ωοωε.

379 3366 596 3432 Ailath,
629 3381 807 3437 super
835 3363 1001 3419 littus
1044 3362 1225 3417 Rubri
1259 3360 1439 3415 maris
1473 3360 1529 3413 in
1568 3365 1715 3417 terra
1758 3363 1961 3431 Edom,

306 3458 381 3513 de
409 3473 529 3528 qua
558 3459 615 3510 et
644 3470 825 3525 supra
854 3452 1079 3510 dictum
1122 3455 1229 3505 est.

370 3544 641 3613 Ahelotb,
673 3559 849 3616 quam
882 3540 1167 3597 exstruxit
1191 3538 1446 3594 Azarias.

308 3642 517 3709 Enda,
567 3642 745 3712 hujus
810 3643 1174 3712 expugnator
1229 3642 1404 3709 atque
1479 3637 1791 3691 subversor
1850 3641 1964 3693 Asa

308 3740 413 3787 rex
445 3730 575 3784 fuit.

381 3818 757 3890 Aziongaber,
791 3817 851 3873 in
882 3818 991 3872 hoc
1017 3816 1141 3871 loco
1174 3815 1380 3871 classis
1411 3814 1698 3885 Josaphat
1728 3815 1779 3868 vi
1808 3819 1958 3870 tem-

299 3908 555 3983 pestatis
604 3910 803 3964 attrita
825 3910 932 3963 est.
972 3907 1173 3960 Fertur
1221 3908 1417 3959 autem
1450 3905 1578 3975 ipsa
1607 3920 1735 3960 esse
1764 3904 1960 3971 Essia,

300 3998 463 4055 haud
498 3996 699 4069 procul
732 3997 803 4050 ab
834 3995 961 4049 Aila
988 3994 1046 4048 in
1081 3994 1276 4048 Rubro
1310 3992 1478 4048 mari.

377 4095 654 4151 Alleabar
681 4093 896 4162 Gozan,
931 4091 1171 4148 nomina
1202 4091 1515 4145 ﬂuminum
1564 4090 1621 4145 in
1652 4094 1805 4145 terra
1834 4091 1959 4145 Mc-

303 4186 541 4253 dorum,
594 4184 665 4239 ad
723 4199 973 4253 quorum
1025 4184 1252 4236 montes
1300 4180 1564 4252 captivus
1613 4181 1825 4235 ductus
1875 4182 1963 4234 est

304 4273 510 4331 Israel.

376 4363 606 4427 Abana,
640 4361 852 4416 ﬂuvius
884 4359 1179 4415 Damasci.

376 4450 686 4523 Aopsithe,
716 4448 806 4505 vel
836 4448 1167 4521 Aphusoth,
1202 4448 1358 4518 quod
1379 4446 1608 4517 Aquila,
1640 4447 1699 4501 in
1732 4446 1961 4503 liberta-

300 4546 422 4596 tem
453 4540 647 4595 vertit.

375 4631 554 4698 Aian,
587 4644 764 4700 quam
795 4626 1153 4700 expugnavit
1184 4641 1283 4681 rex
1309 4624 1706 4697 Assyriorum.

379 4727 505 4794 Aia,
534 4728 591 4781 in
625 4726 999 4797 Assyriorum
1032 4724 1265 4797 regione
1296 4722 1480 4778 locus.

386 4815 623 4882 Amech,
656 4813 814 4887 regio
846 4813 1247 4886 Assyriorum.

387 4918 620 4985 Asyma,
652 4912 934 4983 oppidum
965 4910 1025 4965 in
1070 4915 1225 4966 terra
1254 4910 1482 4977 Judaaa,
1514 4910 1669 4981 quod
1711 4910 1960 4965 aediﬁca-

301 5006 519 5059 verunt
548 5001 631 5070 hi,
666 5001 784 5074 qud
818 5000 889 5056 ad
912 5016 1043 5055 eam
1072 5002 1354 5054 venerant
1383 4998 1453 5053 de
1487 4997 1719 5053 Emath.

378 5227 489 5281 ³1η
526 5224 686 5279 libris
738 5226 1132 5280 Ilebraz'carum
1195 5224 1490 5293 Qua’stz‘on.
1552 5223 1677 5278 Non
1737 5226 1965 5278 exstant

299 5298 415 5354 illa:
449 5295 815 5362 Quzcstiones
849 5296 1139 5351 llebraicce
1184 5295 1242 5350 in
1303 5295 1510 5350 Isaiam
1539 5312 1559 5355 ;
1596 5312 1717 5363 quae
1781 5295 1829 5348 si
1890 5296 1960 5350 ab

300 5370 667 5436 Hieronymo
688 5369 854 5423 editae
886 5370 1122 5423 fuerunt
1147 5366 1484 5438 aliquando,
1515 5366 1760 5438 injuria
1816 5371 1961 5438 tem-

346 5439 727 5511 0rum_nobis
757 5440 1072 5511 perierunt,
1104 5436 1335 5511 Amag—no
1386 5436 1561 5511 nimis
1612 5437 1961 5511 Reipublicae

346 5460 517 5498 orum
557 5460 727 5493 HODIS
757 5460 1072 5511 ρΘΓΙΟΓυΠι,
1122 5460 1335 5510 ΙΠΗΕἹΙΟ
1386 5460 1561 5492 IlllUlS
1612 5460 1960 5508 ιῑυψυυιιρίυ

297 5460 606 5569 litterariae
655 5527 720 5565 ac
772 5510 1035 5566 Ecclesiae
1092 5509 1303 5566 Christi
1360 5509 1733 5565 detrimento.
1796 5509 1960 5564 Man-

297 5596 464 5641 τῙΑΝ.

382 5682 451 5696 -—-
476 5652 625 5710 Vide
657 5667 788 5725 quae
818 5653 1033 5726 saepius
1063 5652 1222 5725 alibi,
1258 5656 1314 5709 et
1343 5651 1403 5708 in
1445 5650 1701 5723 generali
1732 5651 1958 5709 Praefat.

2074 3285 2313 3340 Hebrreo
2341 3300 2442 3356 pro
2469 3282 2578 3339 hoc
2612 3282 2847 3338 nomine
2876 3282 3162 3352 scriptum
3193 3281 3291 3347 sit,
3322 3283 3721 3352 AHARES,qu0d

2075 3391 2110 3428 a
2140 3372 2401 3428 siccitate
2433 3372 2674 3443 quidam
2705 3372 3168 3442 interpretantur
3199 3370 3257 3424 in
3290 3369 3498 3438 solem,
3541 3374 3599 3425 et
3628 3369 3725 3425 alii

2073 3462 2133 3516 in
2190 3466 2404 3518 testam
2455 3461 2819 3516 transferunt
2877 3459 3131 3514 volentes
3209 3458 3297 3513 vel
3372 3458 3721 3530 Heliopolim

2076 3550 2417 3622 signiﬁcari,
2450 3549 2539 3604 vel
2570 3549 2935 3604 Ostracinen.
2968 3549 3075 3602 Sed
3108 3552 3163 3603 et
3194 3547 3373 3617 hujus
3406 3548 3487 3601 rei
3519 3548 3723 3619 dispu-

2072 3639 2375 3706 tationem,
2411 3638 2551 3710 quia
2580 3637 2809 3710 longior
2837 3641 2945 3705 est,
2996 3637 3055 3691 in
3104 3635 3271 3691 libris
3325 3636 3721 3692 IIebraicarum

2076 3729 2449 3797 Quaestionum
2479 3726 2753 3798 reperies.

2147 3825 2406 3896 Arphad.
2434 3825 2575 3879 urbs
2625 3821 2918 3889 Damasci,
2976 3837 3153 3892 quam
3216 3819 3569 3893 expugnavit
3625 3834 3723 3874 rex

2074 3913 2635 3986 Assyriorum,sicut
2664 3913 2721 3967 in
2756 3911 2990 3976 Isaia,ct
3018 3909 3355 3978 Jercmia,et
3386 3909 3721 3982 Regnorum

2076 4003 2244 4059 libris
2278 4002 2575 4059 scribitur.

2146 4094 2298 4148 163
2334 4097 2650 4163 Aneugava
2679 4094 2735 4145 et
2765 4090 2943 4161 hujus
2971 4089 3151 4146 Isaias
3184 4090 3453 4146 meminit
3484 4094 3725 4161 (xxxvn,

2075 4182 2186 4247 13),
2221 4197 2399 4252 quam
2433 4180 2647 4251 Aquila
2679 4179 2978 4235 transtulit
3008 4184 3130 4235 Ane
3161 4184 3218 4235 et
3269 4180 3432 4235 Gava
3480 4179 3726 4250 (scilicet

2075 4288 2113 4328 u
2144 4270 2454 4343 syllabam,
2490 4287 2613 4342 qua:
2642 4270 2700 4323 in
2734 4268 2923 4323 medio
2966 4268 3221 4323 nominis
3279 4267 3467 4340 posita
3526 4270 3633 4336 est,
3667 4267 3725 4321 in

2076 4361 2574 4432 conjunctionem,
2641 4362 2726 4425 Et,
2795 4360 2885 4413 est
2943 4358 3379 4429 interpretatus)
3413 4374 3425 4412 :
3459 4358 3722 4428 Symma-

2074 4451 2222 4507 chus
2254 4447 2752 4513 vero,sollicitavit
2781 4452 2838 4503 et
2858 4447 3233 4503 humilliavit.
3262 4447 3531 4517 Legimus
3548 4461 3728 4517 super

1992 4571 2039 4634 D
2074 4539 2183 4595 hoc
2213 4544 2271 4595 et
2302 4539 2357 4593 in
2390 4539 2724 4610 Regnorum
2756 4537 2920 4593 libris
2951 4537 3045 4609 (IV
3072 4538 3195 4605 Reg.
3228 4552 3387 4603 xvm,
3417 4537 3530 4607 34).

2143 4627 2443 4694 Armenia,
2475 4627 2533 4681 in
2568 4625 2736 4691 Isaia,
2770 4642 2895 4698 quae
2928 4629 3017 4681 est
3046 4628 3274 4680 Ararat.

2144 4725 2317 4780 Asael
2352 4743 2363 4779 :
2394 4724 2575 4794 hujus
2606 4723 2874 4779 meminit
2902 4724 3207 4779 Zacharias
3240 4723 3541 4795 propheta.

2143 4822 2442 4889 Anameel,
2489 4823 2672 4877 turris
2715 4820 3045 4877 Jesusalem
3079 4837 3091 4875 :
3127 4822 3281 4875 sicut
3326 4820 3386 4874 in
3436 4817 3722 4873 Zacharias

2074 4912 2225 4967 libro
2256 4912 2543 4982 scriptum
2577 4914 2833 4977 est(x1v,
2865 4911 2943 4979 5).

2144 5000 2558 5067 Assameroth,
2585 4999 2645 5054 in
2696 4999 2953 5054 Jeremia
2983 4999 3156 5070 (xxxx,
3190 4998 3277 5069 40)
3315 5014 3327 5053 :
3363 5014 3464 5069 pro
3516 5014 3630 5069 quo
3666 4997 3722 5051 in

2074 5228 2146 5281 de
2175 5224 2334 5278 hisce
2368 5222 2767 5290 Quwstionibus
2798 5221 3074 5276 Hebraicis
3106 5220 3386 5276 diximus.

2144 5300 2165 5330 ²
2206 5296 2453 5349 Λςείίρεὴ.
2509 5294 2786 5348 Ohservct
2845 5292 3023 5347 lector
3078 5292 3205 5347 loca
3262 5293 3569 5363 Scriptura:
3629 5291 3724 5346 hie

2074 5384 2201 5423 esse
2248 5382 2480 5425 semper
2510 5364 2685 5418 citata
2716 5364 2875 5433 iuxta
2910 5364 3043 5419 LXX
3074 5364 3422 5433 interpretes
3458 5382 3471 5429 ;
3507 5364 3724 5420 Adamn

2080 5440 2235 5495 enim
2271 5438 2491 5507 legitur
2514 5436 2669 5506 apud
2722 5436 2879 5499 LXX,
2939 5436 3051 5507 lsa.
3086 5454 3178 5503 xv,
3210 5438 3244 5489 9
3278 5454 3289 5498 ;
3324 5436 3526 5490 Asadec
3590 5451 3720 5506 cap.

2070 5529 2186 5578 xxv,
2254 5506 2425 5575 l8,’et
2482 5506 2562 5562 ita
2617 5507 2687 5560 de
2758 5506 2983 5562 caeteris
3044 5507 3099 5561 in
3157 5508 3418 5583 margine
3479 5507 3718 5564 notatis.

2072 5587 2356 5638 MARTIAN.
