  <div class='ocr_page' id='page_1' title='image "/cluster/home/n/w/nwhite01/storage/ocr_20150623/23/hvd.32044052772480/470.png"; bbox 0 0 4088 6166; ppageno 0'>
   <div class='ocr_carea' id='block_1_1' title="bbox 256 309 377 375">
    <p class='ocr_par' dir='ltr' id='par_1_1' title="bbox 256 309 377 375">
     <span class='ocr_line' id='line_1_1' title="bbox 256 309 377 375; baseline 0 0"><span class='ocrx_word' id='word_1_1' title='bbox 256 309 377 375; x_wconf 73' lang='lat'>926</span> 
     </span>
    </p>
   </div>
   <div class='ocr_carea' id='block_1_2' title="bbox 1248 294 2672 377">
    <p class='ocr_par' dir='ltr' id='par_1_2' title="bbox 1248 294 2672 377">
     <span class='ocr_line' id='line_1_2' title="bbox 1248 294 2672 377; baseline 0.001 -4"><span class='ocrx_word' id='word_1_2' title='bbox 1248 313 1348 373; x_wconf 79' lang='lat' dir='ltr'>ns</span> <span class='ocrx_word' id='word_1_3' title='bbox 1394 312 1575 375; x_wconf 89' lang='lat' dir='ltr'>SlTU</span> <span class='ocrx_word' id='word_1_4' title='bbox 1616 294 1720 375; x_wconf 76' lang='grc' dir='ltr'>ΕΤ</span> <span class='ocrx_word' id='word_1_5' title='bbox 1764 296 2042 375; x_wconf 82' lang='lat' dir='ltr'>NOMIN.</span> <span class='ocrx_word' id='word_1_6' title='bbox 2088 311 2259 374; x_wconf 89' lang='lat' dir='ltr'>LOC.</span> <span class='ocrx_word' id='word_1_7' title='bbox 2308 312 2672 377; x_wconf 67' lang='lat' dir='ltr'>sesama.</span> 
     </span>
    </p>
   </div>
   <div class='ocr_carea' id='block_1_3' title="bbox 3546 310 3669 380">
    <p class='ocr_par' dir='ltr' id='par_1_3' title="bbox 3546 310 3669 380">
     <span class='ocr_line' id='line_1_3' title="bbox 3546 310 3669 380; baseline 0.016 -2"><span class='ocrx_word' id='word_1_8' title='bbox 3546 310 3669 380; x_wconf 73' lang='lat'>926</span> 
     </span>
    </p>
   </div>
   <div class='ocr_carea' id='block_1_4' title="bbox 256 442 3666 521">
    <p class='ocr_par' dir='ltr' id='par_1_4' title="bbox 256 442 3666 521">
     <span class='ocr_line' id='line_1_4' title="bbox 256 442 3666 521; baseline 0.002 -20"><span class='ocrx_word' id='word_1_9' title='bbox 256 445 341 517; x_wconf 88' lang='lat' dir='ltr'>(in</span> <span class='ocrx_word' id='word_1_10' title='bbox 371 460 490 516; x_wconf 89' lang='lat' dir='ltr'>qua</span> <span class='ocrx_word' id='word_1_11' title='bbox 528 442 817 501; x_wconf 83' lang='lat' dir='ltr'>Dominus</span> <span class='ocrx_word' id='word_1_12' title='bbox 846 448 1045 501; x_wconf 92' lang='lat' dir='ltr'>noster</span> <span class='ocrx_word' id='word_1_13' title='bbox 1082 449 1255 518; x_wconf 90' lang='lat' dir='ltr'>atque</span> <span class='ocrx_word' id='word_1_14' title='bbox 1284 445 1547 501; x_wconf 83' lang='lat' dir='ltr'>Salvator</span> <span class='ocrx_word' id='word_1_15' title='bbox 1596 449 1769 501; x_wconf 90' lang='lat' dir='ltr'>natus</span> <span class='ocrx_word' id='word_1_16' title='bbox 1799 446 1907 517; x_wconf 90' lang='lat' dir='ltr'>est)</span> <span class='ocrx_word' id='word_1_17' title='bbox 1938 446 1994 513; x_wconf 80' lang='grc' dir='ltr'><strong>Α</strong></span> <span class='ocrx_word' id='word_1_18' title='bbox 2022 449 2127 504; x_wconf 90' lang='lat' dir='ltr'>das</span> <span class='ocrx_word' id='word_1_19' title='bbox 2158 452 2362 520; x_wconf 86' lang='lat' dir='ltr'>sponte</span> <span class='ocrx_word' id='word_1_20' title='bbox 2392 448 2613 504; x_wconf 90' lang='lat' dir='ltr'>humus</span> <span class='ocrx_word' id='word_1_21' title='bbox 2667 447 2853 516; x_wconf 73' lang='lat' dir='ltr'>effert,</span> <span class='ocrx_word' id='word_1_22' title='bbox 2912 454 3293 521; x_wconf 84' lang='lat' dir='ltr'>cognomento</span> <span class='ocrx_word' id='word_1_23' title='bbox 3340 449 3666 521; x_wconf 88' lang='lat' dir='ltr'>Beelmans,</span> 
     </span>
    </p>
   </div>
   <div class='ocr_carea' id='block_1_5' title="bbox 255 532 1907 606">
    <p class='ocr_par' dir='ltr' id='par_1_5' title="bbox 255 532 1907 606">
     <span class='ocr_line' id='line_1_5' title="bbox 255 532 1907 606; baseline -0.001 -16"><span class='ocrx_word' id='word_1_24' title='bbox 255 535 317 590; x_wconf 92' lang='lat' dir='ltr'>in</span> <span class='ocrx_word' id='word_1_25' title='bbox 347 538 511 590; x_wconf 85' lang='lat' dir='ltr'>sexto</span> <span class='ocrx_word' id='word_1_26' title='bbox 542 534 615 589; x_wconf 89' lang='lat' dir='ltr'>ab</span> <span class='ocrx_word' id='word_1_27' title='bbox 645 532 808 589; x_wconf 59' lang='lat' dir='ltr'>fEloa</span> <span class='ocrx_word' id='word_1_28' title='bbox 829 533 1103 589; x_wconf 89' lang='lat' dir='ltr'>milliario</span> <span class='ocrx_word' id='word_1_29' title='bbox 1135 538 1335 590; x_wconf 89' lang='lat' dir='ltr'>contra</span> <span class='ocrx_word' id='word_1_30' title='bbox 1364 534 1751 591; x_wconf 84' lang='lat' dir='ltr'>meridianam</span> <span class='ocrx_word' id='word_1_31' title='bbox 1783 534 1907 606; x_wconf 92' lang='lat' dir='ltr'>pla-</span> 
     </span>
    </p>
   </div>
   <div class='ocr_carea' id='block_1_6' title="bbox 254 622 1908 697">
    <p class='ocr_par' dir='ltr' id='par_1_6' title="bbox 254 622 1908 697">
     <span class='ocr_line' id='line_1_6' title="bbox 254 622 1908 697; baseline -0.001 -19"><span class='ocrx_word' id='word_1_32' title='bbox 254 640 416 697; x_wconf 86' lang='lat' dir='ltr'>gam,</span> <span class='ocrx_word' id='word_1_33' title='bbox 440 624 613 693; x_wconf 81' lang='lat' dir='ltr'>juxta</span> <span class='ocrx_word' id='word_1_34' title='bbox 640 623 795 678; x_wconf 92' lang='lat' dir='ltr'>viam</span> <span class='ocrx_word' id='word_1_35' title='bbox 822 640 949 694; x_wconf 49' lang='lat' dir='ltr'>qua).</span> <span class='ocrx_word' id='word_1_36' title='bbox 981 623 1142 677; x_wconf 86' lang='lat' dir='ltr'>ducit</span> <span class='ocrx_word' id='word_1_37' title='bbox 1171 623 1459 690; x_wconf 84' lang='lat' dir='ltr'>Chebron,</span> <span class='ocrx_word' id='word_1_38' title='bbox 1492 623 1593 677; x_wconf 92' lang='lat' dir='ltr'>ubi</span> <span class='ocrx_word' id='word_1_39' title='bbox 1624 628 1681 678; x_wconf 90' lang='lat' dir='ltr'>et</span> <span class='ocrx_word' id='word_1_40' title='bbox 1708 622 1908 694; x_wconf 87' lang='lat' dir='ltr'>sepul-</span> 
     </span>
    </p>
   </div>
   <div class='ocr_carea' id='block_1_7' title="bbox 255 711 1910 783">
    <p class='ocr_par' dir='ltr' id='par_1_7' title="bbox 255 711 1910 783">
     <span class='ocr_line' id='line_1_7' title="bbox 255 711 1910 783; baseline -0.002 -15"><span class='ocrx_word' id='word_1_41' title='bbox 255 728 425 768; x_wconf 87' lang='lat' dir='ltr'>crum</span> <span class='ocrx_word' id='word_1_42' title='bbox 454 712 619 769; x_wconf 89' lang='lat' dir='ltr'>Jesse</span> <span class='ocrx_word' id='word_1_43' title='bbox 648 716 705 767; x_wconf 89' lang='lat' dir='ltr'>et</span> <span class='ocrx_word' id='word_1_44' title='bbox 733 712 912 766; x_wconf 84' lang='lat' dir='ltr'>David</span> <span class='ocrx_word' id='word_1_45' title='bbox 971 712 1299 767; x_wconf 80' lang='lat' dir='ltr'>ostenditur</span> <span class='ocrx_word' id='word_1_46' title='bbox 1356 713 1433 783; x_wconf 87' lang='lat' dir='ltr'>(et</span> <span class='ocrx_word' id='word_1_47' title='bbox 1492 712 1651 766; x_wconf 91' lang='lat' dir='ltr'>mille</span> <span class='ocrx_word' id='word_1_48' title='bbox 1683 711 1910 767; x_wconf 81' lang='lat' dir='ltr'>circiter</span> 
     </span>
    </p>
   </div>
   <div class='ocr_carea' id='block_1_8' title="bbox 256 799 1912 874">
    <p class='ocr_par' dir='ltr' id='par_1_8' title="bbox 256 799 1912 874">
     <span class='ocr_line' id='line_1_8' title="bbox 256 799 1912 874; baseline -0.002 -17"><span class='ocrx_word' id='word_1_49' title='bbox 256 800 535 874; x_wconf 82' lang='lat' dir='ltr'>passibus</span> <span class='ocrx_word' id='word_1_50' title='bbox 594 799 794 872; x_wconf 82' lang='lat' dir='ltr'>procul</span> <span class='ocrx_word' id='word_1_51' title='bbox 854 800 1032 855; x_wconf 91' lang='lat' dir='ltr'>turris</span> <span class='ocrx_word' id='word_1_52' title='bbox 1090 802 1261 868; x_wconf 90' lang='lat' dir='ltr'>Ader,</span> <span class='ocrx_word' id='word_1_53' title='bbox 1322 803 1912 873; x_wconf 38' lang='lat' dir='ltr'>quaejinterpretatur</span> 
     </span>
    </p>
   </div>
   <div class='ocr_carea' id='block_1_9' title="bbox 252 889 1911 961">
    <p class='ocr_par' dir='ltr' id='par_1_9' title="bbox 252 889 1911 961">
     <span class='ocr_line' id='line_1_9' title="bbox 252 889 1911 961; baseline -0.001 -16"><span class='ocrx_word' id='word_1_54' title='bbox 252 890 439 945; x_wconf 89' lang='lat' dir='ltr'>turris</span> <span class='ocrx_word' id='word_1_55' title='bbox 470 890 685 961; x_wconf 84' lang='lat' dir='ltr'>gregis,</span> <span class='ocrx_word' id='word_1_56' title='bbox 716 890 970 960; x_wconf 91' lang='lat' dir='ltr'>quodam</span> <span class='ocrx_word' id='word_1_57' title='bbox 1002 890 1275 945; x_wconf 90' lang='lat' dir='ltr'>vaticinio</span> <span class='ocrx_word' id='word_1_58' title='bbox 1306 890 1564 945; x_wconf 83' lang='lat' dir='ltr'>Pastoris</span> <span class='ocrx_word' id='word_1_59' title='bbox 1596 889 1911 945; x_wconf 71' lang='lat' dir='ltr'>Dominicze</span> 
     </span>
    </p>
   </div>
   <div class='ocr_carea' id='block_1_10' title="bbox 259 978 1915 1050">
    <p class='ocr_par' dir='ltr' id='par_1_10' title="bbox 259 978 1915 1050">
     <span class='ocr_line' id='line_1_10' title="bbox 259 978 1915 1050; baseline -0.002 -15"><span class='ocrx_word' id='word_1_60' title='bbox 259 978 534 1035; x_wconf 86' lang='lat' dir='ltr'>nativitas</span> <span class='ocrx_word' id='word_1_61' title='bbox 566 978 832 1033; x_wconf 87' lang='lat' dir='ltr'>conscios</span> <span class='ocrx_word' id='word_1_62' title='bbox 860 981 994 1032; x_wconf 87' lang='lat' dir='ltr'>ante</span> <span class='ocrx_word' id='word_1_63' title='bbox 1024 978 1387 1050; x_wconf 84' lang='lat' dir='ltr'>signiﬁcans.</span> <span class='ocrx_word' id='word_1_64' title='bbox 1448 980 1559 1034; x_wconf 93' lang='lat' dir='ltr'>Sed</span> <span class='ocrx_word' id='word_1_65' title='bbox 1590 984 1647 1033; x_wconf 90' lang='lat' dir='ltr'>et</span> <span class='ocrx_word' id='word_1_66' title='bbox 1680 982 1915 1050; x_wconf 90' lang='lat' dir='ltr'>propter</span> 
     </span>
    </p>
   </div>
   <div class='ocr_carea' id='block_1_11' title="bbox 256 1065 1912 1139">
    <p class='ocr_par' dir='ltr' id='par_1_11' title="bbox 256 1065 1912 1139">
     <span class='ocr_line' id='line_1_11' title="bbox 256 1065 1912 1139; baseline -0.002 -16"><span class='ocrx_word' id='word_1_67' title='bbox 256 1068 527 1123; x_wconf 86' lang='lat' dir='ltr'>eamdem</span> <span class='ocrx_word' id='word_1_68' title='bbox 555 1066 873 1131; x_wconf 87' lang='lat' dir='ltr'>Bethleem,</span> <span class='ocrx_word' id='word_1_69' title='bbox 899 1065 1051 1138; x_wconf 89' lang='lat' dir='ltr'>regis</span> <span class='ocrx_word' id='word_1_70' title='bbox 1077 1069 1374 1139; x_wconf 90' lang='lat' dir='ltr'>quondam</span> <span class='ocrx_word' id='word_1_71' title='bbox 1403 1068 1615 1123; x_wconf 66' lang='lat' dir='ltr'>Judaaaa</span> <span class='ocrx_word' id='word_1_72' title='bbox 1645 1066 1912 1123; x_wconf 87' lang='lat' dir='ltr'>Archelai</span> 
     </span>
    </p>
   </div>
   <div class='ocr_carea' id='block_1_12' title="bbox 256 1155 1913 1228">
    <p class='ocr_par' dir='ltr' id='par_1_12' title="bbox 256 1155 1913 1228">
     <span class='ocr_line' id='line_1_12' title="bbox 256 1155 1913 1228; baseline 0 -17"><span class='ocrx_word' id='word_1_73' title='bbox 256 1156 525 1212; x_wconf 89' lang='lat' dir='ltr'>tumulus</span> <span class='ocrx_word' id='word_1_74' title='bbox 555 1155 885 1211; x_wconf 84' lang='lat' dir='ltr'>ostenditur</span> <span class='ocrx_word' id='word_1_75' title='bbox 915 1172 930 1211; x_wconf 88' lang='lat'><strong>:</strong></span> <span class='ocrx_word' id='word_1_76' title='bbox 964 1157 1064 1228; x_wconf 88' lang='lat' dir='ltr'>qui</span> <span class='ocrx_word' id='word_1_77' title='bbox 1098 1157 1318 1212; x_wconf 73' lang='lat' dir='ltr'>semitae</span> <span class='ocrx_word' id='word_1_78' title='bbox 1376 1158 1446 1211; x_wconf 87' lang='lat' dir='ltr'>ad</span> <span class='ocrx_word' id='word_1_79' title='bbox 1506 1156 1751 1212; x_wconf 89' lang='lat' dir='ltr'>cellulas</span> <span class='ocrx_word' id='word_1_80' title='bbox 1809 1172 1913 1211; x_wconf 86' lang='lat' dir='ltr'>no-</span> 
     </span>
    </p>
   </div>
   <div class='ocr_carea' id='block_1_13' title="bbox 260 1244 1910 1318">
    <p class='ocr_par' dir='ltr' id='par_1_13' title="bbox 260 1244 1910 1318">
     <span class='ocr_line' id='line_1_13' title="bbox 260 1244 1910 1318; baseline -0.002 -17"><span class='ocrx_word' id='word_1_81' title='bbox 260 1250 418 1302; x_wconf 88' lang='lat' dir='ltr'>stras</span> <span class='ocrx_word' id='word_1_82' title='bbox 463 1262 493 1300; x_wconf 92' lang='lat' dir='ltr'>e</span> <span class='ocrx_word' id='word_1_83' title='bbox 548 1246 641 1299; x_wconf 93' lang='lat' dir='ltr'>via</span> <span class='ocrx_word' id='word_1_84' title='bbox 697 1244 932 1316; x_wconf 91' lang='lat' dir='ltr'>publica</span> <span class='ocrx_word' id='word_1_85' title='bbox 986 1245 1325 1301; x_wconf 89' lang='lat' dir='ltr'>divertentis</span> <span class='ocrx_word' id='word_1_86' title='bbox 1399 1246 1751 1318; x_wconf 87' lang='lat' dir='ltr'>principium</span> <span class='ocrx_word' id='word_1_87' title='bbox 1802 1248 1910 1300; x_wconf 90' lang='lat' dir='ltr'>est.</span> 
     </span>
    </p>
   </div>
   <div class='ocr_carea' id='block_1_14' title="bbox 258 1333 1917 1407">
    <p class='ocr_par' dir='ltr' id='par_1_14' title="bbox 258 1333 1917 1407">
     <span class='ocr_line' id='line_1_14' title="bbox 258 1333 1917 1407; baseline 0.001 -20"><span class='ocrx_word' id='word_1_88' title='bbox 258 1335 593 1390; x_wconf 86' lang='lat' dir='ltr'>Vocabatur</span> <span class='ocrx_word' id='word_1_89' title='bbox 612 1338 807 1390; x_wconf 88' lang='lat' dir='ltr'>autem</span> <span class='ocrx_word' id='word_1_90' title='bbox 832 1333 1124 1390; x_wconf 90' lang='lat' dir='ltr'>Bethleem</span> <span class='ocrx_word' id='word_1_91' title='bbox 1149 1339 1205 1389; x_wconf 90' lang='lat' dir='ltr'>et</span> <span class='ocrx_word' id='word_1_92' title='bbox 1236 1334 1391 1390; x_wconf 74' lang='lat' dir='ltr'>filius</span> <span class='ocrx_word' id='word_1_93' title='bbox 1415 1335 1679 1407; x_wconf 84' lang='lat' dir='ltr'>Ephratae</span> <span class='ocrx_word' id='word_1_94' title='bbox 1710 1335 1795 1403; x_wconf 92' lang='lat' dir='ltr'>(id</span> <span class='ocrx_word' id='word_1_95' title='bbox 1828 1339 1917 1390; x_wconf 87' lang='lat' dir='ltr'>est</span> 
     </span>
    </p>
   </div>
   <div class='ocr_carea' id='block_1_15' title="bbox 263 1421 1916 1495">
    <p class='ocr_par' dir='ltr' id='par_1_15' title="bbox 263 1421 1916 1495">
     <span class='ocr_line' id='line_1_15' title="bbox 263 1421 1916 1495; baseline -0.001 -16"><span class='ocrx_word' id='word_1_96' title='bbox 263 1424 506 1491; x_wconf 69' lang='lat' dir='ltr'>Mariaa),</span> <span class='ocrx_word' id='word_1_97' title='bbox 569 1427 633 1477; x_wconf 92' lang='lat' dir='ltr'>ut</span> <span class='ocrx_word' id='word_1_98' title='bbox 696 1423 753 1477; x_wconf 93' lang='lat' dir='ltr'>in</span> <span class='ocrx_word' id='word_1_99' title='bbox 812 1421 1292 1495; x_wconf 88' lang='lat' dir='ltr'>Paralipomenon</span> <span class='ocrx_word' id='word_1_100' title='bbox 1341 1422 1637 1478; x_wconf 81' lang='lat' dir='ltr'>volumine</span> <span class='ocrx_word' id='word_1_101' title='bbox 1686 1422 1916 1495; x_wconf 91' lang='lat' dir='ltr'>plenius</span> 
     </span>
    </p>
   </div>
   <div class='ocr_carea' id='block_1_16' title="bbox 261 1512 1916 1585">
    <p class='ocr_par' dir='ltr' id='par_1_16' title="bbox 261 1512 1916 1585">
     <span class='ocr_line' id='line_1_16' title="bbox 261 1512 1916 1585; baseline -0.001 -18"><span class='ocrx_word' id='word_1_102' title='bbox 261 1512 517 1584; x_wconf 89' lang='lat' dir='ltr'>legimus</span> <span class='ocrx_word' id='word_1_103' title='bbox 547 1512 594 1584; x_wconf 91' lang='grc' dir='ltr'>(ι</span> <span class='ocrx_word' id='word_1_104' title='bbox 621 1514 814 1568; x_wconf 83' lang='lat' dir='ltr'>Paral.</span> <span class='ocrx_word' id='word_1_105' title='bbox 852 1530 916 1582; x_wconf 81' lang='grc' dir='ltr'>ιι,</span> <span class='ocrx_word' id='word_1_106' title='bbox 940 1512 1026 1579; x_wconf 85' lang='grc'>19,</span> <span class='ocrx_word' id='word_1_107' title='bbox 1071 1516 1223 1584; x_wconf 91' lang='lat' dir='ltr'>etc.).</span> <span class='ocrx_word' id='word_1_108' title='bbox 1284 1512 1430 1584; x_wconf 88' lang='lat' dir='ltr'>Lege</span> <span class='ocrx_word' id='word_1_109' title='bbox 1460 1512 1770 1585; x_wconf 87' lang='lat' dir='ltr'>diligenter</span> <span class='ocrx_word' id='word_1_110' title='bbox 1826 1512 1916 1567; x_wconf 89' lang='lat' dir='ltr'>hi-</span> 
     </span>
    </p>
   </div>
   <div class='ocr_carea' id='block_1_17' title="bbox 262 1600 529 1657">
    <p class='ocr_par' dir='ltr' id='par_1_17' title="bbox 262 1600 529 1657">
     <span class='ocr_line' id='line_1_17' title="bbox 262 1600 529 1657; baseline -0.007 0"><span class='ocrx_word' id='word_1_111' title='bbox 262 1600 529 1657; x_wconf 85' lang='lat' dir='ltr'>storiam.</span> 
     </span>
    </p>
   </div>
   <div class='ocr_carea' id='block_1_18' title="bbox 890 1708 1283 1763">
    <p class='ocr_par' dir='ltr' id='par_1_18' title="bbox 890 1708 1283 1763">
     <span class='ocr_line' id='line_1_18' title="bbox 890 1708 1283 1763; baseline 0 0"><span class='ocrx_word' id='word_1_112' title='bbox 890 1708 981 1763; x_wconf 88' lang='lat' dir='ltr'><strong>DE</strong></span> <span class='ocrx_word' id='word_1_113' title='bbox 1026 1708 1283 1763; x_wconf 88' lang='lat' dir='ltr'>EXODO.</span> 
     </span>
    </p>
   </div>
   <div class='ocr_carea' id='block_1_19' title="bbox 335 1823 1808 1890">
    <p class='ocr_par' dir='ltr' id='par_1_19' title="bbox 335 1823 1808 1890">
     <span class='ocr_line' id='line_1_19' title="bbox 335 1823 1808 1890; baseline 0 -12"><span class='ocrx_word' id='word_1_114' title='bbox 335 1823 631 1880; x_wconf 84' lang='lat' dir='ltr'>Beelsef&#39;on</span> <span class='ocrx_word' id='word_1_115' title='bbox 666 1826 706 1890; x_wconf 74' lang='grc'>³,</span> <span class='ocrx_word' id='word_1_116' title='bbox 738 1823 798 1877; x_wconf 90' lang='lat' dir='ltr'>in</span> <span class='ocrx_word' id='word_1_117' title='bbox 831 1823 1059 1879; x_wconf 89' lang='lat' dir='ltr'>deserto</span> <span class='ocrx_word' id='word_1_118' title='bbox 1092 1828 1283 1879; x_wconf 89' lang='lat' dir='ltr'>castra</span> <span class='ocrx_word' id='word_1_119' title='bbox 1315 1823 1569 1879; x_wconf 83' lang='lat' dir='ltr'>ﬁliorum</span> <span class='ocrx_word' id='word_1_120' title='bbox 1611 1824 1808 1881; x_wconf 91' lang='lat' dir='ltr'>Israel.</span> 
     </span>
    </p>
   </div>
   <div class='ocr_carea' id='block_1_20' title="bbox 253 1912 1731 1985">
    <p class='ocr_par' dir='ltr' id='par_1_20' title="bbox 253 1912 1731 1985">
     <span class='ocr_line' id='line_1_20' title="bbox 253 1912 1731 1985; baseline 0 -18"><span class='ocrx_word' id='word_1_121' title='bbox 253 1912 428 1984; x_wconf 79' lang='lat' dir='ltr'>juxta</span> <span class='ocrx_word' id='word_1_122' title='bbox 455 1929 618 1968; x_wconf 91' lang='lat' dir='ltr'>mare</span> <span class='ocrx_word' id='word_1_123' title='bbox 642 1913 909 1967; x_wconf 86' lang='lat' dir='ltr'>Rubrum</span> <span class='ocrx_word' id='word_1_124' title='bbox 935 1912 1370 1985; x_wconf 89' lang='lat' dir='ltr'>egredientibus</span> <span class='ocrx_word' id='word_1_125' title='bbox 1402 1915 1731 1985; x_wconf 66' lang='lat' dir='ltr'>Egyptum.</span> 
     </span>
    </p>
   </div>
   <div class='ocr_carea' id='block_1_21' title="bbox 410 2044 1778 2104">
    <p class='ocr_par' dir='ltr' id='par_1_21' title="bbox 410 2044 1778 2104">
     <span class='ocr_line' id='line_1_21' title="bbox 410 2044 1778 2104; baseline 0.002 -3"><span class='ocrx_word' id='word_1_126' title='bbox 410 2047 564 2101; x_wconf 74' lang='lat'>170</span> <span class='ocrx_word' id='word_1_127' title='bbox 594 2046 685 2101; x_wconf 87' lang='lat' dir='ltr'>DE</span> <span class='ocrx_word' id='word_1_128' title='bbox 713 2044 1036 2101; x_wconf 87' lang='lat' dir='ltr'>NUMERIS</span> <span class='ocrx_word' id='word_1_129' title='bbox 1068 2045 1160 2101; x_wconf 88' lang='lat' dir='ltr'>ET</span> <span class='ocrx_word' id='word_1_130' title='bbox 1192 2046 1778 2104; x_wconf 87' lang='lat' dir='ltr'>DEUTERONOMIO.</span> 
     </span>
    </p>
   </div>
   <div class='ocr_carea' id='block_1_22' title="bbox 342 2153 1915 2224">
    <p class='ocr_par' dir='ltr' id='par_1_22' title="bbox 342 2153 1915 2224">
     <span class='ocr_line' id='line_1_22' title="bbox 342 2153 1915 2224; baseline 0.004 -17"><span class='ocrx_word' id='word_1_131' title='bbox 342 2154 685 2224; x_wconf 88' lang='lat' dir='ltr'>Banejacan,</span> <span class='ocrx_word' id='word_1_132' title='bbox 730 2153 791 2207; x_wconf 92' lang='lat' dir='ltr'>in</span> <span class='ocrx_word' id='word_1_133' title='bbox 852 2153 1077 2209; x_wconf 90' lang='lat' dir='ltr'>deserto</span> <span class='ocrx_word' id='word_1_134' title='bbox 1130 2158 1322 2209; x_wconf 89' lang='lat' dir='ltr'>castra</span> <span class='ocrx_word' id='word_1_135' title='bbox 1380 2153 1607 2210; x_wconf 90' lang='lat' dir='ltr'>itineris</span> <span class='ocrx_word' id='word_1_136' title='bbox 1661 2155 1915 2214; x_wconf 83' lang='lat' dir='ltr'>ﬁliorum</span> 
     </span>
    </p>
   </div>
   <div class='ocr_carea' id='block_1_23' title="bbox 264 2242 473 2299">
    <p class='ocr_par' dir='ltr' id='par_1_23' title="bbox 264 2242 473 2299">
     <span class='ocr_line' id='line_1_23' title="bbox 264 2242 473 2299; baseline -0.014 0"><span class='ocrx_word' id='word_1_137' title='bbox 264 2242 473 2299; x_wconf 89' lang='lat' dir='ltr'>Israel.</span> 
     </span>
    </p>
   </div>
   <div class='ocr_carea' id='block_1_24' title="bbox 341 2330 1917 2399">
    <p class='ocr_par' dir='ltr' id='par_1_24' title="bbox 341 2330 1917 2399">
     <span class='ocr_line' id='line_1_24' title="bbox 341 2330 1917 2399; baseline 0.003 -13"><span class='ocrx_word' id='word_1_138' title='bbox 341 2330 818 2399; x_wconf 88' lang='lat' dir='ltr'>Bamoth,civitas</span> <span class='ocrx_word' id='word_1_139' title='bbox 841 2331 1380 2387; x_wconf 70' lang='lat' dir='ltr'>Ammorrhmorum</span> <span class='ocrx_word' id='word_1_140' title='bbox 1405 2337 1568 2388; x_wconf 85' lang='lat' dir='ltr'>trans</span> <span class='ocrx_word' id='word_1_141' title='bbox 1599 2334 1917 2391; x_wconf 89' lang='lat' dir='ltr'>Jordanem</span> 
     </span>
    </p>
   </div>
   <div class='ocr_carea' id='block_1_25' title="bbox 261 2421 1637 2491">
    <p class='ocr_par' dir='ltr' id='par_1_25' title="bbox 261 2421 1637 2491">
     <span class='ocr_line' id='line_1_25' title="bbox 261 2421 1637 2491; baseline 0.001 -15"><span class='ocrx_word' id='word_1_142' title='bbox 261 2421 330 2476; x_wconf 92' lang='lat' dir='ltr'>in</span> <span class='ocrx_word' id='word_1_143' title='bbox 358 2423 611 2487; x_wconf 90' lang='lat' dir='ltr'>Arnone,</span> <span class='ocrx_word' id='word_1_144' title='bbox 645 2436 823 2491; x_wconf 89' lang='lat' dir='ltr'>quam</span> <span class='ocrx_word' id='word_1_145' title='bbox 855 2421 1243 2491; x_wconf 89' lang='lat' dir='ltr'>possederunt</span> <span class='ocrx_word' id='word_1_146' title='bbox 1276 2421 1376 2475; x_wconf 75' lang='lat' dir='ltr'>filii</span> <span class='ocrx_word' id='word_1_147' title='bbox 1412 2422 1637 2477; x_wconf 82' lang='lat' dir='ltr'>Ruben.</span> 
     </span>
    </p>
   </div>
   <div class='ocr_carea' id='block_1_26' title="bbox 2017 537 3664 607">
    <p class='ocr_par' dir='ltr' id='par_1_26' title="bbox 2017 537 3664 607">
     <span class='ocr_line' id='line_1_26' title="bbox 2017 537 3664 607; baseline 0.003 -14"><span class='ocrx_word' id='word_1_148' title='bbox 2017 538 2245 593; x_wconf 88' lang='lat' dir='ltr'>distans</span> <span class='ocrx_word' id='word_1_149' title='bbox 2263 538 2336 593; x_wconf 94' lang='lat' dir='ltr'>ab</span> <span class='ocrx_word' id='word_1_150' title='bbox 2366 538 2554 593; x_wconf 87' lang='lat' dir='ltr'>Esbus</span> <span class='ocrx_word' id='word_1_151' title='bbox 2577 537 2841 594; x_wconf 87' lang='lat' dir='ltr'>millibus</span> <span class='ocrx_word' id='word_1_152' title='bbox 2872 555 3100 607; x_wconf 90' lang='lat' dir='ltr'>novem,</span> <span class='ocrx_word' id='word_1_153' title='bbox 3154 540 3307 596; x_wconf 92' lang='lat' dir='ltr'>unde</span> <span class='ocrx_word' id='word_1_154' title='bbox 3338 545 3392 596; x_wconf 89' lang='lat' dir='ltr'>et</span> <span class='ocrx_word' id='word_1_155' title='bbox 3424 541 3664 598; x_wconf 72' lang='lat' dir='ltr'>Elisaeus</span> 
     </span>
    </p>
   </div>
   <div class='ocr_carea' id='block_1_27' title="bbox 2020 626 2457 698">
    <p class='ocr_par' dir='ltr' id='par_1_27' title="bbox 2020 626 2457 698">
     <span class='ocr_line' id='line_1_27' title="bbox 2020 626 2457 698; baseline 0 -17"><span class='ocrx_word' id='word_1_156' title='bbox 2020 626 2304 698; x_wconf 75' lang='lat' dir='ltr'>propheta</span> <span class='ocrx_word' id='word_1_157' title='bbox 2330 626 2457 681; x_wconf 84' lang='lat' dir='ltr'>fuit.</span> 
     </span>
    </p>
   </div>
   <div class='ocr_carea' id='block_1_28' title="bbox 2091 714 3542 783">
    <p class='ocr_par' dir='ltr' id='par_1_28' title="bbox 2091 714 3542 783">
     <span class='ocr_line' id='line_1_28' title="bbox 2091 714 3542 783; baseline 0.004 -15"><span class='ocrx_word' id='word_1_158' title='bbox 2091 714 2248 783; x_wconf 92' lang='lat' dir='ltr'>Baal,</span> <span class='ocrx_word' id='word_1_159' title='bbox 2286 720 2447 770; x_wconf 90' lang='lat' dir='ltr'>trans</span> <span class='ocrx_word' id='word_1_160' title='bbox 2477 716 2814 783; x_wconf 89' lang='lat' dir='ltr'>Jordanem,</span> <span class='ocrx_word' id='word_1_161' title='bbox 2849 716 2989 771; x_wconf 87' lang='lat' dir='ltr'>urbs</span> <span class='ocrx_word' id='word_1_162' title='bbox 3023 716 3276 772; x_wconf 79' lang='lat' dir='ltr'>filiorum</span> <span class='ocrx_word' id='word_1_163' title='bbox 3309 718 3542 775; x_wconf 91' lang='lat' dir='ltr'>Ruben.</span> 
     </span>
    </p>
   </div>
   <div class='ocr_carea' id='block_1_29' title="bbox 2092 804 3675 879">
    <p class='ocr_par' dir='ltr' id='par_1_29' title="bbox 2092 804 3675 879">
     <span class='ocr_line' id='line_1_29' title="bbox 2092 804 3675 879; baseline 0.003 -21"><span class='ocrx_word' id='word_1_164' title='bbox 2092 804 2336 874; x_wconf 89' lang='lat' dir='ltr'>Bathan,</span> <span class='ocrx_word' id='word_1_165' title='bbox 2396 808 2587 859; x_wconf 86' lang='lat' dir='ltr'>castra</span> <span class='ocrx_word' id='word_1_166' title='bbox 2618 804 2871 858; x_wconf 72' lang='lat' dir='ltr'>filiorum</span> <span class='ocrx_word' id='word_1_167' title='bbox 2907 805 3083 861; x_wconf 89' lang='lat' dir='ltr'>Israel</span> <span class='ocrx_word' id='word_1_168' title='bbox 3116 806 3175 860; x_wconf 92' lang='lat' dir='ltr'>in</span> <span class='ocrx_word' id='word_1_169' title='bbox 3206 807 3590 879; x_wconf 65' lang='lat' dir='ltr'>deserto,qute</span> <span class='ocrx_word' id='word_1_170' title='bbox 3612 812 3675 863; x_wconf 87' lang='lat' dir='ltr'>et</span> 
     </span>
    </p>
   </div>
   <div class='ocr_carea' id='block_1_30' title="bbox 2021 892 2676 964">
    <p class='ocr_par' dir='ltr' id='par_1_30' title="bbox 2021 892 2676 964">
     <span class='ocr_line' id='line_1_30' title="bbox 2021 892 2676 964; baseline 0 -17"><span class='ocrx_word' id='word_1_171' title='bbox 2021 892 2251 947; x_wconf 63' lang='lat' dir='ltr'>zEtham</span> <span class='ocrx_word' id='word_1_172' title='bbox 2280 898 2676 964; x_wconf 91' lang='lat' dir='ltr'>nuncupatur.</span> 
     </span>
    </p>
   </div>
   <div class='ocr_carea' id='block_1_31' title="bbox 2093 980 3668 1057">
    <p class='ocr_par' dir='ltr' id='par_1_31' title="bbox 2093 980 3668 1057">
     <span class='ocr_line' id='line_1_31' title="bbox 2093 980 3668 1057; baseline 0.004 -22"><span class='ocrx_word' id='word_1_173' title='bbox 2093 980 2247 1047; x_wconf 83' lang='lat' dir='ltr'>Beia,</span> <span class='ocrx_word' id='word_1_174' title='bbox 2281 982 2569 1037; x_wconf 87' lang='lat' dir='ltr'>terminus</span> <span class='ocrx_word' id='word_1_175' title='bbox 2596 982 2808 1036; x_wconf 73' lang='lat' dir='ltr'>Judznae</span> <span class='ocrx_word' id='word_1_176' title='bbox 2842 983 2912 1037; x_wconf 93' lang='lat' dir='ltr'>ad</span> <span class='ocrx_word' id='word_1_177' title='bbox 2973 982 3266 1039; x_wconf 90' lang='lat' dir='ltr'>Orientem</span> <span class='ocrx_word' id='word_1_178' title='bbox 3326 984 3668 1057; x_wconf 88' lang='lat' dir='ltr'>rescipiens,</span> 
     </span>
    </p>
   </div>
   <div class='ocr_carea' id='block_1_32' title="bbox 2023 1070 3508 1142">
    <p class='ocr_par' dir='ltr' id='par_1_32' title="bbox 2023 1070 3508 1142">
     <span class='ocr_line' id='line_1_32' title="bbox 2023 1070 3508 1142; baseline 0.003 -17"><span class='ocrx_word' id='word_1_179' title='bbox 2023 1071 2093 1126; x_wconf 88' lang='lat' dir='ltr'>de</span> <span class='ocrx_word' id='word_1_180' title='bbox 2122 1088 2237 1142; x_wconf 88' lang='lat' dir='ltr'>quo</span> <span class='ocrx_word' id='word_1_181' title='bbox 2268 1075 2323 1125; x_wconf 89' lang='lat' dir='ltr'>et</span> <span class='ocrx_word' id='word_1_182' title='bbox 2356 1087 2535 1142; x_wconf 88' lang='lat' dir='ltr'>supra</span> <span class='ocrx_word' id='word_1_183' title='bbox 2566 1070 2675 1125; x_wconf 91' lang='lat' dir='ltr'>sub</span> <span class='ocrx_word' id='word_1_184' title='bbox 2710 1070 2947 1126; x_wconf 89' lang='lat' dir='ltr'>nomine</span> <span class='ocrx_word' id='word_1_185' title='bbox 2977 1072 3199 1127; x_wconf 69' lang='lat' dir='ltr'>Arbela:</span> <span class='ocrx_word' id='word_1_186' title='bbox 3231 1073 3508 1129; x_wconf 87' lang='lat' dir='ltr'>diximus.</span> 
     </span>
    </p>
   </div>
   <div class='ocr_carea' id='block_1_33' title="bbox 2095 1160 3675 1233">
    <p class='ocr_par' dir='ltr' id='par_1_33' title="bbox 2095 1160 3675 1233">
     <span class='ocr_line' id='line_1_33' title="bbox 2095 1160 3675 1233; baseline 0.003 -18"><span class='ocrx_word' id='word_1_187' title='bbox 2095 1162 2293 1226; x_wconf 88' lang='lat' dir='ltr'>Bosor,</span> <span class='ocrx_word' id='word_1_188' title='bbox 2328 1160 2385 1213; x_wconf 93' lang='lat' dir='ltr'>in</span> <span class='ocrx_word' id='word_1_189' title='bbox 2419 1160 2645 1215; x_wconf 87' lang='lat' dir='ltr'>deserto</span> <span class='ocrx_word' id='word_1_190' title='bbox 2670 1164 2833 1215; x_wconf 91' lang='lat' dir='ltr'>trans</span> <span class='ocrx_word' id='word_1_191' title='bbox 2856 1161 3194 1231; x_wconf 90' lang='lat' dir='ltr'>Jordanem,</span> <span class='ocrx_word' id='word_1_192' title='bbox 3219 1179 3345 1233; x_wconf 66' lang='lat' dir='ltr'>qua:</span> <span class='ocrx_word' id='word_1_193' title='bbox 3379 1164 3588 1219; x_wconf 91' lang='lat' dir='ltr'>cecidit</span> <span class='ocrx_word' id='word_1_194' title='bbox 3615 1164 3675 1219; x_wconf 90' lang='lat' dir='ltr'>in</span> 
     </span>
    </p>
   </div>
   <div class='ocr_carea' id='block_1_34' title="bbox 2024 1248 3676 1324">
    <p class='ocr_par' dir='ltr' id='par_1_34' title="bbox 2024 1248 3676 1324">
     <span class='ocr_line' id='line_1_34' title="bbox 2024 1248 3676 1324; baseline 0.002 -20"><span class='ocrx_word' id='word_1_195' title='bbox 2024 1253 2240 1305; x_wconf 90' lang='lat' dir='ltr'>sortem</span> <span class='ocrx_word' id='word_1_196' title='bbox 2290 1248 2479 1303; x_wconf 88' lang='lat' dir='ltr'>tribus</span> <span class='ocrx_word' id='word_1_197' title='bbox 2512 1248 2714 1305; x_wconf 89' lang='lat' dir='ltr'>Ruben</span> <span class='ocrx_word' id='word_1_198' title='bbox 2748 1250 2819 1304; x_wconf 90' lang='lat' dir='ltr'>ad</span> <span class='ocrx_word' id='word_1_199' title='bbox 2852 1250 3193 1307; x_wconf 89' lang='lat' dir='ltr'>orientalem</span> <span class='ocrx_word' id='word_1_200' title='bbox 3242 1254 3389 1307; x_wconf 76' lang='grc'>171</span> <span class='ocrx_word' id='word_1_201' title='bbox 3450 1256 3676 1324; x_wconf 92' lang='lat' dir='ltr'>partem</span> 
     </span>
    </p>
   </div>
   <div class='ocr_carea' id='block_1_35' title="bbox 2023 1337 3676 1412">
    <p class='ocr_par' dir='ltr' id='par_1_35' title="bbox 2023 1337 3676 1412">
     <span class='ocr_line' id='line_1_35' title="bbox 2023 1337 3676 1412; baseline 0.002 -19"><span class='ocrx_word' id='word_1_202' title='bbox 2023 1338 2313 1403; x_wconf 88' lang='lat' dir='ltr'>Jerichus,</span> <span class='ocrx_word' id='word_1_203' title='bbox 2349 1337 2549 1393; x_wconf 91' lang='lat' dir='ltr'>civitas</span> <span class='ocrx_word' id='word_1_204' title='bbox 2582 1338 2960 1394; x_wconf 91' lang='lat' dir='ltr'>sacerdotalis</span> <span class='ocrx_word' id='word_1_205' title='bbox 3009 1343 3065 1393; x_wconf 90' lang='lat' dir='ltr'>et</span> <span class='ocrx_word' id='word_1_206' title='bbox 3112 1340 3511 1412; x_wconf 80' lang='lat' dir='ltr'>fugitivorum.</span> <span class='ocrx_word' id='word_1_207' title='bbox 3547 1346 3676 1397; x_wconf 70' lang='lat' dir='ltr'>Haec</span> 
     </span>
    </p>
   </div>
   <div class='ocr_carea' id='block_1_36' title="bbox 2025 1426 3681 1501">
    <p class='ocr_par' dir='ltr' id='par_1_36' title="bbox 2025 1426 3681 1501">
     <span class='ocr_line' id='line_1_36' title="bbox 2025 1426 3681 1501; baseline 0.002 -19"><span class='ocrx_word' id='word_1_208' title='bbox 2025 1431 2115 1482; x_wconf 89' lang='lat' dir='ltr'>est</span> <span class='ocrx_word' id='word_1_209' title='bbox 2166 1432 2367 1482; x_wconf 88' lang='lat' dir='ltr'>Bostra</span> <span class='ocrx_word' id='word_1_210' title='bbox 2400 1426 2739 1499; x_wconf 90' lang='lat' dir='ltr'>metropolis</span> <span class='ocrx_word' id='word_1_211' title='bbox 2765 1427 3006 1482; x_wconf 82' lang='lat' dir='ltr'>Arabiae.</span> <span class='ocrx_word' id='word_1_212' title='bbox 3068 1428 3370 1501; x_wconf 82' lang='lat' dir='ltr'>Apellatur</span> <span class='ocrx_word' id='word_1_213' title='bbox 3396 1435 3591 1485; x_wconf 91' lang='lat' dir='ltr'>autem</span> <span class='ocrx_word' id='word_1_214' title='bbox 3623 1434 3681 1486; x_wconf 89' lang='lat' dir='ltr'>et</span> 
     </span>
    </p>
   </div>
   <div class='ocr_carea' id='block_1_37' title="bbox 2028 1515 3679 1591">
    <p class='ocr_par' dir='ltr' id='par_1_37' title="bbox 2028 1515 3679 1591">
     <span class='ocr_line' id='line_1_37' title="bbox 2028 1515 3679 1591; baseline 0.002 -19"><span class='ocrx_word' id='word_1_215' title='bbox 2028 1516 2141 1572; x_wconf 87' lang='lat' dir='ltr'>alia</span> <span class='ocrx_word' id='word_1_216' title='bbox 2173 1517 2351 1571; x_wconf 91' lang='lat' dir='ltr'>Bosor</span> <span class='ocrx_word' id='word_1_217' title='bbox 2380 1515 2585 1571; x_wconf 85' lang='lat' dir='ltr'>civitas</span> <span class='ocrx_word' id='word_1_218' title='bbox 2608 1516 2758 1571; x_wconf 87' lang='lat' dir='ltr'>Esau</span> <span class='ocrx_word' id='word_1_219' title='bbox 2784 1516 2843 1571; x_wconf 92' lang='lat' dir='ltr'>in</span> <span class='ocrx_word' id='word_1_220' title='bbox 2877 1517 3179 1574; x_wconf 90' lang='lat' dir='ltr'>montibus</span> <span class='ocrx_word' id='word_1_221' title='bbox 3212 1519 3679 1591; x_wconf 68' lang='lat' dir='ltr'>Idumaaae,cujus</span> 
     </span>
    </p>
   </div>
   <div class='ocr_carea' id='block_1_38' title="bbox 2027 1606 3682 1679">
    <p class='ocr_par' dir='ltr' id='par_1_38' title="bbox 2027 1606 3682 1679">
     <span class='ocr_line' id='line_1_38' title="bbox 2027 1606 3682 1679; baseline 0.002 -19"><span class='ocrx_word' id='word_1_222' title='bbox 2027 1606 2210 1661; x_wconf 88' lang='lat' dir='ltr'>Isaias</span> <span class='ocrx_word' id='word_1_223' title='bbox 2243 1606 2579 1661; x_wconf 88' lang='lat' dir='ltr'>recordatur</span> <span class='ocrx_word' id='word_1_224' title='bbox 2607 1606 2806 1660; x_wconf 90' lang='lat' dir='ltr'>dicens</span> <span class='ocrx_word' id='word_1_225' title='bbox 2841 1623 2853 1660; x_wconf 89' lang='lat'><strong>:</strong></span> <span class='ocrx_word' id='word_1_226' title='bbox 2890 1608 3023 1677; x_wconf 78' lang='lat' dir='ltr'>()vz&#39;s</span> <span class='ocrx_word' id='word_1_227' title='bbox 3052 1623 3106 1661; x_wconf 81' lang='lat' dir='ltr'>es</span> <span class='ocrx_word' id='word_1_228' title='bbox 3162 1610 3265 1662; x_wconf 77' lang='lat' dir='ltr'>iste</span> <span class='ocrx_word' id='word_1_229' title='bbox 3298 1609 3395 1679; x_wconf 82' lang='lat' dir='ltr'>qui</span> <span class='ocrx_word' id='word_1_230' title='bbox 3418 1610 3567 1664; x_wconf 83' lang='lat' dir='ltr'>venit</span> <span class='ocrx_word' id='word_1_231' title='bbox 3614 1610 3682 1664; x_wconf 85' lang='lat' dir='ltr'>de</span> 
     </span>
    </p>
   </div>
   <div class='ocr_carea' id='block_1_39' title="bbox 2026 1695 3679 1769">
    <p class='ocr_par' dir='ltr' id='par_1_39' title="bbox 2026 1695 3679 1769">
     <span class='ocr_line' id='line_1_39' title="bbox 2026 1695 3679 1769; baseline 0.001 -19"><span class='ocrx_word' id='word_1_232' title='bbox 2026 1696 2196 1751; x_wconf 82' lang='lat' dir='ltr'>Edam</span> <span class='ocrx_word' id='word_1_233' title='bbox 2224 1699 2248 1747; x_wconf 69' lang='grc' dir='ltr'><em>ν</em></span> <span class='ocrx_word' id='word_1_234' title='bbox 2273 1695 2489 1766; x_wconf 79' lang='lat' dir='ltr'>fulvida</span> <span class='ocrx_word' id='word_1_235' title='bbox 2519 1696 2841 1750; x_wconf 77' lang='lat' dir='ltr'>vestimenta</span> <span class='ocrx_word' id='word_1_236' title='bbox 2889 1696 3006 1765; x_wconf 82' lang='lat' dir='ltr'>ejus</span> <span class='ocrx_word' id='word_1_237' title='bbox 3062 1712 3133 1752; x_wconf 75' lang='lat' dir='ltr'>ex</span> <span class='ocrx_word' id='word_1_238' title='bbox 3163 1697 3330 1753; x_wconf 82' lang='lat' dir='ltr'>Bosor</span> <span class='ocrx_word' id='word_1_239' title='bbox 3359 1698 3484 1769; x_wconf 80' lang='lat' dir='ltr'>(Isa.</span> <span class='ocrx_word' id='word_1_240' title='bbox 3522 1714 3679 1769; x_wconf 82' lang='lat' dir='ltr'>Lxm,</span> 
     </span>
    </p>
   </div>
   <div class='ocr_carea' id='block_1_40' title="bbox 1949 1784 2460 1884">
    <p class='ocr_par' dir='ltr' id='par_1_40' title="bbox 1949 1784 2460 1884">
     <span class='ocr_line' id='line_1_40' title="bbox 1949 1784 2460 1884; baseline -0.002 -45"><span class='ocrx_word' id='word_1_241' title='bbox 1949 1820 1997 1884; x_wconf 85' lang='lat' dir='ltr'><strong>B</strong></span> <span class='ocrx_word' id='word_1_242' title='bbox 2030 1786 2081 1853; x_wconf 89' lang='grc'>1,</span> <span class='ocrx_word' id='word_1_243' title='bbox 2106 1784 2268 1854; x_wconf 78' lang='lat' dir='ltr'>justa</span> <span class='ocrx_word' id='word_1_244' title='bbox 2296 1786 2460 1855; x_wconf 78' lang='lat' dir='ltr'><strong><em>LXX).</em></strong></span> 
     </span>
    </p>
   </div>
   <div class='ocr_carea' id='block_1_41' title="bbox 2102 1872 3678 1947">
    <p class='ocr_par' dir='ltr' id='par_1_41' title="bbox 2102 1872 3678 1947">
     <span class='ocr_line' id='line_1_41' title="bbox 2102 1872 3678 1947; baseline 0.003 -20"><span class='ocrx_word' id='word_1_245' title='bbox 2102 1873 2335 1939; x_wconf 90' lang='lat' dir='ltr'>Beroth,</span> <span class='ocrx_word' id='word_1_246' title='bbox 2370 1872 2628 1929; x_wconf 82' lang='lat' dir='ltr'>filiorum</span> <span class='ocrx_word' id='word_1_247' title='bbox 2658 1872 2867 1941; x_wconf 90' lang='lat' dir='ltr'>Jacim,</span> <span class='ocrx_word' id='word_1_248' title='bbox 2904 1873 2964 1928; x_wconf 93' lang='lat' dir='ltr'>in</span> <span class='ocrx_word' id='word_1_249' title='bbox 2996 1873 3225 1930; x_wconf 89' lang='lat' dir='ltr'>deserto</span> <span class='ocrx_word' id='word_1_250' title='bbox 3259 1874 3425 1931; x_wconf 91' lang='lat' dir='ltr'>locus</span> <span class='ocrx_word' id='word_1_251' title='bbox 3455 1874 3514 1929; x_wconf 92' lang='lat' dir='ltr'>in</span> <span class='ocrx_word' id='word_1_252' title='bbox 3563 1892 3678 1947; x_wconf 92' lang='lat' dir='ltr'>quo</span> 
     </span>
    </p>
   </div>
   <div class='ocr_carea' id='block_1_42' title="bbox 2028 1962 3680 2034">
    <p class='ocr_par' dir='ltr' id='par_1_42' title="bbox 2028 1962 3680 2034">
     <span class='ocr_line' id='line_1_42' title="bbox 2028 1962 3680 2034; baseline 0.003 -18"><span class='ocrx_word' id='word_1_253' title='bbox 2028 1962 2174 2018; x_wconf 90' lang='lat' dir='ltr'>obiit</span> <span class='ocrx_word' id='word_1_254' title='bbox 2200 1965 2387 2017; x_wconf 90' lang='lat' dir='ltr'>Aaron</span> <span class='ocrx_word' id='word_1_255' title='bbox 2416 1988 2430 2030; x_wconf 86' lang='lat'><strong>;</strong></span> <span class='ocrx_word' id='word_1_256' title='bbox 2464 1966 2520 2017; x_wconf 92' lang='lat' dir='ltr'>et</span> <span class='ocrx_word' id='word_1_257' title='bbox 2549 1963 2879 2018; x_wconf 90' lang='lat' dir='ltr'>ostenditur</span> <span class='ocrx_word' id='word_1_258' title='bbox 2935 1980 3124 2034; x_wconf 91' lang='lat' dir='ltr'>usque</span> <span class='ocrx_word' id='word_1_259' title='bbox 3155 1963 3327 2019; x_wconf 90' lang='lat' dir='ltr'>hodie</span> <span class='ocrx_word' id='word_1_260' title='bbox 3359 1964 3416 2019; x_wconf 93' lang='lat' dir='ltr'>in</span> <span class='ocrx_word' id='word_1_261' title='bbox 3451 1964 3680 2021; x_wconf 87' lang='lat' dir='ltr'>decimo</span> 
     </span>
    </p>
   </div>
   <div class='ocr_carea' id='block_1_43' title="bbox 2032 2050 3233 2123">
    <p class='ocr_par' dir='ltr' id='par_1_43' title="bbox 2032 2050 3233 2123">
     <span class='ocr_line' id='line_1_43' title="bbox 2032 2050 3233 2123; baseline 0.002 -18"><span class='ocrx_word' id='word_1_262' title='bbox 2032 2050 2227 2123; x_wconf 90' lang='lat' dir='ltr'>lapide</span> <span class='ocrx_word' id='word_1_263' title='bbox 2257 2051 2419 2106; x_wconf 87' lang='lat' dir='ltr'>urbis</span> <span class='ocrx_word' id='word_1_264' title='bbox 2450 2055 2633 2107; x_wconf 62' lang='lat' dir='ltr'>Petra:</span> <span class='ocrx_word' id='word_1_265' title='bbox 2666 2052 2722 2105; x_wconf 90' lang='lat' dir='ltr'>in</span> <span class='ocrx_word' id='word_1_266' title='bbox 2756 2052 2972 2107; x_wconf 92' lang='lat' dir='ltr'>montis</span> <span class='ocrx_word' id='word_1_267' title='bbox 3000 2052 3233 2108; x_wconf 88' lang='lat' dir='ltr'>vertice.</span> 
     </span>
    </p>
   </div>
   <div class='ocr_carea' id='block_1_44' title="bbox 2697 2162 3017 2211">
    <p class='ocr_par' dir='ltr' id='par_1_44' title="bbox 2697 2162 3017 2211">
     <span class='ocr_line' id='line_1_44' title="bbox 2697 2162 3017 2211; baseline 0 0"><span class='ocrx_word' id='word_1_268' title='bbox 2697 2162 2782 2211; x_wconf 87' lang='lat' dir='ltr'>DE</span> <span class='ocrx_word' id='word_1_269' title='bbox 2825 2162 3017 2211; x_wconf 86' lang='lat' dir='ltr'>JESU.</span> 
     </span>
    </p>
   </div>
   <div class='ocr_carea' id='block_1_45' title="bbox 2100 2157 3682 2319">
    <p class='ocr_par' dir='ltr' id='par_1_45' title="bbox 2100 2157 3682 2319">
     <span class='ocr_line' id='line_1_45' title="bbox 2100 2157 3682 2319; baseline 0.001 -17"><span class='ocrx_word' id='word_1_270' title='bbox 2100 2248 2317 2314; x_wconf 90' lang='lat' dir='ltr'>Bunos,</span> <span class='ocrx_word' id='word_1_271' title='bbox 2350 2247 2457 2303; x_wconf 90' lang='lat' dir='ltr'>hoc</span> <span class='ocrx_word' id='word_1_272' title='bbox 2490 2252 2579 2302; x_wconf 87' lang='lat' dir='ltr'>est</span> <span class='ocrx_word' id='word_1_273' title='bbox 2609 2159 2782 2302; x_wconf 56' lang='lat' dir='ltr'>calli:3</span> <span class='ocrx_word' id='word_1_274' title='bbox 2802 2157 3243 2319; x_wconf 53' lang='lat' dir='ltr'>eriilijitiorum,</span> <span class='ocrx_word' id='word_1_275' title='bbox 3272 2246 3435 2304; x_wconf 92' lang='lat' dir='ltr'>locus</span> <span class='ocrx_word' id='word_1_276' title='bbox 3458 2250 3516 2303; x_wconf 88' lang='lat' dir='ltr'>in</span> <span class='ocrx_word' id='word_1_277' title='bbox 3549 2248 3682 2305; x_wconf 89' lang='lat' dir='ltr'>Gal-</span> 
     </span>
    </p>
   </div>
   <div class='ocr_carea' id='block_1_46' title="bbox 2028 2336 3682 2407">
    <p class='ocr_par' dir='ltr' id='par_1_46' title="bbox 2028 2336 3682 2407">
     <span class='ocr_line' id='line_1_46' title="bbox 2028 2336 3682 2407; baseline 0.002 -16"><span class='ocrx_word' id='word_1_278' title='bbox 2028 2336 2197 2406; x_wconf 86' lang='lat' dir='ltr'>galis,</span> <span class='ocrx_word' id='word_1_279' title='bbox 2232 2336 2331 2391; x_wconf 91' lang='lat' dir='ltr'>ubi</span> <span class='ocrx_word' id='word_1_280' title='bbox 2363 2336 2733 2390; x_wconf 90' lang='lat' dir='ltr'>circumcidit</span> <span class='ocrx_word' id='word_1_281' title='bbox 2761 2336 2937 2391; x_wconf 88' lang='lat' dir='ltr'>Jesus</span> <span class='ocrx_word' id='word_1_282' title='bbox 2969 2336 3251 2407; x_wconf 91' lang='lat' dir='ltr'>populum</span> <span class='ocrx_word' id='word_1_283' title='bbox 3285 2337 3462 2392; x_wconf 91' lang='lat' dir='ltr'>Israel</span> <span class='ocrx_word' id='word_1_284' title='bbox 3494 2337 3555 2392; x_wconf 93' lang='lat' dir='ltr'>in</span> <span class='ocrx_word' id='word_1_285' title='bbox 3587 2356 3682 2394; x_wconf 91' lang='lat' dir='ltr'>se-</span> 
     </span>
    </p>
   </div>
   <div class='ocr_carea' id='block_1_47' title="bbox 2028 2424 3684 2498">
    <p class='ocr_par' dir='ltr' id='par_1_47' title="bbox 2028 2424 3684 2498">
     <span class='ocr_line' id='line_1_47' title="bbox 2028 2424 3684 2498; baseline 0.001 -18"><span class='ocrx_word' id='word_1_286' title='bbox 2028 2426 2218 2481; x_wconf 90' lang='lat' dir='ltr'>cundo</span> <span class='ocrx_word' id='word_1_287' title='bbox 2250 2426 2321 2480; x_wconf 89' lang='lat' dir='ltr'>ab</span> <span class='ocrx_word' id='word_1_288' title='bbox 2349 2424 2578 2481; x_wconf 85' lang='lat' dir='ltr'>Jericho</span> <span class='ocrx_word' id='word_1_289' title='bbox 2609 2424 2821 2497; x_wconf 88' lang='lat' dir='ltr'>lapide.</span> <span class='ocrx_word' id='word_1_290' title='bbox 2854 2425 2923 2479; x_wconf 90' lang='lat' dir='ltr'>Et</span> <span class='ocrx_word' id='word_1_291' title='bbox 2953 2426 3341 2480; x_wconf 89' lang='lat' dir='ltr'>ostenduntur</span> <span class='ocrx_word' id='word_1_292' title='bbox 3371 2443 3557 2498; x_wconf 89' lang='lat' dir='ltr'>usque</span> <span class='ocrx_word' id='word_1_293' title='bbox 3583 2427 3684 2483; x_wconf 89' lang='lat' dir='ltr'>ho-</span> 
     </span>
    </p>
   </div>
   <div class='ocr_carea' id='block_1_48' title="bbox 260 2508 3683 2586">
    <p class='ocr_par' dir='ltr' id='par_1_48' title="bbox 260 2508 3683 2586">
     <span class='ocr_line' id='line_1_48' title="bbox 260 2508 3683 2586; baseline 0.001 -19"><span class='ocrx_word' id='word_1_294' title='bbox 260 2512 480 2576; x_wconf 88' lang='lat' dir='ltr'>Basan,</span> <span class='ocrx_word' id='word_1_295' title='bbox 516 2525 693 2581; x_wconf 89' lang='lat' dir='ltr'>super</span> <span class='ocrx_word' id='word_1_296' title='bbox 721 2525 838 2581; x_wconf 85' lang='lat' dir='ltr'>qua</span> <span class='ocrx_word' id='word_1_297' title='bbox 867 2508 1143 2564; x_wconf 90' lang='lat' dir='ltr'>scribitur</span> <span class='ocrx_word' id='word_1_298' title='bbox 1181 2527 1192 2565; x_wconf 94' lang='lat'>:</span> <span class='ocrx_word' id='word_1_299' title='bbox 1231 2511 1291 2563; x_wconf 88' lang='lat' dir='ltr'>Et</span> <span class='ocrx_word' id='word_1_300' title='bbox 1345 2511 1423 2581; x_wconf 83' lang='lat' dir='ltr'>0g</span> <span class='ocrx_word' id='word_1_301' title='bbox 1485 2527 1663 2581; x_wconf 82' lang='lat' dir='ltr'>regem</span> <span class='ocrx_word' id='word_1_302' title='bbox 1730 2514 1917 2569; x_wconf 84' lang='lat' dir='ltr'>Basan</span> <span class='ocrx_word' id='word_1_303' title='bbox 2028 2514 2120 2569; x_wconf 90' lang='lat' dir='ltr'>die</span> <span class='ocrx_word' id='word_1_304' title='bbox 2154 2530 2314 2579; x_wconf 84' lang='lat' dir='ltr'>saxa,</span> <span class='ocrx_word' id='word_1_305' title='bbox 2350 2531 2476 2586; x_wconf 73' lang='lat' dir='ltr'>qum</span> <span class='ocrx_word' id='word_1_306' title='bbox 2507 2514 2577 2567; x_wconf 94' lang='lat' dir='ltr'>de</span> <span class='ocrx_word' id='word_1_307' title='bbox 2597 2513 2850 2568; x_wconf 88' lang='lat' dir='ltr'>Jordane</span> <span class='ocrx_word' id='word_1_308' title='bbox 2872 2512 3010 2568; x_wconf 91' lang='lat' dir='ltr'>illuc</span> <span class='ocrx_word' id='word_1_309' title='bbox 3042 2512 3332 2569; x_wconf 91' lang='lat' dir='ltr'>translata</span> <span class='ocrx_word' id='word_1_310' title='bbox 3360 2514 3683 2586; x_wconf 89' lang='lat' dir='ltr'>(Scriptura</span> 
     </span>
    </p>
   </div>
   <div class='ocr_carea' id='block_1_49' title="bbox 259 2590 1917 2673">
    <p class='ocr_par' dir='ltr' id='par_1_49' title="bbox 259 2590 1917 2673">
     <span class='ocr_line' id='line_1_49' title="bbox 259 2590 1917 2673; baseline 0.001 -17"><span class='ocrx_word' id='word_1_311' title='bbox 259 2590 444 2670; x_wconf 80' lang='lat' dir='ltr'>(Psdt.</span> <span class='ocrx_word' id='word_1_312' title='bbox 476 2616 700 2665; x_wconf 74' lang='lat' dir='ltr'>cxxxrv,</span> <span class='ocrx_word' id='word_1_313' title='bbox 735 2598 849 2668; x_wconf 82' lang='grc' dir='ltr'>Η).</span> <span class='ocrx_word' id='word_1_314' title='bbox 882 2602 1044 2655; x_wconf 87' lang='lat' dir='ltr'>Hanc</span> <span class='ocrx_word' id='word_1_315' title='bbox 1093 2603 1288 2653; x_wconf 90' lang='lat' dir='ltr'>autem</span> <span class='ocrx_word' id='word_1_316' title='bbox 1348 2599 1671 2656; x_wconf 83' lang='lat' dir='ltr'>Machaathi</span> <span class='ocrx_word' id='word_1_317' title='bbox 1705 2618 1917 2673; x_wconf 92' lang='lat' dir='ltr'>cogno-</span> 
     </span>
    </p>
   </div>
   <div class='ocr_carea' id='block_1_50' title="bbox 260 2685 1918 2762">
    <p class='ocr_par' dir='ltr' id='par_1_50' title="bbox 260 2685 1918 2762">
     <span class='ocr_line' id='line_1_50' title="bbox 260 2685 1918 2762; baseline -0.007 -17"><span class='ocrx_word' id='word_1_318' title='bbox 260 2688 515 2745; x_wconf 89' lang='lat' dir='ltr'>minavit</span> <span class='ocrx_word' id='word_1_319' title='bbox 542 2687 723 2742; x_wconf 78' lang='lat' dir='ltr'>Avoth</span> <span class='ocrx_word' id='word_1_320' title='bbox 780 2686 923 2755; x_wconf 89' lang='lat' dir='ltr'>Jair,</span> <span class='ocrx_word' id='word_1_321' title='bbox 982 2688 1089 2743; x_wconf 91' lang='lat' dir='ltr'>hoc</span> <span class='ocrx_word' id='word_1_322' title='bbox 1148 2692 1237 2742; x_wconf 87' lang='lat' dir='ltr'>est</span> <span class='ocrx_word' id='word_1_323' title='bbox 1290 2685 1547 2749; x_wconf 68' lang='grc' dir='ltr'>ἐπαύλεις</span> <span class='ocrx_word' id='word_1_324' title='bbox 1589 2688 1718 2762; x_wconf 75' lang='grc' dir='ltr'>Ἰαίρ</span> <span class='ocrx_word' id='word_1_325' title='bbox 1761 2690 1918 2746; x_wconf 87' lang='lat' dir='ltr'>Ceci-</span> 
     </span>
    </p>
   </div>
   <div class='ocr_carea' id='block_1_51' title="bbox 2028 2602 2884 2673">
    <p class='ocr_par' dir='ltr' id='par_1_51' title="bbox 2028 2602 2884 2673">
     <span class='ocr_line' id='line_1_51' title="bbox 2028 2602 2884 2673; baseline -0.002 -16"><span class='ocrx_word' id='word_1_326' title='bbox 2028 2602 2206 2673; x_wconf 69' lang='lat' dir='ltr'>(Iosue</span> <span class='ocrx_word' id='word_1_327' title='bbox 2237 2620 2313 2668; x_wconf 83' lang='lat' dir='ltr'>1v,</span> <span class='ocrx_word' id='word_1_328' title='bbox 2338 2604 2392 2673; x_wconf 91' lang='lat'>8)</span> <span class='ocrx_word' id='word_1_329' title='bbox 2424 2602 2884 2672; x_wconf 89' lang='lat' dir='ltr'>commemorat).</span> 
     </span>
    </p>
   </div>
   <div class='ocr_carea' id='block_1_52' title="bbox 2101 2690 3678 2764">
    <p class='ocr_par' dir='ltr' id='par_1_52' title="bbox 2101 2690 3678 2764">
     <span class='ocr_line' id='line_1_52' title="bbox 2101 2690 3678 2764; baseline 0.002 -19"><span class='ocrx_word' id='word_1_330' title='bbox 2101 2691 2409 2759; x_wconf 89' lang='lat' dir='ltr'>Bethoron,</span> <span class='ocrx_word' id='word_1_331' title='bbox 2445 2692 2515 2747; x_wconf 91' lang='lat' dir='ltr'>ad</span> <span class='ocrx_word' id='word_1_332' title='bbox 2551 2708 2729 2763; x_wconf 89' lang='lat' dir='ltr'>quam</span> <span class='ocrx_word' id='word_1_333' title='bbox 2788 2707 2973 2762; x_wconf 91' lang='lat' dir='ltr'>usque</span> <span class='ocrx_word' id='word_1_334' title='bbox 3020 2690 3294 2747; x_wconf 90' lang='lat' dir='ltr'>inimicos</span> <span class='ocrx_word' id='word_1_335' title='bbox 3329 2696 3678 2764; x_wconf 90' lang='lat' dir='ltr'>persecutus</span> 
     </span>
    </p>
   </div>
   <div class='ocr_carea' id='block_1_53' title="bbox 259 2776 3673 2852">
    <p class='ocr_par' dir='ltr' id='par_1_53' title="bbox 259 2776 3673 2852">
     <span class='ocr_line' id='line_1_53' title="bbox 259 2776 3673 2852; baseline 0.001 -17"><span class='ocrx_word' id='word_1_336' title='bbox 259 2778 471 2849; x_wconf 90' lang='lat' dir='ltr'>ditque</span> <span class='ocrx_word' id='word_1_337' title='bbox 501 2777 561 2832; x_wconf 91' lang='lat' dir='ltr'>in</span> <span class='ocrx_word' id='word_1_338' title='bbox 592 2780 811 2833; x_wconf 88' lang='lat' dir='ltr'>sortem</span> <span class='ocrx_word' id='word_1_339' title='bbox 848 2776 1103 2831; x_wconf 67' lang='lat' dir='ltr'>dimidiae</span> <span class='ocrx_word' id='word_1_340' title='bbox 1153 2776 1343 2831; x_wconf 85' lang='lat' dir='ltr'>tribus</span> <span class='ocrx_word' id='word_1_341' title='bbox 1377 2777 1646 2833; x_wconf 90' lang='lat' dir='ltr'>Manasse</span> <span class='ocrx_word' id='word_1_342' title='bbox 1677 2779 1735 2833; x_wconf 91' lang='lat' dir='ltr'>in</span> <span class='ocrx_word' id='word_1_343' title='bbox 1768 2784 1923 2836; x_wconf 89' lang='lat' dir='ltr'>terra</span> <span class='ocrx_word' id='word_1_344' title='bbox 2028 2783 2116 2835; x_wconf 87' lang='lat' dir='ltr'>est</span> <span class='ocrx_word' id='word_1_345' title='bbox 2146 2797 2310 2852; x_wconf 88' lang='lat' dir='ltr'>reges</span> <span class='ocrx_word' id='word_1_346' title='bbox 2338 2781 2529 2848; x_wconf 87' lang='lat' dir='ltr'>Jesus,</span> <span class='ocrx_word' id='word_1_347' title='bbox 2558 2797 2685 2851; x_wconf 61' lang='lat' dir='ltr'>quas</span> <span class='ocrx_word' id='word_1_348' title='bbox 2712 2779 2921 2834; x_wconf 91' lang='lat' dir='ltr'>cecidit</span> <span class='ocrx_word' id='word_1_349' title='bbox 2942 2779 3001 2834; x_wconf 91' lang='lat' dir='ltr'>in</span> <span class='ocrx_word' id='word_1_350' title='bbox 3035 2783 3253 2835; x_wconf 92' lang='lat' dir='ltr'>sortem</span> <span class='ocrx_word' id='word_1_351' title='bbox 3288 2780 3546 2849; x_wconf 87' lang='lat' dir='ltr'>filiorum</span> <span class='ocrx_word' id='word_1_352' title='bbox 3575 2785 3673 2838; x_wconf 93' lang='lat' dir='ltr'>Jo-</span> 
     </span>
    </p>
   </div>
   <div class='ocr_carea' id='block_1_54' title="bbox 259 2865 1918 2937">
    <p class='ocr_par' dir='ltr' id='par_1_54' title="bbox 259 2865 1918 2937">
     <span class='ocr_line' id='line_1_54' title="bbox 259 2865 1918 2937; baseline 0 -13"><span class='ocrx_word' id='word_1_353' title='bbox 259 2866 507 2935; x_wconf 87' lang='lat' dir='ltr'>Galaad,</span> <span class='ocrx_word' id='word_1_354' title='bbox 547 2865 667 2920; x_wconf 67' lang='lat' dir='ltr'>haec</span> <span class='ocrx_word' id='word_1_355' title='bbox 698 2868 787 2921; x_wconf 88' lang='lat' dir='ltr'>est</span> <span class='ocrx_word' id='word_1_356' title='bbox 811 2865 1122 2933; x_wconf 88' lang='lat' dir='ltr'>Basanitis,</span> <span class='ocrx_word' id='word_1_357' title='bbox 1184 2882 1310 2937; x_wconf 67' lang='lat' dir='ltr'>qua:</span> <span class='ocrx_word' id='word_1_358' title='bbox 1344 2884 1500 2922; x_wconf 93' lang='lat' dir='ltr'>nunc</span> <span class='ocrx_word' id='word_1_359' title='bbox 1531 2868 1801 2924; x_wconf 84' lang='lat' dir='ltr'>Batanaea</span> <span class='ocrx_word' id='word_1_360' title='bbox 1830 2870 1918 2924; x_wconf 91' lang='lat' dir='ltr'>di-</span> 
     </span>
    </p>
   </div>
   <div class='ocr_carea' id='block_1_55' title="bbox 260 2956 441 3012">
    <p class='ocr_par' dir='ltr' id='par_1_55' title="bbox 260 2956 441 3012">
     <span class='ocr_line' id='line_1_55' title="bbox 260 2956 441 3012; baseline -0.011 0"><span class='ocrx_word' id='word_1_361' title='bbox 260 2956 441 3012; x_wconf 90' lang='lat' dir='ltr'>citur.</span> 
     </span>
    </p>
   </div>
   <div class='ocr_carea' id='block_1_56' title="bbox 2029 2867 3680 2941">
    <p class='ocr_par' dir='ltr' id='par_1_56' title="bbox 2029 2867 3680 2941">
     <span class='ocr_line' id='line_1_56' title="bbox 2029 2867 3680 2941; baseline 0.002 -19"><span class='ocrx_word' id='word_1_362' title='bbox 2029 2869 2196 2940; x_wconf 86' lang='lat' dir='ltr'>seph,</span> <span class='ocrx_word' id='word_1_363' title='bbox 2228 2869 2284 2923; x_wconf 91' lang='lat' dir='ltr'>id</span> <span class='ocrx_word' id='word_1_364' title='bbox 2309 2873 2418 2935; x_wconf 88' lang='lat' dir='ltr'>est,</span> <span class='ocrx_word' id='word_1_365' title='bbox 2449 2868 2747 2941; x_wconf 88' lang='lat' dir='ltr'>Ephraim.</span> <span class='ocrx_word' id='word_1_366' title='bbox 2781 2868 2929 2922; x_wconf 89' lang='lat' dir='ltr'>Sunt</span> <span class='ocrx_word' id='word_1_367' title='bbox 2959 2871 3153 2922; x_wconf 90' lang='lat' dir='ltr'>autem</span> <span class='ocrx_word' id='word_1_368' title='bbox 3185 2868 3299 2923; x_wconf 93' lang='lat' dir='ltr'>duo</span> <span class='ocrx_word' id='word_1_369' title='bbox 3328 2867 3501 2923; x_wconf 92' lang='lat' dir='ltr'>vicini</span> <span class='ocrx_word' id='word_1_370' title='bbox 3541 2870 3680 2925; x_wconf 89' lang='lat' dir='ltr'>duo-</span> 
     </span>
    </p>
   </div>
   <div class='ocr_carea' id='block_1_57' title="bbox 2029 2956 3675 3030">
    <p class='ocr_par' dir='ltr' id='par_1_57' title="bbox 2029 2956 3675 3030">
     <span class='ocr_line' id='line_1_57' title="bbox 2029 2956 3675 3030; baseline 0.001 -18"><span class='ocrx_word' id='word_1_371' title='bbox 2029 2958 2219 3012; x_wconf 91' lang='lat' dir='ltr'>decim</span> <span class='ocrx_word' id='word_1_372' title='bbox 2255 2958 2434 3013; x_wconf 83' lang='lat' dir='ltr'>ferme</span> <span class='ocrx_word' id='word_1_373' title='bbox 2456 2958 2527 3012; x_wconf 88' lang='lat' dir='ltr'>ab</span> <span class='ocrx_word' id='word_1_374' title='bbox 2558 2956 2705 3011; x_wconf 66' lang='lat' dir='ltr'>Elia</span> <span class='ocrx_word' id='word_1_375' title='bbox 2725 2956 2915 3028; x_wconf 91' lang='lat' dir='ltr'>lapide</span> <span class='ocrx_word' id='word_1_376' title='bbox 2934 2956 3253 3028; x_wconf 90' lang='lat' dir='ltr'>Nicopolim</span> <span class='ocrx_word' id='word_1_377' title='bbox 3278 2959 3675 3030; x_wconf 88' lang='lat' dir='ltr'>pergentibus,</span> 
     </span>
    </p>
   </div>
   <div class='ocr_carea' id='block_1_58' title="bbox 340 3043 3676 3119">
    <p class='ocr_par' dir='ltr' id='par_1_58' title="bbox 340 3043 3676 3119">
     <span class='ocr_line' id='line_1_58' title="bbox 340 3043 3676 3119; baseline 0.001 -19"><span class='ocrx_word' id='word_1_378' title='bbox 340 3043 718 3116; x_wconf 87' lang='lat' dir='ltr'>Beelphegor,</span> <span class='ocrx_word' id='word_1_379' title='bbox 780 3043 935 3116; x_wconf 89' lang='lat' dir='ltr'>quod</span> <span class='ocrx_word' id='word_1_380' title='bbox 1021 3044 1454 3116; x_wconf 88' lang='lat' dir='ltr'>interpretatur,</span> <span class='ocrx_word' id='word_1_381' title='bbox 1534 3045 1918 3102; x_wconf 89' lang='lat' dir='ltr'>simulacrum</span> <span class='ocrx_word' id='word_1_382' title='bbox 2029 3064 2060 3102; x_wconf 90' lang='lat' dir='ltr'>e</span> <span class='ocrx_word' id='word_1_383' title='bbox 2091 3048 2308 3118; x_wconf 90' lang='lat' dir='ltr'>quibus</span> <span class='ocrx_word' id='word_1_384' title='bbox 2334 3051 2573 3119; x_wconf 88' lang='lat' dir='ltr'>propter</span> <span class='ocrx_word' id='word_1_385' title='bbox 2602 3046 2781 3101; x_wconf 92' lang='lat' dir='ltr'>situm</span> <span class='ocrx_word' id='word_1_386' title='bbox 2814 3062 2969 3100; x_wconf 90' lang='lat' dir='ltr'>unus</span> <span class='ocrx_word' id='word_1_387' title='bbox 3015 3045 3229 3101; x_wconf 90' lang='lat' dir='ltr'>dicitur</span> <span class='ocrx_word' id='word_1_388' title='bbox 3260 3045 3546 3102; x_wconf 88' lang='lat' dir='ltr'>Bethoron</span> <span class='ocrx_word' id='word_1_389' title='bbox 3574 3065 3676 3103; x_wconf 74' lang='lat' dir='ltr'>su~</span> 
     </span>
    </p>
   </div>
   <div class='ocr_carea' id='block_1_59' title="bbox 263 3132 3678 3209">
    <p class='ocr_par' dir='ltr' id='par_1_59' title="bbox 263 3132 3678 3209">
     <span class='ocr_line' id='line_1_59' title="bbox 263 3132 3678 3209; baseline 0.001 -20"><span class='ocrx_word' id='word_1_390' title='bbox 263 3132 627 3207; x_wconf 72' lang='lat' dir='ltr'>ignominiaa.</span> <span class='ocrx_word' id='word_1_391' title='bbox 663 3133 762 3188; x_wconf 90' lang='lat' dir='ltr'>Est</span> <span class='ocrx_word' id='word_1_392' title='bbox 792 3137 988 3189; x_wconf 90' lang='lat' dir='ltr'>autem</span> <span class='ocrx_word' id='word_1_393' title='bbox 1020 3132 1241 3188; x_wconf 89' lang='lat' dir='ltr'>idolum</span> <span class='ocrx_word' id='word_1_394' title='bbox 1293 3134 1482 3199; x_wconf 89' lang='lat' dir='ltr'>Moab,</span> <span class='ocrx_word' id='word_1_395' title='bbox 1536 3140 1919 3207; x_wconf 85' lang='lat' dir='ltr'>cognomento</span> <span class='ocrx_word' id='word_1_396' title='bbox 1953 3190 1991 3209; x_wconf 61' lang='grc' dir='ltr'>η</span> <span class='ocrx_word' id='word_1_397' title='bbox 2031 3136 2241 3209; x_wconf 90' lang='lat' dir='ltr'>perior,</span> <span class='ocrx_word' id='word_1_398' title='bbox 2259 3154 2432 3209; x_wconf 91' lang='lat' dir='ltr'>quem</span> <span class='ocrx_word' id='word_1_399' title='bbox 2456 3135 2760 3191; x_wconf 75' lang='lat' dir='ltr'>aediﬁcavit</span> <span class='ocrx_word' id='word_1_400' title='bbox 2781 3134 3053 3190; x_wconf 91' lang='lat' dir='ltr'>Salomon</span> <span class='ocrx_word' id='word_1_401' title='bbox 3080 3152 3093 3202; x_wconf 90' lang='lat'><strong>;</strong></span> <span class='ocrx_word' id='word_1_402' title='bbox 3122 3138 3178 3189; x_wconf 90' lang='lat' dir='ltr'>et</span> <span class='ocrx_word' id='word_1_403' title='bbox 3206 3133 3357 3190; x_wconf 90' lang='lat' dir='ltr'>alius</span> <span class='ocrx_word' id='word_1_404' title='bbox 3388 3135 3678 3191; x_wconf 88' lang='lat' dir='ltr'>Bethoron</span> 
     </span>
    </p>
   </div>
   <div class='ocr_carea' id='block_1_60' title="bbox 264 3190 3291 3297">
    <p class='ocr_par' dir='ltr' id='par_1_60' title="bbox 264 3190 3291 3297">
     <span class='ocr_line' id='line_1_60' title="bbox 264 3190 3291 3297; baseline -0 -19"><span class='ocrx_word' id='word_1_405' title='bbox 264 3190 437 3290; x_wconf 50' lang='lat' dir='ltr'>Baal,</span> <span class='ocrx_word' id='word_1_406' title='bbox 459 3238 636 3293; x_wconf 88' lang='lat' dir='ltr'>super</span> <span class='ocrx_word' id='word_1_407' title='bbox 657 3226 918 3278; x_wconf 90' lang='lat' dir='ltr'>montem</span> <span class='ocrx_word' id='word_1_408' title='bbox 950 3222 1176 3294; x_wconf 89' lang='lat' dir='ltr'>Phogor</span> <span class='ocrx_word' id='word_1_409' title='bbox 1198 3223 1393 3294; x_wconf 87' lang='lat' dir='ltr'>(quem</span> <span class='ocrx_word' id='word_1_410' title='bbox 1420 3190 1918 3297; x_wconf 59' lang='lat' dir='ltr'>LatiniUPriapum</span> <span class='ocrx_word' id='word_1_411' title='bbox 1951 3190 1993 3255; x_wconf 65' lang='grc' dir='ltr'><strong>Ο</strong></span> <span class='ocrx_word' id='word_1_412' title='bbox 2032 3190 2477 3282; x_wconf 41' lang='lat' dir='ltr'>inferiorldatus</span> <span class='ocrx_word' id='word_1_413' title='bbox 2514 3190 2717 3280; x_wconf 90' lang='lat' dir='ltr'>Levitis</span> <span class='ocrx_word' id='word_1_414' title='bbox 2749 3223 2807 3278; x_wconf 93' lang='lat' dir='ltr'>in</span> <span class='ocrx_word' id='word_1_415' title='bbox 2840 3190 3291 3295; x_wconf 86' lang='lat' dir='ltr'>possessionem.</span> 
     </span>
    </p>
   </div>
   <div class='ocr_carea' id='block_1_61' title="bbox 268 3310 1919 3385">
    <p class='ocr_par' dir='ltr' id='par_1_61' title="bbox 268 3310 1919 3385">
     <span class='ocr_line' id='line_1_61' title="bbox 268 3310 1919 3385; baseline 0.002 -19"><span class='ocrx_word' id='word_1_416' title='bbox 268 3315 504 3366; x_wconf 90' lang='lat' dir='ltr'>vocant.</span> <span class='ocrx_word' id='word_1_417' title='bbox 538 3314 607 3365; x_wconf 89' lang='lat' dir='ltr'>Et</span> <span class='ocrx_word' id='word_1_418' title='bbox 651 3311 723 3366; x_wconf 92' lang='lat' dir='ltr'>de</span> <span class='ocrx_word' id='word_1_419' title='bbox 785 3310 894 3365; x_wconf 93' lang='lat' dir='ltr'>hoc</span> <span class='ocrx_word' id='word_1_420' title='bbox 949 3310 1007 3366; x_wconf 90' lang='lat' dir='ltr'>in</span> <span class='ocrx_word' id='word_1_421' title='bbox 1057 3311 1224 3367; x_wconf 91' lang='lat' dir='ltr'>libris</span> <span class='ocrx_word' id='word_1_422' title='bbox 1250 3312 1639 3367; x_wconf 76' lang='lat' dir='ltr'>Hebraicarum</span> <span class='ocrx_word' id='word_1_423' title='bbox 1666 3316 1919 3385; x_wconf 78' lang='lat' dir='ltr'>Questio-</span> 
     </span>
    </p>
   </div>
   <div class='ocr_carea' id='block_1_62' title="bbox 272 3399 1141 3471">
    <p class='ocr_par' dir='ltr' id='par_1_62' title="bbox 272 3399 1141 3471">
     <span class='ocr_line' id='line_1_62' title="bbox 272 3399 1141 3471; baseline 0 -17"><span class='ocrx_word' id='word_1_424' title='bbox 272 3416 414 3455; x_wconf 82' lang='lat' dir='ltr'>num</span> <span class='ocrx_word' id='word_1_425' title='bbox 442 3402 463 3434; x_wconf 77' lang='grc'>²</span> <span class='ocrx_word' id='word_1_426' title='bbox 492 3399 723 3471; x_wconf 90' lang='lat' dir='ltr'>plenius</span> <span class='ocrx_word' id='word_1_427' title='bbox 756 3400 977 3455; x_wconf 90' lang='lat' dir='ltr'>dictum</span> <span class='ocrx_word' id='word_1_428' title='bbox 1010 3403 1141 3468; x_wconf 86' lang='lat' dir='ltr'>est).</span> 
     </span>
    </p>
   </div>
   <div class='ocr_carea' id='block_1_63' title="bbox 340 3489 1918 3563">
    <p class='ocr_par' dir='ltr' id='par_1_63' title="bbox 340 3489 1918 3563">
     <span class='ocr_line' id='line_1_63' title="bbox 340 3489 1918 3563; baseline 0.003 -20"><span class='ocrx_word' id='word_1_429' title='bbox 340 3489 520 3555; x_wconf 87' lang='lat' dir='ltr'>Bean,</span> <span class='ocrx_word' id='word_1_430' title='bbox 551 3489 755 3544; x_wconf 90' lang='lat' dir='ltr'>civitas</span> <span class='ocrx_word' id='word_1_431' title='bbox 786 3489 1276 3556; x_wconf 66' lang='lat' dir='ltr'>Amorrhaaorum,</span> <span class='ocrx_word' id='word_1_432' title='bbox 1310 3506 1437 3561; x_wconf 70' lang='lat' dir='ltr'>qua:</span> <span class='ocrx_word' id='word_1_433' title='bbox 1475 3496 1533 3546; x_wconf 92' lang='lat' dir='ltr'>et</span> <span class='ocrx_word' id='word_1_434' title='bbox 1562 3490 1691 3563; x_wconf 91' lang='lat' dir='ltr'>ipsa</span> <span class='ocrx_word' id='word_1_435' title='bbox 1719 3508 1753 3548; x_wconf 91' lang='lat' dir='ltr'>a</span> <span class='ocrx_word' id='word_1_436' title='bbox 1781 3492 1918 3548; x_wconf 84' lang='lat' dir='ltr'>tiliis</span> 
     </span>
    </p>
   </div>
   <div class='ocr_carea' id='block_1_64' title="bbox 262 3578 800 3634">
    <p class='ocr_par' dir='ltr' id='par_1_64' title="bbox 262 3578 800 3634">
     <span class='ocr_line' id='line_1_64' title="bbox 262 3578 800 3634; baseline 0 -1"><span class='ocrx_word' id='word_1_437' title='bbox 262 3578 478 3633; x_wconf 90' lang='lat' dir='ltr'>Ruben</span> <span class='ocrx_word' id='word_1_438' title='bbox 508 3582 666 3633; x_wconf 88' lang='lat' dir='ltr'>tenta</span> <span class='ocrx_word' id='word_1_439' title='bbox 693 3582 800 3634; x_wconf 88' lang='lat' dir='ltr'>est.</span> 
     </span>
    </p>
   </div>
   <div class='ocr_carea' id='block_1_65' title="bbox 342 3665 1918 3740">
    <p class='ocr_par' dir='ltr' id='par_1_65' title="bbox 342 3665 1918 3740">
     <span class='ocr_line' id='line_1_65' title="bbox 342 3665 1918 3740; baseline 0.003 -20"><span class='ocrx_word' id='word_1_440' title='bbox 342 3665 813 3733; x_wconf 88' lang='lat' dir='ltr'>Bethamnaram,</span> <span class='ocrx_word' id='word_1_441' title='bbox 847 3672 1010 3723; x_wconf 88' lang='lat' dir='ltr'>trans</span> <span class='ocrx_word' id='word_1_442' title='bbox 1030 3668 1370 3736; x_wconf 91' lang='lat' dir='ltr'>Jordanem,</span> <span class='ocrx_word' id='word_1_443' title='bbox 1403 3685 1581 3740; x_wconf 92' lang='lat' dir='ltr'>quam</span> <span class='ocrx_word' id='word_1_444' title='bbox 1614 3669 1918 3725; x_wconf 57' lang='lat' dir='ltr'>aediﬁcavit</span> 
     </span>
    </p>
   </div>
   <div class='ocr_carea' id='block_1_66' title="bbox 258 3755 1914 3829">
    <p class='ocr_par' dir='ltr' id='par_1_66' title="bbox 258 3755 1914 3829">
     <span class='ocr_line' id='line_1_66' title="bbox 258 3755 1914 3829; baseline 0.002 -18"><span class='ocrx_word' id='word_1_445' title='bbox 258 3755 459 3811; x_wconf 84' lang='lat' dir='ltr'>tribus</span> <span class='ocrx_word' id='word_1_446' title='bbox 527 3755 665 3822; x_wconf 90' lang='lat' dir='ltr'>Gad,</span> <span class='ocrx_word' id='word_1_447' title='bbox 700 3758 799 3811; x_wconf 89' lang='lat' dir='ltr'>Est</span> <span class='ocrx_word' id='word_1_448' title='bbox 858 3756 1148 3829; x_wconf 90' lang='lat' dir='ltr'>hodieque</span> <span class='ocrx_word' id='word_1_449' title='bbox 1202 3757 1340 3812; x_wconf 89' lang='lat' dir='ltr'>villa</span> <span class='ocrx_word' id='word_1_450' title='bbox 1400 3758 1807 3815; x_wconf 91' lang='lat' dir='ltr'>Bethuamaris</span> <span class='ocrx_word' id='word_1_451' title='bbox 1856 3759 1914 3815; x_wconf 93' lang='lat' dir='ltr'>in</span> 
     </span>
    </p>
   </div>
   <div class='ocr_carea' id='block_1_67' title="bbox 252 3844 1740 3918">
    <p class='ocr_par' dir='ltr' id='par_1_67' title="bbox 252 3844 1740 3918">
     <span class='ocr_line' id='line_1_67' title="bbox 252 3844 1740 3918; baseline 0.003 -19"><span class='ocrx_word' id='word_1_452' title='bbox 252 3844 468 3917; x_wconf 87' lang='lat' dir='ltr'>quinto</span> <span class='ocrx_word' id='word_1_453' title='bbox 498 3860 533 3898; x_wconf 92' lang='lat' dir='ltr'>a</span> <span class='ocrx_word' id='word_1_454' title='bbox 565 3844 805 3901; x_wconf 91' lang='lat' dir='ltr'>Libiade</span> <span class='ocrx_word' id='word_1_455' title='bbox 835 3846 1109 3901; x_wconf 89' lang='lat' dir='ltr'>milliario</span> <span class='ocrx_word' id='word_1_456' title='bbox 1141 3852 1345 3902; x_wconf 92' lang='lat' dir='ltr'>contra</span> <span class='ocrx_word' id='word_1_457' title='bbox 1373 3848 1740 3918; x_wconf 91' lang='lat' dir='ltr'>Aquilonem.</span> 
     </span>
    </p>
   </div>
   <div class='ocr_carea' id='block_1_68' title="bbox 326 3933 1914 4007">
    <p class='ocr_par' dir='ltr' id='par_1_68' title="bbox 326 3933 1914 4007">
     <span class='ocr_line' id='line_1_68' title="bbox 326 3933 1914 4007; baseline 0.003 -19"><span class='ocrx_word' id='word_1_458' title='bbox 326 3933 647 3989; x_wconf 90' lang='lat' dir='ltr'>Betharran</span> <span class='ocrx_word' id='word_1_459' title='bbox 678 3935 719 4002; x_wconf 85' lang='grc'>³,</span> <span class='ocrx_word' id='word_1_460' title='bbox 775 3939 939 3991; x_wconf 90' lang='lat' dir='ltr'>trans</span> <span class='ocrx_word' id='word_1_461' title='bbox 989 3935 1328 4001; x_wconf 90' lang='lat' dir='ltr'>Jordanem,</span> <span class='ocrx_word' id='word_1_462' title='bbox 1386 3953 1563 4007; x_wconf 91' lang='lat' dir='ltr'>quam</span> <span class='ocrx_word' id='word_1_463' title='bbox 1609 3936 1914 3993; x_wconf 77' lang='lat' dir='ltr'>aediﬁcavit</span> 
     </span>
    </p>
   </div>
   <div class='ocr_carea' id='block_1_69' title="bbox 248 4020 613 4075">
    <p class='ocr_par' dir='ltr' id='par_1_69' title="bbox 248 4020 613 4075">
     <span class='ocr_line' id='line_1_69' title="bbox 248 4020 613 4075; baseline 0 0"><span class='ocrx_word' id='word_1_464' title='bbox 248 4020 446 4075; x_wconf 86' lang='lat' dir='ltr'>tribus</span> <span class='ocrx_word' id='word_1_465' title='bbox 466 4020 613 4075; x_wconf 89' lang='lat' dir='ltr'>Gad.</span> 
     </span>
    </p>
   </div>
   <div class='ocr_carea' id='block_1_70' title="bbox 324 4108 1913 4183">
    <p class='ocr_par' dir='ltr' id='par_1_70' title="bbox 324 4108 1913 4183">
     <span class='ocr_line' id='line_1_70' title="bbox 324 4108 1913 4183; baseline 0.003 -20"><span class='ocrx_word' id='word_1_466' title='bbox 324 4108 658 4177; x_wconf 89' lang='lat' dir='ltr'>Beelmeon,</span> <span class='ocrx_word' id='word_1_467' title='bbox 694 4112 858 4165; x_wconf 86' lang='lat' dir='ltr'>trans</span> <span class='ocrx_word' id='word_1_468' title='bbox 880 4110 1224 4176; x_wconf 90' lang='lat' dir='ltr'>Jordanem,</span> <span class='ocrx_word' id='word_1_469' title='bbox 1272 4128 1446 4183; x_wconf 87' lang='lat' dir='ltr'>quem</span> <span class='ocrx_word' id='word_1_470' title='bbox 1480 4111 1913 4169; x_wconf 74' lang='lat' dir='ltr'>asdiﬁcaverunt</span> 
     </span>
    </p>
   </div>
   <div class='ocr_carea' id='block_1_71' title="bbox 249 4197 1909 4273">
    <p class='ocr_par' dir='ltr' id='par_1_71' title="bbox 249 4197 1909 4273">
     <span class='ocr_line' id='line_1_71' title="bbox 249 4197 1909 4273; baseline 0.002 -20"><span class='ocrx_word' id='word_1_471' title='bbox 249 4198 359 4253; x_wconf 81' lang='lat' dir='ltr'>ﬁlii</span> <span class='ocrx_word' id='word_1_472' title='bbox 391 4197 621 4253; x_wconf 91' lang='lat' dir='ltr'>Ruben.</span> <span class='ocrx_word' id='word_1_473' title='bbox 654 4199 759 4254; x_wconf 89' lang='lat' dir='ltr'>Est</span> <span class='ocrx_word' id='word_1_474' title='bbox 787 4203 984 4256; x_wconf 90' lang='lat' dir='ltr'>autem</span> <span class='ocrx_word' id='word_1_475' title='bbox 1016 4200 1181 4256; x_wconf 90' lang='lat' dir='ltr'>vicus</span> <span class='ocrx_word' id='word_1_476' title='bbox 1213 4216 1399 4272; x_wconf 88' lang='lat' dir='ltr'>usque</span> <span class='ocrx_word' id='word_1_477' title='bbox 1456 4218 1612 4256; x_wconf 91' lang='lat' dir='ltr'>nunc</span> <span class='ocrx_word' id='word_1_478' title='bbox 1668 4203 1909 4273; x_wconf 88' lang='lat' dir='ltr'>grandis</span> 
     </span>
    </p>
   </div>
   <div class='ocr_carea' id='block_1_72' title="bbox 239 4288 1907 4362">
    <p class='ocr_par' dir='ltr' id='par_1_72' title="bbox 239 4288 1907 4362">
     <span class='ocr_line' id='line_1_72' title="bbox 239 4288 1907 4362; baseline 0.001 -19"><span class='ocrx_word' id='word_1_479' title='bbox 239 4288 418 4358; x_wconf 85' lang='lat' dir='ltr'>juxta</span> <span class='ocrx_word' id='word_1_480' title='bbox 447 4288 632 4342; x_wconf 90' lang='lat' dir='ltr'>Baaru</span> <span class='ocrx_word' id='word_1_481' title='bbox 665 4288 777 4356; x_wconf 85' lang='lat' dir='ltr'>(Al.</span> <span class='ocrx_word' id='word_1_482' title='bbox 812 4290 1015 4360; x_wconf 79' lang='lat' dir='ltr'>Baaru)</span> <span class='ocrx_word' id='word_1_483' title='bbox 1044 4290 1103 4343; x_wconf 93' lang='lat' dir='ltr'>in</span> <span class='ocrx_word' id='word_1_484' title='bbox 1136 4290 1372 4355; x_wconf 86' lang='lat' dir='ltr'>Arabia,</span> <span class='ocrx_word' id='word_1_485' title='bbox 1407 4291 1506 4345; x_wconf 92' lang='lat' dir='ltr'>ubi</span> <span class='ocrx_word' id='word_1_486' title='bbox 1556 4308 1739 4362; x_wconf 90' lang='lat' dir='ltr'>aquas</span> <span class='ocrx_word' id='word_1_487' title='bbox 1771 4291 1907 4347; x_wconf 90' lang='lat' dir='ltr'>cali-</span> 
     </span>
    </p>
   </div>
   <div class='ocr_carea' id='block_1_73' title="bbox 248 4447 1905 4521">
    <p class='ocr_par' dir='ltr' id='par_1_73' title="bbox 248 4447 1905 4521">
     <span class='ocr_line' id='line_1_73' title="bbox 248 4447 1905 4521; baseline 0.002 -18"><span class='ocrx_word' id='word_1_488' title='bbox 248 4464 283 4503; x_wconf 89' lang='lat' dir='ltr'>a</span> <span class='ocrx_word' id='word_1_489' title='bbox 314 4447 576 4521; x_wconf 62' lang='lat' dir='ltr'>Qanisio,</span> <span class='ocrx_word' id='word_1_490' title='bbox 616 4449 810 4521; x_wconf 85' lang='lat' dir='ltr'>editus</span> <span class='ocrx_word' id='word_1_491' title='bbox 841 4451 897 4505; x_wconf 92' lang='lat' dir='ltr'>iu</span> <span class='ocrx_word' id='word_1_492' title='bbox 930 4451 1334 4521; x_wconf 91' lang='lat' dir='ltr'>Descriptione</span> <span class='ocrx_word' id='word_1_493' title='bbox 1390 4451 1576 4505; x_wconf 72' lang='lat' dir='ltr'>Terras</span> <span class='ocrx_word' id='word_1_494' title='bbox 1636 4452 1858 4507; x_wconf 64' lang='lat' dir='ltr'>Sancta:</span> <span class='ocrx_word' id='word_1_495' title='bbox 1892 4469 1905 4507; x_wconf 84' lang='lat'><strong>:</strong></span> 
     </span>
    </p>
   </div>
   <div class='ocr_carea' id='block_1_74' title="bbox 246 4519 1986 4621">
    <p class='ocr_par' dir='ltr' id='par_1_74' title="bbox 246 4519 1986 4621">
     <span class='ocr_line' id='line_1_74' title="bbox 246 4519 1986 4621; baseline 0.007 -54"><span class='ocrx_word' id='word_1_496' title='bbox 246 4542 275 4569; x_wconf 87' lang='grc'>‹‹</span> <span class='ocrx_word' id='word_1_497' title='bbox 312 4519 562 4600; x_wconf 77' lang='lat' dir='ltr'>Venitur</span> <span class='ocrx_word' id='word_1_498' title='bbox 578 4520 650 4574; x_wconf 93' lang='lat' dir='ltr'>ad</span> <span class='ocrx_word' id='word_1_499' title='bbox 667 4519 1249 4603; x_wconf 74' lang='lat' dir='ltr'>civitateminclytam</span> <span class='ocrx_word' id='word_1_500' title='bbox 1273 4522 1563 4591; x_wconf 84' lang='lat' dir='ltr'>quondam</span> <span class='ocrx_word' id='word_1_501' title='bbox 1589 4523 1907 4590; x_wconf 90' lang='lat' dir='ltr'>Bethleem,</span> <span class='ocrx_word' id='word_1_502' title='bbox 1940 4558 1986 4621; x_wconf 83' lang='lat' dir='ltr'><strong>D</strong></span> 
     </span>
     <span class='ocr_line' id='line_1_75' title="bbox 246 4592 1903 4621; baseline 0 0"><span class='ocrx_word' id='word_1_503' title='bbox 246 4607 381 4621; x_wconf 62' lang='lat' dir='ltr'>&quot;non</span> <span class='ocrx_word' id='word_1_504' title='bbox 410 4596 497 4621; x_wconf 71' lang='lat' dir='ltr'>nul-</span> <span class='ocrx_word' id='word_1_505' title='bbox 526 4608 583 4621; x_wconf 72' lang='lat' dir='ltr'><strong>nn</strong></span> <span class='ocrx_word' id='word_1_506' title='bbox 619 4592 772 4621; x_wconf 59' lang='lat' dir='ltr'>{nikn</span> <span class='ocrx_word' id='word_1_507' title='bbox 816 4594 954 4621; x_wconf 63' lang='grc' dir='ltr'>ΪηᾹΑ</span> <span class='ocrx_word' id='word_1_508' title='bbox 1017 4594 1113 4621; x_wconf 64' lang='grc' dir='ltr'>..ιη</span> <span class='ocrx_word' id='word_1_509' title='bbox 1150 4594 1255 4621; x_wconf 60' lang='lat' dir='ltr'>fuit</span> <span class='ocrx_word' id='word_1_510' title='bbox 1292 4598 1461 4621; x_wconf 60' lang='grc' dir='ltr'>,ιον-...ι</span> <span class='ocrx_word' id='word_1_511' title='bbox 1509 4594 1692 4621; x_wconf 65' lang='grc' dir='ltr'>ἔνη-3....</span> <span class='ocrx_word' id='word_1_512' title='bbox 1728 4596 1903 4621; x_wconf 66' lang='grc' dir='ltr'>ἢ-..;,ι</span> 
     </span>
    </p>
   </div>
   <div class='ocr_carea' id='block_1_75' title="bbox 245 4591 1906 4665">
    <p class='ocr_par' dir='ltr' id='par_1_75' title="bbox 245 4591 1906 4665">
     <span class='ocr_line' id='line_1_76' title="bbox 245 4591 1906 4665; baseline 0.003 -21"><span class='ocrx_word' id='word_1_513' title='bbox 245 4607 381 4665; x_wconf 69' lang='lat' dir='ltr'>quae</span> <span class='ocrx_word' id='word_1_514' title='bbox 410 4591 587 4665; x_wconf 82' lang='lat' dir='ltr'>estin</span> <span class='ocrx_word' id='word_1_515' title='bbox 619 4592 776 4647; x_wconf 89' lang='lat' dir='ltr'>tribu</span> <span class='ocrx_word' id='word_1_516' title='bbox 807 4594 981 4661; x_wconf 85' lang='lat' dir='ltr'>Juda,</span> <span class='ocrx_word' id='word_1_517' title='bbox 1017 4591 1117 4648; x_wconf 89' lang='lat' dir='ltr'>ubi</span> <span class='ocrx_word' id='word_1_518' title='bbox 1150 4594 1260 4648; x_wconf 85' lang='lat' dir='ltr'>fuit</span> <span class='ocrx_word' id='word_1_519' title='bbox 1290 4598 1463 4664; x_wconf 90' lang='lat' dir='ltr'>caput</span> <span class='ocrx_word' id='word_1_520' title='bbox 1509 4594 1694 4665; x_wconf 91' lang='lat' dir='ltr'>ipsius</span> <span class='ocrx_word' id='word_1_521' title='bbox 1726 4596 1906 4651; x_wconf 89' lang='lat' dir='ltr'>David</span> 
     </span>
    </p>
   </div>
   <div class='ocr_carea' id='block_1_76' title="bbox 244 4660 1909 4740">
    <p class='ocr_par' dir='ltr' id='par_1_76' title="bbox 244 4660 1909 4740">
     <span class='ocr_line' id='line_1_77' title="bbox 244 4660 1909 4740; baseline 0.002 -24"><span class='ocrx_word' id='word_1_522' title='bbox 244 4660 410 4740; x_wconf 70' lang='lat' dir='ltr'>regis</span> <span class='ocrx_word' id='word_1_523' title='bbox 434 4662 794 4731; x_wconf 69' lang='lat' dir='ltr'>Judzeorum,</span> <span class='ocrx_word' id='word_1_524' title='bbox 828 4669 884 4719; x_wconf 90' lang='lat' dir='ltr'>et</span> <span class='ocrx_word' id='word_1_525' title='bbox 914 4666 1087 4720; x_wconf 91' lang='lat' dir='ltr'>modo</span> <span class='ocrx_word' id='word_1_526' title='bbox 1146 4669 1236 4719; x_wconf 89' lang='lat' dir='ltr'>est</span> <span class='ocrx_word' id='word_1_527' title='bbox 1283 4660 1377 4720; x_wconf 47' lang='lat' dir='ltr'>ad_</span> <span class='ocrx_word' id='word_1_528' title='bbox 1414 4660 1600 4720; x_wconf 77' lang='lat' dir='ltr'>instar</span> <span class='ocrx_word' id='word_1_529' title='bbox 1646 4665 1909 4737; x_wconf 89' lang='lat' dir='ltr'>oppiduli</span> 
     </span>
    </p>
   </div>
   <div class='ocr_carea' id='block_1_77' title="bbox 287 4748 498 4787">
    <p class='ocr_par' dir='ltr' id='par_1_77' title="bbox 287 4748 498 4787">
     <span class='ocr_line' id='line_1_78' title="bbox 287 4748 498 4787; baseline -0.038 0"><span class='ocrx_word' id='word_1_530' title='bbox 287 4748 498 4787; x_wconf 61' lang='lat' dir='ltr'>arvx.»</span> 
     </span>
    </p>
   </div>
   <div class='ocr_carea' id='block_1_78' title="bbox 240 4749 1907 4875">
    <p class='ocr_par' dir='ltr' id='par_1_78' title="bbox 240 4749 1907 4875">
     <span class='ocr_line' id='line_1_79' title="bbox 240 4749 1907 4875; baseline 0.005 -21"><span class='ocrx_word' id='word_1_531' title='bbox 240 4749 678 4875; x_wconf 42' lang='lat' dir='ltr'>pafvll&#39;ee&#39;tse/on,</span> <span class='ocrx_word' id='word_1_532' title='bbox 711 4809 819 4860; x_wconf 91' lang='lat' dir='ltr'>etc.</span> <span class='ocrx_word' id='word_1_533' title='bbox 848 4807 910 4861; x_wconf 91' lang='lat' dir='ltr'>In</span> <span class='ocrx_word' id='word_1_534' title='bbox 946 4811 1115 4862; x_wconf 88' lang='lat' dir='ltr'>antea</span> <span class='ocrx_word' id='word_1_535' title='bbox 1143 4806 1317 4862; x_wconf 90' lang='lat' dir='ltr'>editis</span> <span class='ocrx_word' id='word_1_536' title='bbox 1349 4806 1515 4861; x_wconf 92' lang='lat' dir='ltr'>libris</span> <span class='ocrx_word' id='word_1_537' title='bbox 1539 4807 1753 4862; x_wconf 89' lang='lat' dir='ltr'>absunt</span> <span class='ocrx_word' id='word_1_538' title='bbox 1786 4808 1907 4862; x_wconf 66' lang='lat' dir='ltr'>haec</span> 
     </span>
    </p>
   </div>
   <div class='ocr_carea' id='block_1_79' title="bbox 242 4872 1906 4952">
    <p class='ocr_par' dir='ltr' id='par_1_79' title="bbox 242 4872 1906 4952">
     <span class='ocr_line' id='line_1_80' title="bbox 242 4872 1906 4952; baseline 0.004 -25"><span class='ocrx_word' id='word_1_539' title='bbox 242 4872 610 4952; x_wconf 62' lang='lat' dir='ltr'>omnialoca</span> <span class='ocrx_word' id='word_1_540' title='bbox 644 4894 677 4930; x_wconf 85' lang='lat' dir='ltr'>a</span> <span class='ocrx_word' id='word_1_541' title='bbox 726 4894 866 4932; x_wconf 92' lang='lat' dir='ltr'>vove</span> <span class='ocrx_word' id='word_1_542' title='bbox 926 4878 1277 4952; x_wconf 73' lang='lat' dir='ltr'>Beetse/‘aon,</span> <span class='ocrx_word' id='word_1_543' title='bbox 1327 4894 1515 4952; x_wconf 79' lang='lat' dir='ltr'>usque</span> <span class='ocrx_word' id='word_1_544' title='bbox 1546 4879 1906 4952; x_wconf 81' lang='lat' dir='ltr'>adverbum</span> 
     </span>
    </p>
   </div>
   <div class='ocr_carea' id='block_1_80' title="bbox 243 4944 1909 5020">
    <p class='ocr_par' dir='ltr' id='par_1_80' title="bbox 243 4944 1909 5020">
     <span class='ocr_line' id='line_1_81' title="bbox 243 4944 1909 5020; baseline 0.004 -21"><span class='ocrx_word' id='word_1_545' title='bbox 243 4944 517 5020; x_wconf 52' lang='lat' dir='ltr'>Bethl‘azli</span> <span class='ocrx_word' id='word_1_546' title='bbox 560 4947 858 5019; x_wconf 87' lang='lat' dir='ltr'>Leguntur</span> <span class='ocrx_word' id='word_1_547' title='bbox 915 4966 1047 5005; x_wconf 91' lang='lat' dir='ltr'>vero</span> <span class='ocrx_word' id='word_1_548' title='bbox 1097 4944 1155 5004; x_wconf 65' lang='lat' dir='ltr'>i&#39;n</span> <span class='ocrx_word' id='word_1_549' title='bbox 1204 4944 1481 5020; x_wconf 79' lang='lat' dir='ltr'>omnibus</span> <span class='ocrx_word' id='word_1_550' title='bbox 1525 4950 1785 5020; x_wconf 88' lang='lat' dir='ltr'>antiquis</span> <span class='ocrx_word' id='word_1_551' title='bbox 1818 4968 1909 5005; x_wconf 85' lang='lat' dir='ltr'>ex-</span> 
     </span>
    </p>
   </div>
   <div class='ocr_carea' id='block_1_81' title="bbox 237 5016 1905 5092">
    <p class='ocr_par' dir='ltr' id='par_1_81' title="bbox 237 5016 1905 5092">
     <span class='ocr_line' id='line_1_82' title="bbox 237 5016 1905 5092; baseline 0.004 -22"><span class='ocrx_word' id='word_1_552' title='bbox 237 5016 794 5092; x_wconf 49' lang='lat' dir='ltr'>emplaribus—mss.</span> <span class='ocrx_word' id='word_1_553' title='bbox 832 5021 1132 5085; x_wconf 90' lang='lat' dir='ltr'>Romanis,</span> <span class='ocrx_word' id='word_1_554' title='bbox 1165 5025 1223 5074; x_wconf 89' lang='lat' dir='ltr'>et</span> <span class='ocrx_word' id='word_1_555' title='bbox 1252 5018 1588 5092; x_wconf 83' lang='lat' dir='ltr'>Gallicanis,</span> <span class='ocrx_word' id='word_1_556' title='bbox 1624 5016 1799 5092; x_wconf 79' lang='lat' dir='ltr'>atque</span> <span class='ocrx_word' id='word_1_557' title='bbox 1847 5021 1905 5076; x_wconf 94' lang='lat' dir='ltr'>in</span> 
     </span>
    </p>
   </div>
   <div class='ocr_carea' id='block_1_82' title="bbox 240 5088 1908 5147">
    <p class='ocr_par' dir='ltr' id='par_1_82' title="bbox 240 5088 1908 5147">
     <span class='ocr_line' id='line_1_83' title="bbox 240 5088 1908 5147; baseline 0.002 -4"><span class='ocrx_word' id='word_1_558' title='bbox 240 5088 444 5143; x_wconf 66' lang='lat' dir='ltr'>Graeco</span> <span class='ocrx_word' id='word_1_559' title='bbox 478 5089 746 5146; x_wconf 90' lang='lat' dir='ltr'>Eusebio.</span> <span class='ocrx_word' id='word_1_560' title='bbox 772 5092 887 5147; x_wconf 86' lang='lat' dir='ltr'>Cur</span> <span class='ocrx_word' id='word_1_561' title='bbox 916 5096 1111 5147; x_wconf 90' lang='lat' dir='ltr'>autem</span> <span class='ocrx_word' id='word_1_562' title='bbox 1145 5092 1366 5147; x_wconf 91' lang='lat' dir='ltr'>omissa</span> <span class='ocrx_word' id='word_1_563' title='bbox 1398 5093 1517 5146; x_wconf 89' lang='lat' dir='ltr'>sint</span> <span class='ocrx_word' id='word_1_564' title='bbox 1547 5091 1606 5145; x_wconf 92' lang='lat' dir='ltr'>in</span> <span class='ocrx_word' id='word_1_565' title='bbox 1638 5088 1908 5147; x_wconf 82' lang='lat' dir='ltr'>editioni-</span> 
     </span>
    </p>
   </div>
   <div class='ocr_carea' id='block_1_83' title="bbox 238 5159 1905 5233">
    <p class='ocr_par' dir='ltr' id='par_1_83' title="bbox 238 5159 1905 5233">
     <span class='ocr_line' id='line_1_84' title="bbox 238 5159 1905 5233; baseline 0.004 -21"><span class='ocrx_word' id='word_1_566' title='bbox 238 5159 356 5213; x_wconf 87' lang='lat' dir='ltr'>bus</span> <span class='ocrx_word' id='word_1_567' title='bbox 390 5160 738 5217; x_wconf 85' lang='lat' dir='ltr'>Erasmiana</span> <span class='ocrx_word' id='word_1_568' title='bbox 787 5168 844 5217; x_wconf 90' lang='lat' dir='ltr'>et</span> <span class='ocrx_word' id='word_1_569' title='bbox 877 5163 1229 5231; x_wconf 73' lang='lat' dir='ltr'>Martianaza,</span> <span class='ocrx_word' id='word_1_570' title='bbox 1281 5180 1393 5217; x_wconf 92' lang='lat' dir='ltr'>non</span> <span class='ocrx_word' id='word_1_571' title='bbox 1450 5162 1623 5217; x_wconf 89' lang='lat' dir='ltr'>aliam</span> <span class='ocrx_word' id='word_1_572' title='bbox 1658 5164 1905 5233; x_wconf 84' lang='lat' dir='ltr'>conjicio</span> 
     </span>
    </p>
   </div>
   <div class='ocr_carea' id='block_1_84' title="bbox 237 5234 1908 5306">
    <p class='ocr_par' dir='ltr' id='par_1_84' title="bbox 237 5234 1908 5306">
     <span class='ocr_line' id='line_1_85' title="bbox 237 5234 1908 5306; baseline 0.003 -21"><span class='ocrx_word' id='word_1_573' title='bbox 237 5246 493 5306; x_wconf 85' lang='lat' dir='ltr'>causam</span> <span class='ocrx_word' id='word_1_574' title='bbox 528 5240 733 5303; x_wconf 66' lang='lat' dir='ltr'>praeter</span> <span class='ocrx_word' id='word_1_575' title='bbox 784 5234 1064 5289; x_wconf 89' lang='lat' dir='ltr'>mutilum</span> <span class='ocrx_word' id='word_1_576' title='bbox 1124 5238 1180 5306; x_wconf 82' lang='lat' dir='ltr'>et</span> <span class='ocrx_word' id='word_1_577' title='bbox 1237 5240 1579 5305; x_wconf 88' lang='lat' dir='ltr'>corruptum</span> <span class='ocrx_word' id='word_1_578' title='bbox 1614 5235 1908 5306; x_wconf 82' lang='lat' dir='ltr'>exemplar</span> 
     </span>
    </p>
   </div>
   <div class='ocr_carea' id='block_1_85' title="bbox 236 5302 1905 5378">
    <p class='ocr_par' dir='ltr' id='par_1_85' title="bbox 236 5302 1905 5378">
     <span class='ocr_line' id='line_1_86' title="bbox 236 5302 1905 5378; baseline 0.004 -23"><span class='ocrx_word' id='word_1_579' title='bbox 236 5318 359 5373; x_wconf 90' lang='lat' dir='ltr'>quo</span> <span class='ocrx_word' id='word_1_580' title='bbox 394 5302 488 5356; x_wconf 91' lang='lat' dir='ltr'>usi</span> <span class='ocrx_word' id='word_1_581' title='bbox 522 5302 682 5371; x_wconf 76' lang='lat' dir='ltr'>eunt,</span> <span class='ocrx_word' id='word_1_582' title='bbox 715 5306 989 5378; x_wconf 88' lang='lat' dir='ltr'>quodque</span> <span class='ocrx_word' id='word_1_583' title='bbox 1024 5305 1368 5378; x_wconf 80' lang='lat' dir='ltr'>festinanter</span> <span class='ocrx_word' id='word_1_584' title='bbox 1398 5302 1462 5360; x_wconf 80' lang='lat' dir='ltr'>ac</span> <span class='ocrx_word' id='word_1_585' title='bbox 1521 5302 1905 5378; x_wconf 69' lang='lat' dir='ltr'>negligenter,</span> 
     </span>
    </p>
   </div>
   <div class='ocr_carea' id='block_1_86' title="bbox 234 5376 1907 5449">
    <p class='ocr_par' dir='ltr' id='par_1_86' title="bbox 234 5376 1907 5449">
     <span class='ocr_line' id='line_1_87' title="bbox 234 5376 1907 5449; baseline 0.004 -22"><span class='ocrx_word' id='word_1_586' title='bbox 234 5378 420 5449; x_wconf 73' lang='lat' dir='ltr'>prout</span> <span class='ocrx_word' id='word_1_587' title='bbox 451 5390 664 5430; x_wconf 91' lang='lat' dir='ltr'>manus</span> <span class='ocrx_word' id='word_1_588' title='bbox 698 5376 909 5449; x_wconf 28' lang='lat' dir='ltr'>venit,’</span> <span class='ocrx_word' id='word_1_589' title='bbox 944 5377 1237 5449; x_wconf 91' lang='lat' dir='ltr'>edendum</span> <span class='ocrx_word' id='word_1_590' title='bbox 1298 5376 1907 5449; x_wconf 22' lang='lat' dir='ltr'>tradideruntﬂimpe-</span> 
     </span>
    </p>
   </div>
   <div class='ocr_carea' id='block_1_87' title="bbox 232 5445 1907 5521">
    <p class='ocr_par' dir='ltr' id='par_1_87' title="bbox 232 5445 1907 5521">
     <span class='ocr_line' id='line_1_88' title="bbox 232 5445 1907 5521; baseline 0.003 -23"><span class='ocrx_word' id='word_1_591' title='bbox 232 5445 379 5521; x_wconf 74' lang='lat' dir='ltr'>ritis</span> <span class='ocrx_word' id='word_1_592' title='bbox 402 5447 818 5521; x_wconf 52' lang='lat' dir='ltr'>typograpbis.</span> <span class='ocrx_word' id='word_1_593' title='bbox 860 5449 1034 5521; x_wconf 79' lang='lat' dir='ltr'>Porro</span> <span class='ocrx_word' id='word_1_594' title='bbox 1067 5448 1272 5519; x_wconf 85' lang='lat' dir='ltr'>ingens</span> <span class='ocrx_word' id='word_1_595' title='bbox 1306 5448 1431 5521; x_wconf 6' lang='lat' dir='ltr'>illa,</span> <span class='ocrx_word' id='word_1_596' title='bbox 1457 5449 1665 5521; x_wconf 86' lang='lat' dir='ltr'>lacuna</span> <span class='ocrx_word' id='word_1_597' title='bbox 1697 5445 1907 5521; x_wconf 81' lang='lat' dir='ltr'>reperi-</span> 
     </span>
    </p>
   </div>
   <div class='ocr_carea' id='block_1_88' title="bbox 228 5516 1904 5588">
    <p class='ocr_par' dir='ltr' id='par_1_88' title="bbox 228 5516 1904 5588">
     <span class='ocr_line' id='line_1_89' title="bbox 228 5516 1904 5588; baseline 0.005 -20"><span class='ocrx_word' id='word_1_598' title='bbox 228 5519 339 5569; x_wconf 85' lang='lat' dir='ltr'>tur</span> <span class='ocrx_word' id='word_1_599' title='bbox 366 5516 427 5569; x_wconf 89' lang='lat' dir='ltr'>in</span> <span class='ocrx_word' id='word_1_600' title='bbox 458 5516 671 5588; x_wconf 75' lang='lat' dir='ltr'>paucis</span> <span class='ocrx_word' id='word_1_601' title='bbox 697 5519 993 5575; x_wconf 92' lang='lat' dir='ltr'>codicibus</span> <span class='ocrx_word' id='word_1_602' title='bbox 1048 5516 1191 5575; x_wconf 73' lang='lat' dir='ltr'>mss.</span> <span class='ocrx_word' id='word_1_603' title='bbox 1226 5519 1643 5576; x_wconf 87' lang='lat' dir='ltr'>recentioribus</span> <span class='ocrx_word' id='word_1_604' title='bbox 1675 5526 1730 5575; x_wconf 90' lang='lat' dir='ltr'>et</span> <span class='ocrx_word' id='word_1_605' title='bbox 1761 5516 1904 5576; x_wconf 59' lang='lat' dir='ltr'>&#39;inli-</span> 
     </span>
    </p>
   </div>
   <div class='ocr_carea' id='block_1_89' title="bbox 229 5590 1904 5663">
    <p class='ocr_par' dir='ltr' id='par_1_89' title="bbox 229 5590 1904 5663">
     <span class='ocr_line' id='line_1_90' title="bbox 229 5590 1904 5663; baseline 0.005 -22"><span class='ocrx_word' id='word_1_606' title='bbox 229 5602 354 5663; x_wconf 56' lang='lat' dir='ltr'>me:</span> <span class='ocrx_word' id='word_1_607' title='bbox 412 5592 585 5663; x_wconf 64' lang='lat' dir='ltr'>notis,</span> <span class='ocrx_word' id='word_1_608' title='bbox 618 5590 689 5663; x_wconf 81' lang='lat' dir='ltr'>ad</span> <span class='ocrx_word' id='word_1_609' title='bbox 730 5608 898 5663; x_wconf 83' lang='lat' dir='ltr'>quos</span> <span class='ocrx_word' id='word_1_610' title='bbox 960 5592 1251 5647; x_wconf 75' lang='lat' dir='ltr'>adornatae</span> <span class='ocrx_word' id='word_1_611' title='bbox 1306 5595 1549 5658; x_wconf 90' lang='lat' dir='ltr'>sunt,ut</span> <span class='ocrx_word' id='word_1_612' title='bbox 1584 5592 1904 5663; x_wconf 90' lang='lat' dir='ltr'>plurimum</span> 
     </span>
    </p>
   </div>
   <div class='ocr_carea' id='block_1_90' title="bbox 222 5659 1486 5737">
    <p class='ocr_par' dir='ltr' id='par_1_90' title="bbox 222 5659 1486 5737">
     <span class='ocr_line' id='line_1_91' title="bbox 222 5659 1486 5737; baseline 0.003 -21"><span class='ocrx_word' id='word_1_613' title='bbox 222 5660 463 5717; x_wconf 84' lang='lat' dir='ltr'>veteres</span> <span class='ocrx_word' id='word_1_614' title='bbox 494 5659 786 5721; x_wconf 75' lang='lat' dir='ltr'>editionis</span> <span class='ocrx_word' id='word_1_615' title='bbox 810 5662 1168 5737; x_wconf 87' lang='lat' dir='ltr'>Hieronymi.</span> <span class='ocrx_word' id='word_1_616' title='bbox 1202 5666 1486 5720; x_wconf 77' lang='lat' dir='ltr'>MABTIAN.</span> 
     </span>
    </p>
   </div>
   <div class='ocr_carea' id='block_1_91' title="bbox 2102 3313 3677 3386">
    <p class='ocr_par' dir='ltr' id='par_1_91' title="bbox 2102 3313 3677 3386">
     <span class='ocr_line' id='line_1_92' title="bbox 2102 3313 3677 3386; baseline -0.001 -16"><span class='ocrx_word' id='word_1_617' title='bbox 2102 3316 2310 3383; x_wconf 90' lang='lat' dir='ltr'>Barne,</span> <span class='ocrx_word' id='word_1_618' title='bbox 2343 3316 2463 3369; x_wconf 60' lang='lat' dir='ltr'>hac</span> <span class='ocrx_word' id='word_1_619' title='bbox 2496 3315 2625 3386; x_wconf 91' lang='lat' dir='ltr'>ipsa</span> <span class='ocrx_word' id='word_1_620' title='bbox 2670 3317 2778 3381; x_wconf 91' lang='lat' dir='ltr'>est,</span> <span class='ocrx_word' id='word_1_621' title='bbox 2812 3330 2938 3384; x_wconf 65' lang='lat' dir='ltr'>qua?</span> <span class='ocrx_word' id='word_1_622' title='bbox 2970 3317 3026 3368; x_wconf 91' lang='lat' dir='ltr'>et</span> <span class='ocrx_word' id='word_1_623' title='bbox 3055 3313 3233 3368; x_wconf 91' lang='lat' dir='ltr'>Cades</span> <span class='ocrx_word' id='word_1_624' title='bbox 3267 3314 3451 3368; x_wconf 90' lang='lat' dir='ltr'>Barne</span> <span class='ocrx_word' id='word_1_625' title='bbox 3482 3314 3540 3369; x_wconf 92' lang='lat' dir='ltr'>in</span> <span class='ocrx_word' id='word_1_626' title='bbox 3574 3313 3677 3369; x_wconf 89' lang='lat' dir='ltr'>de-</span> 
     </span>
    </p>
   </div>
   <div class='ocr_carea' id='block_1_92' title="bbox 2030 3403 3567 3477">
    <p class='ocr_par' dir='ltr' id='par_1_92' title="bbox 2030 3403 3567 3477">
     <span class='ocr_line' id='line_1_93' title="bbox 2030 3403 3567 3477; baseline -0.001 -18"><span class='ocrx_word' id='word_1_627' title='bbox 2030 3408 2205 3470; x_wconf 91' lang='lat' dir='ltr'>serto,</span> <span class='ocrx_word' id='word_1_628' title='bbox 2240 3406 2393 3477; x_wconf 83' lang='lat' dir='ltr'>quod</span> <span class='ocrx_word' id='word_1_629' title='bbox 2426 3403 2755 3460; x_wconf 79' lang='lat' dir='ltr'>extenditur</span> <span class='ocrx_word' id='word_1_630' title='bbox 2785 3418 2973 3473; x_wconf 85' lang='lat' dir='ltr'>usque</span> <span class='ocrx_word' id='word_1_631' title='bbox 3004 3403 3072 3456; x_wconf 92' lang='lat' dir='ltr'>ad</span> <span class='ocrx_word' id='word_1_632' title='bbox 3107 3403 3291 3457; x_wconf 89' lang='lat' dir='ltr'>urben</span> <span class='ocrx_word' id='word_1_633' title='bbox 3322 3403 3567 3459; x_wconf 90' lang='lat' dir='ltr'>Pettam.</span> 
     </span>
    </p>
   </div>
   <div class='ocr_carea' id='block_1_93' title="bbox 2101 3488 3679 3565">
    <p class='ocr_par' dir='ltr' id='par_1_93' title="bbox 2101 3488 3679 3565">
     <span class='ocr_line' id='line_1_94' title="bbox 2101 3488 3679 3565; baseline 0 -20"><span class='ocrx_word' id='word_1_634' title='bbox 2101 3491 2594 3565; x_wconf 88' lang='lat' dir='ltr'>Baalgad,civitas</span> <span class='ocrx_word' id='word_1_635' title='bbox 2616 3489 2674 3543; x_wconf 92' lang='lat' dir='ltr'>in</span> <span class='ocrx_word' id='word_1_636' title='bbox 2708 3488 3139 3559; x_wconf 87' lang='lat' dir='ltr'>campestribus</span> <span class='ocrx_word' id='word_1_637' title='bbox 3169 3488 3397 3556; x_wconf 91' lang='lat' dir='ltr'>Libani,</span> <span class='ocrx_word' id='word_1_638' title='bbox 3426 3490 3496 3544; x_wconf 90' lang='lat' dir='ltr'>ad</span> <span class='ocrx_word' id='word_1_639' title='bbox 3528 3490 3679 3545; x_wconf 90' lang='lat' dir='ltr'>radi-</span> 
     </span>
    </p>
   </div>
   <div class='ocr_carea' id='block_1_94' title="bbox 2028 3576 3575 3648">
    <p class='ocr_par' dir='ltr' id='par_1_94' title="bbox 2028 3576 3575 3648">
     <span class='ocr_line' id='line_1_95' title="bbox 2028 3576 3575 3648; baseline -0.003 -13"><span class='ocrx_word' id='word_1_640' title='bbox 2028 3597 2123 3636; x_wconf 91' lang='lat' dir='ltr'>ces</span> <span class='ocrx_word' id='word_1_641' title='bbox 2146 3582 2361 3637; x_wconf 88' lang='lat' dir='ltr'>montis</span> <span class='ocrx_word' id='word_1_642' title='bbox 2392 3583 2651 3646; x_wconf 67' lang='lat' dir='ltr'>)Ermon,</span> <span class='ocrx_word' id='word_1_643' title='bbox 2686 3592 2864 3648; x_wconf 88' lang='lat' dir='ltr'>quam</span> <span class='ocrx_word' id='word_1_644' title='bbox 2895 3581 2952 3631; x_wconf 91' lang='lat' dir='ltr'>et</span> <span class='ocrx_word' id='word_1_645' title='bbox 2980 3576 3170 3648; x_wconf 88' lang='lat' dir='ltr'>ipsam</span> <span class='ocrx_word' id='word_1_646' title='bbox 3203 3576 3354 3646; x_wconf 84' lang='lat' dir='ltr'>cepit</span> <span class='ocrx_word' id='word_1_647' title='bbox 3382 3577 3575 3632; x_wconf 89' lang='lat' dir='ltr'>Jesus.</span> 
     </span>
    </p>
   </div>
   <div class='ocr_carea' id='block_1_95' title="bbox 2100 3665 3674 3741">
    <p class='ocr_par' dir='ltr' id='par_1_95' title="bbox 2100 3665 3674 3741">
     <span class='ocr_line' id='line_1_96' title="bbox 2100 3665 3674 3741; baseline -0.002 -17"><span class='ocrx_word' id='word_1_648' title='bbox 2100 3670 2431 3741; x_wconf 85' lang='lat' dir='ltr'>Bethfogor,</span> <span class='ocrx_word' id='word_1_649' title='bbox 2466 3668 2607 3724; x_wconf 87' lang='lat' dir='ltr'>urbs</span> <span class='ocrx_word' id='word_1_650' title='bbox 2636 3666 2890 3721; x_wconf 82' lang='lat' dir='ltr'>ﬁliorum</span> <span class='ocrx_word' id='word_1_651' title='bbox 2924 3666 3127 3719; x_wconf 90' lang='lat' dir='ltr'>Ruben</span> <span class='ocrx_word' id='word_1_652' title='bbox 3159 3668 3323 3719; x_wconf 88' lang='lat' dir='ltr'>trans</span> <span class='ocrx_word' id='word_1_653' title='bbox 3359 3665 3674 3721; x_wconf 89' lang='lat' dir='ltr'>Jordanem</span> 
     </span>
    </p>
   </div>
   <div class='ocr_carea' id='block_1_96' title="bbox 2017 3752 3677 3830">
    <p class='ocr_par' dir='ltr' id='par_1_96' title="bbox 2017 3752 3677 3830">
     <span class='ocr_line' id='line_1_97' title="bbox 2017 3752 3677 3830; baseline -0.002 -16"><span class='ocrx_word' id='word_1_654' title='bbox 2017 3760 2187 3830; x_wconf 81' lang='lat' dir='ltr'>juxta</span> <span class='ocrx_word' id='word_1_655' title='bbox 2218 3763 2477 3814; x_wconf 90' lang='lat' dir='ltr'>montem</span> <span class='ocrx_word' id='word_1_656' title='bbox 2507 3757 2735 3828; x_wconf 86' lang='lat' dir='ltr'>Phogor</span> <span class='ocrx_word' id='word_1_657' title='bbox 2764 3758 2969 3809; x_wconf 90' lang='lat' dir='ltr'>contra</span> <span class='ocrx_word' id='word_1_658' title='bbox 2997 3752 3250 3820; x_wconf 87' lang='lat' dir='ltr'>Jericho,</span> <span class='ocrx_word' id='word_1_659' title='bbox 3284 3770 3382 3809; x_wconf 80' lang='lat' dir='ltr'>sex</span> <span class='ocrx_word' id='word_1_660' title='bbox 3412 3752 3677 3811; x_wconf 89' lang='lat' dir='ltr'>millibus</span> 
     </span>
    </p>
   </div>
   <div class='ocr_carea' id='block_1_97' title="bbox 2026 3847 2565 3920">
    <p class='ocr_par' dir='ltr' id='par_1_97' title="bbox 2026 3847 2565 3920">
     <span class='ocr_line' id='line_1_98' title="bbox 2026 3847 2565 3920; baseline -0.007 -17"><span class='ocrx_word' id='word_1_661' title='bbox 2026 3865 2207 3920; x_wconf 90' lang='lat' dir='ltr'>supra</span> <span class='ocrx_word' id='word_1_662' title='bbox 2243 3847 2565 3902; x_wconf 86' lang='lat' dir='ltr'>Libiadem.</span> 
     </span>
    </p>
   </div>
   <div class='ocr_carea' id='block_1_98' title="bbox 2096 3930 3672 4001">
    <p class='ocr_par' dir='ltr' id='par_1_98' title="bbox 2096 3930 3672 4001">
     <span class='ocr_line' id='line_1_99' title="bbox 2096 3930 3672 4001; baseline -0.002 -10"><span class='ocrx_word' id='word_1_663' title='bbox 2096 3934 2649 4001; x_wconf 89' lang='lat' dir='ltr'>Bethisumuth,hoc</span> <span class='ocrx_word' id='word_1_664' title='bbox 2674 3936 2765 3988; x_wconf 88' lang='lat' dir='ltr'>est</span> <span class='ocrx_word' id='word_1_665' title='bbox 2796 3930 3155 3997; x_wconf 89' lang='lat' dir='ltr'>domus,sive</span> <span class='ocrx_word' id='word_1_666' title='bbox 3183 3930 3368 4000; x_wconf 91' lang='lat' dir='ltr'>locus,</span> <span class='ocrx_word' id='word_1_667' title='bbox 3404 3932 3672 3989; x_wconf 89' lang='lat' dir='ltr'>Isimuth.</span> 
     </span>
    </p>
   </div>
   <div class='ocr_carea' id='block_1_99' title="bbox 2031 4019 3676 4095">
    <p class='ocr_par' dir='ltr' id='par_1_99' title="bbox 2031 4019 3676 4095">
     <span class='ocr_line' id='line_1_100' title="bbox 2031 4019 3676 4095; baseline -0.002 -14"><span class='ocrx_word' id='word_1_668' title='bbox 2031 4026 2134 4081; x_wconf 91' lang='lat' dir='ltr'>Est</span> <span class='ocrx_word' id='word_1_669' title='bbox 2159 4029 2350 4080; x_wconf 88' lang='lat' dir='ltr'>autem</span> <span class='ocrx_word' id='word_1_670' title='bbox 2386 4039 2575 4095; x_wconf 90' lang='lat' dir='ltr'>usque</span> <span class='ocrx_word' id='word_1_671' title='bbox 2607 4021 2779 4077; x_wconf 88' lang='lat' dir='ltr'>hodie</span> <span class='ocrx_word' id='word_1_672' title='bbox 2809 4020 2971 4074; x_wconf 91' lang='lat' dir='ltr'>vicus</span> <span class='ocrx_word' id='word_1_673' title='bbox 3006 4019 3254 4075; x_wconf 91' lang='lat' dir='ltr'>Isimuth</span> <span class='ocrx_word' id='word_1_674' title='bbox 3296 4025 3499 4077; x_wconf 89' lang='lat' dir='ltr'>contra</span> <span class='ocrx_word' id='word_1_675' title='bbox 3526 4022 3676 4078; x_wconf 88' lang='lat' dir='ltr'>Jeri-</span> 
     </span>
    </p>
   </div>
   <div class='ocr_carea' id='block_1_100' title="bbox 2023 4108 3676 4178">
    <p class='ocr_par' dir='ltr' id='par_1_100' title="bbox 2023 4108 3676 4178">
     <span class='ocr_line' id='line_1_101' title="bbox 2023 4108 3676 4178; baseline -0.002 -9"><span class='ocrx_word' id='word_1_676' title='bbox 2023 4114 2154 4178; x_wconf 89' lang='lat' dir='ltr'>cho,</span> <span class='ocrx_word' id='word_1_677' title='bbox 2189 4114 2389 4168; x_wconf 88' lang='lat' dir='ltr'>decem</span> <span class='ocrx_word' id='word_1_678' title='bbox 2424 4113 2495 4167; x_wconf 87' lang='lat' dir='ltr'>ab</span> <span class='ocrx_word' id='word_1_679' title='bbox 2555 4129 2622 4167; x_wconf 92' lang='lat' dir='ltr'>ea</span> <span class='ocrx_word' id='word_1_680' title='bbox 2652 4109 2921 4166; x_wconf 90' lang='lat' dir='ltr'>millibus</span> <span class='ocrx_word' id='word_1_681' title='bbox 2971 4108 3198 4164; x_wconf 90' lang='lat' dir='ltr'>distans</span> <span class='ocrx_word' id='word_1_682' title='bbox 3229 4109 3288 4165; x_wconf 93' lang='lat' dir='ltr'>in</span> <span class='ocrx_word' id='word_1_683' title='bbox 3350 4112 3676 4167; x_wconf 88' lang='lat' dir='ltr'>meridiana</span> 
     </span>
    </p>
   </div>
   <div class='ocr_carea' id='block_1_101' title="bbox 2022 4200 2932 4275">
    <p class='ocr_par' dir='ltr' id='par_1_101' title="bbox 2022 4200 2932 4275">
     <span class='ocr_line' id='line_1_102' title="bbox 2022 4200 2932 4275; baseline -0.009 -16"><span class='ocrx_word' id='word_1_684' title='bbox 2022 4204 2195 4275; x_wconf 85' lang='lat' dir='ltr'>plaga</span> <span class='ocrx_word' id='word_1_685' title='bbox 2217 4204 2388 4274; x_wconf 84' lang='lat' dir='ltr'>juxta</span> <span class='ocrx_word' id='word_1_686' title='bbox 2419 4218 2580 4257; x_wconf 90' lang='lat' dir='ltr'>mare</span> <span class='ocrx_word' id='word_1_687' title='bbox 2615 4200 2932 4255; x_wconf 88' lang='lat' dir='ltr'>Mortuum.</span> 
     </span>
    </p>
   </div>
   <div class='ocr_carea' id='block_1_102' title="bbox 2096 4285 3675 4346">
    <p class='ocr_par' dir='ltr' id='par_1_102' title="bbox 2096 4285 3675 4346">
     <span class='ocr_line' id='line_1_103' title="bbox 2096 4285 3675 4346; baseline -0.003 0"><span class='ocrx_word' id='word_1_688' title='bbox 2096 4291 2356 4346; x_wconf 89' lang='lat' dir='ltr'>Beeroth.</span> <span class='ocrx_word' id='word_1_689' title='bbox 2394 4290 2506 4345; x_wconf 89' lang='lat' dir='ltr'>sub</span> <span class='ocrx_word' id='word_1_690' title='bbox 2540 4287 2685 4344; x_wconf 91' lang='lat' dir='ltr'>colle</span> <span class='ocrx_word' id='word_1_691' title='bbox 2714 4286 2953 4341; x_wconf 89' lang='lat' dir='ltr'>Gabaon</span> <span class='ocrx_word' id='word_1_692' title='bbox 3014 4285 3052 4339; x_wconf 69' lang='lat'>‘.</span> <span class='ocrx_word' id='word_1_693' title='bbox 3087 4285 3427 4341; x_wconf 89' lang='lat' dir='ltr'>Ostenditur</span> <span class='ocrx_word' id='word_1_694' title='bbox 3475 4286 3675 4342; x_wconf 92' lang='lat' dir='ltr'>hodie-</span> 
     </span>
    </p>
   </div>
   <div class='ocr_carea' id='block_1_103' title="bbox 2091 4446 3675 4519">
    <p class='ocr_par' dir='ltr' id='par_1_103' title="bbox 2091 4446 3675 4519">
     <span class='ocr_line' id='line_1_104' title="bbox 2091 4446 3675 4519; baseline -0.003 -13"><span class='ocrx_word' id='word_1_695' title='bbox 2091 4452 2111 4485; x_wconf 78' lang='grc'>²</span> <span class='ocrx_word' id='word_1_696' title='bbox 2142 4455 2201 4506; x_wconf 90' lang='grc' dir='ltr'><em>1η</em></span> <span class='ocrx_word' id='word_1_697' title='bbox 2232 4451 2395 4506; x_wconf 75' lang='lat' dir='ltr'>libris</span> <span class='ocrx_word' id='word_1_698' title='bbox 2426 4450 2819 4505; x_wconf 72' lang='lat' dir='ltr'>Hebraicarum</span> <span class='ocrx_word' id='word_1_699' title='bbox 2858 4446 3226 4519; x_wconf 58' lang='lat' dir='ltr'>Qitestionum.</span> <span class='ocrx_word' id='word_1_700' title='bbox 3282 4446 3429 4519; x_wconf 4' lang='lat' dir='ltr'>(Non,</span> <span class='ocrx_word' id='word_1_701' title='bbox 3470 4463 3675 4519; x_wconf 89' lang='lat' dir='ltr'>super-</span> 
     </span>
    </p>
   </div>
   <div class='ocr_carea' id='block_1_104' title="bbox 2020 4517 3675 4590">
    <p class='ocr_par' dir='ltr' id='par_1_104' title="bbox 2020 4517 3675 4590">
     <span class='ocr_line' id='line_1_105' title="bbox 2020 4517 3675 4590; baseline -0.002 -12"><span class='ocrx_word' id='word_1_702' title='bbox 2020 4528 2160 4578; x_wconf 90' lang='lat' dir='ltr'>sunt</span> <span class='ocrx_word' id='word_1_703' title='bbox 2192 4524 2523 4590; x_wconf 74' lang='lat' dir='ltr'>Qusaztz&#39;oncs</span> <span class='ocrx_word' id='word_1_704' title='bbox 2580 4520 2851 4590; x_wconf 67' lang='lat' dir='ltr'>Ilebraica:</span> <span class='ocrx_word' id='word_1_705' title='bbox 2884 4517 3218 4590; x_wconf 82' lang='lat' dir='ltr'>Hieronymi</span> <span class='ocrx_word' id='word_1_706' title='bbox 3276 4518 3335 4572; x_wconf 93' lang='lat' dir='ltr'>in</span> <span class='ocrx_word' id='word_1_707' title='bbox 3386 4517 3675 4575; x_wconf 82' lang='lat' dir='ltr'>Numeros</span> 
     </span>
    </p>
   </div>
   <div class='ocr_carea' id='block_1_105' title="bbox 2019 4588 3675 4660">
    <p class='ocr_par' dir='ltr' id='par_1_105' title="bbox 2019 4588 3675 4660">
     <span class='ocr_line' id='line_1_106' title="bbox 2019 4588 3675 4660; baseline -0.004 -9"><span class='ocrx_word' id='word_1_708' title='bbox 2019 4600 2076 4651; x_wconf 87' lang='lat' dir='ltr'>et</span> <span class='ocrx_word' id='word_1_709' title='bbox 2104 4588 2645 4657; x_wconf 73' lang='lat' dir='ltr'>Denteronomium,</span> <span class='ocrx_word' id='word_1_710' title='bbox 2670 4589 2767 4645; x_wconf 92' lang='lat' dir='ltr'>ubi</span> <span class='ocrx_word' id='word_1_711' title='bbox 2792 4588 3023 4644; x_wconf 90' lang='lat' dir='ltr'>abunde</span> <span class='ocrx_word' id='word_1_712' title='bbox 3041 4588 3439 4660; x_wconf 88' lang='lat' dir='ltr'>disputaverat</span> <span class='ocrx_word' id='word_1_713' title='bbox 3464 4591 3533 4645; x_wconf 90' lang='lat' dir='ltr'>de</span> <span class='ocrx_word' id='word_1_714' title='bbox 3554 4595 3675 4645; x_wconf 91' lang='lat' dir='ltr'>tur-</span> 
     </span>
    </p>
   </div>
   <div class='ocr_carea' id='block_1_106' title="bbox 2018 4660 3670 4738">
    <p class='ocr_par' dir='ltr' id='par_1_106' title="bbox 2018 4660 3670 4738">
     <span class='ocr_line' id='line_1_107' title="bbox 2018 4660 3670 4738; baseline -0.003 -18"><span class='ocrx_word' id='word_1_715' title='bbox 2018 4666 2263 4738; x_wconf 80' lang='lat' dir='ltr'>pissimo</span> <span class='ocrx_word' id='word_1_716' title='bbox 2294 4665 2633 4719; x_wconf 89' lang='lat' dir='ltr'>Latinorum</span> <span class='ocrx_word' id='word_1_717' title='bbox 2675 4662 2905 4731; x_wconf 90' lang='lat' dir='ltr'>Priapo,</span> <span class='ocrx_word' id='word_1_718' title='bbox 2938 4665 2995 4714; x_wconf 85' lang='lat' dir='ltr'>et</span> <span class='ocrx_word' id='word_1_719' title='bbox 3028 4660 3399 4716; x_wconf 63' lang='lat' dir='ltr'>Hebraeorum</span> <span class='ocrx_word' id='word_1_720' title='bbox 3454 4661 3670 4717; x_wconf 85' lang='lat' dir='ltr'>Beelfe-</span> 
     </span>
    </p>
   </div>
   <div class='ocr_carea' id='block_1_107' title="bbox 2018 4737 2467 4810">
    <p class='ocr_par' dir='ltr' id='par_1_107' title="bbox 2018 4737 2467 4810">
     <span class='ocr_line' id='line_1_108' title="bbox 2018 4737 2467 4810; baseline -0.007 -19"><span class='ocrx_word' id='word_1_721' title='bbox 2018 4737 2142 4810; x_wconf 82' lang='lat' dir='ltr'>gor.</span> <span class='ocrx_word' id='word_1_722' title='bbox 2180 4737 2467 4810; x_wconf 69' lang='lat' dir='ltr'>MAaTIAx.</span> 
     </span>
    </p>
   </div>
   <div class='ocr_carea' id='block_1_108' title="bbox 2090 4803 3671 4872">
    <p class='ocr_par' dir='ltr' id='par_1_108' title="bbox 2090 4803 3671 4872">
     <span class='ocr_line' id='line_1_109' title="bbox 2090 4803 3671 4872; baseline -0.004 -10"><span class='ocrx_word' id='word_1_723' title='bbox 2090 4810 2110 4841; x_wconf 84' lang='grc'>³</span> <span class='ocrx_word' id='word_1_724' title='bbox 2188 4808 2511 4861; x_wconf 79' lang='lat' dir='ltr'>Betharran.</span> <span class='ocrx_word' id='word_1_725' title='bbox 2573 4811 2661 4859; x_wconf 88' lang='lat' dir='ltr'>etc</span> <span class='ocrx_word' id='word_1_726' title='bbox 2715 4803 2929 4857; x_wconf 87' lang='lat' dir='ltr'>Eadem</span> <span class='ocrx_word' id='word_1_727' title='bbox 2982 4807 3073 4856; x_wconf 89' lang='lat' dir='ltr'>est</span> <span class='ocrx_word' id='word_1_728' title='bbox 3130 4805 3456 4868; x_wconf 79' lang='lat' dir='ltr'>Betharran,</span> <span class='ocrx_word' id='word_1_729' title='bbox 3502 4819 3671 4872; x_wconf 15' lang='lat' dir='ltr'>rquae</span> 
     </span>
    </p>
   </div>
   <div class='ocr_carea' id='block_1_109' title="bbox 2019 4871 3669 4951">
    <p class='ocr_par' dir='ltr' id='par_1_109' title="bbox 2019 4871 3669 4951">
     <span class='ocr_line' id='line_1_110' title="bbox 2019 4871 3669 4951; baseline -0.004 -18"><span class='ocrx_word' id='word_1_730' title='bbox 2019 4880 2355 4951; x_wconf 67' lang='lat' dir='ltr'>praecedens</span> <span class='ocrx_word' id='word_1_731' title='bbox 2383 4878 2831 4938; x_wconf 82' lang='lat' dir='ltr'>Bethanamram,</span> <span class='ocrx_word' id='word_1_732' title='bbox 2868 4873 3003 4928; x_wconf 90' lang='lat' dir='ltr'>licet</span> <span class='ocrx_word' id='word_1_733' title='bbox 3032 4874 3087 4927; x_wconf 92' lang='lat' dir='ltr'>in</span> <span class='ocrx_word' id='word_1_734' title='bbox 3119 4874 3422 4945; x_wconf 90' lang='lat' dir='ltr'>Scriptura</span> <span class='ocrx_word' id='word_1_735' title='bbox 3456 4871 3669 4927; x_wconf 83' lang='lat' dir='ltr'>diversi</span> 
     </span>
    </p>
   </div>
   <div class='ocr_carea' id='block_1_110' title="bbox 2023 4950 2900 5006">
    <p class='ocr_par' dir='ltr' id='par_1_110' title="bbox 2023 4950 2900 5006">
     <span class='ocr_line' id='line_1_111' title="bbox 2023 4950 2900 5006; baseline -0.009 0"><span class='ocrx_word' id='word_1_736' title='bbox 2023 4950 2195 5006; x_wconf 79' lang='lat' dir='ltr'>modo</span> <span class='ocrx_word' id='word_1_737' title='bbox 2229 4950 2581 5005; x_wconf 82' lang='lat' dir='ltr'>scribantur.</span> <span class='ocrx_word' id='word_1_738' title='bbox 2616 4952 2900 5001; x_wconf 78' lang='lat' dir='ltr'>MARTIAN.</span> 
     </span>
    </p>
   </div>
   <div class='ocr_carea' id='block_1_111' title="bbox 2090 5013 3667 5096">
    <p class='ocr_par' dir='ltr' id='par_1_111' title="bbox 2090 5013 3667 5096">
     <span class='ocr_line' id='line_1_112' title="bbox 2090 5013 3667 5096; baseline -0.004 -20"><span class='ocrx_word' id='word_1_739' title='bbox 2090 5053 2156 5096; x_wconf 52' lang='grc' dir='ltr'>«έ-</span> <span class='ocrx_word' id='word_1_740' title='bbox 2190 5020 2533 5096; x_wconf 77' lang='lat' dir='ltr'>Exciderite</span> <span class='ocrx_word' id='word_1_741' title='bbox 2574 5020 2768 5096; x_wconf 51' lang='lat' dir='ltr'>Graeco</span> <span class='ocrx_word' id='word_1_742' title='bbox 2802 5025 3089 5090; x_wconf 73' lang='grc' dir='ltr'>Βμθραμθὰ,</span> <span class='ocrx_word' id='word_1_743' title='bbox 3120 5021 3185 5070; x_wconf 90' lang='lat' dir='ltr'>ut</span> <span class='ocrx_word' id='word_1_744' title='bbox 3237 5015 3295 5069; x_wconf 90' lang='lat' dir='ltr'>in</span> <span class='ocrx_word' id='word_1_745' title='bbox 3329 5013 3667 5096; x_wconf 74' lang='lat' dir='ltr'>sequiorum</span> 
     </span>
    </p>
   </div>
   <div class='ocr_carea' id='block_1_112' title="bbox 2016 5086 3668 5161">
    <p class='ocr_par' dir='ltr' id='par_1_112' title="bbox 2016 5086 3668 5161">
     <span class='ocr_line' id='line_1_113' title="bbox 2016 5086 3668 5161; baseline -0.004 -14"><span class='ocrx_word' id='word_1_746' title='bbox 2016 5094 2354 5147; x_wconf 70' lang='lat' dir='ltr'>Judzeorum</span> <span class='ocrx_word' id='word_1_747' title='bbox 2388 5090 2623 5161; x_wconf 89' lang='lat' dir='ltr'>scriptis</span> <span class='ocrx_word' id='word_1_748' title='bbox 2656 5086 2916 5151; x_wconf 64' lang='lat' dir='ltr'>dicitur,&#39;</span> <span class='ocrx_word' id='word_1_749' title='bbox 2945 5086 3120 5150; x_wconf 46' lang='lat' dir='ltr'>xix-17:1</span> <span class='ocrx_word' id='word_1_750' title='bbox 3159 5097 3275 5147; x_wconf 60' lang='lat'>3:9:</span> <span class='ocrx_word' id='word_1_751' title='bbox 3318 5104 3331 5141; x_wconf 86' lang='lat'><strong><em>:</em></strong></span> <span class='ocrx_word' id='word_1_752' title='bbox 3390 5086 3668 5141; x_wconf 86' lang='lat' dir='ltr'>Hebraice</span> 
     </span>
    </p>
   </div>
   <div class='ocr_carea' id='block_1_113' title="bbox 2019 5161 3141 5225">
    <p class='ocr_par' dir='ltr' id='par_1_113' title="bbox 2019 5161 3141 5225">
     <span class='ocr_line' id='line_1_114' title="bbox 2019 5161 3141 5225; baseline -0.009 -4"><span class='ocrx_word' id='word_1_753' title='bbox 2019 5170 2109 5221; x_wconf 90' lang='lat' dir='ltr'>est</span> <span class='ocrx_word' id='word_1_754' title='bbox 2146 5164 2336 5220; x_wconf 83' lang='lat' dir='ltr'>verius</span> <span class='ocrx_word' id='word_1_755' title='bbox 2359 5175 2480 5222; x_wconf 74' lang='lat' dir='ltr'>mn</span> <span class='ocrx_word' id='word_1_756' title='bbox 2522 5172 2649 5221; x_wconf 55' lang='lat' dir='ltr'>n73.</span> <span class='ocrx_word' id='word_1_757' title='bbox 2690 5161 2869 5215; x_wconf 88' lang='lat' dir='ltr'>Josue</span> <span class='ocrx_word' id='word_1_758' title='bbox 2897 5177 3021 5225; x_wconf 83' lang='lat' dir='ltr'>xm,</span> <span class='ocrx_word' id='word_1_759' title='bbox 3052 5163 3141 5214; x_wconf 68' lang='lat'>27.</span> 
     </span>
    </p>
   </div>
   <div class='ocr_carea' id='block_1_114' title="bbox 2088 5229 3665 5302">
    <p class='ocr_par' dir='ltr' id='par_1_114' title="bbox 2088 5229 3665 5302">
     <span class='ocr_line' id='line_1_115' title="bbox 2088 5229 3665 5302; baseline -0.003 -15"><span class='ocrx_word' id='word_1_760' title='bbox 2088 5238 2109 5269; x_wconf 64' lang='lat'><strong>‘</strong></span> <span class='ocrx_word' id='word_1_761' title='bbox 2140 5236 2331 5289; x_wconf 84' lang='lat' dir='ltr'>Verba</span> <span class='ocrx_word' id='word_1_762' title='bbox 2364 5234 2461 5287; x_wconf 75' lang='lat' dir='ltr'>sub</span> <span class='ocrx_word' id='word_1_763' title='bbox 2482 5234 2618 5286; x_wconf 75' lang='lat' dir='ltr'>colle</span> <span class='ocrx_word' id='word_1_764' title='bbox 2648 5232 2861 5287; x_wconf 83' lang='lat' dir='ltr'>Gabaon</span> <span class='ocrx_word' id='word_1_765' title='bbox 2902 5233 3073 5302; x_wconf 81' lang='lat' dir='ltr'>juxta</span> <span class='ocrx_word' id='word_1_766' title='bbox 3128 5229 3390 5302; x_wconf 73' lang='lat' dir='ltr'>Grzecum</span> <span class='ocrx_word' id='word_1_767' title='bbox 3421 5231 3665 5302; x_wconf 83' lang='lat' dir='ltr'>textum,</span> 
     </span>
    </p>
   </div>
   <div class='ocr_carea' id='block_1_115' title="bbox 2016 5288 3668 5381">
    <p class='ocr_par' dir='ltr' id='par_1_115' title="bbox 2016 5288 3668 5381">
     <span class='ocr_line' id='line_1_116' title="bbox 2016 5288 3668 5381; baseline -0.004 -19"><span class='ocrx_word' id='word_1_768' title='bbox 2016 5308 2170 5379; x_wconf 89' lang='lat' dir='ltr'>quod</span> <span class='ocrx_word' id='word_1_769' title='bbox 2188 5288 2499 5381; x_wconf 75' lang='lat' dir='ltr'>Relandus</span> <span class='ocrx_word' id='word_1_770' title='bbox 2530 5288 2963 5381; x_wconf 61' lang='lat' dir='ltr'>animadvertit,</span> <span class='ocrx_word' id='word_1_771' title='bbox 3019 5300 3504 5381; x_wconf 63' lang='lat' dir='ltr'>ita__accipienda</span> <span class='ocrx_word' id='word_1_772' title='bbox 3527 5288 3668 5381; x_wconf 80' lang='lat' dir='ltr'>sunt</span> 
     </span>
    </p>
   </div>
   <div class='ocr_carea' id='block_1_116' title="bbox 2017 5372 3664 5443">
    <p class='ocr_par' dir='ltr' id='par_1_116' title="bbox 2017 5372 3664 5443">
     <span class='ocr_line' id='line_1_117' title="bbox 2017 5372 3664 5443; baseline -0.005 -10"><span class='ocrx_word' id='word_1_773' title='bbox 2017 5372 2081 5433; x_wconf 79' lang='lat' dir='ltr'>ut</span> <span class='ocrx_word' id='word_1_774' title='bbox 2112 5378 2221 5433; x_wconf 79' lang='lat' dir='ltr'>sub</span> <span class='ocrx_word' id='word_1_775' title='bbox 2255 5378 2526 5432; x_wconf 89' lang='lat' dir='ltr'>Gabaone</span> <span class='ocrx_word' id='word_1_776' title='bbox 2557 5375 2675 5429; x_wconf 90' lang='lat' dir='ltr'>sive</span> <span class='ocrx_word' id='word_1_777' title='bbox 2707 5375 2997 5430; x_wconf 87' lang='lat' dir='ltr'>Gabaonis</span> <span class='ocrx_word' id='word_1_778' title='bbox 3046 5373 3263 5429; x_wconf 87' lang='lat' dir='ltr'>ditione</span> <span class='ocrx_word' id='word_1_779' title='bbox 3313 5372 3664 5443; x_wconf 79' lang='lat' dir='ltr'>significent.</span> 
     </span>
    </p>
   </div>
   <div class='ocr_carea' id='block_1_117' title="bbox 2018 5442 3665 5517">
    <p class='ocr_par' dir='ltr' id='par_1_117' title="bbox 2018 5442 3665 5517">
     <span class='ocr_line' id='line_1_118' title="bbox 2018 5442 3665 5517; baseline -0.004 -13"><span class='ocrx_word' id='word_1_780' title='bbox 2018 5451 2133 5504; x_wconf 85' lang='lat' dir='ltr'>Hoc</span> <span class='ocrx_word' id='word_1_781' title='bbox 2166 5466 2337 5503; x_wconf 80' lang='lat' dir='ltr'>sensu</span> <span class='ocrx_word' id='word_1_782' title='bbox 2398 5449 2465 5501; x_wconf 83' lang='lat' dir='ltr'>ad</span> <span class='ocrx_word' id='word_1_783' title='bbox 2513 5463 2707 5499; x_wconf 82' lang='lat' dir='ltr'>vocem</span> <span class='ocrx_word' id='word_1_784' title='bbox 2771 5448 3003 5517; x_wconf 76' lang='lat' dir='ltr'>Cephiru</span> <span class='ocrx_word' id='word_1_785' title='bbox 3086 5444 3257 5517; x_wconf 78' lang='lat' dir='ltr'>vertit</span> <span class='ocrx_word' id='word_1_786' title='bbox 3301 5442 3437 5517; x_wconf 73' lang='lat' dir='ltr'>ipse</span> <span class='ocrx_word' id='word_1_787' title='bbox 3473 5442 3665 5517; x_wconf 74' lang='lat' dir='ltr'>Hiero-</span> 
     </span>
    </p>
   </div>
   <div class='ocr_carea' id='block_1_118' title="bbox 2017 5515 3665 5648">
    <p class='ocr_par' dir='ltr' id='par_1_118' title="bbox 2017 5515 3665 5648">
     <span class='ocr_line' id='line_1_119' title="bbox 2017 5515 3665 5648; baseline -0.004 -73"><span class='ocrx_word' id='word_1_788' title='bbox 2017 5537 2255 5648; x_wconf 59' lang='lat' dir='ltr'>gymus,</span> <span class='ocrx_word' id='word_1_789' title='bbox 2287 5524 2343 5574; x_wconf 89' lang='lat' dir='ltr'>et</span> <span class='ocrx_word' id='word_1_790' title='bbox 2381 5520 2714 5574; x_wconf 89' lang='lat' dir='ltr'>Gabaonem</span> <span class='ocrx_word' id='word_1_791' title='bbox 2741 5515 3260 5591; x_wconf 49' lang='grc' dir='ltr'>μητρόπολινλυὶδερ</span> <span class='ocrx_word' id='word_1_792' title='bbox 3282 5515 3451 5570; x_wconf 86' lang='lat' dir='ltr'>docet</span> <span class='ocrx_word' id='word_1_793' title='bbox 3481 5515 3665 5570; x_wconf 87' lang='lat' dir='ltr'>Euse-</span> 
     </span>
     <span class='ocr_line' id='line_1_120' title="bbox 2064 5608 2177 5647; baseline -0.009 0"><span class='ocrx_word' id='word_1_794' title='bbox 2064 5608 2177 5647; x_wconf 83' lang='lat' dir='ltr'>ius.</span> 
     </span>
    </p>
   </div>
   <div class='ocr_carea' id='block_1_119' title="bbox 2064 5608 2177 5647">
    <p class='ocr_par' dir='ltr' id='par_1_119' title="bbox 2064 5608 2177 5647">
     <span class='ocr_line' id='line_1_121' title="bbox 2064 5608 2177 5647; baseline -0.009 0"><span class='ocrx_word' id='word_1_795' title='bbox 2064 5608 2177 5647; x_wconf 84' lang='lat' dir='ltr'>ius.</span> 
     </span>
    </p>
   </div>
  </div>
