4138 6160
184 240 327 321 999,

1178 254 1281 321 DE
1325 257 1504 322 SITU
1546 258 1661 320 ET’
1689 252 1977 319 NOMIN.’
2015 257 2185 319 LOG.
2229 250 2594 321 HEBRAIC.

3470 264 3617 327 930“

220 396 225 401 ”
261 380 414 447 ηε
445 389 649 459 Barac,
682 391 740 446 in
770 390 927 446 tribu
987 392 1133 461 Dan,
1190 409 1374 464 usque
1430 392 1603 449 hodie
1658 408 1835 465 prope
1865 398 1919 463 Α
2024 391 2329 457 Bama,ubi
2361 393 2497 447 Saul
2529 393 2838 463 ungendus
2858 391 2917 446 in
2949 407 3163 465 regem,
3188 410 3320 450 cum
3353 396 3594 455 Samue-

183 478 431 535 Azotum
464 480 721 536 Barecha
748 480 975 536 viculus
1006 481 1352 553 appellatur.

672 614 763 669 DE
791 615 1105 671 JUDICUM
1140 617 1365 671 LIBRO.

256 728 457 797 Bezec,
492 728 635 783 urbs
666 729 819 800 regis
875 730 1231 785 Adonibezec
1294 748 1305 785 :
1364 730 1653 802 hodieque
1711 733 1835 786 duae

181 816 342 873 villae
373 821 509 873 sunt
534 818 771 872 nomine
802 817 1041 885 Bezech,
1073 818 1271 874 vicinae
1303 819 1414 875 sibi
1470 820 1529 873 in
1587 821 1837 891 septimo

184 906 423 964 decimo
450 906 639 979 lapide
668 923 702 962 a
731 906 969 980 Neapoli
999 908 1489 965 descendentibus
1521 909 1836 981 Scythopo-

188 992 323 1052 lim.

263 1078 543 1152 Bethsan,
576 1100 643 1140 ex
671 1084 779 1140 hoc
810 1084 1026 1157 oppido
1065 1087 1254 1143 tribus
1304 1087 1573 1143 Manasse
1612 1087 1839 1144 accolas

188 1172 479 1245 pristinos
508 1188 621 1228 non
663 1175 852 1244 potuit
905 1174 1227 1246 expellere;
1261 1180 1315 1230 et
1371 1192 1527 1230 nunc
1584 1176 1839 1249 appella-

184 1267 289 1317 tur
346 1260 750 1335 Scythopolis;
811 1263 953 1318 urbs
1011 1262 1223 1319 nobilis
1282 1263 1601 1332 Palestinae,
1663 1283 1839 1337 quam

182 1352 489 1408 interdum
545 1352 847 1424 Scriptura
932 1354 1307 1425 cognominat
1384 1355 1624 1410 domum
1685 1357 1839 1423 San,

188 1441 355 1513 quod
422 1440 481 1494 in
567 1445 767 1496 nostra
840 1440 1040 1513 lingua
1124 1442 1561 1515 interpretatur,
1646 1444 1840 1498 inimi-

191 1547 332 1585 cus.
1612 1578 1617 1581 _

267 1618 838 1686 Bethsames,civitas
860 1620 1237 1676 sacerdotalis
1256 1620 1313 1675 in
1336 1621 1491 1675 tribu
1518 1623 1839 1693 Benjamin,

190 1723 324 1779 quae
359 1723 547 1779 usque
578 1707 751 1763 hodie
791 1709 1228 1765 demonstratur
1286 1710 1354 1765 de
1412 1709 1840 1783 Eleutheropoli

185 1796 573 1868 pergentibus
602 1795 927 1867 Nicopolim
984 1797 1041 1851 in
1076 1798 1299 1853 decimo
1341 1798 1611 1854 milliario
1642 1805 1843 1855 contra

186 1884 535 1940 orientalem
566 1884 821 1957 plagam.

264 1972 571 2041 Bethnath,
606 1974 666 2028 in
700 1978 855 2029 sorte
912 1974 1101 2031 tribus
1156 1974 1548 2047 Nephthalim.
1593 1977 1703 2033 Sed
1736 1992 1841 2031 nec

184 2062 265 2119 de
296 2061 410 2118 hac
440 2060 717 2134 pristinos
745 2061 971 2119 accolas
1009 2064 1197 2120 tribus
1256 2064 1627 2136 Nephthalim
1662 2066 1843 2120 valuit

190 2150 503 2225 expellere.
1662 2140 1669 2148 ’

266 2241 606 2297 Bethsames
636 2239 837 2307 altera,
870 2241 927 2297 in
958 2241 1114 2297 tribu
1147 2241 1542 2313 Nephthalim,
1564 2242 1622 2297 in
1647 2260 1762 2314 qua
1787 2250 1845 2301 et

188 2331 325 2403 ipsa
354 2329 606 2386 cultores
636 2330 867 2401 pristini
902 2347 1292 2403 permansere.

264 2420 695 2486 Baal/Ermon,
751 2436 918 2476 mons
975 2420 1128 2476 circa
1186 2420 1472 2476 Libanum
1508 2421 1564 2475 in
1625 2421 1842 2479 ﬁnibus

186 2508 657 2581 Allophlerum.

265 2597 525 2664 Baaleth,
558 2598 617 2652 in
642 2597 799 2653 tribu
830 2598 974 2653 Dan.

263 2687 551 2743 Bethbera
604 2687 710 2759 (Al.
788 2686 1076 2755 Bethara),
1164 2688 1318 2759 quod
1406 2688 1838 2759 interpretatur,

182 2778 405 2832 domus
436 2793 599 2849 aquaa
631 2776 754 2831 sive
784 2776 962 2848 putei,
996 2790 1172 2846 quam
1192 2776 1554 2848 expeditione
1578 2776 1835 2833 bellandi

185 2866 496 2938 occupavit
527 2864 781 2920 Gedeon.

261 2955 601 3011 Bethasetta
632 2953 739 3025 (Al.
801 2954 1162 3025 Bethasepta),
1196 2952 1295 3010 ubi
1328 2959 1489 3027 terga
1518 2956 1691 3011 vertit
1721 2955 1839 3011 Ma-

188 3042 352 3100 dian.

1946 478 1999 532 le
2029 480 2226 533 cibum
2270 482 2543 551 sumpsit.
2606 486 2780 537 Porro
2834 481 3031 547 Bama,
3072 483 3281 554 Aquila
3337 502 3585 560 semper,

1946 567 2248 622 Excelsum
2286 569 2610 625 transtulit.

2021 657 2214 723 Boses,
2251 675 2463 713 nomen
2496 662 2668 729 petra:
2703 660 2901 730 (super
2933 675 3051 729 qua
3082 660 3139 714 in
3169 658 3336 717 libris
3367 664 3591 722 Hebrai-

1945 762 2139 801 carum
2170 748 2543 814 Quarstionum
2575 747 2874 814 diximus).

2019 836 2213 902 Besor,
2246 839 2472 890 torrens
2505 836 2572 891 ad
2606 853 2781 907 quem
2814 838 2834 869 ²
2860 836 3019 891 venit
3048 837 3251 893 David.

2018 924 2296 990 Borasau,
2331 926 2400 980 ad
2435 941 2609 997 quem
2642 924 2833 980 locum
2888 925 3065 980 David
3128 928 3334 997 praede:
3366 922 3631 1001 partem-

1950 1012 2127 1067 misit.

2018 1101 2275 1169 Baurim,
2309 1102 2471 1158 locus
2530 1104 2599 1158 ad
2658 1119 2832 1174 quem
2896 1120 3083 1174 usque
3133 1110 3479 1175 prosecutus
3509 1112 3598 1163 est

1950 1189 2161 1244 Michol
2194 1190 2375 1246 filiam
2408 1191 2599 1247 Saulis
2624 1192 2708 1245 vir
2738 1209 2881 1247 suus
2912 1191 3260 1264 lacrymans.

2022 1278 2310 1346 Baalasor,
2341 1281 2510 1351 juxta
2542 1281 2840 1353 Ephraim,
2884 1281 2983 1336 ubi
3035 1282 3355 1338 Abessalon
3389 1300 3598 1356 pecora

1948 1368 2365 1425 tondebantur.

2024 1456 2399 1524 Bethmacha,
2429 1474 2614 1529 usque
2646 1459 2716 1512 ad
2748 1458 2896 1514 hanc
2936 1464 3278 1530 persecutus
3328 1466 3415 1518 est
3448 1462 3596 1519 Joab

1952 1544 2307 1616 perduellem
2348 1548 2558 1613 Sabee;
2596 1552 2651 1600 et
2683 1552 2883 1617 postea
2914 1564 3043 1603 eam
3103 1548 3173 1603 ab
3226 1550 3597 1622 Assyriorum

1953 1650 2085 1706 rege
2118 1638 2349 1705 captam
2402 1635 2669 1699 legimus.
2731 1636 2828 1690 Est
2884 1641 3078 1691 autem
3142 1640 3599 1695 ascendentibus

1954 1723 2023 1776 de
2082 1723 2509 1795 Eleutheropoli
2544 1723 2744 1778 IEliam
2803 1724 2861 1778 in
2921 1729 3122 1780 octavo
3181 1726 3396 1798 lapide,
3444 1744 3599 1783 nunc

1952 1811 2088 1866 villa
2109 1829 2237 1883 quae
2271 1811 2621 1867 Maeliamim
2654 1813 2885 1867 dicitur.

2024 1899 2271 1969 Ballath,
2304 1902 2447 1957 urbs
2480 1919 2654 1973 quam
2679 1902 2985 1957 {ediﬁcavit
3015 1902 3311 1959 Salomon.

2026 1990 2375 2056 Bethsarisa,
2411 1990 2564 2044 unde
2596 1989 2944 2045 venithomo
2976 2009 3109 2045 cum
3144 1993 3490 2048 numeribus
3523 1993 3597 2050 ad

1953 2077 2225 2132 Elisaeum
2275 2079 2642 2150 prophetam.
2697 2079 2762 2133 Et
2828 2083 3023 2135 autem
3084 2080 3221 2135 villa
3271 2081 3328 2135 in
3382 2082 3600 2136 finibus

1958 2167 2311 2239 Diospoleos,
2345 2167 2679 2238 quindecim
2724 2169 2901 2221 ferme
2941 2169 3011 2223 ab
3069 2186 3137 2223 ea
3169 2168 3428 2225 millibus
3480 2170 3599 2224 dis-

1952 2261 2084 2311 tans
2126 2260 2325 2311 contra
2383 2255 2835 2327 septentrionem
2915 2257 2973 2311 in
3034 2257 3266 2329 regione
3318 2256 3597 2313 Thamni-

1953 2345 2086 2400 tica.

2024 2434 2344 2505 Bethagan,
2396 2434 2488 2488 via
2544 2450 2645 2505 per
2694 2450 2868 2505 quam
2925 2433 3235 2490 Ochoziam
3288 2434 3465 2491 fuisse
3519 2435 3597 2491 le-

1952 2522 2163 2594 gimus.

2023 2610 2367 2677 Bazeehatb,
2400 2612 2543 2667 urbs
2574 2610 2814 2683 antiqua
2837 2612 3070 2668 Judazaz.

2023 2699 2357 2766 Bethacath,
2390 2699 2550 2756 vicus
2606 2700 2903 2767 Samaria},
2964 2704 3033 2757 ad
3068 2720 3242 2773 quem
3274 2703 3432 2759 venit
3488 2703 3599 2759 Jeu

1953 2806 2050 2845 rex
2076 2787 2252 2867 lsrael
2308 2789 2409 2860 qui
2442 2788 2500 2843 in
2523 2788 2813 2845 latissimo
2845 2807 3050 2862 campo
3103 2792 3274 2858 situs,
3327 2809 3441 2847 non
3475 2808 3599 2847 am-

1951 2879 2106 2952 plius
2164 2878 2499 2950 quindecim
2559 2877 2822 2935 millibus
2881 2898 2915 2935 a
2973 2880 3243 2953 Legionis
3276 2881 3485 2953 oppido
3518 2896 3603 2936 se-

1953 2974 2238 3041 paratur:
2275 2985 2377 3040 pro
2439 2985 2553 3040 quo
2607 2968 2817 3040 Aquila
2872 2970 3289 3042 interpretatur
3344 2974 3453 3036 est,
3504 2969 3603 3024 do-

1953 3074 2116 3113 mum
2149 3056 2516 3112 curvantium
2550 3075 2561 3112 :
2598 3056 3004 3128 Symmachus,
3059 3059 3303 3113 domum
3336 3058 3601 3131 singulo-

260 3132 538 3201 Balanus,
573 3132 635 3186 id
666 3135 753 3187 est
783 3146 1033 3204 quercus
1073 3132 1446 3205 Sicimorum,
1500 3134 1598 3189 ubi
1633 3150 1837 3207 regna-

1985 3164 2083 3201 uni
2116 3146 2202 3218 (eo
2235 3146 2388 3217 quod
2423 3151 2710 3217 angustus
2741 3151 2797 3200 et
2827 3146 3067 3202 humilis
3126 3147 3426 3215 introitus,
3482 3146 3603 3202 sin-

183 3223 273 3279 vit
333 3220 693 3289 Abimelech,
758 3236 883 3292 quae
943 3238 1132 3293 usque
1186 3222 1357 3277 hodie
1413 3223 1744 3278 ostenditur
1782 3224 1839 3278 in

186 3312 531 3368 suburbano
563 3318 698 3365 rure
730 3310 1004 3383 Napoleo,
1039 3314 1275 3382 prepter
1335 3306 1842 3383 sepulchrum'Jo-

186 3400 362 3472 seph.

266 3489 574 3555 Borconni,
609 3490 761 3561 quod
794 3489 984 3555 vertit,
1045 3488 1274 3560 Aquila,
1336 3488 1395 3544 in
1428 3488 1649 3561 spinas,
1683 3491 1845 3561 Sym-

190 3575 451 3632 machus
481 3575 664 3643 vertit,
696 3576 755 3631 in
790 3575 1057 3631 tribulos.

268 3666 432 3731 Bern,
466 3664 563 3719 ubi
594 3681 722 3721 eum
752 3664 1085 3720 Abimelech
1117 3664 1389 3721 Joatham
1440 3665 1706 3736 fugisset;
1741 3665 1841 3720 ha-

180 3754 418 3821 bitavit;
473 3753 650 3809 distat
677 3758 871 3809 autem
903 3754 1066 3809 vicus
1098 3755 1237 3809 Bera
1294 3755 1367 3810 ab
1414 3753 1842 3826 Eleutheropoli

179 3848 319 3900 octo
351 3842 619 3898 millibus
650 3844 720 3898 ad
751 3841 1108 3914 aquilonem.

264 3932 829 4002 Baalthamarjuxta
850 3931 1067 3998 Gabaa,
1093 3932 1195 3986 ubi
1222 3931 1325 3986 filii
1358 3931 1533 3987 Israel
1566 3932 1843 3987 adversus

188 4021 413 4076 tribum
448 4019 750 4091 Beniamin
794 4020 975 4075 iniere
1034 4024 1349 4087 certamen,
1410 4024 1467 4076 et
1527 4037 1712 4092 usque
1741 4020 1842 4075 ho-

187 4111 286 4165 die
328 4108 686 4176 Bethamari,
721 4109 778 4163 in
812 4125 990 4181 supra
1015 4108 1189 4164 dictis
1220 4109 1363 4165 locis
1393 4108 1619 4165 viculus
1651 4108 1845 4181 appel-

190 4199 369 4254 latur.

522 4306 677 4361 I19
710 4303 799 4359 DE
830 4302 1236 4359 REGNORUM
1270 4304 1525 4361 LIBRIS.

266 4393 538 4461 Bethcur,
574 4411 761 4466 usque
786 4394 856 4449 ad
915 4393 1072 4449 hunc
1130 4393 1323 4448 locum
1378 4393 1626 4465 populus
1668 4392 1841 4449 Israel

1953 3237 2121 3309 gulos
2151 3239 2405 3299 tantum,
2438 3238 2496 3289 et
2528 3251 2632 3289 nec
2687 3235 2847 3308 ipsos
2894 3240 3116 3292 stantes
3156 3237 3383 3309 ingredi
3416 3236 3596 3292 susti-

1955 3328 2161 3393 neret).

2025 3412 2253 3479 Benith,
2285 3429 2462 3482 quam
2496 3415 2947 3469 construxerunt
2976 3414 3351 3481 Samaritani,
3398 3414 3500 3487 qui
3533 3414 3604 3469 de

1955 3501 2267 3573 Babylonis
2300 3500 2530 3572 regione
2566 3500 2937 3557 transierant.

2024 3590 2253 3661 Byblos,
2287 3589 2492 3645 civitas
2524 3588 2834 3657 thnicis,
2897 3592 3091 3661 cujus,
3152 3590 3422 3645 meminit
3467 3590 3609 3645 Eze-

1952 3678 2100 3735 chiel
2136 3678 2409 3747 (xxvn,6)
2472 3694 2483 3731 :
2546 3694 2649 3749 pro
2704 3679 2905 3749 quain
2957 3679 3237 3735 lIebraico
3272 3677 3609 3733 continetur

1953 3768 2155 3822 COBEL.

2025 3857 2178 3913 182
2212 3856 2523 3925 Bubastus,
2561 3855 2766 3911 civitas
2798 3856 3025 3929 .Egypti
3085 3875 3096 3913 :
3151 3858 3320 3930 juxta
3350 3854 3607 3913 Ezechiel

1954 3948 2104 4017 (xxx,
2135 3948 2215 4017 7.)

2025 4037 2153 4103 Boz,
2212 4034 2270 4089 in
2331 4038 2487 4089 terra
2544 4034 2749 4099 Cador,
2837 4035 2990 4089 sicut
3058 4035 3262 4091 scribit
3324 4034 3608 4091 Jeremias

1957 4126 2105 4195 (xxv.
2136 4124 2250 4195 23).

2028 4211 2146 4279 Bel,
2176 4210 2397 4267 idolum
2432 4210 2837 4283 Babylonium.

2492 4300 2587 4355 DE
2618 4300 3070 4356 EVANGELIIS.

2029 4389 2339 4445 Bethsaida
2368 4390 2407 4455 ⁵,
2443 4388 2645 4444 civitas
2678 4389 2735 4443 in
2768 4387 3003 4443 Galilzea
3059 4389 3321 4444 Andreze.
3356 4387 3507 4443 Petri
3553 4396 3612 4444 et

190 4482 491 4555 fugientes
546 4482 905 4555 alienigenas
961 4488 1301 4555 persecutus
1357 4487 1464 4550 est,
1542 4481 1845 4555 appellans
1877 4503 1923 4566 D
1957 4478 2207 4551 Philippi
2263 4477 2687 4549 apostolorum,
2744 4493 2922 4549 prepe
2993 4483 3269 4550 stagnum
3355 4478 3609 4535 Genesa-

190 4588 355 4640 eum,
393 4572 664 4646 Lapidem
706 4572 1002 4645 adjutorii.

272 4752 289 4783 ¹
329 4751 390 4805 In
421 4751 570 4805 libris
630 4751 876 4806 Hebraic.
936 4752 1131 4818 Quaest.
1166 4751 1289 4804 Non
1349 4754 1546 4804 extant
1576 4750 1707 4804 libri
1766 4749 1849 4803 illi

190 4820 596 4886 Quaestionum
630 4822 1043 4877 Hebraicarum
1088 4823 1145 4876 in
1172 4821 1351 4875 libros
1399 4822 1620 4892 Regum
1656 4840 1667 4875 :
1703 4820 1850 4876 falso

194 4895 359 4951 enim
420 4893 767 4965 Hieronymo
826 4899 997 4965 antea
1055 4892 1291 4965 ascripti
1365 4898 1525 4965 sunt,
1559 4909 1733 4965 Aquos
1791 4892 1848 4945 in

196 4964 593 5038 Appendicem
637 4961 831 5034 'hujus
890 4961 1223 5019 voluminis
1268 4961 1731 5038 amandavimus.
1787 4965 1849 5038 1n

196 5034 580 5107 consequenti
613 5038 847 5090 nomine
878 5038 1043 5090 Βρεον
1097 5039 1375 5090 constans
1422 5039 1477 5088 et
1508 5034 1848 5107 antiquissi-

197 5124 334 5162 mus
364 5106 528 5163 error
558 5107 888 5173 invenitur;
924 5123 1057 5161 nam
1116 5123 1319 5161 omnes
1361 5122 1503 5161 mss.
1538 5106 1766 5160 codices
1795 5110 1852 5161 et

194 5180 377 5235 editio
410 5178 754 5234 Erasmiana
785 5183 1119 5233 constanter
1167 5178 1371 5249 legunt
1403 5194 1415 5231 :
1454 5182 1642 5244 Besnr,
1676 5180 1850 5232 turris

194 5251 265 5307 ad
292 5266 466 5321 quam
494 5251 641 5305 venit
670 5251 861 5305 David.
895 5250 1002 5321 Sed
1036 5248 1364 5320 corruptela
1417 5248 1730 5321 manifesta
1763 5254 1852 5304 est

193 5338 263 5377 ex
306 5320 339 5377 “ι
367 5321 509 5390 Reg.
546 5338 677 5386 xxx,
707 5323 762 5388 9,
825 5320 921 5376 ubi
983 5322 1156 5375 Bosor
1208 5325 1421 5376 torrens
1478 5320 1684 5389 dz'citz'r,
1736 5337 1848 5375 non

194 5396 391 5449 turris.
425 5393 709 5448 Murum.

268 5495 338 5505 -ι
372 5464 601 5525 Recole.
636 5481 762 5535 qua:
792 5480 970 5535 supra
1026 5461 1317 5535 sexcentis
1375 5461 1519 5517 locis
1576 5462 1646 5517 de
1690 5461 1851 5517 hisce

198 5536 579 5606 Matianum
608 5533 1002 5591 Ilwraz‘carum
1032 5533 1197 5591 libris
1231 5533 1385 5588 dicta
1414 5538 1571 5606 sunt.

278 5609 302 5643 ¹
332 5607 760 5685 Hieronymiani
794 5623 938 5665 mss.
990 5606 1207 5682 quibus
1266 5608 1324 5663 et
1354 5605 1619 5663 Martiae.
1654 5607 1713 5661 et
1742 5620 1849 5661 nos

1960 4568 2105 4623 reth.

1959 4744 2203 4807 utimur,
2237 4746 2408 4800 turris
2438 4744 2506 4799 ad
2540 4761 2728 4815 qnam,
2761 4744 2983 4800 vitiose.

2030 4819 2049 4849 ³
2083 4816 2367 4871 Bcthsada.
2400 4815 2765 4870 Colbertinus
2798 4818 2973 4871 codex
3004 4815 3237 4887 optima:
3270 4818 3422 4887 nota:
3452 4830 3610 4887 saepe

1960 4888 2232 4943 laudatus
2264 4887 2403 4959 legit
2434 4887 2739 4959 Bethsai'dai
2772 4890 2943 4957 juxta
3000 4884 3609 4959 V'ulgatam_Latinam

1960 4959 2299 5027 editionem,
2321 4955 2376 5013 et
2407 4957 2689 5013 nonnulla
2715 4955 2910 5013 Graeca
2932 4955 3285 5028 exemplaria
3316 4955 3610 5027 Evangelii

1959 5045 2085 5090 κατά
2115 5032 2423 5097 Joannem;
2458 5029 2744 5084 MARTIAN.

2031 5137 2097 5145 ——
2113 5096 2477 5173 Mss.quibus
2492 5100 2715 5154 utimur
2730 5116 2934 5154 omnes
2950 5096 3609 5173 Bellisaz'da.Bonfrerius

1961 5177 2063 5245 ait,
2094 5170 2401 5245 Meliorum
2428 5177 2732 5245 auctorum
2769 5171 3058 5245 sententia
3081 5175 3170 5245 est
3200 5170 3611 5245 imprimisque

1960 5241 2317 5318 Hieronymi,
2352 5244 2445 5299 hic
2475 5243 2786 5318 legendum
2836 5258 2977 5318 esse?
3010 5241 3409 5318 Belliesdqpro
3458 5241 3612 5299 Beth-

1958 5318 2119 5374 saz'da
2148 5313 2283 5372 nam
2315 5320 2369 5371 et
2426 5313 2603 5370 Graeci
2663 5313 2891 5370 codices
2948 5315 3206 5369 Belhcsda
3258 5313 3496 5378 habent,
3554 5318 3612 5369 et

1966 5388 2234 5445 nonnulli
2270 5386 2598 5458 Latinifuti
2630 5391 2686 5440 et
2718 5386 2903 5440 versio
2938 5386 3193 5458 Syriaca.
3234 5384 3382 5458 Quid
3415 5388 3611 5440 autem

1961 5457 2543 5531 signiﬁeetBethesda
2569 5474 2681 5512 non
2734 5475 2850 5531 una
2879 5456 3336 5531 est;_sententia,
3380 5461 3437 5531 et
3463 5471 3619 5531 ‘yere

1960 5524 2188 5587 deliniri
2221 5530 2278 5602 id
2316 5547 2431 5602 non
2466 5534 2652 5602 potest
2701 5529 2813 5583 nisi
2844 5531 2915 5585 de
2973 5528 3257 5602 Hebraica
3299 5524 3622 5602 scriptione

1959 5604 2205 5660 constet.
2241 5596 2482 5677 Syriaca
2508 5600 2693 5661 versio
2724 5612 2896 5663 man
2937 5610 3033 5662 nu
3068 5596 3395 5661 Bethehesda
3420 5596 3527 5667 per
3576 5600 3621 5658 Π
