4088 6166
527 254 640 322 931
1769 252 1835 314 s.
1879 248 2191 316 EUSEBH
2233 250 2703 331 HIERONYMI.
3746 263 3841 330 ωε

594 383 954 456 Bethphage,
986 383 1191 442 villula
1217 384 1278 442 in
1331 388 1530 443 monte
1583 385 1808 451 Oliveti,
1879 387 1948 440 ad
1999 401 2174 456 quem
2203 386 2261 452 Α
2291 390 2388 441 tur
2420 404 2432 442 :
2471 402 2645 458 quem
2678 404 2809 443 cum
2833 388 3081 461 cepisset
3099 387 3318 458 Naban,
3340 390 3840 463 appellavitNaboth.

517 473 677 527 venit
706 473 985 528 dominus
1015 473 1211 530 Jesus.
2287 473 2415 529 Fuit
2445 479 2640 530 autem
2673 476 2731 530 in
2761 477 2919 532 tribu
2947 477 3214 534 Manasse
3234 477 3291 533 in
3324 479 3542 550 regione
3585 482 3844 540 Trachoni-

590 561 890 631 Bethania,
919 561 1060 617 villa
1088 563 1146 619 in
1179 564 1437 619 secundo
1465 563 1538 618 ab
1586 564 1734 618 Elia
1780 562 2078 627 milliario,
2113 563 2173 617 in
2283 562 2393 616 tidi
2416 564 2586 632 juxta
2620 565 2883 620 Bostran.

515 651 694 706 latere
725 651 945 706 montis
975 651 1179 707 Oliveti
1213 670 1226 707 :
1262 653 1360 707 ubi
1394 651 1657 708 Salvator
1687 653 1968 708 Lazarum
1992 652 2175 706 susci-
2355 650 2497 706 Cata
2528 656 2588 705 ta
2617 651 2860 722 chrysea
2889 655 2969 725 (id
2999 659 3107 722 est,
3147 655 3218 710 ad
3271 657 3475 724 aurea).
3535 656 3669 712 Sunt
3692 663 3842 715 autem

513 740 678 809 tavit,
712 741 882 810 cujus
903 743 960 794 et
989 745 1440 795 monumentum
1477 740 1734 796 Ecclesia
1766 757 1923 795 nunc
1953 739 2170 794 ibidem
2283 743 2510 794 montes
2541 739 2667 794 auri
2723 741 2941 797 fertiles
2988 742 3045 797 in
3107 744 3348 813 deserto,
3390 742 3578 816 procul
3628 738 3843 804 undecim

519 833 781 884 extructa
816 829 1200 884 demonstrat.
2282 827 2690 884 mansionibus
2721 847 2754 884 a
2785 829 3004 886 Choreb
3037 832 3075 902 ί,
3105 832 3274 902 juxta
3302 849 3444 905 quos
3474 832 3646 888 Moses
3681 833 3842 891 Deuts-

561 916 928 1002 ’Bethabara,
962 921 1124 972 trans
1156 918 1495 994 Jordanem,
1529 917 1630 972 ubi
1661 916 1917 972 Joannes
1949 916 2008 970 in
2051 931 2168 986 poe-
2281 917 2612 973 ronomium
2644 919 2950 990 scripsisse
3009 921 3360 991 perhibetur.
3416 922 3518 977 Sed
3570 925 3622 977 et
3660 922 3842 979 metallo

515 1003 824 1061 nitentiam
899 1006 1278 1076 baptizabat,
1366 1006 1523 1061 unde
1595 1010 1652 1060 et
1729 1022 1916 1077 usque
1997 1004 2169 1060 hodie
2280 1008 2412 1062 aris
2444 1008 2597 1063 Fano
2628 1009 2804 1080 (quod
2863 1014 3060 1066 nostro
3093 1016 3352 1083 tempore
3380 1012 3624 1079 corruit),
3663 1017 3843 1069 montes

511 1093 752 1166 plurimi
798 1095 869 1149 de
927 1095 1227 1160 fratribus,
1289 1095 1398 1150 hoc
1459 1098 1544 1150 est
1603 1095 1678 1149 de
1744 1110 1986 1149 numero
2045 1109 2167 1148 cre-
2277 1112 2556 1151 venarum
2587 1097 2712 1152 auri
2746 1096 2946 1168 plenos
2979 1097 3118 1153 olim
3151 1099 3331 1156 fuisse
3357 1099 3567 1155 vicinos
3590 1098 3842 1154 aestimant.

522 1183 810 1251 dentium,
846 1182 926 1238 ibi
959 1184 1186 1240 renasci
1221 1184 1546 1255 cupientes,
1604 1183 1762 1238 vitali
1807 1182 2168 1255 gurgitezba-
2347 1185 2684 1253 Cademoth,
2720 1187 3036 1258 desertum,
3071 1204 3140 1243 ex
3169 1204 3282 1260 quo
3315 1188 3435 1243 loco
3499 1187 3646 1243 misit
3671 1187 3844 1260 legatos

517 1271 835 1344 ptizantur.
2275 1272 2465 1328 Moses
2495 1274 2567 1328 ad
2596 1277 2744 1329 Seon
2777 1273 2994 1346 (regem
3012 1275 3516 1347 Amorrhaeorum).

580 1360 894 1428 Bethesda,
928 1359 1157 1432 piscina
1185 1360 1245 1415 in
1277 1359 1605 1417 Jerusalem
1665 1377 1790 1431 quae
1851 1359 2168 1414 vocabatur
2345 1360 2600 1429 Cariath,
2633 1363 2797 1418 vicus
2829 1363 2928 1435 qui
2959 1365 3068 1420 sub
3110 1365 3271 1420 Gaba
3300 1363 3590 1436 metropoli
3626 1363 3736 1418 luit.

505 1443 812 1524 προϐατικὴ
865 1453 945 1521 (ει
985 1466 1017 1503 a
1052 1449 1220 1505 nobis
1277 1448 1644 1522 interpretari
1711 1452 1921 1520 potest,
1951 1464 2166 1519 pecua-
2346 1450 2542 1515 Cedes,
2577 1449 2777 1506 civitas
2809 1467 2986 1522 quam
3037 1453 3188 1524 cepit
3215 1450 3406 1518 Jesus,
3443 1468 3568 1524 rege
3595 1451 3755 1523 ipsius
3779 1450 3845 1505 in-

510 1538 628 1596 lisi.
665 1538 793 1593 Haec
825 1537 1084 1609 quinque
1115 1538 1413 1609 quondam
1446 1538 1704 1608 porticus
1736 1536 1941 1592 habuit
1971 1540 2164 1591 osten-
2277 1537 2538 1592 terfecto.
2572 1539 2668 1594 Est
2695 1544 2888 1595 autem
2923 1541 2980 1594 in
3013 1545 3170 1597 sorte
3202 1539 3388 1596 tribus
3412 1540 3588 1596 Judaa.

509 1626 848 1696 dunturque
895 1623 1117 1696 gemini
1184 1624 1369 1691 lacus,
1431 1640 1681 1694 quorum
1759 1641 1913 1679 unus
1973 1623 2164 1677 biber-
2345 1627 2686 1694 Cademoth,
2719 1628 2902 1684 altera
2927 1629 3133 1685 civitas
3167 1628 3422 1685 ﬁliorum
3455 1629 3665 1685 Ruben.

510 1712 602 1778 nis
623 1711 837 1784 pluviis
867 1711 1100 1783 impleri
1128 1712 1277 1767 solet
1311 1730 1323 1766 ε
1360 1712 1507 1767 alter
1551 1712 1768 1767 mirum
1826 1712 1885 1766 in
1919 1713 2162 1766 modum
2193 1751 2242 1816 B
2345 1714 2589 1784 Cedson,
2626 1716 2682 1770 in
2713 1715 2869 1771 tribu
2903 1717 3127 1786 Ruben,
3163 1718 3304 1772 urbs
3335 1721 3592 1789 separata
3625 1714 3815 1771 Levitis.

508 1800 751 1866 rubens,
779 1800 948 1872 quasi
979 1801 1238 1856 cruentis
1271 1801 1461 1872 aquis,
1524 1801 1750 1872 antiqui
1781 1800 1839 1856 in
1875 1816 1937 1856 se
1968 1799 2159 1874 operis
2193 1799 2242 1816 "
2823 1805 2912 1860 DE
2959 1805 3163 1861 LIBRO
3193 1806 3382 1862 JESU.

505 1888 673 1961 signa
705 1893 970 1944 testatur.
1010 1889 1154 1944 Nam
1186 1889 1410 1945 hostias
1441 1889 1500 1944 in
1534 1905 1600 1945 eo
1649 1888 1830 1945 lavari
1889 1906 1923 1944 a
1963 1906 2158 1944 sacer-
2338 1891 2596 1964 Capseel,
2630 1893 2688 1947 in
2721 1893 2879 1948 tribu
2909 1894 2940 1948 J
2949 1895 3085 1949 uda.

517 1978 752 2034 dotibus
799 1977 1002 2034 solitas
1062 1978 1277 2045 ferunt,
1313 1978 1469 2033 unde
1534 1982 1590 2033 et
1653 1995 1862 2034 nomen
1924 1994 2158 2050 accepe-
2345 1981 2506 2045 Cina,
2547 1981 2606 2035 in
2645 1981 2803 2036 tribu
2832 1981 3004 2037 Juda.

509 2067 604 2123 rit.
2337 2069 2491 2125 186
2521 2068 2694 2138 Ceila,
2723 2069 2784 2124 in
2824 2071 2981 2125 tribu
3031 2070 3206 2139 Juda,
3259 2071 3358 2127 ubi
3415 2070 3687 2143 quondam
3735 2065 3850 2124 sedit

987 2157 1079 2212 DE
1127 2156 1664 2212 PENTATEUCHO.
2269 2158 2445 2214 David
2470 2175 2483 2226 ;
2518 2163 2574 2214 et
2606 2175 2760 2214 nunc
2787 2167 2876 2214 est
2898 2159 3034 2214 villa
3063 2159 3199 2215 Cela
3219 2161 3291 2216 ad
3312 2159 3636 2216 orientalem
3663 2157 3842 2229 plagam

573 2245 843 2301 Carnaim
931 2244 1222 2300 Astaroth.
1303 2244 1574 2300 Carnaim
1637 2260 1791 2298 nunc
1849 2243 2011 2299 vicus
2071 2249 2160 2299 cst
2334 2244 2850 2317 Eleutheropoleos
2900 2246 3281 2319 pergentibus
3337 2247 3610 2312 Chebron,
3639 2245 3778 2317 quasi
3802 2242 3844 2296 in

504 2334 745 2408 grandis
775 2335 836 2389 in
891 2333 1106 2406 angulo
1157 2335 1436 2388 Batanaeae
1468 2338 1524 2388 et
1553 2332 1886 2405 appellatur
1921 2333 2156 2388 Carnzea
2265 2339 2462 2390 octavo
2520 2333 2814 2401 milliario,
2871 2335 2930 2390 in
2963 2335 3302 2407 sepulcrum
3362 2339 3702 2392 monstratur
3747 2347 3846 2403 pro-

503 2429 672 2480 trans
708 2423 928 2479 ﬂuenta
966 2422 1275 2489 Jordanis;
1319 2423 1677 2494 traduntque
1721 2421 1801 2476 ibi
1832 2421 2014 2476 fuisse
2053 2421 2154 2476 do-
2266 2423 2453 2494 phetae
2483 2423 2773 2478 Habacuc.

511 2529 676 2568 mum
707 2512 836 2568 Job.
861 2512 972 2567 Sed
1003 2515 1060 2567 et
1088 2528 1267 2583 supra
1288 2510 1667 2567 meminimus
1689 2510 1934 2565 Carnaeae
1955 2509 2153 2574 viculi,
2341 2511 2733 2580 Cariathbaal,
2766 2512 2970 2568 civitas
2995 2513 3179 2569 Jarim
3212 2513 3272 2569 in
3303 2513 3458 2570 tribu
3486 2513 3644 2570 Juda.

505 2601 568 2656 iu
599 2616 752 2656 nono
783 2601 854 2656 ab
884 2599 1032 2656 Elia
1062 2598 1354 2656 milliaria.
2333 2605 2505 2670 Cane,
2537 2603 2596 2656 in
2630 2603 2789 2657 tribu
2820 2603 3118 2675 Ephraim.

549 2689 783 2756 “Cedes,
818 2689 915 2744 ubi
951 2689 1079 2745 fons
1105 2688 1314 2760 judicii
1367 2707 1381 2744 :
1442 2692 1533 2745 est
1562 2693 1622 2744 et
1676 2688 2043 2745 Cadesbarne
2093 2687 2151 2742 in
2333 2691 2624 2763 Capsaim,
2656 2692 2714 2745 in
2743 2691 2898 2747 tribu
2930 2693 3232 2765 Ephraim.

507 2777 755 2843 deserto,
788 2793 914 2849 qua
946 2777 1322 2848 conjungitur
1351 2776 1570 2832 civitati
1593 2777 1773 2833 Petra
1804 2775 1863 2830 in
1893 2776 2106 2831 Arabia
2137 2793 2151 2831 :
2331 2784 2504 2841 Cana.
2537 2779 2596 2834 in
2627 2779 2783 2834 tribu
2819 2781 3105 2838 Manasse.

505 2865 586 2920 ibi
607 2865 845 2921 occubit
876 2865 1061 2921 Maria
1093 2882 1105 2920 :
1140 2865 1294 2920 183
1328 2868 1384 2920 et
1419 2869 1628 2931 Moses,
1673 2881 1819 2937 rupe
1855 2881 2151 2938 percussa,
2329 2868 2802 2940 Chariathiarim,
2836 2887 2962 2941 quae
2993 2876 3049 2926 et
3094 2872 3482 2941 Cariathbaal,
3536 2871 3716 2927 civitas
3760 2863 3846 2920 sal-

502 2971 716 3027 aquam
767 2954 991 3010 sitienti
1023 2955 1238 3026 populo
1299 2954 1478 3009 dedit.
1538 2954 1897 3008 Monstratur
1934 2953 2152 3009 ibidem
2259 2961 2428 3012 tuum
2460 2974 2577 3012 una
2605 2959 2676 3013 de
2707 2958 2953 3014 urbibus
3011 2960 3469 3017 Gabaonitarum
3507 2951 3842 3032 pertinensad

502 3059 690 3121 usque
725 3043 782 3097 in
823 3047 1170 3115 praesentem
1202 3042 1358 3098 diem
1391 3041 1726 3114 sepulcrum
1784 3041 1970 3097 Mariae
1997 3060 2010 3109 ;
2044 3043 2146 3097 sed
2193 3117 2222 3121 ὴ
2258 3046 2479 3102 tribum
2507 3046 2693 3114 Judae,
2723 3048 3000 3104 euntibus
3031 3051 3103 3105 ab
3133 3050 3284 3106 [Elia
3315 3048 3622 3121 Diospolim
3651 3045 3745 3117 (Al.
3769 3044 3844 3097 lle-

501 3118 558 3188 et
604 3132 898 3204 principes
949 3131 1185 3187 Amalec
1243 3131 1322 3185 ibi
1382 3148 1415 3186 a
1471 3129 1961 3203 Chodorlagomer
2015 3131 2147 3186 caesi
2179 3117 2222 3183 C
2263 3135 2531 3207 liopolim)
2580 3135 2639 3190 in
2685 3135 2959 3192 milliaria
3006 3155 3158 3194 nono
3189 3141 3230 3195 ³.
3263 3141 3345 3196 De
3402 3117 3509 3194 hac
3568 3136 3666 3191 fuit
3722 3130 3846 3187 Urias

500 3225 659 3277 sunt.
1509 3289 1511 3295 ι
2262 3223 2565 3295 propheta,
2601 3241 2778 3296 quem
2834 3225 3124 3282 interfecit
3178 3229 3405 3284 Joacim
3456 3227 3513 3282 in
3555 3219 3847 3282 Jerusalem,

544 3298 744 3381 'Cene,
775 3310 934 3382 regio
956 3309 1291 3382 principum
1321 3308 1734 3364 Idumaeorum.
2261 3311 2415 3367 sicut
2447 3312 2652 3367 scribit
2687 3313 2973 3371 Jeremias
3003 3317 3175 3388 (xxvx,
3207 3320 3322 3386 20).
3384 3317 3489 3372 Sed
3520 3319 3572 3371 et
3599 3313 3651 3369 in
3681 3305 3845 3366 Parali-

536 3463 542 3470 ι
571 3398 1158 3466 Cariathaim,civitas
1181 3414 1358 3470 quam
1382 3400 1756 3452 extruxerunt
1787 3395 1890 3450 filii
1924 3396 2150 3454 Ruben.
2262 3417 2551 3472 pomcnon
2573 3399 2721 3456 libro
2756 3403 2804 3474 (Ι
2832 3406 3020 3460 Paral.
3057 3423 3120 3473 11,
3149 3407 3245 3478 50)
3295 3406 3450 3462 filius
3513 3401 3672 3460 Sobal
3699 3394 3848 3472 appel-

500 3487 666 3543 Nunc
697 3491 891 3544 autem
913 3492 1002 3544 est
1030 3488 1192 3542 vicus
1223 3486 1570 3543 Christianis
1601 3485 1876 3542 omnibus
1915 3485 2149 3554 ﬂorens,
2261 3489 2418 3544 latur
2447 3489 2875 3546 Cariathiarim.

496 3578 668 3648 juxta
701 3577 983 3633 Medaban
1021 3576 1224 3632 urbem
1255 3575 1498 3643 Arabize,
1531 3580 1588 3630 et
1631 3574 1955 3646 appellatur
1983 3577 2152 3629 Coro-
2331 3579 2545 3646 uision,
2570 3578 2629 3634 in
2653 3580 2811 3635 tribu
2831 3581 3120 3650 Issachar,
3153 3583 3361 3642 civitas
3382 3586 3637 3657 separata
3663 3572 3845 3633 Levitis-

508 3665 699 3736 jatha,
732 3665 792 3720 in
823 3665 1050 3720 decimo
1081 3664 1355 3720 milliario
1380 3664 1732 3736 supradicta:
1760 3662 1922 3718 urbis
1952 3668 2155 3718 contra
2329 3667 2601 3736 Chartha,
2636 3668 2695 3724 in
2727 3669 2882 3724 tribu
2909 3667 3194 3739 Zabulon,
3227 3673 3431 3730 civitas
3450 3672 3701 3745 separata
3726 3659 3847 3720 Levi-

507 3754 926 3810 occidentalem
959 3755 1214 3827 plagam,
1245 3753 1470 3808 vicinus
1509 3754 1637 3823 ejus
1659 3751 1790 3820 loci,
1827 3752 1926 3824 qui
1963 3751 2155 3824 appel-
2260 3756 2358 3811 tis.

503 3841 663 3898 latur
690 3847 890 3896 Baare.
2331 3845 2497 3900 Cotta
2524 3845 2566 3914 3,
2596 3845 2653 3899 in
2690 3845 2846 3902 tribu
2877 3847 3160 3917 Zabulon,
3189 3851 3392 3907 civitas
3444 3851 3696 3920 separata
3722 3836 3848 3897 Levi-

571 3928 979 3984 Cariatharbee
1034 3929 1114 4001 (id
1170 3934 1261 3985 est
1299 3928 1498 3984 villula
1555 3930 1850 4000 quatuor),
1905 3934 1963 3984 et
2008 3929 2151 3985 Che-
2260 3933 2358 3988 tis.

501 4017 671 4085 bron,
704 4018 776 4072 de
816 4035 933 4089 qua
956 4019 1079 4089 jam
1113 4035 1292 4090 supra
1321 4018 1598 4073 diximus.
2331 4021 2489 4076 Cana
2519 4021 2559 4090 ‘,
2597 4039 2781 4094 usque
2811 4024 2881 4078 ad
2916 4025 3192 4082 Sidonem
3227 4029 3507 4098 majorem
3547 4027 3650 4097 (est
3674 4016 3846 4092 quippe

573 4105 815 4171 Canath,
844 4106 1009 4162 vicus
1037 4107 1283 4173 Arabia),
1317 4107 1417 4179 qui
1460 4123 1616 4162 nunc
1675 4105 1937 4162 Canatha
2008 4106 2152 4161 dici-
2260 4113 2317 4165 et
2338 4110 2519 4165 altera
2550 4110 2760 4176 minor,
2795 4112 2865 4166 ad
2898 4115 3066 4183 cujus
3101 4115 3539 4171 distinctionem
3563 4111 3736 4182 major
3758 4105 3848 4160 hEO

499 4228 764 4300 exprimi,
787 4228 1233 4309 "significatque
1279 4232 1513 4309 domum
1574 4229 2002 4309 misericordniwﬂ
2038 4228 2149 4309 Alii
2259 4235 2415 4309 idem
2447 4239 2586 4288 sunt
2615 4250 2627 4289 :
2660 4236 2891 4309 tametsi
2916 4238 3008 4291 vix
3039 4239 3228 4309 possit
3251 4245 3408 4295 certo
3439 4233 3718 4309 intervallo
3744 4225 3849 4309 deli:

497 4298 602 4372 per
624 4314 664 4381 ις
688 4300 864 4381 scribi
883 4298 1576 4381 volunt,lsigni_iicarique
1596 4301 1817 4381 domum
1837 4298 2148 4381 effusioiiis,
2259 4306 2392 4381 _niri,
2426 4311 2576 4381 quot
2599 4304 2892 4362 milliariis
2922 4298 3056 4364 una‘
3079 4327 3324 4381 quaeque
3366 4310 3586 4381 mansio
3632 4305 3735 4361 sive
3748 4298 3846 4381 ‘diei

498 4369 652 4455 quod
686 4371 904 4459 inmeam
931 4389 1097 4444 aqua:
1118 4369 1320 4444 templi
1342 4369 1935 4431 eflunderenturnuix
1958 4372 2148 4426 esched
2256 4369 2388 4459 inter
2421 4369 2735 4459 constaret,
2764 4395 2905 4459 quae
2965 4397 3068 4451 pro
3096 4369 3112 4380 ⁸
3137 4369 3401 4438 loc‘opum
3463 4380 3672 4436 ratione
3712 4369 3848 4444 plura

498 4440 653 4499 enim
685 4440 881 4518 eﬁ‘usio
911 4440 1046 4518 est.
1241 4440 1258 4444 ’
1302 4516 1308 4518 _
1398 4515 1425 4518 __
1631 4511 1678 4518 Α,
1801 4514 1813 4518 _
1880 4513 1918 4518 _
2069 4512 2078 4518 _
2180 4501 2219 4518 η
2259 4447 2440 4502 fuisse
2471 4453 2574 4502 aut
2607 4440 2904 4518 pauciora,
2939 4440 3210 4507 n‘eccesse
3243 4458 3354 4508 est.

529 4541 536 4544 -
569 4521 584 4552 ¹
619 4501 817 4593 Procul
848 4515 1517 4593 uiidecimmansioliibus
1555 4511 1845 4593 aAClioreb.
1880 4512 2032 4567 Editi
2066 4512 2144 4568 le-
2177 4501 2223 4566 D
2262 4501 2269 4502 ⁷
2324 4501 2449 4593 971771:
2469 4501 2746 4593 milliaria
2764 4501 3456 4593 ﬁdi:b.f'13}67ibho'li}ium
3511 4517 3737 4576 milliare
3771 4524 3848 4582 ρο·

496 4588 668 4662 gunt,
699 4584 951 4662 undecim
978 4585 1227 4662 millibus
1257 4602 1290 4638 (ι
1326 4584 1548 4662 ςὴονβὺ.
1583 4583 1690 4646 Qui
1738 4582 2144 4662 _l_ocus__corru-
2257 4589 2531 4662 nunthic
2563 4590 2701 4644 editi
2735 4596 2906 4647 antea
2937 4592 3090 4648 libri.
3128 4595 3417 4651 Maurum.
3617 4660 3643 4662 r_
3745 4649 3788 4662 ι,

497 4653 809 4728 ptissimus
839 4660 1037 4738 est,ut.
1059 4661 1216 4738 patet
1246 4673 1314 4738 ex
1341 4655 1771 4738 Deuteronomii
1807 4654 1991 4738 capite
2025 4656 2147 4738 pri-
2257 4659 2548 4738 m—Olim
2581 4665 2705 4716 erat
2732 4663 3000 4738 milliaria
3060 4682 3195 4738 tino.
3229 4667 3359 4738 Ipse
3390 4668 3578 4738 autem
3609 4653 3848 4738 Eusebii]?

499 4726 652 4803 mo,e
680 4741 796 4803 quo
827 4727 1004 4803 verba
1025 4726 1227 4803 isthzec
1249 4727 1562 4803 desumpta
1610 4726 2144 4803 suntab‘Eusebio,
2256 4731 2760 4803 Hieronymusque
2809 4733 2945 4789 alibi
3007 4737 3079 4791 ad
3111 4726 3309 4792 vocefn
3370 4736 3527 4801 Baal,
3577 4726 3848 4803 nedum}!

496 4799 595 4870 qui
629 4793 840 4870 et'ipse
871 4798 1046 4870 habet
1076 4798 1329 4870 undecim
1357 4793 1481 4870 dies
1505 4813 1606 4868 pro
1629 4797 1908 4870 _undecim
1940 4793 2147 4870 milliaL
2256 4819 2396 4858 nono
2427 4793 2577 4858 hanc
2628 4793 2833 4859 urbem
2893 4805 2951 4859 in
3012 4807 3217 4863 decimo
3275 4809 3341 4863 ab
3401 4793 3542 4861 ﬁlii;
3597 4793 3847 4868 Diospolim

495 4868 669 4925 ribus.
696 4868 909 4942 itaque
947 4869 1109 4942 locus
1141 4869 1198 4924 in
1235 4886 1350 4942 quo
1408 4869 1595 4942 Moses
1627 4868 2146 4942 Deuteronomium
2254 4875 2529 4930 milliaria
2561 4873 2868 4930 collocant.

496 4933 1196 5023 scripsisse'perhibetur,
1228 4933 1504 5023 .distabat
1525 4940 1818 5023 .abhlfloreb
1859 4941 1988 5023 sive‘
2011 4941 2145 4995 Cho-
2326 4947 2347 4979 ³
2391 4948 2560 5023 Comi,
2594 4949 2655 5023 in
2687 4948 2836 5023 tribu
2865 4947 3130 5023 Zabulgn.
3168 4954 3387 5023 Desunt
3417 4933 3846 5023 quoque-ﬁstul?c

495 5011 917 5091 ηξὸν-υηόθθὶω
949 5013 1406 5091 ωμηεῇοηίὺμει
1444 5015 1572 5091 £111ij
1603 5011 1809 5091 itip‘tjﬁf‘e
1839 5082 1848 5090 ,
1874 5012 2145 5091 Undecm}
2258 5033 2445 5091 usque
2476 5019 2546 5070 ad
2582 5016 2752 5084 Cana,
2787 5017 2846 5072 in
2877 5019 3169 5076 veteribus
3231 5011 3579 5076 editionibus
3611 5011 3846 5074 HieronY'

497 5083 723 5138 dierum
760 5101 772 5138 :
815 5084 1089 5139 estenim
1122 5085 1232 5138 iter
1252 5083 1479 5139 circiter
1507 5083 1578 5137 50
1617 5081 1955 5136 milliarium
1989 5084 2144 5153 quod
2258 5081 2366 5142 mi:
2395 5088 2681 5142 MARTIAN.

499 5154 771 5234 undecim
823 5155 1031 5234 diebus
1089 5155 1254 5234 lente
1283 5154 1642 5234 procedendo
1684 5153 1886 5208 confici
1935 5152 2142 5234 potuit.
2256 5229 2268 5234 _
2326 5160 2347 5192 ⁴
2378 5159 2545 5234 Caria,
2578 5175 2743 5230 usque
2770 5160 2843 5215 ad
2873 5161 3127 5234 Sidonem
3167 5165 3450 5234 majorem,
3502 5162 3609 5234 etc;
3666 5152 3843 5234 Ῑδοξξλξῃ

499 5223 604 5279 Ubi
638 5231 832 5300 autem
865 5226 1038 5300 fuerit
1065 5218 1351 5300 metuit-tim
1381 5226 1509 5300 ceris
1561 5218 1966 5300 fanum,_quod
1999 5230 2145 5300 terris
2256 5229 2412 5285 hunc
2443 5218 2761 5286 obscurum
2793 5236 2849 5285 et
2879 5232 3202 5288 involutum
3228 5218 3448 5289 fatetur.
3485 5229 3679 5284 doctus
3723 5218 3845 5300 βοιξ·

499 5311 638 5366 pore
672 5295 1005 5376 hieronymi
1039 5299 1275 5376 corruit,
1314 5297 1481 5376 apud
1531 5295 1908 5376 ngeographos
1938 5297 2145 5352 nullibi
2257 5301 2884 5376 l'rerius,quod_multa
2931 5304 3193 5376 videatur
3244 5303 3441 5376 tribui;
3469 5295 3845 5376 Οαηεθξῐιηοξξι

500 5354 753 5438 reperire
788 5354 1104 5438 potuimus.
1139 5354 1280 5424 Vide
1313 5354 1383 5422 in;
1426 5354 1617 5423 Dedin
1648 5354 1817 5422 ihfra.
1854 5365 2144 5424 MARTIAN.
2257 5354 2384 5438 quae
2409 5354 2892 5428 tribuehdaﬁsuut
3221 5354 3556 5431 nam—Caua
3586 5354 3754 5421 minor
3775 5354 3846 5438 eat

571 5390 753 5438 μαινιιύ
789 5390 1104 5438 μυιυιῐῐιυδ.
1149 5390 1280 5424 νιαϐ
1313 5390 1367 5422 In
1426 5390 1617 5423 uelum
1650 5390 1817 5422 lﬂll‘a.
1855 5390 2144 5424 MARTIAN.
2300 5390 2384 5427 uae
2417 5390 2727 5427 tribuenda
2754 5390 2892 5428 sunt
2941 5392 3148 5431 minori
3176 5391 3187 5437 ;
3221 5393 3356 5431 nam
3407 5390 3556 5428 uana
3586 5390 3752 5421 unum
3775 5390 3842 5410 w-

571 5436 945 5518 —.Olim_erat
971 5441 1233 5518 unyecim
1257 5441 1506 5494 millibus
1528 5443 1730 5518 contra
1762 5455 1904 5518 mss.
1941 5440 2145 5518 tidem,
2257 5390 2357 5497 illa
2393 5443 2450 5497 in
2484 5444 2906 5518 qua‘Christus
2937 5464 3150 5518 aquam
3184 5444 3509 5518 mutavitin
3537 5423 3842 5518 vinumyﬂe

501 5508 770 5581 εαοτίςυε
802 5513 1000 5594 ,ιεκιιεθ
1033 5509 1322 5593 οοιιιεηοη
1378 5527 1527 5594 gap,
1555 5528 1593 5594 ι.
1619 5510 1718 5565 ubi
1746 5511 2005 5594 ,αηίιεσίνῖι
2034 5500 2148 5594 es
2256 5531 2376 5594 ςυρτ
2405 5520 2462 5594 es
2501 5500 2843 5594 Nathapael-
2877 5500 3404 5594 ιλίρίεςίέᾱὶιεάιδδο
3435 5500 3839 5594 maereat;

495 5575 912 5651 numerantur.
947 5579 1122 5647 Porro
1152 5582 1329 5646 unius
1360 5575 1475 5638 diei
1514 5581 1667 5640 inter
1705 5585 1765 5638 et
1795 5582 2023 5650 mansio
2053 5582 2147 5642 hic
2256 5575 2376 5645 fuit
2395 5585 2468 5644 ad
2495 5584 2815 5651 tollendam
2846 5575 3290 5665 ambiguitatem
3333 5606 3346 5646 :
3407 5609 3434 5638 «
3487 5575 3637 5640 Cana
3683 5575 3839 5643 υειιιιθ
