4088 6166
255 309 396 381 έ963

1265 320 1368 384 DE
1413 321 1594 387 SITU
1637 323 1738 384 ET
1781 320 2070 384 NOMIN.‘
2107 319 2274 382 LOC.
2323 320 2691 385 HEBRAIC.

3558 330 3684 394 934

248 471 253 477 ·’
278 428 540 520 dicitur).
575 451 708 508 Fuit
737 457 934 509 autem
964 457 1118 510 Cana
1144 454 1204 510 in
1237 455 1392 511 tribu
1423 455 1696 525 Aser,ubi
1731 449 1922 511 Domi-
1952 456 2008 521 Α
2109 456 2348 525 Cedron,
2383 455 2712 527 appellatur
2739 461 2988 527 torrens,
3047 458 3167 515 sive
3218 461 3385 518 vallis
3435 463 3678 533 Cedron,

269 556 387 596 nus
425 545 631 597 noster
659 545 835 614 atque
866 543 1128 600 Salvator
1175 561 1360 616 aquas
1388 546 1564 601 vertit
1593 546 1650 600 in
1699 546 1922 601 vinum.

270 629 439 685 Unde
469 629 794 686 Nathanael
825 648 998 688 verus
1022 632 1286 688 Israelita
1319 633 1635 689 Salvatoris
1664 635 1925 690 testimo-

268 717 370 793 nio
402 721 824 791 comprobatur
849 722 930 789 (et
961 726 1049 777 est
1077 722 1249 778 hodie
1283 723 1627 796 oppidulum
1685 723 1744 778 in
1774 723 1925 779 Gali-

269 805 380 862 lzea
411 807 726 880 gentium).

343 895 545 962 Cedes,
579 897 757 952 sortis
787 897 1181 970 Nephthalim,
1215 899 1420 956 civitas
1451 902 1829 958 sacerdotalis
1860 921 1926 960 ac

272 985 681 1057 fugitivorum,
702 986 763 1041 in
787 985 1023 1043 Galilwa
1044 1005 1221 1060 super
1244 993 1503 1045 montem
1530 991 1924 1062 Nephthalim.

271 1073 386 1130 Sed
415 1079 470 1129 et
498 1074 650 1130 hanc
679 1075 835 1148 cepit
891 1093 989 1132 rex
1043 1078 1437 1150 Assyriorum,
1491 1096 1616 1150 quae
1648 1098 1805 1137 nunc
1836 1081 1926 1138 Ci-

274 1160 476 1218 dissus
505 1161 853 1234 appellatur,
887 1163 946 1217 in
978 1163 1253 1220 vicesimo
1285 1165 1416 1237 Tyri
1462 1166 1734 1224 milliario
1757 1169 1930 1239 juxta

277 1251 632 1306 Paneadem.

350 1339 687 1410 Chartham,
721 1339 778 1394 in
812 1340 968 1396 tribu
997 1341 1393 1414 Nephthalim,
1427 1343 1630 1400 civitas
1661 1349 1928 1417 separata

285 1428 520 1483 Levitis.

661 1517 810 1573 187
857 1519 946 1573 DE
986 1519 1299 1576 JUDICUM
1327 1521 1556 1577 LIBRO.

350 1605 622 1674 Celhron,
655 1597 714 1661 in
769 1607 924 1662 tribu
976 1607 1259 1677 Zabulon,
1307 1609 1365 1664 in
1417 1627 1534 1681 qua
1579 1610 1808 1683 pristini
1841 1626 1928 1668 re-

279 1709 550 1749 mansere
576 1692 852 1750 cultores.

2028 541 2200 611 juxta
2226 542 2549 599 Jerusalem
2591 545 2683 615 (ad
2734 545 3073 602 orientalem
3127 548 3359 621 plagam
3399 551 3570 622 cujus
3625 556 3683 607 et

2034 629 2289 685 Joannes
2323 631 2678 702 evangelista
2711 634 3021 702 meminit).

2106 719 2326 789 Cyrene
2357 718 2436 791 (in
2471 720 2689 776 ﬁnibus
2718 723 2994 794 iEgypti,)
3033 725 3106 779 ad
3140 741 3314 796 quem
3347 726 3542 784 locum
3583 745 3683 784 rex

2039 806 2408 877 Assyriorum
2440 809 2743 865 transtulit
2776 811 3191 868 Damascenos.

2107 897 2262 951 190
2291 898 2422 964 Coa,
2465 913 2590 967 qum
2621 902 2710 952 est
2730 899 2902 969 juxta
2926 901 3254 974 ngyptum.

2106 983 2460 1055 Carchedon,
2488 985 2540 1039 id
2575 991 2664 1041 est
2692 987 2979 1060 Carthago
3012 1006 3024 1043 :
3061 991 3231 1062 cujus
3263 991 3443 1048 lsaias
3475 997 3531 1050 et
3553 993 3684 1049 Eze-

2037 1072 2186 1128 chiel
2227 1073 2285 1127 in
2314 1073 2537 1129 visione
2567 1075 2698 1146 Tyri
2730 1077 3110 1134 recordantur
3143 1096 3154 1134 :
3199 1097 3302 1151 pro
3342 1097 3458 1152 quo
3491 1083 3550 1137 in
3573 1082 3684 1138 He-

2037 1161 2234 1217 braico
2253 1162 2500 1217 THARSIS
2531 1164 2812 1235 scriptum
2836 1170 2943 1220 est.
2978 1167 3088 1222 Sed
3119 1171 3174 1222 et
3203 1168 3273 1223 de
3304 1168 3412 1224 hac
3437 1169 3684 1226 inlibris

2036 1251 2426 1306 llebraicarum
2458 1252 2832 1319 Quaestionum
2866 1256 2879 1286 ‘
2916 1253 3145 1326 plenius
3177 1255 3432 1311 diximus

2109 1339 2310 1409 leas,
2343 1339 2400 1393 id
2432 1344 2520 1395 est
2539 1340 2705 1396 vallis
2743 1342 3045 1414 Josaphat,
3089 1345 3243 1400 inter
3261 1345 3595 1402 Jerusalem
3627 1351 3687 1402 et

2037 1432 2295 1483 montem
2329 1427 2554 1483 Oliveti.
2589 1431 2763 1501 (Lege
2795 1431 3137 1502 prophetam
3165 1433 3288 1488 Joel
3333 1451 3416 1505 ιιι,
3443 1435 3521 1505 2).

2110 1517 2339 1586 Cedem,
2367 1517 2425 1571 in
2459 1518 2717 1573 Ezechiel
2751 1535 2763 1572 :
2797 1520 2952 1590 quod
2976 1520 3185 1592 Aquila
3211 1527 3268 1576 et
3297 1521 3686 1592 Symmachus

2038 1605 2499 1676 interpretantur
2528 1606 2830 1662 orientem.

2108 1695 2312 1764 Cedar,
2349 1694 2404 1748 in
2461 1694 2744 1764 Ezechiel,
2788 1698 3066 1769 principes
3121 1698 3291 1754 Cedar
3346 1700 3520 1770 (xxvn
3572 1701 3686 1772 21).

349 1779 582 1889 Gai-car,
741 1781 845 1837 ﬁlii
887 1787 1054 1839 erant
1081 1785 1261 1841 Zebee
1317 1791 1373 1842 et
1426 1785 1721 1856 Salmana,
1783 1806 1928 1858 quos
1960 1825 2008 1889 B
2037 1784 2148 1874 S'ed
2182 1787 2238 1889 et
2269 1783 2450 1889 lsaias
2475 1787 2537 1889 et
2559 1783 2851 1889 Jeremias
2879 1785 2936 1889 in
2971 1786 3194 1842 visione
3253 1787 3479 1886 Arabiae
3510 1787 3691 1859 hujus

273 1869 568 1924 interfecit
605 1869 838 1926 Gedeon
891 1890 904 1939 ;

278 1962 668 2029 cognomento
698 1960 984 2027 Carcaria,
1048 1962 1222 2018 unius
1255 1963 1368 2018 diei
1427 1965 1633 2020 itinere
1682 1967 1753 2021 ad
1786 1966 1932 2022 urbe

263 2050 454 2117 ‘Petra
483 2047 731 2103 distans.

251 2159 272 2166 ν
357 2138 594 2201 Camon,
625 2135 825 2192 civitas
847 2137 993 2206 Jair,
1027 2139 1087 2194 in
1113 2156 1231 2211 qua
1259 2147 1313 2196 et
1366 2141 1634 2213 sepultus
1665 2147 1771 2210 est,
1797 2160 1929 2198 cum

283 2223 546 2294 primum
569 2224 895 2294 judicasset
924 2227 1206 2298 populum
1241 2229 1435 2286 Israel.
1464 2230 1808 2303 Appellatur
1836 2249 1934 2288 au-

277 2318 401 2367 tem
457 2312 741 2385 hodieque
796 2314 960 2371 vicus
993 2317 1251 2386 Cimone,
1314 2319 1372 2373 in
1405 2336 1611 2392 campo
1643 2319 1931 2377 latissimo

277 2418 379 2456 sex
404 2401 668 2458 millibus
698 2420 732 2458 a
758 2404 1007 2476 Legione
1035 2407 1106 2461 ad
1149 2408 1665 2479 septentrionalem
1698 2410 1930 2483 plagam

279 2490 663 2562 pergentibus
696 2491 1129 2549 Ptolemaidem.

351 2579 548 2643 Cison.
577 2584 827 2649 torrens,
853 2582 1024 2652 juxta
1053 2588 1312 2640 montem
1341 2585 1572 2642 Thabor
1604 2605 1616 2643 :
1662 2587 1761 2642 ubi
1795 2603 1934 2644 con-

276 2671 372 2723 tra
399 2668 658 2724 Sisaram
690 2669 1034 2727 dimicatum
1067 2677 1175 2729 est.

351 2757 612 2820 Cadomi,
671 2762 920 2830 torrens,
977 2762 1148 2833 juxta
1178 2779 1351 2834 quem
1415 2763 1681 2820 Debbora
1713 2765 1931 2821 bellum

277 2851 533 2992 gesCZlas
561 2935 904 2993 Titanorum
936 2938 1015 3009 (id
1043 2944 1132 2995 est
1160 2939 1330 2996 vallis
1361 2941 1932 3014 Gigantum),adver-

281 3040 388 3080 sus
419 3041 568 3096 quos
596 3025 893 3096 przsliatus
921 3031 1010 3083 est
1031 3027 1234 3086 David.

352 3112 730 3180 Clauthmon,
763 3114 822 3169 id
855 3119 961 3182 est,
995 3116 1239 3174 fletuum
1269 3117 1454 3187 locus,
1499 3137 1532 3175 a
1562 3119 1799 3191 planctu
1830 3137 1932 3176 no-

283 3218 422 3256 men
455 3201 766 3273 accipiens.

700 3291 791 3346 DE
826 3292 1226 3350 REGNORUM
1261 3295 1514 3352 LIBRIS.

354 3378 514 3447 Beni,
548 3379 705 3452 regio
747 3380 1080 3438 Philistiim.

317 3460 326 3464 ’
354 3467 678 3535 Carmelus,
708 3469 804 3524 ubi
837 3470 1020 3526 Nabal
1053 3473 1349 3543 quondam
1381 3473 1704 3530 Carmelius
1747 3477 1941 3543 fuit,et

285 3573 448 3612 nunc
474 3556 611 3612 villa
641 3562 730 3613 est
761 3558 1067 3615 Chermela
1096 3561 1352 3629 nomine,
1387 3563 1446 3616 in
1489 3563 1712 3619 decimo
1745 3563 1938 3637 lapide

286 3645 490 3715 oppidi
521 3644 802 3713 Chebron,
860 3664 1104 3721 vergens
1163 3651 1234 3705 ad
1293 3650 1635 3707 orientalem
1681 3652 1937 3726 plagam,

294 3732 400 3788 ubi
432 3735 488 3788 et
517 3732 838 3792 Romanum
869 3739 1204 3809 praesidium
1236 3739 1493 3811 positum
1525 3745 1632 3797 est.

286 3965 361 4020 ad
396 3963 674 4037 Sidonem
707 3968 1010 4037 majorem.
1062 3969 1192 4023 Fuit
1249 3974 1442 4025 autem
1499 3969 1658 4024 Cana
1689 3971 1748 4025 in
1780 3972 1935 4027 tribu

266 4038 438 4112 Aser.
471 4036 575 4089 Est
607 4036 838 4112 quoque
869 4044 925 4093 et
946 4038 1136 4112 altera
1164 4041 1358 4095 minor
1389 4041 1483 4112 (ad
1515 4043 1687 4111 cujus
1718 4042 1938 4098 distin-

269 4107 529 4182 ctionem
563 4107 757 4176 major
785 4109 904 4164 haec
929 4110 1162 4182 dicitur)
1197 4113 1296 4167 ubi
1329 4107 1618 4167 Dominus
1650 4118 1869 4182 noster,
1904 4139 1931 4165 ››

266 4185 379 4233 etc.
415 4177 702 4232 MABTIAN.

343 4281 411 4287 ——
442 4249 678 4324 Sidonis
701 4251 1310 4324 parvasiveminoris
1335 4252 1543 4308 nullibi
1569 4253 1789 4309 mentio
1821 4260 1930 4324 est,

267 4320 486 4398 Fraudi
523 4320 974 4398 fuissevidetur
994 4323 1342 4398 Hieronymo
1368 4325 1668 4398 epitheton
1701 4326 1802 4398 τῄς
1837 4320 1933 4398 pta;

268 4386 475 4464 λάγης,
508 4392 663 4460 quod
695 4395 815 4449 Jos.
846 4411 911 4464 Il,
954 4396 1008 4459 2,
1049 4386 1248 4450 Sidoni
1305 4386 1479 4450 datur
1508 4396 1637 4450 sine
1694 4386 1810 4453 ullo
1837 4386 1930 4454 ta-

266 4463 406 4517 men
438 4467 704 4531 respectu
734 4465 805 4519 ud
839 4463 1014 4520 aliam
1040 4466 1327 4521 minorem
1365 4485 1377 4521 :
1408 4466 1574 4522 aliter
1604 4467 1928 4526 Hebraicus

262 4538 465 4608 textus
509 4532 702 4588 habet.
737 4535 1034 4608 Origenes,
1069 4537 1314 4593 credidit
1337 4538 1446 4592 sub
1498 4537 1597 4593 illo
1644 4541 1924 4597 vocabulo

262 4614 352 4670 τὴς
384 4612 607 4676 μεγάλης
637 4607 790 4676 quod
823 4607 1020 4663 Graeca
1076 4608 1252 4663 habet
1306 4610 1514 4674 versio,
1572 4610 1718 4665 duas
1751 4612 1919 4668 Sido-

263 4692 393 4742 nes,
419 4678 476 4731 id
508 4686 598 4736 est
624 4681 924 4763 venatrices
943 4679 1154 4763 latere,
1212 4680 1388 4762 idque
1445 4681 1913 4763 sub.allfegorico

262 4763 445 4822 sensu
472 4765 655 4822 ;_nam
689 4765 752 4803 se
782 4749 1005 4817 scribit,
1055 4749 1322 4822 quamvis
1363 4751 1421 4805 in
1481 4751 1622 4807 locis
1677 4749 1912 4810 Sidonis

261 4817 576 4895 aliquoties
608 4826 1006 4895 commoratus
1066 4817 1163 4891 sit,
1219 4839 1522 4892 nunquam
1555 4825 1912 4895 comperisse

258 4889 418 4942 duas
448 4906 570 4966 esse
600 4891 868 4966 Sidones,
902 4891 1077 4947 aliam
1118 4889 1414 4966 magnam,
1447 4889 1706 4966 etaliani
1735 4965 1745 4966 ί
1778 4913 1910 4966 par-

254 4976 419 5034 vam.
451 4960 634 5023 Quam
668 4963 839 5034 longe
868 4969 1064 5018 autem
1098 4960 1387 5029 aberrent,
1420 4963 1520 5034 qui
1552 4964 1672 5019 haec
1706 4960 1908 5022 Hiero-

985 1876 1074 1928 est
1122 1890 1308 1944 usque
1392 1874 1564 1930 hodie
1623 1876 1929 1932 castellum
1961 1862 2008 1889 ”
2040 1862 2308 1926 vocabuli
2342 1872 2738 1928 recordantur.
2812 1873 2910 1928 Est
2968 1880 3163 1930 autem
3195 1875 3352 1947 regio
3383 1874 3442 1930 in
3495 1891 3692 1933 eremo

2040 1962 2462 2016 Saracenorum
2494 1962 2533 2030 3,
2569 1979 2602 2016 a
2633 1961 2751 2018 filio
2783 1962 3048 2018 Ismaelis
3077 1965 3259 2020 Cedar
3288 1964 3368 2019 ita
3398 1965 3694 2037 cognomi-

2044 2053 2200 2105 nata.

2113 2138 2368 2207 Carioth,
2402 2138 2460 2193 in
2493 2137 2725 2211 regione
2755 2140 3170 2213 Moabitarum,
3223 2142 3378 2198 sicut
3405 2142 3694 2201 Jeremias

2042 2227 2267 2282 scribit.

2115 2315 2547 2387 Capharnaum,
2582 2317 2742 2386 iusta
2787 2321 3062 2389 stagnum
3123 2318 3423 2374 Gennezar
3455 2336 3468 2374 :
3505 2336 3691 2391 usque

2043 2403 2215 2460 hodie
2245 2403 2528 2476 oppidum
2560 2405 2619 2458 in
2650 2404 2886 2461 Galilaea
2921 2406 3184 2477 gentium
3220 2406 3422 2477 situm,
3455 2407 3515 2462 in
3558 2407 3690 2464 fini-

2042 2494 2153 2548 bus
2195 2491 2448 2548 Zabulon
2481 2497 2538 2547 et
2565 2493 2967 2564 Nephthalim.

2045 2583 2326 2652 ﬂuensque
2351 2597 2448 2653 per
2475 2584 2518 2639 ϐ
2538 2583 2796 2649 litteram,
2834 2584 2891 2637 id
2919 2587 2997 2638 est
3027 2584 3271 2640 ercum
3302 2602 3484 2641 ΚΑΡΡΑ
3516 2587 3695 2657 legere

2113 2671 2362 2727 debemus
2391 2689 2410 2725 .·
2441 2672 2642 2728 exinde
2666 2687 2766 2744 per
2793 2672 3121 2728 elementum
3151 2690 3266 2740 cm,
3308 2674 3448 2745 quod
3474 2677 3693 2746 aspira-

2115 2762 2315 2815 tionem
2345 2761 2404 2814 in
2433 2775 2488 2815 se
2515 2762 2771 2829 continet,
2803 2767 2854 2816 et
2877 2777 2912 2815 a
2938 2762 3149 2816 Latinis
3180 2763 3412 2819 minime
3441 2763 3690 2834 habetur,

2113 2849 2468 2905 scribendum
2492 2851 2708 2922 pariter
2737 2866 2800 2904 ac
2829 2850 3133 2919 legendum.

2677 2939 2762 2994 DE
2802 2938 3082 2996 GENESI.

2115 3026 2409 3083 Chalanne
2437 3029 2477 3098 3,
2521 3026 2723 3083 civitas
2753 3027 2914 3100 regni
2946 3029 3198 3084 Nemrod
3239 3030 3296 3084 in
3343 3030 3636 3102 Babylone
3668 3048 3682 3087 :

2045 3118 2213 3188 cujus
2245 3121 2302 3172 et
2332 3115 2512 3172 lsaias
2542 3115 2830 3186 meminit,
2864 3117 3064 3172 dicens
3100 3135 3112 3172 :
3148 3120 3214 3172 Et
3253 3119 3558 3188 Chalanne,
3599 3122 3698 3176 ubi

1965 3191 2007 3258 C
2045 3206 2217 3260 turris
2245 3205 2533 3277 aediﬁcata.

2119 3293 2538 3364 Chalach,urbs
2559 3294 2955 3367 Assyriorum,
2981 3311 3159 3366 quam
3180 3294 3488 3352 aediﬁcavit
3514 3297 3699 3353 Assur

2048 3382 2351 3454 egrediens
2383 3384 2452 3438 de
2481 3387 2666 3438 terrra
2693 3384 2974 3439 Sennaar.

2119 3471 2400 3541 Charran,
2443 3472 2650 3526 civitns
2683 3472 3115 3543 Mesopotamia:
3144 3474 3332 3541 (trans
3366 3474 3688 3545 Edessam),

2049 3576 2175 3630 quae
2210 3576 2395 3631 usque
2427 3559 2596 3614 hodie
2625 3559 2840 3614 Charra
2869 3560 3083 3614 dicitur
3113 3561 3234 3631 (ubi
3278 3561 3576 3617 Romanus
3607 3566 3696 3618 est

2049 3664 2232 3703 cessus
2263 3648 2570 3717 exercitus,
2608 3653 2663 3702 et
2693 3651 2937 3703 Crassus
2975 3649 3093 3703 dux
3124 3650 3371 3719 captus).

2119 3736 2402 3805 Chebron,
2436 3752 2566 3807 quae
2595 3735 2891 3807 quondam
2913 3733 3318 3806 appellabatur
3356 3736 3509 3790 Arbe
3537 3734 3695 3802 (licet

2048 3824 2198 3881 male
2227 3823 2287 3879 in
2319 3824 2528 3880 Grzncis
2557 3823 2854 3880 codicibus
2877 3823 3162 3879 habeatur
3189 3823 3378 3878 Arboc
3411 3839 3424 3878 :
3458 3823 3694 3879 condita

2046 3968 2186 4023 olim
2217 3968 2372 4022 dicta
2401 3971 2510 4023 est.
2545 3969 2612 4022 Et
2641 3971 2881 4022 sanctus
2939 3965 3175 4036 quidem
3227 3964 3489 4021 Hilarius
3529 3970 3691 4025 Com.

2045 4040 2105 4094 in
2151 4038 2304 4094 Psal.
2339 4056 2483 4107 uxrx,
2515 4041 2817 4098 Ostracinis
2858 4037 3144 4107 attribuit,
3178 4037 3341 4093 addit
3377 4042 3598 4109 tamen,
3631 4038 3696 4096 hi

2041 4119 2170 4166 sunt
2198 4126 2346 4164 nunc
2393 4112 2656 4166 Saraceni
2681 4110 3004 4181 nuncitpali.

2112 4182 2133 4215 ³
2164 4182 2464 4245 Chalanne,
2490 4182 2587 4236 ubi
2603 4182 2776 4235 turris
2803 4178 3085 4302 triticeam
3114 4183 3209 4234 est.
3275 4181 3400 4261 Haec
3420 4178 3696 4302 leguntur

2112 4254 2194 4302 iud
2226 4252 2387 4302 LXX-
2433 4254 2538 4302 [3a.
2589 4270 2643 4302 Χ,
2705 4254 2758 4302 9.
2813 4252 2872 4302 In
2953 4251 3172 4302 ’ulnata
3225 4250 3430 4302 Latina
3519 4258 3696 4302 icitur

2042 4254 2196 4325 apud
2226 4252 2389 4323 LXX,
2433 4254 2538 4325 lea.
2589 4270 2644 4325 Χ,
2697 4254 2758 4325 tl.
2812 4252 2872 4306 In
2921 4250 3172 4325 Vulgata
3225 4250 3430 4325 Latina
3476 4250 3696 4325 dicitur

2041 4321 2189 4394 lano,
2223 4326 2322 4380 sed
2358 4321 2569 4379 melius
2605 4321 2663 4378 in
2695 4323 2818 4378 Div.
2877 4321 3234 4377 Bibliotheca
3266 4322 3324 4377 S.
3362 4322 3693 4394 Hieronymi

2043 4396 2634 4474 cautem-Mum.
2683 4466 2722 4474 _
3047 4464 3060 4474 .

2111 4467 2315 4522 ‘Nihil
2348 4466 2637 4536 ejusmodi
2683 4465 2970 4520 Eusebius
3029 4464 3098 4518 de
3159 4461 3373 4536 Ebione
3430 4462 3692 4536 principe

2041 4537 2326 4594 haereseos
2374 4533 2582 4605 tradit;
2609 4544 2782 4608 atque
2805 4541 2894 4591 est
2913 4551 3112 4591 revera
3127 4534 3368 4608 propius
3391 4533 3462 4590 ad
3491 4533 3688 4605 fidem,

2042 4551 2326 4594 haereseos
2374 4551 2582 4605 tradit;
2609 4551 2782 4608 atque
2805 4551 2894 4591 esr.
2913 4551 3112 4591 revera
3127 4551 3368 4659 propius
3391 4551 3462 4590 aa
3491 4551 3688 4605 uuem,

2033 4609 2330 4688 Ebionitas
2360 4627 2393 4665 a
2421 4626 2608 4688 sensus
2630 4615 2951 4688 paup-citate
2977 4623 3124 4678 appe
3151 4605 3317 4675 latos,
3343 4622 3461 4688 nﬁon
3491 4623 3526 4688 θἶ
3551 4623 3691 4688 quo-

2029 4682 2164 4758 dam
2198 4681 2414 4758 Epione
2448 4677 3328 4758 magistro:llieronymuscum
3362 4677 3688 4758 Epiphanio

2025 4752 2183 4820 facit,
2218 4749 2319 4820 qui
2351 4749 2648 4808 hominem
2709 4752 3030 4805 arbitratus
3093 4754 3203 4816 est,
3239 4749 3329 4802 cui
3359 4749 3530 4802 Ebicn
3556 4764 3690 4819 pro-

2019 4825 2208 4892 prium
2237 4820 2336 4878 hoc
2365 4827 2482 4877 erat
2512 4838 2728 4890 nomen,
2760 4838 2871 4876 non
2913 4824 3036 4876 sine
3069 4820 3335 4892 vaticinia
3367 4827 3550 4872 tamen
3581 4821 3688 4873 ali-

2019 4890 2142 4964 auo,
2177 4910 2286 4964 quo
2317 4894 2597 4948 mendicus
2628 4893 2935 4962 infelixque
2961 4895 3084 4962 fore
3113 4890 3690 4964 sz’g_niﬁcaretur,cum

2019 4960 2052 5018 ἱι
2079 4960 2401 5035 parentibus
2432 4965 2488 5018 id
2515 4960 2756 5018 nominis
2819 4960 3125 5035 accepisset.
3161 4960 3290 5013 Vid.
3327 4961 3687 5035 quae__ad_no-

2016 5029 2214 5112 tamus
2245 5036 2300 5090 in
2329 5036 2494 5112 ‘Isaiaa
2526 5039 2701 5106 caput
2750 5029 3027 5112 primum.
3061 5031 3200 5112 Jam
3233 5045 3366 5112 vero
3437 5029 3680 5112 phtibaa,

2016 5106 2205 5176 ipsam
2240 5101 2639 5162 Ebionitarum
2674 5101 2892 5172 sedem,
2951 5103 3127 5176 idem_
3158 5101 3528 5176 Epiphanius
3577 5101 3675 5159 Co?

2014 5171 2142 5250 cabe
2192 5177 2467 5250 appellat.
2520 5179 2580 5231 In
2637 5191 2774 5246 pago
2821 5171 3298 5250 quodam_Cocabe
3330 5174 3393 5226 in
3456 5176 3680 5250 regione

2016 5245 2439 5305 Carnaim'orum
2470 5245 2693 5302 Arnemi
2721 5254 2773 5300 et
2803 5245 3269 5311 Astharothorum,
3331 5251 3387 5298 et
3446 5246 3681 5300 Bosani-

2013 5320 2143 5374 tidis
2183 5327 2380 5388 tractu,
2423 5324 2533 5390 etc.
2566 5319 2679 5374 Nec
2711 5314 3166 5390 chorographica
3215 5315 3568 5390 descriptio
3615 5317 3688 5374 ab

2017 5385 2378 5463 llieronymia
2410 5389 2671 5463 abludit;
2701 5385 3014 5463 _siquid'en{
3055 5391 3191 5463 erat
3215 5385 3342 5442 ilud
3373 5385 3684 5463 op'pidum

2011 5455 2312 5537 i_n_v_ic_inia
2341 5461 2613 5537 Damasci
2647 5455 2718 5514 ad
2748 5455 2991 5537 tertium
3028 5455 3684 5537 quartumvela'pidem

2011 5533 2292 5602 Edrisius,
2327 5533 2424 5603 qui
2460 5532 2568 5587 sub
2603 5529 3213 5604 nomineAGcographi
3246 5529 3571 5604 Nubiensis
3597 5547 3686 5586 ve-

2008 5605 2096 5660 nit
2126 5605 2197 5660 ad
2230 5602 2498 5660 Damasci
2538 5619 2740 5680 pagos,
2772 5602 2972 5676 refert,
3012 5602 3297 5676 vocatque
3328 5602 3595 5676 Caucaba,
3627 5605 3686 5662 et

2011 5675 2155 5734 alias
2191 5674 2415 5734 Catcab.

2011 5675 2155 5734 alias
2191 5675 2415 5736 Catcab.

259 5033 420 5106 gymi
453 5036 628 5091 verba
659 5035 727 5089 de
748 5033 903 5089 Cana
921 5033 1466 5106 intelligunt,liquet
1485 5052 1554 5092 ex
1576 5036 1701 5106 ipso
1725 5041 1904 5093 textu.

259 5102 506 5160 Frustra
536 5107 712 5162 etiam
748 5111 887 5180 sunt
916 5102 1772 5180 Bonfre'riusac'Martianazus,
1807 5110 1907 5180 qui

254 5190 326 5249 ex
353 5177 1059 5249 prmconceptaiopinione
1115 5177 1365 5249 duplicis
1397 5177 1652 5249 Sidonis,
1704 5179 1760 5234 S.
1798 5177 1902 5236 Do-

255 5246 436 5302 ctoris
466 5250 644 5304 verba
660 5246 1009 5303 sollicitant.

328 5319 343 5350 ¹
375 5319 436 5372 1η
465 5320 624 5374 libris
649 5321 1048 5374 Hebraicarum
1093 5320 1488 5386 Quwstionum.
1523 5319 1646 5376 Non
1679 5325 1906 5376 exstant

251 5387 598 5459 hujusmodi
630 5391 973 5455 Questiones
1009 5390 1316 5457 Hebraicze,
1349 5407 1453 5446 nec
1475 5389 1600 5445 aliae
1629 5408 1758 5459 quae
1814 5393 1904 5447 in-

248 5456 348 5515 fra
369 5460 628 5518 citantur
656 5463 715 5518 in
747 5461 928 5518 libros
967 5462 1168 5531 Josue,
1202 5456 1446 5534 Regum,
1471 5466 1528 5517 et
1573 5456 1704 5518 Job.
1741 5463 1901 5518 MAR-

246 5547 383 5586 ἸἹΑΝ
393 5575 403 5586 .

315 5601 614 5660 -’-Videtur
642 5603 714 5659 de
738 5602 1148 5686 ‘suintemporis
1191 5603 1632 5686 nomenclatura
1689 5604 1900 5661 intelli-

245 5687 428 5750 gere;
461 5692 598 5735 nam
629 5677 779 5752 regio
838 5675 1266 5746 Ostracinorum,
1307 5691 1424 5735 non
1482 5675 1895 5738 Sanacenorum
