4088 6166
332 406 455 479 937

1333 414 1436 479 DE
1480 414 1659 480 SITU
1702 416 1803 478 ET
1846 410 2125 478 NOMIN.
2172 409 2342 474 LOC.
2388 404 2751 473 HEBRAIC.

3616 404 3739 471 988

336 546 615 607 milliario
653 544 1034 625 ’Δρεοπόλεως
1080 550 1457 623 pergentibus
1486 553 1775 605 Arnonem
1808 550 1821 583 ¹
1854 566 1865 615 ;
1927 552 1985 603 et

2138 542 2401 611 οπόλεως,
2436 545 2636 601 decem
2675 548 2732 600 et
2789 546 3014 615 septem
3070 543 3143 600 ab
3198 560 3265 601 ea
3295 540 3558 601 millibus
3616 542 3735 599 dis-

335 638 522 696 altera
543 640 823 696 Dannaba
842 658 1020 713 super
1041 644 1298 697 montem
1332 640 1559 713 Phogor
1614 638 1674 693 in
1733 637 1981 709 septimo
2090 640 2243 691 tans.

332 727 531 800 lapide
554 729 764 784 Esbus.

2162 725 2405 795 Damna,
2437 724 2497 779 in
2530 724 2684 779 tribu
2720 722 2997 789 Zabulon,
3053 723 3264 780 Levitis
3320 728 3591 796 separata
3650 723 3736 779 ci-

404 817 701 885 Dothaim,
735 819 836 874 ubi
858 819 1077 874 invenit
1105 818 1319 889 Joseph
1352 819 1559 874 fratres
1588 833 1727 873 suos
1778 832 1984 888 pecora
2090 812 2257 869 vitas.

331 910 663 978 pascentes,
697 907 796 978 qui
830 914 886 963 et
915 924 1103 979 usque
1134 908 1306 963 hodie
1337 908 1395 961 in
1441 907 1784 963 duodecimo
1851 905 1981 960 mil-

329 994 500 1051 liario
533 997 554 1030 ²
593 1013 626 1051 a
656 996 916 1063 Sebaste,
941 1000 1142 1051 contra
1173 996 1467 1068 aquilonis
1497 995 1730 1068 plagam
1789 998 1983 1050 osten-

374 1102 510 1139 IIUI‘.

329 1084 510 1139 ditur.
546 1179 636 1229 DE
675 1174 999 1230 NUMERIS
1038 1176 1126 1230 ET
1168 1174 1750 1230 DEUTERONOMIO.

405 1264 621 1330 Debon,
655 1280 781 1335 quae
814 1267 869 1318 et
900 1262 1110 1331 Dibon,
1145 1263 1204 1317 in
1238 1263 1553 1319 solitudine
1585 1268 1776 1318 castra
1836 1262 1981 1316 ﬁlio-

330 1370 464 1409 rum
492 1351 689 1408 Israel.
715 1353 817 1407 Est
846 1357 1041 1408 autem
1075 1356 1132 1407 et
1162 1351 1278 1407 alia
1298 1351 1510 1419 Dibon,
1534 1351 1666 1406 villa
1698 1367 1984 1423 praegran-

2165 903 2442 973 Dasbath,
2478 903 2537 957 in
2570 902 2724 959 tribu
2768 901 3046 958 Zabulon.

2162 992 2439 1061 Dabrath,
2492 992 2550 1046 in
2609 991 2766 1046 tribu
2798 990 3083 1063 Issachar,
3119 992 3260 1047 urbs
3309 997 3578 1064 separata
3634 993 3735 1050 Le-

2094 1085 2249 1137 vms.
2555 1170 2648 1225 DE
2690 1170 2901 1225 LIBRO
2936 1170 3259 1228 JUDICUM.

2164 1264 2327 1331 Drys,
2354 1260 2408 1313 id
2428 1262 2516 1314 est
2546 1276 2815 1330 quercus,
2842 1259 2902 1314 in
2928 1260 3199 1331 Ephrata,
3216 1261 3274 1315 in
3293 1260 3449 1316 tribu
3470 1262 3739 1319 Manasse

2093 1350 2247 1403 unde
2278 1347 2388 1402 fuit
2444 1348 2694 1403 Gedeon.
2753 1350 2906 1404 I99
2964 1352 3031 1403 Et
3087 1349 3158 1404 de
3206 1349 3314 1404 hac
3362 1349 3503 1421 quid
3566 1352 3737 1407 nobis

330 1442 609 1513 disjuxta
637 1442 953 1507 Arnonem,
978 1457 1100 1510 quas
1133 1457 1267 1495 cum
1298 1441 1460 1511 prius
1492 1440 1697 1495 fuisset
1726 1439 1981 1494 ﬁliorum
2090 1437 2282 1491 visum
2339 1437 2433 1505 sit,
2495 1438 2554 1492 in
2626 1437 2812 1492 libris.
2876 1438 3283 1493 Hebraicarum
3340 1440 3734 1510 Quaestionum,

330 1530 522 1597 Moab,
556 1534 613 1585 et
641 1533 774 1600 post
811 1546 939 1584 eam
972 1530 1119 1584 Seon
1161 1545 1260 1584 rex
1308 1529 1777 1584 Amorrhasorum
1832 1529 1981 1583 I98
2091 1525 2369 1580 diximus.
2431 1526 2720 1589 Quaeritur
2788 1526 2964 1597 enim,
3024 1527 3315 1597 quomodo
3374 1527 3628 1598 Ephrata
3675 1529 3740 1585 in

326 1618 468 1675 belli
487 1618 952 1689 jurejtenuisset,
988 1635 1021 1673 a
1052 1618 1191 1673 ﬁliis
1222 1617 1399 1673 Israel
1431 1622 1597 1689 capta
1645 1622 1819 1688 atque
1851 1634 1981 1688 pos-

325 1721 511 1773 sessa,
553 1705 612 1759 in
648 1708 873 1776 partem
909 1703 1067 1759 venit
1092 1704 1285 1759 tribus
1316 1704 1459 1760 Gad.
1489 1704 1751 1760 Meminit
1804 1705 1982 1776 hujus

324 1792 616 1851 Jeremias
646 1797 702 1847 et
730 1792 914 1848 Isalas
946 1793 1003 1847 in
1035 1792 1256 1848 visione
1287 1796 1488 1848 contra
1516 1794 1684 1849 Moab
1715 1794 1754 1847 ².

399 1882 745 1953 Debongad.
780 1880 1035 1936 ﬁliorum
1067 1881 1242 1937 Israel
1273 1886 1481 1937 castra.

396 1970 812 2044 Dysmemoab,
846 1971 902 2024 id
931 1974 1019 2025 est
1048 1971 1119 2024 ad
1172 1970 1529 2025 occidentem
1582 1972 1769 2038 Moab,
1808 1970 1980 2041 juxta

2090 1614 2246 1669 tribu
2279 1617 2544 1671 Manasse
2574 1631 2731 1670 nunc
2762 1631 2892 1670 esse
2922 1616 3168 1670 dicatur.

2503 1705 2590 1759 DE
2633 1704 3029 1759 REGNOBUM
3071 1704 3325 1759 LIBRIS.

2161 1792 2368 1863 Dibon,
2402 1794 2499 1863 de,
2518 1810 2635 1864 qua
2681 1809 2860 1865 supra
2908 1792 3184 1864 diximus,
3240 1794 3410 1865 cujus
3470 1794 3740 1851 meminit

2011 1917 2058 1981 B
2091 1880 2271 1937 Isaias
2304 1882 2362 1936 in
2383 1880 2604 1937 visione
2636 1884 2839 1935 contra
2866 1880 3058 1938 Moab.

2160 1970 2390 2041 Deseth,
2471 1971 2625 2042 quod
2712 1970 2919 2041 Aquila
3004 1970 3328 2043 transtulit,
3410 1972 3736 2044 parietem:

319 2060 641 2117 Jordanem
671 2062 879 2114 contra
906 2058 1240 2113 Jericbum:
1288 2058 1387 2113 ubi
1446 2058 1618 2114 Balac
1668 2075 1765 2114 rex
1811 2059 1976 2114 Moab
2086 2058 2495 2130 Symmachus,
2532 2076 2789 2113 murum.

324 2153 385 2205 et
425 2149 674 2219 majores
736 2151 874 2202 natu
935 2146 1189 2214 Madian,
1258 2147 1531 2203 Israelem
1593 2148 1826 2203 insidiis
1879 2149 1977 2203 de-

327 2240 625 2308 ceperunt,
660 2235 720 2290 in
753 2252 870 2306 quo
903 2235 1028 2291 loco
1060 2240 1115 2290 et
1144 2239 1331 2291 Moses
1361 2237 1382 2269 ⁴
1412 2236 1647 2308 scripsit
1702 2238 1977 2292 Deutero-

282 2366 297 2369 η
323 2324 613 2382 nomium.

858 2417 946 2468 DE
986 2414 1200 2470 LIBRO
1236 2414 1427 2469 JESU.

395 2502 626 2569 Dabira,
657 2501 861 2558 civitas
901 2502 959 2556 in
1006 2503 1164 2558 tribu
1209 2507 1328 2557 Dan
1340 2522 1350 2569 ,
1377 2504 1547 2574 cujus
1569 2519 1763 2576 regem
1798 2505 1975 2560 inter-

325 2591 461 2649 fecit
498 2592 692 2648 Jesus.
727 2592 827 2646 Est
885 2595 1079 2647 autem
1128 2597 1184 2646 et
1233 2591 1347 2646 alia
1383 2591 1587 2647 villula
1638 2593 1976 2648 Judzeorum

324 2682 387 2738 in
417 2685 617 2737 monte
659 2680 892 2735 Thabor
931 2680 1185 2753 regionis
1214 2682 1288 2737 ad
1318 2680 1736 2737 Diocaesaream
1797 2683 1976 2754 perti-

327 2769 543 2827 nentis.

2156 2147 2463 2218 Dodanim,
2490 2148 2559 2203 de
2578 2165 2694 2219 qua
2716 2147 2895 2204 Isaias
2917 2148 2972 2203 in
2995 2148 3217 2205 visione
3238 2149 3442 2205 scribit
3488 2150 3734 2205 Arabiae.

2088 2237 2186 2291 Est
2216 2240 2410 2291 autem
2442 2236 2599 2304 juxta
2628 2237 2983 2307 Areopolim.

2158 2329 2390 2395 Darem,
2425 2325 2603 2395 hujus
2634 2324 2902 2379 meminit
2945 2326 3207 2381 Ezechiel
3268 2327 3379 2397 (xx,
3440 2328 3527 2396 46,
3589 2328 3738 2397 apud

2086 2413 2267 2483 LXX),
2303 2414 2457 2483 quod
2488 2412 2877 2484 Symmachus
2912 2413 3080 2468 vertit
3110 2414 3168 2467 in
3198 2412 3539 2484 Aphricum.

2157 2502 2450 2573 Diospolis
2480 2502 2686 2557 civitas
2715 2502 2965 2574 Egypti,
2998 2501 3152 2558 sicut
3192 2502 3396 2557 scribit
3454 2501 3734 2558 Ezechiel.

2158 2591 2383 2661 Dadan,
2418 2590 2476 2644 in
2508 2589 2739 2662 regione
2791 2590 2992 2661 Cedar,
3026 2590 3098 2645 de
3153 2607 3270 2661 qua
3325 2589 3532 2647 scribit
3579 2591 3738 2656 Jere-

2088 2679 2257 2735 mias.

2156 2767 2500 2839 Deblataim,
2534 2767 2593 2824 in
2639 2772 2794 2825 terra
2850 2769 3041 2839 Moab,
3104 2768 3258 2824 sicut
3311 2768 3517 2825 scribit
3574 2769 3732 2826 Jere-

395 2858 773 2931 Dornapheth
815 2859 994 2930 (quod
1035 2858 1423 2930 Symmachus
1482 2860 1803 2925 transtulit,
1868 2861 1978 2915 Dor
2086 2858 2255 2914 mias.

322 2948 666 3021 maritima).
700 2948 833 3004 Haec
864 2953 953 3004 est
981 2954 1131 3003 Dora
1160 2948 1218 3002 in
1259 2965 1412 3004 nono
1471 2948 1743 3004 milliario
1793 2954 1975 3005 Caesa-

323 3056 434 3095 reae
462 3037 790 3093 Palaestina:
820 3036 1199 3108 pergentibus
1228 3037 1470 3108 Tyrum,
1503 3054 1658 3092 nunc
1708 3039 1972 3094 deserta:

2155 2947 2373 3018 Dedan,
2407 2947 2467 3001 in
2503 2946 2735 3019 regione
2790 2948 3067 3017 Idumam,
3129 2962 3307 3018 super
3355 2964 3472 3019 qua
3531 2947 3737 3003 scribit

2082 3036 2387 3091 Jeremias.
2422 3037 2523 3090 Est
2553 3039 2748 3091 autem
2777 3035 2835 3090 in
2871 3039 3078 3107 quarto
3108 3035 3382 3092 milliario
3414 3054 3448 3092 a
3478 3035 3736 3093 Metallo-

323 3145 454 3200 quae
477 3143 612 3182 cum
636 3125 938 3181 cecidisset
965 3122 1023 3180 in
1056 3129 1270 3181 sortem
1294 3126 1483 3181 tribus
1530 3130 1813 3195 Manasse,
1846 3144 1974 3181 eam
2086 3126 2221 3179 feno
2244 3126 2262 3158 ⁷
2294 3128 2497 3180 contra
2522 3124 2876 3196 aquilonem.

323 3217 629 3290 possidere
659 3231 777 3270 non
809 3214 1017 3286 potuit,
1051 3214 1192 3285 quia
1221 3214 1577 3271 habitatores
1607 3216 1667 3270 in
1700 3216 1801 3270 illa
1853 3217 1975 3287 pri-

326 3306 468 3362 stini
497 3319 887 3377 permansere.

400 3393 595 3461 Dabir,
627 3392 689 3447 in
720 3392 878 3447 tribu
907 3395 939 3445 J
947 3392 1080 3459 uda,
1105 3408 1231 3463 qua:
1248 3393 1563 3447 vocabatur
1590 3392 1791 3448 civitas
1821 3392 1981 3448 litte‘

328 3497 531 3537 rarum
558 3497 573 3548 ;
597 3479 749 3535 hanc
783 3478 1206 3551 praeoccupavit
1233 3479 1539 3535 Gothoniel
1598 3481 1773 3535 frater
1809 3479 1982 3534 Caleb

327 3570 653 3626 interfectis
683 3569 743 3623 in
776 3584 843 3624 ea
872 3568 1134 3623 Enacim.
1162 3568 1291 3623 Fuit
1321 3574 1516 3623 autem
1550 3572 1607 3623 et
1633 3567 1763 3639 ipsa
1792 3584 1981 3623 sacer-

335 3657 576 3713 dotibus
623 3661 909 3729 separata.
945 3656 1141 3727 (Porro
1173 3656 1477 3711 Gothoniel
1535 3657 1777 3728 quidam
1828 3657 1982 3712 arbi-

337 3748 575 3800 trantur
602 3744 785 3800 ﬁlium
820 3745 1014 3799 fratris
1044 3744 1261 3817 Caleb.)

407 3834 601 3901 Dabir,
636 3850 813 3906 super
848 3833 1166 3888 Jordanem
1198 3832 1401 3889 civitas
1459 3834 1982 3889 Armorrhazorum.

406 3922 679 3988 Dimona,
712 3922 774 3977 in
805 3922 963 3977 tribu
992 3921 1165 3977 Juda.

403 4012 631 4079 Dadan,
665 4012 724 4067 in
755 4011 910 4067 tribu
941 4012 1113 4066 Juda.

404 4101 627 4167 Denna,
666 4099 725 4153 in
758 4098 915 4155 tribu
970 4099 1139 4159 Juda.
1198 4099 1401 4153 eadem
1433 4103 1521 4153 est
1551 4102 1743 4153 autem
1778 4115 1903 4169 qua:
1935 4104 1992 4154 et

332 4188 514 4246 Dabir
543 4187 751 4243 civitas
772 4187 1120 4242 litterarum.

408 4276 631 4332 Dahiva
661 4276 701 4342 ⁵,
737 4276 856 4331 sive
886 4275 1135 4341 Dahiud,
1172 4275 1231 4329 in
1264 4274 1419 4330 tribu
1449 4275 1622 4331 Juda.

410 4366 620 4431 Duma,
654 4364 713 4419 in
745 4364 904 4419 tribu
926 4364 1099 4431 Juda,
1131 4363 1294 4418 vicus
1343 4365 1581 4436 grandis
1630 4364 1687 4419 in
1719 4364 1989 4429 Daroma,

334 4453 446 4509 hoc
475 4457 583 4519 est,
618 4452 691 4507 ad
722 4452 1038 4508 australem
1078 4452 1312 4523 plagam
1373 4452 1432 4506 in
1475 4453 1691 4509 ﬁnibus
1750 4451 1993 4507 Ἐλευθε-

412 4596 430 4629 ¹
462 4593 684 4668 Mavult
715 4593 1015 4668 Relandus
1060 4598 1362 4661 Arnonam,
1426 4613 1633 4667 nempe
1700 4597 1995 4668 regionem

337 4684 471 4739 quae
502 4667 841 4739 abdArnone
874 4666 1048 4721 ﬂuvio
1080 4683 1291 4739 nomen
1328 4654 1591 4721 sortitur:
1651 4654 1835 4722 Alitér
1893 4669 2001 4723 mi-
2036 4654 2080 4717 Ι)

340 4737 504 4811 nime
536 4737 773 4793 sibimet
820 4741 1087 4811 constare
1141 4737 1408 4811 videatur
1444 4739 1863 4811 Hieronymus,
1903 4741 2003 4810 qui

2161 3214 2481 3285 Decapolis,
2516 3214 2667 3269 sicut
2690 3214 2747 3268 in
2770 3212 3075 3285 Evangelio
3106 3213 3378 3286 legimus.
3404 3218 3503 3269 Est
3534 3217 3735 3269 autem

2005 3286 2047 3352 C
2087 3301 2245 3373 regio
2278 3303 2477 3357 decem
2508 3302 2745 3357 urbium
2775 3306 2940 3357 trans
2959 3303 3274 3358 Jordanem
3298 3303 3451 3359 circa
3480 3302 3735 3375 Hippum

2090 3394 2147 3445 et
2175 3389 2395 3445 Pellam
2427 3394 2483 3445 et
2514 3391 2823 3446 Gadaram.

2712 3480 2803 3533 DE
2842 3480 3119 3535 GENESI.

2163 3568 2339 3635 Edcn,
2374 3567 2520 3621 sacri
2554 3567 2809 3639 paradisi
2831 3568 2994 3623 locus
3026 3570 3098 3623 ad
3129 3568 3433 3639 orientem,
3468 3570 3624 3639 quod
3675 3569 3736 3623 in

2092 3655 2449 3726 voluptatem
2480 3654 2836 3726 deliciasque
2865 3658 3236 3712 transfertur.

2166 3744 2343 3814 Evila,
2379 3744 2478 3799 ubi
2512 3761 2719 3799 aurum
2778 3744 3164 3815 purissimum
3223 3746 3402 3816 (quod
3460 3745 3739 3800 Hebraice

2097 3833 2313 3888 dicitur
2342 3834 2477 3887 zaab
2505 3832 2670 3921 (:Nv)
2703 3837 2760 3887 et
2790 3849 3033 3905 gemmis
3091 3833 3554 3904 pretiosissimae,
3615 3850 3741 3889 car—

2098 3920 2410 3991 bunculus,
2463 3920 2928 3994 smaragdusque
2986 3927 3332 3978 nascuntur.
3389 3926 3490 3977 Est
3545 3926 3743 3978 autem

2099 4012 2257 4083 regio
2316 4011 2386 4066 ad
2436 4011 2729 4066 Orientem
2792 4027 3057 4083 vergens,
3112 4029 3289 4083 quam
3355 4011 3625 4068 circumit
3676 4012 3747 4067 de

2100 4098 2372 4172 paradiso
2412 4099 2623 4155 Phison
2655 4099 2957 4171 egrediens
2988 4117 3000 4153 :
3034 4116 3209 4171 quem
3266 4101 3472 4172 nostri,
3524 4104 3748 4156 mutato

2102 4188 2339 4243 nomine
2370 4189 2410 4258 ⁸,
2446 4189 2683 4259 Gangen
2713 4192 2940 4243 vocant.
2974 4189 3085 4244 Sed
3117 4193 3173 4244 et
3198 4206 3351 4244 unus
3379 4189 3449 4244 de
3508 4189 3751 4245 minori-

2102 4278 2215 4332 bus
2246 4278 2363 4331 Noe
2394 4276 2556 4331 Evila
2586 4276 2778 4331 dictus
2835 4281 2941 4347 est,
3004 4294 3179 4348 quem
3235 4277 3529 4349 Josephus
3578 4277 3755 4332 refert

2104 4382 2236 4421 cum
2270 4365 2549 4420 fratribus
2580 4366 2705 4421 suis
2757 4382 2791 4420 a
2821 4365 3059 4421 ﬂumine
3114 4366 3383 4438 Cepheus
3412 4370 3469 4421 et
3520 4364 3756 4438 regione

2104 4455 2298 4524 Indiae,
2332 4471 2522 4525 usque
2552 4455 2623 4510 ad
2655 4470 2789 4509 eum
2821 4454 3015 4510 locum
3056 4457 3155 4527 qui
3187 4454 3515 4528 appellatur
3539 4454 3756 4523 Hieria,

2183 4628 2251 4635 —
2282 4595 2488 4651 Recole
2516 4596 2689 4669 paulo
2721 4598 2993 4669 superius
3022 4614 3218 4653 vocem
3254 4599 3382 4654 Gala
3416 4606 3469 4654 ta
3500 4599 3758 4669 Chrysea.

2184 4669 2204 4700 ⁵
2235 4668 2461 4735 Dahiva,
2496 4673 2604 4723 etc.
2640 4668 2814 4724 Vetus
2845 4670 3024 4725 codex
3072 4669 3461 4739 Colbertinus,
3521 4668 3757 4737 Dahuz‘a,

2116 4738 2237 4794 sive
2269 4739 2501 4793 Duhuld.
2537 4740 2822 4795 MARTIAN.

346 4809 425 4864 ad
475 4808 967 4881 vocem‘l‘lladz'an
1024 4810 1197 4881 sitam
1273 4810 1482 4881 dixerit
1553 4808 1877 4881 Areopolim
1919 4808 2006 4865 ἐιίὶ

345 4881 663 4949 Arnonem,
696 4879 791 4933 hic
823 4897 955 4934 vero
983 4880 1055 4934 ab
1087 4897 1152 4935 eo
1184 4886 1311 4935 octo
1344 4879 1503 4934 mille
1552 4879 1762 4951 passus
1820 4898 2005 4936 remo-

347 4956 500 5007 veaL

420 5023 443 5056 ³
472 5024 535 5077 1η
564 5021 879 5077 duodecimo
908 5023 1198 5089 milliaria,
1232 5026 1339 5076 etc.
1393 5022 1499 5076 Ms.
1548 5040 1699 5078 unus
1758 5023 2004 5080 Colbert.

342 5094 579 5149 decimo.
613 5092 900 5148 MARTIAN.

419 5164 442 5198 ³
472 5166 535 5220 In
564 5166 774 5218 visione
814 5167 1004 5218 contra
1056 5166 1239 5218 Moab.
1301 5162 1567 5219 Visiones
1623 5164 1734 5218 illa:
1784 5166 2009 5221 creber-

344 5235 513 5291 rima:
545 5235 617 5307 in,
640 5235 747 5290 hoc
798 5235 1081 5290 Locorum
1131 5234 1277 5289 libro
1332 5235 1541 5302 CllutEB,
1575 5235 1832 5307 capitula
1873 5244 2011 5293 sunt

346 5306 827 5379 propheticorum
888 5310 1286 5379 contextuum,
1364 5306 1670 5379 qumrnos
1737 5306 2009 5363 distincte

350 5376 745 5448 edidimusin
788 5376 1088 5448 prophetis
1144 5382 1303 5431 tome
1365 5376 1396 5431 l
1442 5378 1717 5433 editionis
1773 5384 2005 5435 nostrre.

345 5449 631 5505 Consulat
660 5447 841 5503 lectOr
886 5449 1141 5503 Divinam
1196 5449 1531 5521 Hieronymi
1586 5450 2008 5506 Biblz'olhecam.

330 5526 639 5577 MARTIAN.

2187 4812 2207 4843 ⁸
2240 4812 2297 4863 In
2332 4811 2491 4881 libris
2549 4812 2937 4865 llebraz'carum
2984 4815 3368 4881 Quazslionum,
3431 4814 3539 4866 etc.
3601 4809 3761 4864 Exci-

2118 4880 2329 4935 derunt
2362 4880 2487 4933 libri
2521 4881 2602 4935 illi
2630 4884 3030 4937 Ilchraz'curmn
3058 4880 3429 4950 Quaestionum
3453 4883 3510 4935 in
3544 4881 3761 4935 librum

2116 4951 2413 5007 Judicum.
2450 4952 2612 5006 Haud
2643 4954 2817 5007 dubie
2850 4954 2904 5008 in
2933 4954 3049 5008 illis
3081 4956 3324 5009 docebat
3370 4954 3763 5024 Hieronymus

2117 5025 2301 5105 Ephru
2334 5024 2646 5107 legendum
2674 5026 3049 5107 pro'lfpllrala
3074 5041 3259 5106 unam
3307 5024 3491 5107 Ephfa
3550 5022 3767 5107 legitur

2119 5094 2468 5167 inversione
2528 5094 2730 5150 Latina
2785 5094 3252 5167 Hieronymiana,
3304 5094 3367 5167 et
3417 5095 3483 5167 in
3544 5094 3767 5166 aliquot

2118 5166 2551 5238 exemplaribus
2566 5167 2797 5221 Graecis.
2832 5168 2910 5221 Ex
2942 5166 3049 5222 hac
3075 5171 3269 5223 autem
3299 5166 3545 5222 lectione
3575 5168 3767 5222 cessat

2117 5237 2311 5293 omnis
2343 5238 2605 5307 quaestio.
2643 5238 2921 5293 MARTIAN.

2188 5311 2205 5343 τ
2236 5311 2276 5362 Α
2308 5310 2666 5377 Metallo/‘eno,
2700 5313 2807 5363 etc.
2847 5310 3008 5364 Forte
3036 5308 3349 5380 legendum
3380 5310 3762 5379 Metallo/ano,

2119 5384 2182 5433 ut
2212 5397 2391 5449 supra
2422 5381 2491 5434 ad
2524 5396 2692 5434 voces
2725 5381 2855 5434 Gala
2887 5385 2943 5434 ta
2975 5380 3230 5450 Chrysea.
3265 5381 3549 5437 MARTIAN.

2190 5450 2407 5517 8Quem
2473 5451 2662 5513 ἥοδινί,
2724 5455 2935 5506 mutato
2990 5468 3229 5519 nomznc,
3288 5458 3397 5506 etc.
3452 5453 3515 5507 In
3572 5456 3767 5506 Greco

2122 5521 2391 5591 legimus,
2428 5521 2551 5593 παρ’
2584 5519 2841 5591 Ἕλλησι,
2875 5524 3020 5594 apud
3079 5524 3309 5580 Grzvcos.
3365 5525 3483 5579 Sub
3541 5523 3766 5577 Graaco-

424 5594 538 5649 ‘ln
567 5592 819 5664 quulnm
876 5590 1171 5664 e_t_llloses,
1229 5594 1346 5664 etc.
1408 5592 1598 5664 Supra
1657 5590 1710 5645 in
1774 5592 1903 5646 Cum
1956 5598 2010 5646 ἰσι
2120 5590 2249 5646 ναίω
2284 5590 2745 5664 autemnominc
2805 5590 3175 5649 continentur
3233 5612 3437 5649 omnes
3498 5594 3767 5664 nationes

357 5660 593 5736 Chrysed
623 5667 811 5718 Moses
857 5662 1072 5736 dicitur
1097 5662 1436 5736 __scripsisse
1492 5660 2006 5719 Deuteronumium
2119 5667 2329 5736 praeter
2368 5662 2703 5718 Judmorum
2762 5670 3014 5735 gentem,
3067 5667 3235 5736 juxta
3280 5665 3427 5722 illud
3483 5660 3763 5735 Apostoli,

344 5731 521 5807 juxta
559 5737 792 5792 montes
823 5733 949 5789 auri
981 5731 1221 5788 fertiles.
1249 5731 1541 5789 Manum.
2118 5731 2314 5791 Iudaeo
2338 5735 2585 5806 primum
2611 5738 2660 5791 et
2689 5731 2897 5793 Graeco.
2931 5731 3216 5793 Μηνὶ-ΜΝ.

678 5861 953 5942 Ρᾼτιιοι.
993 5858 1218 5941 XXIII,
3369 5859 3453 5934 30
