4058 6172
451 373 573 461 sas

1684 370 1748 432 S.
1796 365 2108 432 EUSEBII
2153 363 2621 428 HIEHONYMI.

3660 349 3761 422 θω

451 507 803 586 possedisse.
833 507 944 566 Sed
973 510 1031 564 et
1061 504 1267 564 Ismael
1301 505 1360 561 in
1401 503 1716 562 solitudine
1744 503 1900 558 Evila
1930 500 2094 557 habi-
2126 504 2179 569 Α
2279 498 2488 567 Eleale,
2532 497 2735 554 civitas
2786 490 3252 551 Amorrhzsorum
3303 487 3359 547 in
3413 488 3619 586 Galaad,
3661 503 3762 562 qua

454 605 610 658 tasse
641 599 954 655 scribitur:
991 613 1168 669 quam
1201 597 1281 651 ait
1310 600 1512 651 sancta
1539 593 1837 664 Scriptura
1865 606 1992 645 esse
2040 590 2098 644 in

455 691 683 747 deserto
706 689 820 744 Sur
847 691 1050 742 contra
1069 686 1276 742 faciem
1302 682 1550 756 Egypti,
1576 687 1632 737 et
1656 681 1890 736 tendere
1913 696 2101 750 usque

457 780 530 835 ad
559 783 777 834 terram
807 776 1200 848 Assyriorum.

533 867 686 924 202
711 865 1058 937 Euphrates,
1094 863 1303 918 fluvius
1340 859 1786 933 Mesopotamiae,
1820 858 1880 911 in
1941 873 2104 928 para-

459 956 579 1012 dito
610 955 826 1011 oriens.
859 953 1056 1021 (Porro
1109 951 1423 1007 Sallustius
1455 952 1468 984 ¹
1501 953 1703 1004 auctor
1740 946 2104 1002 certissimus

459 1044 668 1100 asserit
708 1047 827 1098 tam
877 1041 1063 1112 Tigris
1122 1056 1297 1111 quam
1359 1037 1672 1110 Euphratis
1721 1037 1777 1090 in
1835 1032 2106 1089 Armenia

459 1134 650 1188 fontes
723 1129 1134 1186 demonstrari.
1222 1133 1300 1182 Ex
1384 1145 1498 1198 quo
1585 1122 2105 1182 animadvertimus

459 1221 630 1278 aliter
653 1221 722 1275 de
745 1219 1015 1291 paradiso
1035 1221 1090 1274 et
1106 1216 1447 1273 fluminibus
1471 1217 1596 1288 ejus
1615 1211 2105 1284 intelligendum.)

533 1309 773 1378 Ellasar,
808 1307 1011 1363 civitas
1043 1307 1196 1378 regis
1224 1305 1453 1360 Arioch.

531 1397 846 1471 Ephratha,
917 1397 1075 1468 regio
1131 1394 1422 1450 Bethleem
1489 1392 1738 1448 civitatis
1796 1388 1996 1458 David,
2049 1387 2107 1442 in

463 1505 582 1561 qua
605 1491 777 1542 natus
807 1489 894 1540 est
921 1484 1208 1539 Christus.
1253 1487 1352 1537 Est
1400 1485 1595 1537 autem
1640 1481 1698 1534 in
1743 1479 1899 1533 tribu
1955 1475 2112 1531 Juda

464 1577 622 1648 (licet
647 1574 910 1646 plerique
933 1571 1084 1627 male
1117 1570 1408 1626 aestiment
1436 1572 1457 1603 ²
1479 1570 1536 1624 in
1571 1569 1724 1623 tribu
1762 1563 2109 1635 Benjamin),

457 1665 632 1735 juxta
659 1662 813 1717 viam
846 1661 945 1716 ubi
978 1659 1210 1732 sepulta
1236 1663 1324 1714 est
1356 1657 1570 1713 Rachel
1603 1657 1806 1727 quinto
1839 1651 2111 1709 milliario

465 1753 538 1808 ah
567 1749 913 1818 Jerusalem,
947 1749 1008 1803 in
1038 1765 1102 1804 eo
1135 1748 1258 1802 loco
1290 1747 1388 1818 qui
1413 1744 1842 1817 aSeptuaginta
1877 1745 2114 1797 vocatur

465 1841 917 1912 Hippodromus.
937 1837 1214 1910 Legimus
1230 1835 1585 1908 Ephratham
1605 1834 1663 1888 in
1687 1830 2114 1902 Paralippome-

466 1945 583 1985 non
613 1928 760 1984 libro
787 1929 832 2000 (1
862 1927 1047 1983 Paral.
1101 1943 1157 1995 Il,
1189 1926 1303 1996 50),
1338 1924 1490 1979 sicut
1522 1939 1700 1993 supra
1748 1920 1969 1976 dictum
1999 1922 2107 1974 est.

681 2053 773 2108 DE
808 2051 1124 2106 NUMERIS
1166 2050 1254 2104 ET
1296 2044 1877 2103 DEUTERONOMIO.

537 2160 786 2229 Ebrona,
819 2159 879 2213 in
911 2158 1141 2212 deserto
1174 2161 1366 2211 castra
1399 2154 1651 2209 ﬁliorum
1682 2149 1878 2208 Israel.

537 2245 766 2315 Emath,
798 2261 978 2315 quam
1017 2242 1380 2299 transierunt
1408 2241 1817 2314 exploratores,
1885 2237 1985 2309 qui
2043 2236 2116 2291 ab

463 2335 607 2391 Jesu
638 2333 807 2389 missi
839 2337 1000 2388 sunt.

537 2424 731 2492 Erma,
763 2421 860 2479 ubi
895 2439 1032 2494 pars
1061 2419 1261 2492 populi
1293 2437 1442 2474 caasa
1469 2423 1557 2476 est
1584 2417 1812 2474 Israelis
1848 2415 1920 2471 ab
1951 2417 2120 2468 Ama-

466 2511 554 2567 lec
583 2516 640 2567 et
689 2511 1037 2580 Chananaso,
1092 2525 1267 2580 quem
1317 2509 1374 2563 in
1425 2505 1874 2564 Deuteronomio
1923 2504 2122 2558 Amor-

469 2599 691 2656 rhaaum
724 2598 1026 2670 Scriptura
1053 2602 1238 2652 vocat.

541 2688 787 2758 Esebon,
849 2687 1052 2742 civitas
1115 2687 1264 2742 Seon
1321 2685 1474 2756 regis
1530 2687 2001 2743 Amorrhaeorum
2060 2689 2118 2743 in

467 2781 625 2833 terra
658 2775 874 2832 Galaad
904 2793 916 2840 ;
951 2792 1080 2847 quae
1112 2791 1246 2830 cum
1275 2773 1481 2829 fuisset
1511 2779 1644 2828 ante
1703 2774 2116 2846 Moabitarum,

469 2867 542 2921 ab
595 2865 954 2920 Amorrhazis
1011 2863 1145 2919 belli
1195 2864 1329 2933 jure
1385 2878 1659 2934 possessa
1709 2868 1817 2918 est.
1857 2864 2122 2919 Meminit

472 2954 651 3027 hujus
698 2953 999 3024 Jeremias,
1049 2951 1228 3007 Isaias
1287 2965 1519 3022 quoque
1567 2951 1624 3005 in
1664 2950 1885 3006 visione
1920 2957 2122 3007 contra

473 3043 659 3098 Moab.
693 3043 868 3097 Porro
910 3056 1065 3095 nunc
1122 3044 1361 3094 vocatur
1407 3039 1614 3106 Esbus,
1676 3039 1814 3093 urbs
1869 3037 2122 3111 insignis

473 3129 719 3198 Arabiae,
785 3130 844 3182 in
907 3127 1207 3182 montibus
1265 3126 1364 3196 qui
1423 3130 1561 3180 sunt
1611 3130 1814 3181 contra
1867 3127 2116 3200 Jericho,

2211 589 2416 644 cecidit
2459 589 2517 642 in
2567 592 2782 643 sortem
2826 586 3016 641 tribus
3073 583 3295 638 Ruben.
3372 581 3508 638 208
3555 579 3768 636 Meminit

2209 679 2388 750 hujus
2411 682 2465 733 et
2495 677 2676 732 Isaias
2707 676 2762 730 in
2781 675 3004 731 visione
3029 677 3230 729 contra
3255 670 3431 741 Moab,
3449 673 3499 724 et
3515 669 3766 726 Jeremias:

2212 767 2312 822 sed
2378 771 2435 821 et
2502 782 2688 836 usque
2727 764 2898 819 hodie
2962 762 3096 816 villa
3134 760 3366 834 grandis
3414 757 3699 815 ostenditur
3726 759 3771 812 in

2213 855 2400 929 primo
2425 855 2496 909 ah
2529 855 2717 910 Esbus
2749 852 3041 908 milliario.

2283 945 2467 1013 Enna,
2502 960 2628 1014 quae
2653 947 2741 997 est
2761 943 2929 1012 juxta
2957 941 3254 996 desertum
3275 939 3465 994 Cades.

2286 1033 2518 1102 Ermon,
2554 1049 2722 1087 mons
2752 1032 2986 1100 Ermon,
3021 1045 3195 1101 quem
3229 1025 3512 1083 Phoenices
3537 1023 3779 1098 cognomi-

2215 1127 2359 1177 nant
2383 1121 2618 1176 Sanior:
2645 1120 2771 1190 jam
2802 1123 2858 1174 et
2878 1135 3057 1190 supra
3085 1116 3328 1190 positus.

2748 1244 2838 1298 DE
2879 1241 3088 1298 LIBRO
3125 1241 3312 1296 JESU.

2290 1353 2462 1407 Emec
2495 1352 2705 1418 Achor,
2758 1350 2913 1421 quod
2971 1349 3404 1419 interpretatur,
3461 1343 3597 1401 valis
3645 1343 3792 1398 Achar

2220 1441 2300 1512 (id
2331 1445 2419 1496 est
2449 1439 2741 1495 tumultus
2771 1443 2944 1510 atque
2973 1437 3324 1508 turbarum),
3357 1434 3452 1490 ubi
3479 1433 3657 1494 Achan
3682 1432 3794 1504 lapi-

2222 1529 2395 1584 dibus
2422 1544 2738 1600 Oppressus
2755 1531 2862 1596 est,
2881 1543 2948 1582 eo
2963 1527 3115 1598 quod
3132 1525 3394 1597 quaedam
3409 1521 3794 1579 deanathemats

2222 1617 2576 1672 sustulisset.
2619 1621 2716 1671 Est
2773 1620 2969 1670 autem
3025 1614 3190 1669 locus
3221 1615 3391 1684 juxta
3433 1611 3644 1668 Jericho
3673 1609 3796 1665 haud

2223 1704 2424 1778 procul
2456 1705 2784 1776 aGalgalis.
2821 1703 2989 1774 (Male
3031 1719 3168 1775 ergo
3217 1702 3454 1774 quidam
3497 1703 3686 1772 putant
3713 1697 3799 1752 val-

2227 1797 2335 1851 lem
2367 1796 2557 1851 Achor
2584 1797 2624 1866 9,
2659 1813 2692 1850 a
2722 1794 2959 1849 nomine
2989 1794 3118 1863 ejus
3148 1791 3248 1864 qui
3271 1791 3554 1863 lapidatus
3579 1791 3674 1858 est,
3689 1803 3801 1842 nun-

2143 1866 2190 1930 Β
2221 1889 2516 1956 oupatam,
2551 1900 2685 1939 cum
2718 1882 2813 1940 ille
2843 1883 3038 1938 Achan
3071 1881 3263 1937 dictus
3288 1882 3383 1950 sit,
3415 1884 3603 1936 etnon
3635 1876 3800 1940 Achor,

2223 1973 2311 2030 vel
2343 1973 2574 2044 Achar.)

2295 2061 2517 2134 Eglom,
2549 2078 2676 2132 quae
2728 2064 2784 2116 et
2825 2058 3108 2131 Odollam,
3143 2059 3202 2113 in
3251 2058 3408 2114 tribu
3437 2057 3592 2113 Juda:
3629 2071 3642 2109 :
3678 2052 3806 2123 cujus

2225 2169 2419 2226 regem
2454 2151 2689 2207 nomine
2723 2150 2916 2221 Dabir,
2959 2148 3248 2204 interfecit
3277 2147 3468 2203 Jesus.
3523 2147 3616 2202 Est
3655 2146 3806 2199 autem

2224 2258 2380 2297 nunc
2404 2240 2544 2296 villa
2582 2238 2956 2312 praegrandis,
2998 2238 3058 2292 in
3091 2237 3438 2293 duodecimo
3487 2235 3554 2290 ab
3589 2230 3810 2289 Eleuthe-

2228 2329 2411 2402 ropoli
2442 2329 2634 2401 lapide
2666 2331 2686 2362 ‘
2729 2332 2932 2383 contra
2970 2326 3302 2382 Orientem:
3345 2326 3415 2380 de
3447 2341 3558 2396 qua
3585 2327 3636 2378 et
3674 2333 3812 2390 supra

2228 2418 2504 2474 diximus.

2300 2508 2524 2578 Esrom,
2567 2523 2694 2578 quae
2761 2511 2818 2561 et
2845 2507 3009 2574 Asor,
3065 2505 3236 2574 juxta
3295 2517 3551 2558 eremum
3601 2499 3653 2553 in
3697 2495 3814 2552 tribu

2227 2597 2414 2652 Juda:
2449 2597 2518 2651 de
2548 2613 2665 2668 qua
2693 2600 2750 2650 et
2787 2611 2966 2666 supra
2995 2593 3220 2649 dictum
3247 2597 3361 2648 est.

2301 2685 2560 2755 Enacim,
2595 2690 2652 2740 et
2683 2685 2738 2740 in
2767 2684 2875 2738 hac
2905 2681 3193 2738 interfecit
3218 2681 3395 2738 Jesus
3426 2676 3815 2748 Enacimgigan-

2229 2779 2317 2830 tes
2355 2775 2426 2829 de
2481 2775 2715 2845 regione
2759 2774 3034 2828 Montane
3088 2770 3148 2824 in
3205 2770 3496 2826 Chebron.
3549 2767 3668 2836 (Sed
3708 2760 3814 2818 mihi

2229 2863 2459 2918 videtur
2488 2879 2600 2918 non
2633 2879 2762 2918 esse
2793 2877 3004 2918 nomen
3029 2858 3139 2914 loci
3190 2861 3442 2929 Bnacim,
3487 2857 3583 2914 sed
3637 2852 3813 2910 habita-

2230 2957 2423 3007 torum
2455 2951 2769 3022 Chebron.)

2301 3039 2555 3112 Ephron,
2591 3041 2649 3095 in
2683 3040 2836 3095 tribu
2877 3039 3054 3094 Juda.
3087 3037 3185 3092 Est
3234 3041 3296 3092 et
3323 3035 3464 3092 villa
3516 3027 3820 3107 praegrandis

2229 3129 2472 3201 Ephraaa
2499 3129 2735 3184 nomine
2757 3131 2958 3184 contra
2986 3125 3446 3198 septentrionem
3496 3123 3554 3178 in
3595 3118 3820 3177 vicesimo

473 3217 677 3289 viginti
701 3234 736 3272 a
762 3216 1013 3272 Jordane
1047 3215 1310 3270 millibus
1359 3213 1604 3270 distans.
1637 3215 1768 3270 Fuit
1822 3220 2015 3272 autem
2061 3218 2118 3271 in
2152 3228 2194 3295 ρ
2236 3218 2306 3272 ab
2334 3217 2481 3272 zElia
2505 3217 2799 3272 milliario.

475 3305 633 3360 tribu
668 3305 870 3360 Ruben
903 3307 1170 3375 separata
1198 3302 1431 3358 Levitis.

547 3393 739 3463 Edrai,
773 3392 871 3449 ubi
895 3392 1232 3447 interfectus
1259 3395 1348 3446 est
1406 3391 1486 3462 0g
1542 3408 1640 3446 rex
1689 3393 1896 3462 Basan,
1957 3393 2123 3465 gigas

474 3487 532 3538 et
561 3487 788 3554 potens,
821 3481 1130 3553 omnisque
1162 3479 1321 3536 illius
1380 3497 1565 3535 caesus
1621 3481 1925 3536 exercitus.
1958 3483 2124 3538 Nunc

474 3575 669 3628 autem
702 3576 790 3627 est
816 3571 972 3626 Adra
994 3569 1244 3641 insignis
1266 3569 1488 3626 Arabiae
1524 3570 1726 3626 civitas
1757 3571 1816 3626 in
1846 3570 2122 3628 vicesimo

473 3663 682 3732 quarto
713 3658 906 3731 lapide
936 3675 970 3714 a
1003 3658 1226 3714 Bostra.

544 3818 559 3851 ¹
595 3817 894 3873 Sallustius
924 3827 1110 3874 auctor
1136 3821 1490 3882 certissimus,
1542 3822 1650 3873 etc.
1699 3819 1990 3874 Incertum
2021 3820 2121 3874 ubi

473 3888 594 3962 haec
646 3906 679 3943 a
738 3889 1013 3962 sallustio
1073 3891 1289 3962 scripta
1347 3889 1498 3958 sint;
1556 3890 1799 3962 nam‘in
1859 3890 2121 3945 Sallustii

472 3961 859 4032 Fragmentis,
892 3978 1096 4016 versus
1126 3959 1301 4016 ﬁnem
1333 3978 1465 4032 pag.
1523 3961 1665 4032 236,,
1703 3959 1857 4015 inter
1916 3966 2122 4017 caetera

475 4006 700 4086 incgrta
729 4035 786 4085 et
807 4006 961 4087 istud
986 4032 1234 4101 reperiet
1262 4006 1476 4086 lec‘togz
1502 4053 1529 4078 «
1557 4006 1890 4100 Sallustius,
1917 4006 2122 4088 auctor

473 4101 860 4175 certissimus,
884 4103 1092 4158 asserit
1118 4103 1337 4175 Tigrim
1368 4108 1423 4158 et
1449 4102 1798 4175 Euphratem
1825 4120 1940 4158 uno
1963 4103 2119 4159 fonte

477 4189 713 4245 manere
743 4173 802 4228 in
840 4175 1133 4245 Armenia,
1167 4173 1266 4245 q'ui
1303 4191 1404 4245 per
1433 4173 1659 4228 diversa
1703 4179 1927 4242 euntes,
1989 4175 2119 4229 lon-

474 4243 1000 4317 giusdividantur,
1062 4243 1250 4317 spatio
1303 4243 1494 4300 medio
1547 4245 1745 4299 relicto
1797 4245 2116 4300 multorum

474 4315 750 4385 millium,
777 4334 901 4386 quae
933 4315 1128 4372 tamen
1160 4324 1332 4378 terra,
1367 4333 1493 4386 quae
1525 4317 1594 4369 ab
1637 4317 1781 4387 ipsis
1839 4317 2113 4387 ambitur,

473 4387 895 4458 Mesopotamia
916 4387 1150 4442 dicitur.
1187 4410 1214 4436 »
1237 4389 1369 4452 Quae
1402 4391 1654 4458 profecto
1686 4404 1801 4458 non
1845 4388 2118 4443 videntur

474 4456 711 4542 sumpta
751 4458 842 4542 .ab
899 4459 1026 4542 ipso
1082 4459 1348 4542 przesenti
1405 4456 1946 4542 Hieronymi‘l‘oco:
1981 4475 2114 4514 cum

473 4527 662 4582 multa
718 4527 836 4582 sint
887 4527 1298 4599 discrepantia,
1371 4534 1426 4583 et
1484 4527 1653 4599 plura
1705 4529 1998 4583 addantur
2054 4532 2112 4585 in

2303 3307 2469 3372 Edre,
2511 3306 2571 3360 in
2609 3305 2764 3362 tribu
2801 3305 2976 3360 Juda.

2302 3394 2574 3462 Ethnam,
2617 3395 2677 3450 in
2717 3395 2872 3450 tribu
2911 3393 3081 3448 .luda.

2304 3483 2661 3553 Ebeziuthia,
2696 3484 2753 3538 in
2784 3483 2941 3538 tribu
2971 3482 3142 3538 Juda.

2304 3571 2485 3643 Evim,
2520 3573 2578 3627 in
2608 3571 2764 3628 tribu
2795 3573 2968 3629 Juda.

2301 3660 2549 3732 Elolath,
2584 3660 2642 3715 in
2676 3659 2833 3716 tribu
2863 3660 3036 3717 Juda.

2231 3825 2352 3875 stra
2380 3821 2560 3891 igitur
2615 3820 2736 3875 haec
2765 3821 2918 3892 apud
2949 3820 3300 3876 Sallustium
3361 3821 3706 3892 quaeruntur.
3748 3811 3826 3892 ξυῐ

2229 3887 2430 3947 textus
2463 3892 2770 3962 utriusque
2799 3887 3273 3964 idiscrepantiam
3326 3887 3598 3949 causatur
3636 3887 3827 3964 Martia-

2232 3979 2430 4034 nzeus:
2464 3980 2579 4017 non
2611 3955 2764 4017 enim
2797 3963 2919 4018 haec
2959 3955 3031 4019 ex
3057 3962 3362 4034 Sallustio,
3397 3964 3498 4019 sed
3546 3979 3611 4034 ex
3650 3955 3826 4034 I‘sidoroo

2229 4033 2405 4088 allata
2436 4039 2592 4089 sunt.
2627 4034 2727 4088 Hic
2759 4039 2954 4089 autem
2987 4034 3182 4090 nescio
3213 4027 3419 4090 utrum
3457 4032 3640 4088 verius
3665 4027 3829 4098 legerit

2230 4105 2284 4158 in
2320 4105 2577 4176 antiquis
2616 4105 2946 4176 Hieronymi
2971 4104 3428 4177 exemplaribus,
3462 4105 3829 4177 unofonlema'

2228 4192 2380 4242 nare,
2416 4171 2518 4246 pro
2547 4179 2720 4249 fontes
2749 4171 3297 4249 (lethonstrari,'eam
3334 4171 3549 4249 quippe
3569 4171 3829 4249 lectiones!

2227 4242 2529 4319 contextus
2547 4242 2787 4301 'videtur
2811 4242 3134 4319 postulare,
3151 4242 3390 4305 tametsi
3411 4242 3660 4303 diversos
3669 4242 3830 4319 flumi-

2227 4319 2318 4390 nis
2347 4309 2872 4390 utriusque‘fontes
2888 4309 3214 4390 prodiderit
3243 4321 3478 4386 Strabo,
3502 4333 3645 4390 quos
3661 4309 3828 4390 331%ij

2229 4381 2918 4471 illi"?Eeeﬁiﬁiwsﬁx’l
2954 4390 3189 4471 .siiswre.
3216 4381 3491 4471 ἐπέδειξέ.
3519 4381 3698 4443 ’διαάιῖι
3743 4381 3828 4435 θίν’

2223 4463 2358 4514 citer
2388 4462 2525 4514 2500
2557 4459 2720 4514 dixit.
2753 4459 2880 4514 Vid'.
2917 4460 3097 4516 alium
3118 4460 3412 4517 Isidorum
3435 4460 3827 4516 Characeuum;

2226 4531 2698 4612 A‘gathemerum,
2735 4530 2831 4587 lib.
2895 4549 2952 4587 ιε
3007 4531 3388 4589 Plutarchum
3433 4533 3504 4587 de
3561 4525 3830 4600 Euphrate.

470 4599 835 4679 Eragmenlo.
886 4600 965 4655 De
1023 4587 1320 4679 Euphrate
1371 4587 1502 4654 vero
1563 4600 1717 4679 apud
1774 4599 2114 4679 sallustium
2152 4587 2506 4679 “aliosque.

466 4670 570 4725 lib.
594 4669 968 4742 Historiarum
998 4689 1051 4725 1v
1082 4669 1190 4725 h'oc
1222 4669 1424 4742 etiam
1485 4669 1765 4741 scriptum
1824 4670 2110 4742 legimus:

468 4765 497 4792 «
525 4743 709 4808 Quam
745 4741 1017 4796 maximis
1039 4741 1346 4796 itineribus
1371 4757 1471 4812 per
1492 4757 1737 4813 regnum
1772 4741 2115 4798 Ariobarza-

465 4813 558 4870 nis
583 4813 884 4870 contendit
915 4814 985 4868 ad
1021 4814 1239 4867 flumen
1271 4813 1624 4885 Euphratem
1645 4831 1657 4879 ;
1678 4829 1811 4885 qua
1841 4813 1899 4868 in
1952 4819 2114 4885 parte

467 4885 831 4956 Cappadocia
924 4885 998 4940 ab
1068 4885 1346 4939 Armenia
1429 4884 1809 4955 disjungitur,
1891 4907 1910 4931 ιι
1963 4884 2109 4940 etc.

466 4961 746 5012 MARTIAN.

535 5027 816 5082 —-Aliter
864 5026 920 5082 in
977 5026 1237 5083 Sallustii
1293 5026 1638 5097 fragmentis
1697 5025 1791 5080 hic
1830 5025 1993 5081 locus
2052 5027 2112 5082 in

467 5097 726 5176 antiquis
754 5097 1108 5176 editionibus
1138 5097 1352 5176 legitur
1379 5116 1390 5164 ;
1421 5098 1520 5176 qui
1543 5097 1699 5151 enim
1731 5113 1825 5176 ea~
1856 5097 2111 5168 primum

468 5166 835 5237 colligerunt,
869 5186 935 5223 ex
968 5166 1391 5241 Isidorovliisp.
1426 5166 1540 5241 lib.
1561 5185 1681 5232 x111,
1716 5184 1765 5222 c.
1798 5166 1884 5237 2‘2,
1948 5185 2108 5224 sum-

468 5253 653 5319 psere,
687 5243 752 5319 ut
783 5241 950 5319 nobis
984 5242 1230 5319 videtur,
1261 5240 1378 5319 non
1417 5258 1500 5319 _ex
1530 5240 1896 5319 Hieronymo,
1958 5242 2110 5294 unde

468 5310 662 5389 ipsum
696 5315 892 5389 tamen
926 5310 1211 5389 Isidorum
1260 5312 1932 5389 hausissemanilestum
1987 5318 2106 5366 est:

467 5377 507 5429 ‹‹“
530 5377 842 5459 Sallustius
867 5385 1068 5459 autem
1101 5388 1302 5437 auctor
1333 5382 1696 5438 certissimus
1747 5381 1974 5448 asserit,
2007 5384 2112 5436 Ti-

466 5450 614 5530 grim
651 5454 706 5502 et
740 5449 1087 5530 Euphratem
1117 5457 1417 5530 uno_l'onte
1450 5470 1686 5506 manare
1719 5454 1772 5506 in
1813 5454 2106 5514 Armenia,

597 5537 695 5600 per
722 5521 949 5574 diversa
995 5530 1201 5600 euntes
1242 5523 1472 5600 longius
1529 5525 1885 5580 dividuntur.
1919 5550 1936 5570 »
1995 5531 2104 5580 etc.

465 5593 866 5666 Sgubditurque
894 5607 966 5666 εχ
1002 5593 1082 5666 Ex
1123 5610 1238 5666 quo
1263 5595 1672 5666 hieronymus
1705 5595 2110 5651 animadvertit

463 5663 632 5722 aliter
664 5663 733 5718 de
761 5659 1013 5736 paradisi
1047 5659 1876 5734 ﬂuininibusintclligendum.
1914 5690 1940 5715 ››
1976 5669 2108 5722 Fru-

749 5807 825 5872 ei

2294 4674 2314 4706 ²
2344 4666 2490 4728 Licet
2547 4674 2794 4744 plerique
2847 4675 2996 4729 male
3046 4677 3344 4744 aestiment,
3406 4669 3707 4744 Eusebium
3755 4666 3833 4718 no‘

2223 4741 2755 4817 t_at_Hieronymus:
2796 4745 2880 4817 ab
2909 4746 3109 4800 eodem
3147 4741 3384 4817 quoque
3427 4741 3689 4817 dissentit
3717 4746 3831 4817 cum

2223 4807 3080 4887 Ephratam'quintormilliario
3113 4807 3184 4871 ab
3231 4807 3557 4887 Jerusalem
3599 4807 3828 4887 positam

2223 4887 2396 4941 refert
2420 4903 2431 4940 :
2467 4877 2604 4941 nam
2637 4886 2991 4942 Eusebiusin
3019 4888 3202 4944 altera
3219 4887 3499 4943 columna
3519 4877 3830 4956 Ephrathqm

2222 4958 2418 5030 posuit
2450 4959 2506 5030 in
2539 4958 2692 5012 tribu
2725 4959 3048 5028 Benjamin,
3083 4964 3291 5030 quarto
3325 4946 3595 5014 milliario
3624 4953 3690 5009 ab
3717 4946 3828 5002 Hie-

2221 5027 2859 5102 rosolymis.MsaT1AN.
2960 5101 2967 5102 ί
3277 5100 3285 5102 Α
3785 5083 3794 5094 .

2291 5090 2571 5170 -—Supra
2601 5101 2672 5154 ad
2704 5116 2900 5155 vocem
2947 5101 3221 5156 Bethleem
3273 5100 3334 5155 in
3385 5102 3544 5156 sexto
3590 5090 3826 5170 milliaria

2220 5163 2524 5295 (clollqcan't,
2568 5171 2721 5241 quod
2745 5171 3009 5243 plerique
3031 5171 3128 5227 alii
3161 5177 3429 5228 auctores
3462 5185 3573 5224 uno
3602 5180 3693 5221 ore
3728 5163 3822 5214 tra-

2265 5259 2337 5294 un
2377 5285 2386 5294 .

2265 5259 2386 5294 υηι.

2288 5313 2309 5346 ³
2340 5314 2474 5367 Male
2502 5328 2634 5384 ergo
2666 5313 2888 5382 quidam
2907 5319 3104 5384 putant
3133 5315 3332 5370 vallem
3355 5312 3545 5368 Achar.
3577 5299 3823 5364 Eusebi“5

2220 5389 2454 5437 notatur
2485 5384 2591 5438 hoc
2622 5384 2764 5438 loco.
2801 5385 3081 5439 MARTIAN.

2289 5456 2309 5487 ⁴
2347 5455 2525 5508 Latini
2589 5455 2963 5526 exscriptoris
3026 5455 3251 5510 videtur
3300 5453 3394 5508 hic
3437 5467 3562 5508 esse
3615 5446 3819 5526 latin-$93,;

2219 5524 2353 5578 alibi
2382 5527 2535 5579 enim
2572 5508 2817 5580 Eusebilo
2851 5508 3820 5594 consentiensHieronymus._:0dol-

2219 5595 2336 5670 tam
2370 5598 2428 5670 in
2457 5597 2662 5652 decimo
2692 5597 2765 5670 ab,
2806 5599 3215 5670 li'leutheropoli
3267 5584 3532 5652 milliaria
3583 5584 3812 5654 collocat

2219 5667 2424 5723 Recole
2454 5684 2652 5725 vocem
2691 5669 2957 5725 Adollam.
