4088 6166
336 390 454 459 αι

1332 404 1434 488 ns
1478 404 1657 471 srrn
1700 406 1803 471 nr
1845 405 2122 473 NOMIN.
2168 410 2339 475 Lac.
2386 412 2753 483 ansam.

3615 424 3746 495 9‘4!

405 527 565 626 Ereb
606 526 669 588 in
690 528 850 589 tribu
878 531 1051 592 Juda.
1084 533 1185 593 Est
1212 534 1503 611 hodieque
1556 539 1697 598 villa
1722 541 1784 597 in
1813 541 1987 600 Daro-
2012 545 2071 611 Α
2099 543 2324 603 decimo
2356 547 2429 605 ab
2457 549 2891 626 Eleutheropoli
2921 552 3196 616 milliaria
3215 559 3420 619 contra
3438 560 3746 621 meridiem

336 635 458 688 ma,
492 619 554 677 id
583 625 675 677 est
702 623 775 679 ad
805 625 1251 697 Austrum,quee
1282 631 1340 684 et
1367 628 1733 687 Eremiththa
1761 648 1986 687 nuncu-

346 712 546 783 patur.

408 799 588 865 Esan,
620 800 679 855 in
719 801 883 857 tribu
903 802 1077 859 Juda.

2096 633 2157 689 in
2193 636 2456 693 Daroma.

2165 724 2503 800 Emathdor,
2533 729 2592 784 in
2618 731 2777 789 tribu
2799 733 3196 809 Nephthalim,
3223 744 3491 812 separata
3507 741 3738 800 Levitis:

2163 813 2394 887 Emath,
2435 818 2724 877 terminus
2752 821 3197 897 Allophylorum
3239 828 3300 884 in
3358 829 3594 902 regione
3621 832 3739 889 Da-

404 888 556 955 Elul,
587 888 649 945 in
704 890 863 946 tribu
915 892 1087 949 Juda.
1122 894 1223 950 Est
1252 900 1310 951 et
1351 896 1524 952 hodie
1553 896 1612 951 in
1645 898 1878 971 regione
1908 901 1980 956 ad
2091 904 2296 958 masci.

336 977 549 1034 Eliam
566 978 893 1050 pertinente
912 980 1050 1037 villa
1070 984 1305 1039 nomine
1317 984 1505 1056 Alula,
1514 987 1679 1056 juxta
1690 987 1976 1045 Chebron.

404 1084 644 1142 Blthece
676 1085 784 1157 (Al.
810 1088 1029 1159 Elthez'),
1063 1089 1123 1145 in
1155 1090 1310 1145 tribu
1341 1092 1522 1148 Juda:
1547 1097 1638 1149 est
1667 1093 1975 1168 hodieque.

2396 995 2549 1052 207
2593 997 2685 1053 DE
2726 999 3127 1061 REGNORUM
3165 1007 3423 1064 LIBRIS.

2159 1082 2369 1154 Ergab,
2404 1085 2475 1139 ad
2536 1102 2712 1157 quem
2779 1088 2972 1147 locum
3026 1093 3321 1152 Jonathan
3376 1096 3535 1154 filius
3593 1097 3735 1155 Saul

333 1174 487 1231 ,οδ
538 1174 775 1230 Thema
819 1176 983 1233 vicus
1032 1177 1093 1232 in
1151 1195 1302 1236 ηοηο
1349 1180 1482 1253 (leg.
1541 1183 1877 1256 duodecimo)
1905 1186 1976 1241 ab
2087 1184 2226 1225 veru
2276 1171 2496 1245 dirigit,
2532 1175 2886 1234 militaribus
2922 1181 3140 1251 jaculis
3185 1200 3248 1239 se
3302 1201 3591 1242 exercens.
3623 1188 3733 1244 Pro

330 1261 479 1319 JElia
506 1262 783 1319 milliaria
814 1269 1017 1320 contra
1050 1267 1437 1324 meridianam
1469 1270 1724 1342 plagam,
1748 1273 1817 1328 de
1860 1290 1975 1344 qua
2088 1274 2203 1329 quo
2233 1260 2444 1331 ΑίιυίῘᾶ
2473 1266 2530 1318 et
2557 1264 2941 1336 SymmaChus
2978 1269 3344 1344 interpretati
3399 1278 3538 1330 sunt
3584 1275 3732 1347 ῙθΡί·

328 1350 441 1407 fuit
464 1352 647 1408 Amos
702 1352 1005 1425 propheta,
1037 1356 1208 1426 cujus
1264 1361 1321 1412 et
1376 1358 1710 1431 sepulcrum
1754 1359 1972 1416 ibidem
2084 1347 2237 1417 dem,
2269 1348 2489 1404 Ῑίοθίίη
2522 1351 2636 1408 alio
2679 1352 2805 1411 Ῑοοο
2862 1359 3248 1430 Symmachus
3307 1378 3412 1434 μθ
3467 1362 3577 1421 hoc
3629 1364 3730 1434 τήν

326 1439 677 1497 ostenditur.

398 1546 685 1619 Engaddi,
717 1547 775 1603 in
836 1548 993 1604 tribu
1048 1550 1246 1607 Juda:
1290 1553 1389 1608 ubi
1449 1554 1829 1612 absconditus
1885 1559 1974 1612 est

326 1635 508 1692 David
544 1636 605 1693 in
634 1637 973 1706 solitudine,
1008 1656 1136 1711 qua:
1169 1646 1258 1697 est
1307 1641 1366 1697 in
1426 1644 1649 1700 Aulonc
1676 1644 1966 1715 Jerichus,

324 1723 435 1785 hac
491 1728 584 1781 est
638 1724 697 1780 in
756 1726 991 1798 regione
1048 1728 1149 1785 illa
1179 1732 1510 1803 campestri,
1544 1734 1615 1789 de
1645 1751 1763 1806 qua
1792 1751 1971 1807 supra

326 1813 601 1870 diximus.
629 1814 883 1871 Vocatur
937 1820 1133 1873 autem
1195 1836 1382 1892 usque
1422 1821 1596 1878 hodie
1622 1822 1784 1879 vicus
1824 1841 1968 1896 prie-

2081 1436 2404 1514 περίμετρον
2432 1440 2658 1498 dixerit.

2152 1526 2384 1599 Echela,
2418 1529 2517 1585 ubi
2568 1532 2949 1591 absconditus
3004 1542 3095 1595 est
3142 1540 3321 1597 David
3356 1559 3368 1597 :
3412 1559 3569 1599 nunc
3599 1559 3733 1600 vero

2080 1615 2281 1705 Eccela
2310 1617 2450 1673 villa
2481 1619 2696 1675 dicitur
2744 1622 2802 1677 in
2868 1625 3117 1697 septimo
3176 1629 3248 1684 ab
3308 1629 3735 1705 Eleutheropali

2080 1704 2377 1777 milliaria,
2403 1708 2574 1778 juxta
2604 1725 2779 1781 quam
2806 1715 2864 1768 et
2892 1714 3230 1785 sepulcrum
3263 1719 3560 1776 Ambacuc
3605 1737 3737 1793 pro-

2086 1793 2275 1865 phetae
2306 1796 2321 1829 ¹
2355 1797 2701 1854 ostenditur.

320 1903 568 1976 grandis
596 1904 931 1960 Judazorum
966 1908 1266 1980 Eugadda,
1277 1882 1448 1980 juxta
1463 1927 1623 1967 mare
1652 1882 1969 1981 Mortuum,
2002 1915 2052 1981 B
2098 1975 2107 1981 ,
2152 1882 2407 1981 ΕῙΪΡΟΠίῖ
2437 1885 2602 1981 ῙἛΠΒ
2631 1888 2928 1981 (impiam
2961 1891 3379 1967 interpretatur
3410 1913 3424 1964 ἶ
3457 1914 3562 1969 Pro
3615 1914 3733 1970 ί]υο

323 1993 484 2048 unde
511 1996 568 2048 et
596 1993 1043 2065 opobalsamum
1073 1997 1233 2052 venit
1277 2002 1449 2070 (quas
1479 2000 1680 2056 vineas
1711 2002 1969 2074 Engaddi

322 2079 602 2143 Salomon
630 2082 813 2154 (Cant.
849 2100 889 2148 ι,
924 2083 1011 2155 13)
1043 2089 1387 2159 nuncupat).

396 2187 689 2259 Esthemo,
712 2188 918 2246 civitas
949 2192 1520 2261 sacerdotalis,nunc
1552 2202 1746 2253 autem
1771 2203 1966 2255 osten-

316 2272 488 2330 ditur
511 2277 871 2349 przegrandis
900 2278 1064 2336 vicus
1090 2281 1429 2338 Judaaorum
1464 2285 1525 2340 in
1559 2286 1833 2356 Daroma,
1864 2289 1966 2360 qui

316 2361 485 2420 locus
516 2365 588 2420 ad
620 2364 1131 2440 Eleutheropoleos
1172 2370 1420 2443 pertinet
1449 2374 1767 2447 regionem.

388 2452 565 2508 Emec
596 2453 905 2526 Raphaim,
934 2456 993 2512 id
1025 2462 1134 2524 est,
1160 2458 1330 2516 vallis
1357 2460 1664 2534 Raphaim,
1699 2463 1757 2521 in
1806 2464 1961 2521 tribu

314 2539 647 2613 Benjamin.

386 2630 653 2703 Edomia,
686 2632 745 2687 in
778 2633 935 2689 tribu
967 2635 1270 2707 Benjamin
1304 2656 1317 2694 :
1351 2656 1505 2695 nunc
1534 2656 1669 2697 vero
1703 2642 1960 2699 ostendi-

309 2721 415 2775 tur
442 2718 581 2776 villa
608 2721 839 2777 Ednma
878 2722 936 2777 in
996 2726 1358 2783 Acrabittene
1412 2730 1721 2786 duodecim
1782 2732 1961 2788 ferme

311 2806 556 2865 milibus
585 2810 815 2866 distans
846 2828 879 2866 a
918 2812 1155 2886 Neapoli
1188 2820 1391 2873 contra
1421 2817 1731 2875 Orientem.

382 2913 578 2985 Erma,
612 2918 670 2970 et
699 2915 850 2972 hanc
878 2904 1050 2974 Jesus
1077 2919 1249 2992 cepit,
1266 2938 1398 2994 rege
1428 2922 1589 2980 illius
1620 2925 1955 2982 interfecto:

309 3019 438 3075 quae
469 3003 581 3058 fuit
609 3004 667 3059 in
711 3009 864 3061 sorte
892 3009 1196 3079 Symeonis
1226 3010 1346 3066 sive
1371 3012 1555 3067 'Judae.

352 3091 575 3162 ’Ether,
604 3094 779 3150 sortis
837 3095 1161 3169 Symeonis,
1186 3104 1243 3154 et
1292 3117 1447 3155 nunc
1500 3106 1590 3157 est
1619 3102 1757 3159 villa
1813 3121 1955 3175 pris-

306 3180 553 3254 grandis
585 3183 822 3239 nomine
850 3184 1159 3257 Jeththira,
1175 3185 1236 3242 in
1255 3188 1512 3245 interiori
1527 3191 1778 3248 Daroma
1788 3194 1957 3264 juxta

306 3268 650 3326 Malatham.

378 3356 615 3429 Eththa,
648 3357 709 3414 in
741 3360 897 3416 tribu
929 3362 1253 3435 Symeonis.

379 3444 607 3519 Elcath,
640 3447 701 3502 in
733 3448 890 3505 tribu
919 3452 1081 3524 Aser,
1107 3453 1318 3510 Levitis
1344 3462 1613 3528 separata
1643 3458 1863 3516 civitas.

381 3534 578 3606 Edrai,
610 3536 670 3592 in
704 3536 861 3594 tribu
891 3538 1289 3613 Nephthalim.

387 3638 652 3713 Esthaul,
685 3642 741 3698 in
770 3644 926 3700 tribu
948 3644 1093 3718 Dan,
1126 3648 1226 3711 ubi
1257 3654 1527 3707 mortuus
1557 3657 1648 3709 est
1662 3654 1907 3712 Samson
1942 3674 1954 3712 :

314 3743 445 3800 qua
476 3744 658 3801 usque
686 3731 859 3789 hodie
881 3735 1216 3792 ostenditur
1242 3738 1301 3793 in
1346 3739 1572 3797 decimo
1619 3742 1956 3802 Eleuthero-

304 3815 512 3891 poleos
536 3818 811 3885 milliaria
839 3827 1044 3880 contra
1069 3825 1413 3898 Aquilonem
1441 3833 1822 3903 pergentibus
1844 3835 1957 3890 ,Νί-

303 3906 585 3980 capolim.

374 3995 641 4067 Eltbeco,
675 4000 734 4053 in
769 4000 926 4056 tribu
956 4001 1102 4073 Dan,
1136 4009 1407 4075 separata
1437 4006 1667 4063 Levitis.

376 4082 543 4155 Elba,
578 4086 652 4141 de
677 4085 786 4143 hac
817 4088 1005 4146 tribus
1036 4095 1181 4147 Aser
1217 4092 1444 4150 accolas
1501 4096 1781 4168 pristinos
1842 4118 1957 4157 non

305 4172 497 4246 quivit
524 4174 830 4247 expellere.

377 4262 717 4335 Eremmon,
752 4265 914 4323 vicus
943 4267 1282 4326 Judaaorum
1314 4275 1675 4346 praegrandis
1704 4276 1764 4333 in
1798 4282 1959 4335 sexto

383 4424 804 4506 *‘Scputeitrunt
825 4427 1114 4506 Ambacue.
1147 4429 1492 4506 {Sepulcrum
1513 4434 1782 4494 Habacue
1811 4440 1961 4495 mul-

306 4494 387 4584 tis
410 4493 561 4584 locis
593 4496 847 4584 div'ersis
888 4493 1340 4584 monstrabatur,
1375 4505 1527 4561 sicut
1574 4493 1962 4584 hodieicaput

307 4564 653 4658 S..Jo'apnis
682 4567 978 4658 Baptistae.
1012 4571 1295 4658 MARTIdN.

2078 1972 2294 2044 Aquila
2360 1977 2417 2029 et
2474 1975 2794 2033 Theodotio
2855 1982 3285 2040 transtulerunt
3336 1982 3492 2040 τόνδε
3537 1987 3656 2042 τινά
3684 1990 3726 2060 ³,

2078 2062 2233 2132 quod
2263 2079 2369 2118 nos
2402 2064 2594 2121 dicere
2617 2082 2959 2140 possumus,
2994 2070 3140 2127 hunc
3183 2074 3267 2129 vel
3314 2075 3494 2131 illum.
3526 2076 3726 2149 (Porro

2079 2149 2329 2239 diligens
2361 2150 2542 2208 lector
2571 2160 2871 2227 agnoscat,
2902 2160 3054 2229 quod
3084 2160 3143 2216 in
3176 2161 3460 2236 principio
3491 2181 3726 2239 quoque

2075 2236 2211 2293 libri
2260 2238 2440 2310 hujus
2496 2239 2698 2314 aliqua
2754 2256 2822 2299 ex
2873 2250 3038 2316 parte
3088 2250 3420 2321 perstrinxi,
3455 2236 3548 2308 me
3603 2236 3721 2309 non

2074 2327 2273 2383 omnia
2332 2345 2458 2400 quae
2513 2331 2803 2387 transfero
2855 2336 3234 2407 comprobare
3261 2339 3283 2372 ³
3316 2355 3329 2394 :
3363 2339 3465 2395 sed
3503 2340 3720 2398 idcirco

2074 2417 2342 2487 quaedam
2383 2418 2556 2488 juxta
2611 2420 3012 2479 auctoritatem
3062 2424 3320 2482 Graecam
3370 2428 3719 2507 relinquere,

2074 2504 2212 2577 quia
2241 2504 2311 2561 de
2343 2505 2435 2561 his
2469 2506 2528 2562 in
2560 2506 2726 2564 libris
2757 2510 3151 2569 Hebraicarum
3184 2504 3556 2583 Quaestionum
3594 2518 3719 2591 ple-

2070 2593 2205 2649 nius
2232 2594 2576 2667 disputavi.)

2140 2681 2439 2753 Esthama,
2471 2685 2543 2739 ad
2577 2701 2753 2757 quem
2783 2687 2978 2745 locum
3009 2691 3173 2748 misit
3206 2692 3409 2750 David.

2139 2769 2330 2839 Eloth,
2364 2789 2540 2844 quam
2570 2775 2874 2833 aediﬁcavit
2902 2795 3001 2834 rex
3028 2780 3285 2838 Azarias.

2140 2860 2371 2932 Emath,
2387 2861 2444 2917 in
2457 2861 2608 2918 Isaia
2629 2863 2831 2921 civitas
2852 2866 3142 2940 Damasci,
3159 2886 3338 2943 quam
3355 2875 3717 2947 oppugnavit

2069 2966 2166 3004 rex
2195 2949 2589 3021 Assyriorum.
2625 2953 2890 3009 Meminit
2943 2955 3123 3028 hujus
3154 2959 3463 3017 Zacharias
3492 2966 3550 3017 et
3576 2964 3713 3037 Ezej-

2067 3037 2237 3093 chiel.
2306 3038 2368 3093 In
2421 3044 2600 3095 Amos
2650 3058 2882 3114 quoque
2938 3046 3134 3101 Emth
3191 3049 3380 3104 Rabba
3433 3046 3714 3108 scribitur

2067 3127 2243 3199 (quod
2276 3128 2583 3184 nobiscum
2614 3136 2803 3201 sonat,
2837 3133 3031 3189 Emam
3066 3138 3310 3206 magna).
3344 3136 3611 3196 Diximus
3637 3141 3710 3197 de

2069 3217 2178 3271 hac
2210 3221 2268 3272 et
2298 3233 2496 3288 supra,
2527 3220 2683 3290 quod
2716 3220 2884 3277 nobis
2911 3221 3205 3279 videretur
3240 3225 3391 3281 hanc
3422 3242 3551 3283 esse
3574 3228 3708 3302 Epic

1986 3279 2029 3348 (ἶ
2068 3306 2347 3379 phaniam
2376 3279 2568 3378 liuxta
2596 3313 2889 3366 IEmesam
2919 3311 3072 3384 (quae
3110 3279 3548 3386 usqueiho‘d'iev

2066 3411 2335 3452 sermone
2364 3396 2448 3452 sic
2477 3392 2733 3469 dicitur).

2138 3484 2294 3554 Eser,
2329 3484 2470 3539 urbs
2528 3501 2703 3556 quam
2745 3487 3049 3544 aediﬁcavit
3077 3489 3370 3561 Salomon,
3396 3491 3611 3565 Elcese,
3643 3487 3716 3551 de

2066 3588 2182 3643 quo
2214 3571 2339 3626 loco
2371 3575 2427 3627 et
2460 3575 2647 3628 Naum
2680 3573 2966 3646 propheta
3024 3577 3155 3648 fuit,
3189 3594 3325 3633 nam
3386 3576 3721 3651 appellatur

2065 3659 2374 3716 Elcesaeus.

2137 3748 2421 3815 Emacim,
2455 3749 2614 3820 quod
2646 3749 3037 3821 Symmachus
3067 3755 3124 3807 et
3153 3751 3367 3824 Aquila
3405 3754 3724 3811 transtule-

2066 3840 2225 3902 runt,
2256 3834 2521 3892 vallium.

2603 3925 2697 3981 DE
2739 3925 3185 3985 EVANGELIIS.
3574 4008 3577 4009 ν

2142 4015 2439 4079 Emmaus,
2465 4014 2535 4069 de
2570 4030 2687 4085 quo
2720 4013 2845 4071 loco
2877 4015 2986 4071 fuit
3009 4016 3315 4090 Cleaphas,
3340 4020 3515 4091 cujus
3537 4023 3721 4077 Lucas

2068 4101 2436 4175 Evangelista
2496 4102 2809 4159 meminit:
2848 4104 2968 4159 haec
3024 4109 3115 4161 est
3176 4122 3332 4162 nunc
3378 4105 3672 4180 Nicopolis
3699 4110 3724 4144 ‘

2067 4190 2319 4264 insignis
2351 4190 2552 4247 civitas
2591 4191 2930 4248 Palaestinae.

2140 4280 2293 4337 πε
2327 4279 2622 4352 Ephraim,
2647 4282 2819 4352 juxta
2873 4282 3192 4351 desertum,
3227 4284 3299 4339 ad
3350 4299 3529 4355 quam
3559 4282 3721 4343 venit

2068 4440 2358 4518 Eusebius
2389 4439 2612 4518 fallitur
2658 4442 2717 4518 in
2774 4457 2994 4518 earum
3029 4442 3351 4518 intervallis
3408 4443 3719 4518 assignan-

2069 4512 2180 4583 dis,
2214 4528 2468 4568 errorem
2508 4517 2693 4583 notat,
2728 4529 2792 4567 ac
2838 4529 2900 4568 se
2945 4514 3018 4570 ab
3067 4531 3133 4571 eo
3181 4515 3496 4572 dissentire
3533 4512 3718 4590 proﬁ-

2068 4588 2242 4640 tetur.

378 4635 1334 4748 ῖοιξξξε,ξενάέετςετεξειέίεεξιξξ
1573 4653 1955 4748 ,ξιξίξδὲὲιξξί
1988 4643 2032 4707 υ
2074 4635 2358 4748 "rem
2420 4671 2593 4748 habet
3186 4675 3258 4748 ag

303 4706 727 4788 legebantuzbv
787 4709 955 4783 δεῖνα,
984 4706 1120 4770 cuin
1154 4718 1338 4788 inpud
1397 4719 1540 4774 LXX
1571 4706 1958 4781 etiamiinter;

355 4784 530 4853 rates,
559 4784 635 4867 1y
666 4788 808 4867 Reg.
841 4801 933 4867 ‘VI,
964 4788 1017 4856 8,
1044 4784 1456 4867 unde—Elmoni
1501 4798 1803 4867 sumptum
1847 4801 1956 4867 est,

356 4867 451 4928 OO_
477 4856 646 4928 modo
705 4854 931 4928 legatur
966 4854 1093 4919 ενεὶς
1148 4857 1240 4910 τὸν
1297 4857 1458 4927 τὸηον
1505 4854 1659 4915 τόνδέ
1686 4865 1805 4919 τινά
1834 4854 1958 4920 Ἐλί

311 4926 478 4997 μηνὶ,
512 4927 574 4981 in
630 4926 811 4982 locum
856 4929 1027 4982 istum
1082 4930 1366 4998 quemdam
1434 4932 1671 4989 Elmom'.
1704 4936 1850 4999 Quid
1886 4939 1962 4993 sit

307 5014 903 5096 autem,.-Elmoni,v_el
932 5016 1166 5096 fhetom‘
1190 5018 1409 5096 Almoni
1432 5005 1777 5096 VJSQijSN,
1807 5027 1962 5096 quod

306 5084 572 5167 occurrit
609 5084 793 5167 ‘libro'
836 5085 991 5167 Ruth
1048 5103 1176 5167 gap.
1209 5105 1284 5159 1v,
1338 5090 1387 5159 i,
1421 5096 1477 5167 et
1516 5091 1586 5146 IV
1625 5084 1775 5167 Reg:
1798 5084 1873 5166 v'I,
1906 5100 1959 5167 8,

306 5161 365 5231 et
393 5156 558 5231 alibi,
592 5156 888 5231 docuisset
906 5174 1025 5231 nos
1054 5156 1401 5231 Hieroymus
1451 5161 1510 5216 in
1571 5156 1962 5223 suisvHebraii

302 5229 386 5283 cis
417 5229 843 5299 Quastiombus,
864 5228 976 5283 nisi
1011 5228 1265 5286 maximo
1290 5231 1636 5290 Litterarum
1660 5252 1962 5294 sacrarum

306 5299 665 5355 detrimento
697 5298 806 5354 illa;
838 5300 1169 5371 periissent.
1203 5301 1483 5371 MARTlAN.

378 5402 450 5411 __
473 5375 625 5451 Ante
657 5370 1057 5451 Martianaaum
1088 5372 1228 5451 editi
1256 5373 1345 5451 τεὸν
1367 5370 1531 5445 δεῖνα,
1549 5375 1756 5451 saltem
1788 5384 1964 5451 atque

304 5441 509 5521 bene}
545 5443 625 5496 ita
654 5441 810 5521 enim
843 5442 1018 5521 habet
1048 5447 1106 5497 et
1128 5444 1353 5521 licgius
1408 5441 1561 5521 unus
1620 5450 1747 5504 cod.
1808 5441 1962 5521 apud

307 5511 813 5569 Montfauconium
848 5512 905 5568 in
925 5513 1200 5586 Hexaplis
1227 5511 1299 5570 ad
1325 5516 1480 5572 hunc
1513 5518 1703 5575 locum
1732 5521 1801 5575 IV
1820 5511 1959 5593 Reg.

311 5596 392 5636 Vl.
423 5584 474 5636 8-
508 5584 586 5636 εἷς
616 5583 706 5636 τὸν
743 5580 889 5636 δεῖνα
917 5583 1101 5636 τόπον.

311 5596 392 5647 V1,
423 5584 474 5647 8,
508 5584 586 5645 εἷς
616 5583 706 5637 τὸν
743 5580 889 5637 δεῖνα
917 5580 1101 5639 τόπονξ

382 5629 406 5687 ί
443 5629 591 5738 ῥειῐᾷ
640 5656 950 5712 nominum
981 5655 1384 5738 etymologiae,
1419 5674 1533 5714 non
1568 5660 1828 5738 ipsarum
1850 5681 1963 5738 gur-

2070 4760 2232 4798 num.
2267 4745 2301 4798 8
2336 4759 2348 4797 :
2384 4764 2411 4791 ‹‹
2434 4742 2954 4817 _Nicopoli_m,_qu:e
3008 4742 3172 4817 prius
3218 4746 3500 4802 Emmaus
3545 4742 3715 4803 vaca;

2070 4815 2262 4889 batur,
2297 4814 2451 4889 apud
2481 4814 2748 4889 quam_in
2781 4814 3062 4872 fractione
3085 4817 3258 4889 panis
3306 4818 3575 4889 cognitus
3604 4818 3717 4875 Do-

2072 4886 2288 4971 minus.
2323 4884 2586 4965 Cleophaa
2644 4884 2906 4971 do‘mum,
2944 4909 2973 4935 »
3003 4884 3114 4968 etc—1
3146 4888 3214 4942 Et
3249 4884 3719 4971 anastasiusuBi-

2068 4955 2485 5029 bliothecarius
2545 4972 2556 5009 :
2622 4976 2649 5002 ‹‹
2706 4956 3003 5029 Emmaus,
3099 4957 3309 5029 inquit,
3404 4957 3718 5016 Palaestina;

2071 5025 2378 5103 castellum
2434 5026 2507 5103 de
2564 5042 2677 5095 quo
2735 5026 2794 5103 in
2864 5030 3069 5103 sacris,
3101 5025 3315 5100 legitur
3368 5029 3715 5103 Evangeliis,

2070 5097 2395 5173 Alexandra
2426 5097 2651 5173 (_Sev_oro
2683 5097 3013 5173 qui_postea
3055 5097 3393 5173 imperator)
3422 5097 3717 5173 Nicopolis

2072 5174 2169 5245 est
2189 5166 2502 5245 honoraria
2531 5166 2763 5245 decreta
2790 5166 3386 5245 legationefungente
3420 5166 3714 5245 Africana,

2073 5241 2173 5311 qui
2225 5238 2501 5314 historias
2547 5237 2606 5292 in
2657 5237 2923 5314 quinque
2967 5240 3131 5295 libris
3178 5237 3508 5314 déscripsit.
3543 5266 3572 5293 »
3606 5237 3717 5301 Ve;

2072 5310 2203 5381 rum
2265 5310 2412 5364 duas
2460 5310 2834 5381 cognomines
2885 5312 3161 5367 Emmaus
3226 5310 3391 5369 male'
3437 5314 3715 5372 confundi
3779 5343 3781 5346 ⁴

2074 5380 2370 5455 Belandus
2438 5379 2600 5455 notat
2636 5379 2736 5436 lib.
2793 5398 3032 5455 n,_cap.
3076 5385 3129 5448 4,
3179 5387 3354 5455 atque
3413 5401 3541 5440 eam
3604 5385 3718 5439 κὼ-

2079 5474 2208 5536 μῃν,
2260 5452 2994 5536 vicum,ncujlusﬂmerninit'
3028 5455 3211 5536 Lucas
3258 5452 3413 5536 xxw,
3467 5457 3717 5536 13,_nan

2077 5521 2210 5597 plus
2233 5522 2535 5597 sexaginta
2559 5521 3207 5597 stadiisHierosolymis
3239 5521 3716 5595 absuisse,'Jose-

2078 5592 2192 5667 pho
2242 5598 2386 5678 teste
2436 5592 2708 5678 doubclio
2748 5594 2850 5649 lib.
2900 5613 3010 5678 vn,‘
3051 5592 3178 5678 cap.
3226 5600 3320 5678 27ξΖ
3350 5592 3552 5678 contra
3580 5599 3714 5678 Ern-

2078 5663 2377 5740 mauntem
2421 5663 2733 5740 civitatem,
2781 5682 2906 5736 qua":
2962 5672 3020 5740 et
3066 5663 3357 5740 Nicopolis
3404 5667 3559 5722 dicta
3605 5671 3714 5734 est,

305 5723 489 5785 bium
516 5726 702 5785 situm
732 5744 851 5788 non
881 5723 1114 5801 probari
1147 5728 1220 5784 ab
1240 5723 1622 5803 Hieronymo,
1654 5734 1756 5805 qui
1812 5735 1967 5792 sicut
2082 5735 2292 5793 stadiis
2341 5738 2576 5791 centum
2619 5741 2676 5791 et
2720 5723 3094 5811 septuaginta
3136 5723 3554 5808 sexidistasse,
3587 5723 3714 5809 quae
