4084 6170
476 390 601 509 943

1592 498 1609 509 ,
1721 445 1788 508 S.
1836 442 2145 508 EUSEBII
2191 442 2659 507 HIERONYMI.

3714 406 3822 510 au

481 572 770 634 Dominus
784 576 957 635 Jesus
987 594 1121 636 cum
1153 578 1462 654 discipulis
1484 578 1914 637 suis.Diximus
1930 579 2003 634 de
2021 578 2131 635 hac
2158 584 2214 651 Α
2244 578 2598 651 praecipuum
2659 576 2924 635 nascitur
2952 579 3010 635 et
3032 577 3429 637 Carbunculus
3473 573 3611 652 lapis
3636 580 3687 636 et
3710 577 3818 637 Pn-

483 669 542 721 et
569 682 749 738 supra
778 668 888 723 sub
919 669 1120 741 Ephon
1150 670 1451 726 vocabulo.

483 756 769 827 ﬂuensque
791 773 890 828 per
946 763 1249 830 correptam
1306 760 1544 815 litteram
1579 761 1638 829 E,
1685 759 1970 814 nominum
2006 766 2136 813 sunt

557 846 693 900 lecta
718 848 1021 917 principia.
1048 848 1261 904 Exinde
1285 865 1385 919 per
1420 858 1707 904 extensum
1754 850 1995 919 legamus
2022 848 2129 902 ele-

555 942 815 1002 mentum,
838 935 981 1007 quod
1012 936 1186 993 Graece
1206 938 1412 993 dicitur
1448 939 1593 993 heta.

1090 1045 1179 1100 DE
1219 1045 1495 1101 GENESI.

559 1130 745 1201 Elath,
779 1132 937 1205 regio
987 1134 1319 1206 principum
1368 1135 1571 1205 Edom,
1605 1137 1662 1189 et
1709 1132 1913 1189 civitas
1953 1133 2127 1202 Esau,

486 1218 549 1275 in
579 1220 805 1277 decimo
836 1238 870 1276 a
907 1222 1076 1277 Petra
1097 1222 1370 1278 milliario
1401 1227 1604 1279 contra
1632 1222 1949 1277 Orientem.

555 1310 771 1365 Eroum
823 1310 1039 1382 (Gesse),
1098 1311 1303 1367 civitas
1378 1312 1438 1367 in
1498 1315 1761 1385 zEgypto,
1822 1312 1893 1366 ad
1952 1327 2129 1382 quam

481 1397 701 1471 Joseph
727 1398 979 1454 occurrit
1008 1399 1157 1472 patri
1191 1417 1296 1456 suo
1326 1400 1524 1456 Jacob.

556 1485 894 1557 Heliopolis,
929 1486 1131 1542 civitas
1163 1486 1325 1557 solis,
1351 1487 1490 1543 urbs
1519 1486 1579 1543 in
1601 1491 1868 1561 ngypto,
1894 1503 1996 1558 pro
2015 1503 2131 1558 qua

483 1573 546 1629 in
576 1574 814 1629 Hebrmo
845 1573 1129 1645 scriptum
1162 1578 1252 1630 est
1280 1574 1379 1645 0n,
1405 1575 1465 1629 in
1498 1592 1614 1647 qua
1646 1575 1895 1631 Petel‘res
1940 1591 2129 1631 sacer-

486 1662 593 1719 dos
625 1662 754 1717 t‘uit.
788 1662 1054 1719 Meminit
1081 1663 1261 1735 hujus
1289 1668 1346 1719 et
1375 1663 1657 1719 Ezechiel.

557 1749 789 1817 Etham,
841 1755 1034 1805 castra
1074 1750 1328 1806 ﬁliorum
1379 1751 1552 1807 Israel
1602 1751 1663 1807 in
1712 1752 1960 1822 deserto,
2003 1768 2130 1823 quae

486 1837 857 1912 appellantur
885 1839 1177 1896 Ebutham
1201 1839 1262 1911 (f.
1295 1844 1345 1895 et
1368 1841 1648 1910 Butham).

556 2000 559 2003 λ
1021 1946 1114 2002 DE
1150 1947 1361 2003 LIBRO
1402 1947 1593 2003 JESU.

556 2035 907 2109 Eugannim,
941 2035 999 2090 in
1039 2036 1197 2091 tribu
1243 2036 1414 2107 Juda,
1449 2053 1605 2092 nunc
1652 2040 1742 2093 est
1777 2036 1941 2093 vicus
1963 2038 2133 2109 juxta

483 2122 705 2180 Bethel.

553 2212 780 2283 Enaim,
812 2213 872 2268 in
902 2212 1060 2269 tribu
1090 2214 1263 2285 Juda,
1297 2214 1586 2287 hodieque
1614 2214 1753 2270 villa
1808 2218 1897 2271 est
1927 2214 2129 2271 Bethe-

481 2300 605 2357 nim
637 2301 793 2357 circa
822 2301 1264 2359 Terebinthum.

552 2390 766 2461 Endor,
797 2390 856 2446 in
888 2390 1042 2446 tribu
1067 2391 1354 2461 Manasse,
1382 2392 1481 2447 ubi
1516 2392 1863 2465 Pythonissa
1893 2411 1928 2449 a
1958 2392 2132 2449 Saule

480 2493 617 2551 rege
636 2478 853 2534 Judmaa
875 2478 1224 2534 consulitur.
1242 2479 1508 2536 Diximus
1529 2485 1585 2536 et
1614 2497 1795 2552 supra
1824 2482 1894 2537 dc
1916 2483 2129 2553 Endor,

482 2584 609 2639 quae
641 2571 729 2623 est
749 2569 921 2637 juxta
949 2568 1233 2640 oppidum
1263 2569 1452 2639 Naim,
1489 2569 1547 2625 in
1583 2571 1754 2641 cujus
1793 2570 1977 2641 portis
2007 2570 2131 2626 Sal-

479 2659 647 2712 vator
704 2656 891 2711 filium
946 2656 1133 2713 viduae
1198 2658 1518 2714 suscitavit.
1576 2660 1678 2713 Est
1727 2663 1924 2714 autem
1980 2660 2134 2715 circa

483 2744 905 2818 Scythopolim.

553 2833 838 2906 Enganni,
866 2833 925 2888 in
974 2833 1130 2889 tribu
1178 2834 1446 2891 Issachar
1496 2834 1699 2892 civitas
1738 2839 2007 2908 separata
2029 2837 2131 2893 Le-

478 2920 634 2979 vitis.
668 2922 780 2977 Sed
802 2925 861 2978 et
888 2921 1004 2979 alia
1028 2924 1294 2995 qumdam
1327 2922 1531 2980 civitas
1557 2925 1841 2997 Enganna
1897 2924 2129 2996 dicitur,

482 3010 638 3067 circa
658 3010 939 3068 Gerasam
969 3015 1132 3068 trans
1158 3012 1497 3068 Jordanem.

553 3101 812 3172 Enadda,
858 3100 919 3156 in
970 3101 1129 3156 tribu
1186 3101 1473 3157 Issachar.
1534 3101 1636 3157 Est
1693 3105 1888 3157 autem
1948 3118 2133 3175 usque

480 3187 655 3244 hodie
728 3190 996 3261 quaedam
1084 3188 1223 3244 villa
1298 3189 1577 3244 Eunadab
1627 3189 2006 3261 pergentibus
2060 3191 2132 3246 de

478 3274 913 3350 Eleutheropoli
960 3278 1193 3347 jEliam,
1246 3278 1414 3349 quasi
1456 3277 1515 3333 in
1564 3278 1790 3333 decimo
1834 3277 2130 3337 milliario.

480 3350 493 3385 ί
553 3370 793 3438 Enasor,
826 3366 885 3422 in
916 3365 1072 3423 tribu
1106 3364 1501 3439 Nephthalim,
1538 3367 1730 3440 posita
1760 3371 1851 3423 est
1876 3372 1934 3423 et
1954 3384 2134 3441 supra

481 3454 648 3511 Asor.

462 3617 467 3623 '
555 3543 828 3615 Ereccon,
861 3543 1152 3600 terminus
1184 3543 1376 3599 tribus
1401 3544 1547 3615 Dan,
1575 3544 1748 3615 juxta
1774 3544 2022 3617 Joppen.

947 3651 1036 3706 DE
1075 3650 1388 3708 JUDICUM
1430 3650 1657 3707 LlBRO.

554 3740 746 3810 Etam,
770 3739 873 3795 ubi
904 3738 1209 3796 habitabat
1233 3739 1504 3812 Samson,
1536 3740 1595 3795 in
1628 3739 1908 3813 spelunca
1938 3742 2127 3814 Etam,

477 3828 648 3900 juxta
674 3832 1014 3884 torrentem.

781 3935 936 3990 σιιι
982 3936 1073 3989 DE
1113 3934 1509 3991 REGNORUM
1548 3935 1804 3992 LIBRIS.

548 4021 671 4093 Ela,
694 4022 947 4095 legimus
976 4023 1186 4079 vallem
1217 4023 1320 4079 Ela
1351 4041 1363 4079 :
1398 4041 1576 4096 quam
1618 4024 1829 4097 Aquila
1856 4029 1915 4082 et
1942 4027 2129 4083 Theo-

477 4111 636 4168 dotio
668 4112 1144 4184 interpretantur,
1178 4112 1384 4169 vallem
1412 4130 1683 4185 quercus.

544 4201 829 4275 Engaddi,
850 4202 1167 4271 desertum,
1188 4202 1248 4258 in
1271 4218 1386 4275 quo
1412 4203 1793 4259 absconditus
1824 4204 2122 4260 estDavid.

471 4290 790 4347 Posuimus
845 4295 903 4346 et
941 4308 1120 4363 supra
1148 4291 1411 4363 Engaddi
1472 4292 1532 4346 in
1572 4291 1746 4367 ,tribu
1777 4293 1932 4349 Juda
1953 4294 2126 4365 juxta

472 4395 633 4435 mare
657 4379 974 4449 Mortuum,
1007 4382 1210 4435 contra
1239 4379 1634 4436 Occidentem.

543 4470 768 4539 Emata,
809 4468 969 4541 regio
1015 4467 1476 4541 AllOphylorum.
1530 4469 1702 4525 Porro
1752 4471 1924 4541 juxta
1966 4471 2125 4527 Jere-

470 4556 654 4613 miam
685 4557 889 4613 civitas
923 4558 1213 4613 Damasci.

542 4646 746 4715 Enam,
802 4646 1090 4702 terminus
1176 4646 1467 4717 Damasci,
1524 4648 1678 4704 sicut
1742 4647 1802 4703 in

468 4734 705 4809 legitur,
738 4735 812 4790 ad
843 4734 1137 4791 Orientem
1167 4751 1411 4806 vergens
1443 4753 1477 4791 a
1507 4735 1789 4793 Themam
1819 4740 1874 4793 et
1896 4737 2119 4795 Palma-

468 4824 548 4881 tis
577 4841 589 4881 :
624 4842 751 4897 quae
781 4823 971 4880 caeteri
1004 4824 1355 4896 interpretes
1383 4823 1695 4881 ediderunt
1738 4826 2012 4883 Thamar.

1080 4931 1171 4987 DE
1212 4931 1491 4988 GENESI.

542 5021 737 5093 Fison,
798 5021 952 5094 quod
1033 5020 1467 5093 interpretatur,
1545 5027 1774 5078 caterva
1831 5040 1845 5079 :

470 5125 647 5180 quem
707 5110 892 5166 nostri
944 5109 1162 5183 (ercz')
1195 5110 1457 5182 Gangen,
1490 5114 1712 5182 vocant,
1746 5111 1818 5167 de
1849 5112 2120 5184 paradiso

469 5196 685 5269 exiens,
718 5202 775 5254 et
820 5215 1067 5272 pergens
1116 5199 1188 5255 ad
1233 5198 1413 5255 Indiae
1462 5198 1749 5271 regiones,
1796 5205 1929 5273 post
1973 5217 2121 5272 quas

469 5286 728 5357 erumpit
756 5287 814 5340 in
836 5288 1098 5361 pelagus.
1115 5287 1268 5344 Dicit
1284 5291 1479 5343 autem
1503 5288 1803 5361 Scriptura
1823 5289 2116 5345 circumiri

468 5373 541 5428 ab
591 5373 700 5429 hoc
753 5375 1084 5433 universam
1166 5376 1461 5450 regionem
1519 5376 1698 5448 Evila,
1756 5378 1856 5433 ubi
1908 5395 2119 5435 aurum

1907 5023 2122 5081 ﬂuvius

465 5551 843 5626 vigintiqduo
902 5558 1041 5609 sunt
1096 5553 1394 5626 milliaria,
1428 5560 1706 5613 Romana.
1757 5559 1964 5615 Confer
2014 5560 2117 5615 de-

468 5622 607 5698 nuo
651 5622 1063 5698 Hieronymum
1123 5642 1322 5698 secum
1383 5625 1510 5698 ipso
1568 5629 1626 5683 in
1681 5633 2003 5687 Comment.
2047 5632 2117 5687 ad

468 5695 690 5771 Daniel,
766 5695 894 5768 cap.
972 5713 1071 5766 xu,
1149 5702 1207 5752 ct
1281 5696 1484 5751 Ezech.
1574 5716 1700 5769 cap.
1787 5719 1981 5771 xcvm,
2064 5707 2121 5759 et

466 5767 668 5826 Abdita
698 5784 737 5824 ι.

2162 3321 2205 3389 (ἶ
2244 3339 2480 3396 Balaam
2533 3321 2794 3397 hariolus

2244 684 2432 723 SIDUS.

2311 757 2517 827 Faran,
2551 774 2707 813 nunc
2759 757 3039 830 oppidum
3085 762 3248 814 trans
3275 757 3540 814 Arabiam
3588 759 3820 829 junctum

2239 845 2563 915 Saracenis,
2597 845 2696 918 qui
2729 846 2787 900 in
2838 845 3153 902 solitudine
3185 845 3589 919 (vagi-errant).
3620 846 3713 903 Per
3734 846 3823 903 hoc

2238 923 2349 981 iter
2380 925 2638 981 fecerunt
2670 924 2774 980 ﬁlii
2800 924 2995 997 Israel,
3028 943 3163 982 cum
3195 926 3266 982 de
3295 930 3487 982 monte
3514 926 3644 983 Sina
3668 929 3826 982 castra

2241 1013 2580 1070 movissent.
2613 1015 2713 1069 Est
2770 1031 2926 1088 ergo,
2961 1019 3027 1070 ut
3080 1015 3357 1086 diximus,
3388 1019 3545 1071 trans
3594 1015 3826 1072 Arabiam

2239 1106 2444 1158 contra
2467 1101 2783 1159 australem
2816 1102 3068 1175 plagam,
3096 1107 3153 1159 et
3182 1103 3361 1159 distat
3406 1103 3478 1158 ab
3504 1102 3624 1158 Aila
3664 1107 3831 1158 contra

2238 1190 2553 1259 Orientem,
2577 1191 2783 1247 itinere
2805 1192 2985 1247 trium
3012 1191 3261 1248 dierum.
3296 1192 3357 1247 In
3413 1192 3630 1248 deserto
3668 1196 3831 1247 autem

2238 1279 2487 1336 Pharam
2546 1280 2843 1352 Scriptura
2896 1281 3049 1352 (Gen.
3108 1285 3228 1351 XXI)
3275 1284 3680 1338 commemorat
3744 1279 3832 1335 ba-

2240 1369 2457 1425 bitasse
2496 1368 2821 1425 Ismaelem.
2866 1370 3031 1425 Unde
3088 1373 3145 1426 et
3202 1369 3505 1426 Ismaelitaa
3552 1368 3666 1443 (qui
3705 1385 3832 1425 nunc

2240 1457 2556 1529 Saraceni).
2592 1458 2860 1528 Legimus
2892 1474 3125 1531 quoque
3153 1458 3639 1532 Chodorlagomor
3673 1474 3832 1531 regem

2239 1545 2601 1617 percussisse
2626 1562 2745 1617 eos,
2779 1546 2880 1620 qui
2913 1552 3080 1603 erant
3106 1546 3166 1603 in
3197 1549 3426 1604 deserto
3456 1547 3692 1604 Pharan.

2309 1634 2603 1708 Filistiim,
2624 1652 2751 1704 quas
2774 1651 2930 1692 nunc
2962 1635 3178 1692 dicitur
3205 1634 3478 1709 Ascalon,
3502 1639 3558 1693 et
3576 1635 3715 1691 circa
3732 1649 3834 1690 eam

2239 1723 2397 1796 regio
2428 1722 2767 1780 Palaestinae.

2313 1812 2551 1882 Fanuel,
2584 1812 2747 1869 locus
2804 1813 2864 1869 in
2915 1830 3030 1886 quo
3077 1813 3258 1871 Jacob
3316 1817 3440 1870 tota
3487 1816 3645 1869 nocte
3688 1810 3835 1867 collu-

2241 1905 2425 1973 ctans,
2451 1900 2683 1958 Israelis
2714 1901 3063 1959 vocabulum
3114 1902 3349 1974 meruit,
3371 1903 3541 1973 juxta
3566 1903 3836 1958 torrentem

2161 1954 2210 2020 Β
2236 1954 2425 2047 ,ἰέιὶῖζὲ
2451 1954 2687 2062 ἆτὲῖέᾲέῖ
2718 1954 3755 2063 negassem;magna,
3774 1954 3836 2043 ab

2241 2096 2307 2136 eo
2348 2079 2503 2151 quod
2532 2080 2713 2135 Jacob
2743 2079 2824 2134 ibi
2854 2080 3040 2135 Deum
3072 2079 3326 2149 viderit).

2315 2168 2515 2240 Forgo,
2540 2167 2744 2224 civitas
2800 2168 2960 2224 Adad
3013 2168 3187 2242 regis,
3222 2185 3356 2241 quas
3413 2173 3502 2225 est
3554 2167 3610 2223 in
3649 2165 3837 2239 regione

2243 2255 2586 2312 Gabalitica.

2314 2345 2525 2415 Fenon,
2555 2348 2749 2401 castra
2806 2345 3060 2402 filiorum
3120 2346 3302 2402 Israel
3355 2347 3415 2403 in
3467 2346 3701 2403 deserto.
3739 2340 3839 2401 Fuit

2242 2437 2437 2489 autem
2495 2434 2793 2504 quondam
2838 2435 3045 2491 civitas
3102 2434 3443 2508 principum
3474 2437 3619 2493 214
3667 2434 3835 2499 Edom,

2242 2538 2398 2577 nunc
2453 2522 2680 2578 viculus
2738 2524 2798 2579 in
2831 2524 3080 2595 deserto,
3113 2524 3213 2580 ubi
3247 2524 3383 2582 aeris
3440 2523 3668 2581 metalla
3690 2523 3840 2595 (dam-

2242 2615 2514 2666 natorum
2572 2611 2880 2684 suppliciis
2926 2612 3329 2685 effodiuntur),
3384 2614 3536 2669 inter
3596 2612 3839 2669 civitatem

2240 2699 2471 2756 Petram
2501 2704 2559 2756 et
2580 2702 2821 2757 Zoaram
2852 2701 2945 2771 (de
2975 2718 3090 2775 quo
3112 2705 3169 2757 et
3197 2719 3384 2775 supra
3413 2701 3701 2773 diximus).

2867 2808 2960 2863 DE
3000 2807 3261 2864 EXODO.

2314 2894 2565 2965 Fithom,
2599 2894 2801 2952 civitas
2830 2895 3080 2969 Egypti,
3104 2912 3284 2969 quam
3320 2896 3734 2954 mdiﬁcaverunt
3766 2889 3841 2948 ﬁlii

2244 2982 2444 3040 Israel.

2455 3073 2550 3128 DE
2588 3073 2909 3130 NUMERIS
2950 3074 3036 3129 ET
3074 3073 3657 3132 DEUTERONOMIO.

2313 3161 2438 3233 Fin,
2473 3165 2666 3219 castra
2694 3163 2952 3220 filiorum
2974 3163 3149 3221 Israel
3178 3162 3239 3219 in
3266 3165 3522 3223 deserto.

2316 3250 2590 3323 Fathura,
2623 3252 2826 3308 civitas
2855 3257 3018 3309 trans
3048 3253 3554 3326 Mesopotamiam,
3586 3251 3726 3309 unde
3760 3246 3843 3303 fuit

2855 3357 2868 3397 :
2925 3343 3027 3398 sed
3076 3345 3134 3398 et
3164 3344 3342 3414 juxta
3398 3337 3840 3413 EleutherOpolim

2243 3430 2512 3502 quaedam
2557 3429 2696 3487 villa
2743 3429 2979 3487 nomine
3037 3430 3298 3488 Fathura
3351 3433 3626 3490 euntibus
3668 3430 3840 3487 Gazam

2243 3521 2636 3591 nuncupatur.

2312 3609 2499 3681 Fogor
2525 3612 2582 3664 et
2611 3608 2941 3682 Bethlogor,
2978 3625 3148 3666 mons
3178 3610 3593 3683 Moabitarum,
3615 3609 3683 3666 ad
3701 3616 3839 3679 quem

2242 3696 2450 3753 Balaac
2478 3713 2578 3753 rex
2607 3697 2850 3753 adduxit
2874 3698 3111 3754 Balaam
3142 3699 3443 3757 hariolum
3472 3700 3533 3756 in
3576 3690 3840 3770 supercilio

2242 3785 2521 3842 Liviadis.
2588 3786 2695 3842 Sed
2752 3790 2811 3842 et
2857 3786 2972 3843 alia
3044 3786 3184 3843 villa
3228 3789 3421 3863 Fogor
3475 3788 3629 3845 haud
3677 3775 3839 3859 procul

2238 3892 2274 3931 a
2294 3873 2591 3931 Bethleem
2647 3876 2905 3932 cernitur
2934 3877 3085 3949 (quas
3114 3893 3272 3934 nunc
3327 3878 3557 3936 Phaora
3584 3884 3840 3943 nuncupa-

2236 3964 2376 4034 tur).

2306 4053 2509 4125 Fasga,
2534 4052 2737 4109 civitas
2766 4053 3261 4111 Amorrhaaorum.
3287 4056 3393 4113 Est
3421 4059 3614 4113 autem
3641 4056 3693 4110 et
3707 4061 3840 4107 mons

2234 4145 2439 4197 contra
2492 4140 2836 4197 orientalem
2890 4140 3123 4215 plagam
3157 4144 3366 4217 Fasga,
3401 4162 3505 4217 pro
3533 4159 3645 4217 quo
3672 4132 3841 4210 Aquila

2235 4230 2673 4301 interpretatur,
2731 4229 3013 4286 excisum.
3062 4232 3172 4287 Sed
3240 4236 3299 4288 et
3359 4222 3725 4306 Septuaginta
3771 4223 3839 4278 in-

2232 4323 2514 4391 terpretes
2545 4319 2732 4391 Fasga
2765 4318 2827 4374 in
2858 4320 3113 4392 quodam
3143 4320 3291 4393 loco,
3325 4323 3586 4379 excisum
3623 4317 3838 4375 transtu'

2231 4406 2443 4463 lerunt.
2486 4408 2521 4460 '.

2700 4497 2786 4553 DE
2828 4497 3040 4554 LIBRO
3078 4497 3419 4557 JUDICUM.

2306 4582 2541 4656 Fanuel,
2576 4584 2781 4641 civitas
2811 4602 2992 4658 quam
3022 4586 3329 4644 aediﬁcavit
3355 4588 3679 4645 Jeroboam.

1862 4648 2119 4756 Pfef’blél
2154 4690 2200 4756 Β
2308 4648 2544 4744 Fanuel,
2588 4674 2768 4730 turris
2822 4648 3001 4746 quam
3042 4676 3328 4733 subvertit
3375 4677 3624 4735 Gedeon.
3657 4668 3753 4729 Sed
3792 4666 3838 4756 ei

2230 4779 2386 4819 unus
2437 4763 2509 4818 de
2566 4761 2705 4819 ﬁliis
2762 4763 2880 4819 Hor
2934 4768 3175 4821 vocatus
3231 4770 3323 4822 est
3356 4764 3572 4822 Fanuel
3608 4764 3656 4831 (1
3679 4751 3834 4814 Paral-

2228 4852 2399 4922 XLIV).

2302 4940 2572 5012 Fraaton,
2599 4941 2754 4997 unde
2787 4940 2897 4997 fuit
2926 4942 3131 4999 Abdon
3155 4943 3339 5016 judex
3378 4941 3577 5017 populi
3604 4932 3762 4995 Israel
3787 4929 3835 4984 in

2230 5033 2429 5085 monte
2457 5028 2713 5093 Amalec,

2619 5118 2711 5172 DE
2749 5117 3149 5176 REGNORUM
3192 5120 3454 5177 LIBRIS.

2304 5204 2562 5261 Felmoni
2610 5205 2846 5261 Almoni
2892 5207 2932 5277 ²,
2982 5208 3137 5280 quod
3178 5208 3389 5282 Aquila
3435 5198 3831 5282 interpretatur,

2229 5292 2398 5349 illum
2444 5292 2534 5348 vel
2582 5292 2784 5365 istum,
2847 5278 3426 5367 Symmachus‘215
3460 5308 3625 5361 'vero,
3665 5278 3829 5343 nescio

2230 5399 2404 5455 quem
2453 5381 2669 5439 locum.
2702 5382 3036 5456 Theodotio,
3069 5385 3237 5442 illum
3289 5383 3482 5441 locum
3540 5368 3827 5439 Elmon(d0

2302 5559 2493 5633 ‘Puta
2544 5558 2711 5614 Deut.
2759 5577 2833 5630 ιν,
2889 5563 2976 5633 49,
3027 5563 3126 5619 ubi
3175 5562 3277 5617 ὑπό
3325 5559 3567 5630 Ἀσηδῴθ
3608 5553 3700 5621 τήν
3746 5543 3825 5598 λα-

2230 5629 2433 5703 ξευτὴνγ
2451 5629 2925 5702 interpretantur.
2964 5629 2970 5633 ί
3512 5629 3516 5630 ί
3656 5693 3666 5703 ,
3713 5688 3723 5700 .

2298 5688 2622 5758 ’Felmom"
2668 5703 2905 5760 Almoni.
2950 5704 3081 5760 Jam
3149 5706 3219 5761 de
3290 5703 3443 5760 hisce
3522 5688 3821 5755 nominibus

2226 5772 2481 5832 diximus
2513 5789 2693 5846 supra
2721 5774 3057 5848 in‘Elmom'.
3084 5775 3368 5836 MARTIAN.
