4084 6170
316 348 433 409 945

1304 348 1405 410 DE
1449 348 1630 413 SITU
1674 349 1774 410 ET
1817 346 2095 411 NOMIN.
2140 349 2311 411 LOG.
2358 347 2727 411 HEBRAIG.

3594 355 3715 418 946

312 494 431 550 quo
476 478 538 535 in
594 477 762 535 libris
831 480 1224 536 Hebraicarum
1280 483 1659 549 Quaestionum
1718 480 1949 552 plenius
1979 484 2034 550 Α
2066 480 2235 535 hodie
2266 480 2407 536 Gaia
2438 482 2577 536 urbs
2609 480 2823 535 dicitur
2851 479 3189 553 Palaestinas,
3212 481 3383 553 juxta
3421 484 3715 542 civitatem

312 566 687 639 disputatum
720 571 850 637 est).

383 656 592 729 Forgo,
624 655 829 713 civitas
861 659 1024 730 regni
1054 659 1258 714 Edom.

383 745 604 815 Farfar,
638 746 851 801 ﬂuvius
881 747 1173 802 Damasci.

382 834 649 905 Fathore,
684 834 841 907 regio
878 836 1108 908 Egypti
1148 837 1318 908 juxta
1371 833 1729 892 Ezechielem
1774 839 1832 891 et
1865 835 1959 890 Je-

308 922 579 994 remiam,
611 924 673 978 in
704 939 823 994 qua
852 924 1084 996 profugi
1114 924 1449 980 habitavere
1477 924 1689 979 Judaei.

932 1057 1023 1111 DE
1052 1058 1328 1113 GENESI.

381 1143 561 1214 Geon,
594 1143 830 1214 ﬂuvius,
866 1145 965 1215 qui
995 1147 1149 1218 apud
1180 1146 1478 1218 ngyptios
1509 1144 1676 1200 Nilus
1696 1148 1953 1213 vocatur,

309 1222 368 1286 in
400 1232 671 1305 paradiso
704 1232 918 1303 oriens,
952 1238 1008 1290 et
1049 1235 1382 1291 universam
1432 1234 1783 1305 IEthiopiam
1841 1232 1955 1286 cir-

310 1321 595 1377 cumiens.

383 1410 728 1481 Gomorrha,
781 1427 899 1465 una
946 1412 1015 1466 de
1059 1412 1319 1483 quinque
1379 1411 1712 1467 civitatibus
1770 1410 1956 1464 Sodo-

310 1516 567 1569 morum,
601 1516 730 1571 qua:
763 1515 897 1554 cum
938 1498 1181 1571 reliquis
1206 1499 1403 1555 divina
1436 1499 1656 1554 ultione
1679 1500 1958 1553 subversa

312 1590 423 1643 est.

377 1675 610 1745 Gerara,
644 1692 711 1731 ex
742 1676 913 1747 cujus
944 1676 1178 1732 nomine
1220 1695 1373 1733 nunc
1417 1676 1734 1733 Geraritica
1784 1692 1953 1730 voca-

304 1768 403 1819 tur
432 1764 591 1836 regio
640 1768 805 1819 trans
852 1764 1122 1834 Daroma,
1165 1767 1367 1838 procul
1418 1766 1490 1821 ab
1522 1762 1953 1835 Eleutheropoli

306 1850 571 1906 millibus
600 1851 807 1923 viginti
838 1853 1100 1924 quinque
1131 1855 1202 1908 ad
1230 1854 1557 1909 meridiem.
1593 1855 1729 1909 Erat
1758 1856 1954 1907 autem
1984 1853 2031 1916 B

303 1939 445 1996 olim
477 1940 766 1996 terminus
797 1941 1261 1998 Ghananzeorum
1284 1944 1354 1998 ad
1377 1943 1692 1998 australem
1718 1942 1950 2014 plagam

302 2033 361 2083 et
391 2029 597 2084 civitas
630 2029 932 2101 metroplis
964 2030 1302 2098 Palaestinae,
1336 2032 1637 2104 Scriptura
1689 2047 1952 2087 comme-

306 2122 500 2174 morat
527 2117 705 2173 fuisse
733 2134 862 2174 eam
892 2118 1045 2174 inter
1071 2121 1254 2175 Cades
1283 2126 1339 2176 et
1370 2121 1500 2189 Sur,
1536 2121 1644 2176 hoc
1676 2125 1765 2176 est
1796 2121 1953 2175 inter

308 2207 463 2262 duas
492 2204 831 2263 solitudines
866 2225 879 2261 :
919 2224 1167 2279 quarum
1210 2226 1328 2264 una
1370 2214 1614 2282 Egypto
1656 2210 1948 2281 jungitur,

304 2296 382 2351 ad
411 2312 585 2367 quam
617 2295 870 2367 populus
901 2301 1065 2353 trans
1082 2299 1297 2353 fretum
1332 2299 1513 2354 Rubri
1547 2300 1727 2354 maris
1750 2314 1949 2370 perve-

303 2384 393 2440 nit
428 2404 441 2452 ;
476 2384 659 2441 altera
698 2402 832 2440 vero
890 2386 1093 2457 Gades,
1155 2404 1342 2459 usque
1402 2389 1471 2443 ad
1531 2389 1949 2443 Saracenorum

300 2489 567 2530 eremum
598 2474 948 2530 extenditur.

377 2561 615 2633 Galaad,
650 2579 821 2618 mons
852 2564 923 2618 ad
957 2580 1130 2635 quem
1160 2566 1409 2637 septimo
1441 2566 1533 2621 die
1580 2565 1950 2638 profectionis

309 2668 341 2708 e
371 2650 607 2707 Gharris
636 2652 812 2707 Jacob
842 2653 1124 2725 profugus
1152 2654 1329 2708 venit.
1364 2655 1465 2710 Est
1504 2660 1699 2710 autem
1731 2654 1804 2709 ad
1835 2658 1949 2709 ter-

297 2757 440 2813 gum
470 2740 768 2797 Phaenices
789 2745 845 2795 et
869 2742 1369 2813 Arabiae,collibus
1397 2744 1601 2799 Libani
1635 2743 1945 2816 copulatus

306 2830 733 2902 exenditurque
763 2846 866 2901 per
894 2831 1191 2887 desertum
1224 2849 1406 2902 usque
1450 2834 1521 2888 ad
1553 2850 1687 2889 eum
1731 2833 1946 2888 locum.

306 2919 408 2974 ubi
440 2922 605 2975 trans
633 2920 944 2975 Jordanem
977 2920 1259 2977 habitavit
1303 2924 1600 2993 quondam
1650 2923 1800 2977 Seon
1852 2939 1950 2977 rex

298 3007 1022 3064 Amorrhaeorum.Gecidit
1052 3011 1425 3081 supradictus
1458 3027 1626 3067 mons
1648 3012 1706 3065 in
1731 3015 1948 3067 sortem

297 3095 550 3153 filiorum
584 3096 787 3152 Ruben
817 3102 898 3167 (et
928 3098 1087 3169 βίω,
1147 3103 1204 3154 et
1259 3100 1514 3155 dimidia:
1569 3102 1759 3155 tribus
1827 3101 1947 3155 Ma-

2072 570 2292 623 Petram
2306 609 2317 621 .
3700 618 3703 619 ,

2139 656 2375 711 Gclmon
2426 656 2815 728 Deblathaim,
2864 662 3076 727 castra,
3125 659 3183 714 id
3232 664 3339 731 est,
3384 660 3611 718 mansio
3642 662 3713 717 fi-

2066 745 2279 800 liorum
2314 745 2488 801 Israel
2519 745 2579 801 in
2610 747 2857 802 deserto.

2138 835 2396 907 Gadgad,
2431 852 2601 891 mons
2631 835 2691 890 in
2724 836 2969 908 deserto,
3002 836 3103 893 ubi
3132 838 3527 894 castrametati
3575 842 3714 895 sunt

2068 922 2173 977 filii
2205 923 2402 979 Israel.

2138 1012 2307 1083 Gaza,
2342 1013 2546 1068 civitas
2576 1014 2893 1085 Evzeorum,
2922 1014 2981 1069 in
3012 1031 3129 1086 qua
3174 1016 3509 1073 habitavere
3565 1017 3713 1089 Cap-

2066 1101 2337 1173 padoces,
2398 1101 2663 1171 pristinis
2730 1102 3055 1157 cultoribus
3114 1103 3456 1161 interfectis.
3539 1107 3709 1178 Apud

2064 1194 2285 1245 veteres
2318 1194 2444 1245 erat
2494 1192 2781 1245 terminus
2825 1191 3287 1247 Ghananzeorum
3330 1194 3502 1263 juxta
3538 1196 3714 1266 Egy-

2065 1282 2252 1350 ptum,
2286 1278 2607 1349 ceciditque
2632 1280 2691 1333 in
2723 1284 2938 1335 sortem
2960 1280 3149 1335 tribus
3180 1281 3339 1336 Iuda:
3366 1284 3381 1315 ¹
3410 1300 3422 1337 :
3458 1283 3559 1338 sed
3581 1298 3711 1339 eam

2064 1373 2259 1422 tenere
2286 1384 2401 1422 non
2434 1368 2642 1438 potuit,
2677 1368 2816 1439 quia
2864 1369 3123 1439 Enacim,
3166 1368 3223 1423 id
3283 1374 3372 1425 est
3422 1370 3712 1443 gigantes,

2064 1454 2510 1527 Allophylorum
2540 1456 2865 1525 fortissimi,
2904 1458 3248 1513 restiterunt
3280 1476 3292 1524 ;
3326 1462 3384 1513 et
3413 1464 3503 1514 est
3524 1475 3713 1532 usque

2064 1543 2235 1599 hodie
2267 1544 2518 1615 insignis
2545 1545 2748 1599 civitas
2775 1545 3117 1601 Palmstinaz.
3153 1547 3468 1617 (Quaeritur
3515 1552 3713 1604 autem

2067 1632 2361 1703 quomodo
2392 1632 2451 1685 in
2480 1632 2737 1702 quodam
2778 1632 3061 1703 propheta
3113 1635 3134 1667 ²
3165 1634 3395 1690 dicatur
3443 1635 3594 1691 Gaza
3622 1636 3715 1691 fu-

2066 1724 2199 1775 tura
2247 1719 2306 1773 in
2356 1720 2654 1774 tumulum
2726 1721 3147 1791 sempiternum
3192 1740 3203 1776 :
3259 1724 3415 1793 quod
3472 1722 3717 1778 solvitur

2063 1808 2164 1879 ita,
2217 1808 2472 1880 antiquae
2519 1809 2770 1864 civitatis
2819 1808 3013 1865 locum
3059 1810 3153 1865 vix
3196 1810 3712 1867 fundamentorum

2066 1898 2319 1970 praebere
2375 1898 2641 1970 vestigia,
2734 1898 2881 1953 hanc
2942 1904 3137 1955 autem
3197 1916 3323 1970 quae
3378 1918 3535 1956 nunc
3585 1917 3706 1956 cer-

2061 1986 2218 2042 nitur
2268 1987 2327 2041 in
2382 1986 2493 2042 alio
2542 1986 2687 2057 loco,
2736 2004 2839 2058 pro
2889 1986 2989 2042 illa
3036 2005 3162 2059 quae
3218 1988 3457 2059 corruit,
3526 1989 3711 2045 aedifi-

2060 2076 2297 2146 catam.)

2129 2165 2391 2236 Gargasi,
2426 2164 2625 2219 civitas
2658 2169 2822 2220 trans
2864 2166 3201 2235 Jordanem,
3245 2166 3455 2236 juncta
3523 2168 3709 2223 monti

2061 2253 2297 2323 Galaad,
2348 2270 2525 2324 quam
2593 2254 2781 2307 tenuit
2844 2254 3035 2309 tribus
3101 2254 3387 2310 Manasse.
3454 2256 3518 2309 Et
3586 2256 3709 2312 haec

2060 2357 2185 2397 esse
2246 2358 2402 2396 nunc
2462 2340 2675 2397 dicitur
2730 2342 2965 2411 Gerasa,
3024 2342 3165 2396 urbs
3240 2342 3488 2413 insignis
3562 2350 3707 2399 Ara-

2061 2431 2166 2485 bia:
2198 2432 2236 2483 ³.
2272 2430 2520 2495 Quidam
2555 2434 2751 2485 autem
2801 2431 2991 2500 ipsam
3050 2447 3179 2486 esse
3235 2431 3524 2487 Gadaram
3556 2433 3709 2488 aesti-

2061 2525 2243 2576 mant.
2306 2521 2417 2575 Sed
2472 2526 2528 2574 et
2586 2517 2962 2591 Evangelium
3001 2519 3293 2575 ~meminit
3351 2521 3708 2593 Gergeseno-

2061 2625 2213 2674 rum,

2129 2698 2424 2770 Gaggada,
2459 2698 2557 2753 ubi
2583 2715 2867 2769 aquarum
2892 2702 3181 2754 torrentes
3212 2700 3479 2756 sunt.Est
3508 2704 3706 2757 autem

2060 2786 2225 2842 locus
2257 2787 2313 2840 in
2347 2786 2685 2841 solitudine.

2130 2874 2374 2943 Gaulon,
2432 2874 2549 2929 sive
2606 2873 2829 2945 Golam,
2887 2876 2945 2929 in
2976 2875 3131 2930 tribu
3191 2880 3457 2933 Manasse
3498 2878 3705 2933 civitas

2058 2962 2437 3019 sacerdotalis
2469 2968 2526 3017 et
2558 2963 2956 3035 fugitivorum,
2991 2965 3050 3019 in
3083 2966 3316 3037 regione
3347 2966 3703 3022 Basanitide.

2057 3054 2161 3108 Sed
2196 3056 2251 3107 et
2282 3068 2437 3106 nunc
2464 3051 2685 3107 Gaulon
2744 3057 2984 3108 vocatur
3031 3053 3170 3108 villa
3225 3055 3586 3126 praegrandis
3642 3055 3703 3111 in

2060 3143 2345 3211 Batanzea,
2375 3158 2442 3196 ex
2475 3143 2645 3212 cujus
2679 3142 2914 3197 nomine
2944 3147 3001 3197 et
3030 3143 3189 3214 regio
3220 3143 3428 3199 sortita
3454 3144 3704 3199 vocabu-

555 3186 746 3286 vs‘
789 3186 1069 3291 armis
1290 3189 1341 3259 δ)
1399 3188 1677 3289 loquitur:
1717 3190 1947 3291 ,σαιατξά
1977 3222 2020 3289 c
2059 3186 2319 3286 Larga".

298 3284 359 3330 tu
386 3276 530 3329 mihi
558 3276 785 3329 initium
816 3276 1055 3345 Libani),
1088 3293 1121 3331 a
1151 3294 1265 3348 quo
1294 3282 1489 3332 monte
1521 3282 1577 3331 et
1622 3279 1824 3334 civitas
1885 3278 1945 3334 in

300 3381 369 3420 eo
401 3364 655 3433 condita,
692 3364 895 3419 sortita
925 3365 1276 3421 vocabulum
1304 3371 1395 3421 est
1429 3384 1440 3421 :
1477 3384 1653 3437 quam
1704 3368 1856 3439 cepit
1883 3369 1952 3423 de

300 3454 779 3509 Amorrhaeorum
812 3470 989 3509 manu
1047 3454 1259 3511 Galaad
1322 3455 1477 3511 filius
1548 3456 1786 3525 Machis,
1850 3456 1953 3511 lilii

307 3542 600 3597 Manasse.

386 3631 590 3699 Gader,
621 3632 820 3701 turris,
854 3633 952 3687 ubi
977 3632 1278 3688 habitante
1306 3634 1501 3703 lacob,
1538 3633 1739 3689 Ruben
1772 3635 1953 3705 patris

312 3716 555 3773 violavit
582 3727 766 3775 torum
800 3723 939 3791 (qsa:
973 3738 1190 3792 aasquc
1250 3724 1291 3776 G
1334 3722 1547 3793 littera,
1604 3723 1661 3777 in
1720 3722 1954 3778 Hebraeo

310 3808 447 3863 ader
474 3808 625 3877 (‘11:?)
656 3809 974 3879 scribitur).

379 3896 694 3968 Getthaim,
728 3916 830 3969 pro
864 3898 1060 3970 quain
1098 3900 1331 3955 Hebraeo
1366 3900 1621 3971 positum
1675 3901 1829 3956 2I8
1870 3905 1960 3955 est

306 3986 503 4055 Avith,
537 3986 740 4041 civitas
772 3987 958 4057 Adad,
994 3988 1094 4059 qui
1121 3992 1367 4058 quartus
1412 3989 1670 4060 regnavit
1699 3990 1757 4043 in
1808 3994 1961 4045 terra

305 4075 590 4145 Idumaza,
623 4092 749 4146 quas
782 4092 937 4130 nunc
968 4075 1257 4131 Gebalene
1289 4077 1521 4131 dicitur.

380 4162 613 4233 Gesem,
648 4163 805 4234 regio
840 4162 1092 4235 lEgypti,
1154 4162 1216 4216 in
1276 4180 1391 4233 qua
1450 4163 1730 4219 habitavit
1784 4165 1961 4220 Jacob

309 4268 446 4306 cum
481 4250 685 4307 liberis
716 4251 860 4307 suis.

530 4374 620 4430 DE
648 4374 968 4431 NUMERIS
1024 4376 1116 4430 ET
1154 4375 1747 4432 DEUTERONOMIO.

384 4474 1003 4545 Gasiongaber,castra
1034 4473 1093 4528 in
1128 4472 1442 4529 solitudine
1475 4474 1729 4530 filiorum
1759 4475 1961 4548 Israel,

311 4564 469 4618 sicut
496 4562 555 4616 in
616 4562 1006 4617 Numerorum
1063 4561 1211 4616 libro
1280 4562 1564 4634 scriptum
1623 4569 1728 4619 est.
1792 4565 1965 4620 Porro

302 4653 481 4722 juxta
513 4651 1031 4706 Deuteronomium
1063 4651 1267 4705 civitas
1298 4656 1386 4706 est
1416 4653 1769 4723 Esau,quam
1814 4671 1969 4709 nunc

312 4741 511 4795 Esiam
541 4740 871 4811 nuncupari
904 4744 1133 4811 putant,
1160 4741 1333 4810 juxta
1385 4757 1544 4796 mare
1586 4742 1851 4797 Rubrum
1916 4748 1972 4798 et

323 4826 535 4882 Ailam.

392 4916 516 4988 Gai,
551 4918 607 4973 in
634 4917 951 4975 solitudine
971 4923 1161 4974 castra
1182 4918 1436 4974 filiorum
1470 4919 1645 4974 Israel
1671 4938 1689 4973 :
1714 4928 1767 4975 et
1786 4937 1973 4992 usque

390 5097 406 5129 ¹
440 5095 652 5151 Sortem
682 5099 861 5151 tribus
888 5097 1112 5153 Judaaaz.
1142 5097 1302 5152 Unus
1348 5114 1458 5152 ms.
1493 5098 1672 5153 codex
1701 5099 1974 5157 Colberti-

316 5184 570 5240 nusgpro
599 5169 752 5223 Iudae
784 5169 921 5240 legit
951 5170 1142 5240 Ioseph
1172 5173 1453 5224 MAKTIAN.

389 5240 412 5272 ²
447 5238 1017 5321 PutaHSophoniam,
1066 5238 1203 5321 cap:
1268 5258 1338 5321 11A,
1400 5240 1547 5321 Hinc
1602 5246 1659 5295 et
1717 5242 1773 5296 in
1824 5248 1975 5314 Apo-

317 5310 663 5384 spasmatiis
720 5310 930 5384 incecti
980 5310 1233 5384 auctoris
1290 5312 1467 5366 Graeci
1534 5316 1691 5367 tomo
1770 5310 1977 5384 quarto

316 5381 803 5454 G’eographorum
836 5383 1124 5438 Minorum
1157 5383 1323 5437 Novas
1383 5384 1544 5438 Gaza:
1605 5390 1693 5439 est
1737 5381 1976 5442 mentio.

322 5463 570 5525 Numas
628 5460 961 5525 Ῥινοκόρονρα
1010 5465 1045 5520 ὴ
1102 5462 1187 5508 νέαι
1244 5463 1370 5519 Γάζα
1429 5465 1582 5509 κεῖται

322 5526 408 5572 καὶ
438 5522 587 5583 αὐτή.
648 5527 773 5578 Post
816 5522 1263 5580 'llh'inocoruram
1311 5526 1459 5579 Nova
1516 5526 1679 5596 Gaza,

1666 5462 1802 5521 mm;
1858 5469 1982 5517 οὖσα

1752 5544 1877 5598 qua:
1932 5538 1983 5584 et

2132 3321 2328 3391 Gebal,
2359 3337 2528 3376 mons
2560 3320 2618 3375 in
2653 3326 2806 3377 terra
2836 3322 3305 3394 repromssionis,
3362 3323 3462 3378 ubi
3494 3325 3566 3378 ad
3599 3324 3707 3380 im-

2062 3412 2291 3482 perium
2323 3410 2500 3465 Mosis
2557 3409 2738 3466 altare
2770 3416 3175 3467 constructum
3229 3413 3382 3468 219
3414 3417 3522 3467 est.
3558 3414 3708 3469 Sunt

2064 3504 2257 3555 autem
2280 3500 2457 3569 juuta
2483 3499 2711 3553 Jericho
2743 3500 2857 3554 duo
2886 3506 3113 3555 montes
3161 3500 3340 3554 vicini
3399 3506 3603 3556 contra
3646 3518 3709 3557 se

2064 3588 2310 3643 invicem
2346 3586 2741 3659 respicientes,
2778 3604 2807 3642 e
2840 3588 3055 3659 quibus
3087 3606 3240 3643 unus
3272 3589 3544 3657 Garizim,
3568 3589 3713 3643 alter

2065 3676 2242 3732 Gebal
2317 3676 2552 3743 dicitur,
2641 3677 2809 3730 Porro
2896 3677 3247 3731 Samaritani
3333 3677 3711 3745 arbitrantur,

2068 3766 2176 3821 hos
2209 3766 2356 3819 duos
2391 3770 2620 3819 montes
2644 3766 2815 3835 juxta
2845 3765 3141 3834 Neapolim
3194 3780 3321 3819 esse
3359 3783 3371 3831 ;
3406 3766 3505 3820 sed
3537 3764 3715 3820 vehe-

2070 3858 2296 3910 menter
2325 3860 2522 3909 errant
2557 3870 2568 3908 :
2604 3853 2927 3924 plurimum
2959 3854 3114 3907 enim
3150 3854 3301 3908 inter
3358 3871 3418 3909 se
3476 3854 3719 3925 distant,

2077 3961 2183 3999 nec
2212 3948 2462 4014 possunt
2486 3942 2733 3997 invicem
2774 3942 3245 3997 benedicentium
3307 3942 3425 3998 sive
3485 3941 3726 3999 maledi-

2073 4033 2335 4089 centium
2368 4032 2521 4087 inter
2551 4048 2613 4086 se
2646 4032 3013 4087 audirivoces
3046 4032 3222 4103 (quod
3243 4032 3545 4105 Scriptura
3573 4048 3727 4088 com-

2076 4121 2405 4193 memorat).

2147 4210 2401 4279 Garizin,
2438 4226 2603 4264 msns
2636 4225 2814 4281 super
2843 4226 3018 4281 quem
3053 4214 3340 4265 steterunt
3369 4210 3429 4265 hi
3473 4210 3573 4282 qui
3606 4226 3728 4266 ma-

2073 4299 2286 4354 ledicta
2343 4300 2719 4365 resonabant,
2750 4300 2921 4369 juxta
2967 4316 3145 4371 supra
3192 4299 3415 4354 dictum
3464 4302 3727 4354 montem

2076 4389 2273 4444 GebaL

2152 4477 2383 4549 Golgor,
2420 4494 2545 4547 quae
2578 4482 2635 4532 et
2664 4476 2887 4549 Galgal,
2916 4479 3086 4547 juxta
3116 4494 3294 4548 quam
3344 4480 3573 4532 montes
3600 4490 3729 4532 esse

1999 4592 2045 4657 Β
2083 4566 2423 4621 scribuntur
2453 4566 2684 4620 Garizin
2719 4573 2777 4620 et
2806 4566 3002 4621 Gebal.
3053 4566 3253 4639 Galgal
3295 4570 3513 4633 autem,
3567 4564 3730 4657 locus

2078 4656 2353 4724 estjuxta
2395 4655 2647 4711 Jericho.
2704 4656 2905 4723 (Erant
2961 4656 3140 4727 igitur
3198 4654 3568 4723 Samaritani,
3629 4652 3732 4723 qui

2078 4744 2248 4813 juxta
2282 4743 2584 4814 Neapolim
2618 4745 2851 4798 Garizin
2883 4749 2939 4798 et
2968 4743 3149 4800 Gabal
3178 4749 3407 4799 montes
3427 4742 3733 4797 ostendere

2079 4831 2299 4901 volunt,
2336 4848 2470 4887 cum
2504 4832 2636 4888 illos
2676 4836 2846 4904 juxta
2875 4833 3077 4905 Galgal
3124 4850 3251 4888 esse
3318 4831 3616 4902 Scriptura
3645 4833 3729 4885 te-

2084 4925 2308 4989 stetur).

2159 5102 2180 5132 ³
2211 5100 2487 5222 origcnes
2510 5114 2661 5167 vero,
2695 5098 2754 5152 in
2785 5099 3152 5179 Matthtcum,
3176 5114 3318 5179 pag:
3360 5098 3484 5178 1.31.
3520 5097 3731 5222 Ger?-

2159 5188 2213 5222 m
2248 5172 2324 5222 Pa
2352 5176 2566 5222 :estmae
2621 5188 2653 5222 a
2709 5172 2924 5222 Gerasn
2981 5171 3204 5222 Arabiae
3263 5170 3591 5222 dlStlDEUlt.
3698 5184 3731 5222 x

2088 5188 2213 5225 sam
2248 5168 2566 5225 Palaestinae
2621 5188 2653 5224 a
2709 5172 2924 5224 Gerasn
2981 5168 3204 5224 Arabiae
3260 5168 3591 5239 distinguit.
3654 5168 3734 5222 Ex

2092 5243 2416 5297 Piotlemazo
2439 5258 2671 5313 quoque
2697 5242 2983 5295 discimus
3005 5242 3152 5313 duas
3166 5244 3543 5312 cognomines
3558 5239 3733 5294 urbes

2090 5315 2403 5383 exstitisse,
2488 5313 2738 5367 alterum
2822 5313 2878 5365 in
2945 5312 3336 5395 _Gosle-Syria,
3423 5313 3593 5429 cujus
3678 5314 3736 5365 et

2090 5386 2422 5429 Sinnhnnlm
2474 5386 2708 5429 Hvznnt-
2781 5386 3047 5429 meminit
3156 5389 3349 5429 Γεοασα
3432 5384 3567 5429 ﬁdit:
3648 5382 3735 5429 τῆς

2090 5386 2422 5456 Stephanus
2474 5386 2708 5455 Byzant.
2781 5384 3096 5456 meminit,
3156 5382 3349 5447 Γέρασα
3432 5382 3567 5439 πόλις
3605 5452 3615 5456 _
3648 5382 3735 5440 τῆς

2094 5452 2269 5522 κρᾶτά
2299 5464 2471 5527 Συρίας
2507 5452 2536 5509 ;’
2553 5456 2795 5509 alteram
2828 5455 2886 5508 in
2928 5455 3141 5509 Arabia
3189 5459 3423 5527 Petraea.
3480 5452 3738 5523 Denique

2092 5534 2148 5582 et
2208 5530 2429 5581 Flaccus
2476 5528 2800 5581 Gerasorum
2852 5526 3399 5598 provincia/irasz
3460 5527 3737 5595 episcopus

330 5596 546 5672 ipsaes!
574 5596 852 5672 civitatas,
876 5598 986 5652 sita
1013 5604 1109 5653 est.
1134 5596 1347 5652 Vid.et.
1380 5597 1647 5653 Curtium
1687 5596 1789 5657 liti.
1824 5618 1896 5672 1v,
1928 5606 1986 5658 et
2095 5598 2553 5656 Ghalcedoncnsi
2584 5598 2829 5655 concilio
2852 5596 3229 5672 subscripsit.

329 5666 655 5726 Arrianum
680 5665 782 5725 lib.
818 5684 879 5737 ,i.
