4058 6172
482 328 610 398 947

1722 334 1790 396 S.
1835 332 2144 396 EUSEBII
2184 330 2656 398 HIERONYML

498 496 503 501 ι
556 467 683 537 Gai,
718 468 777 523 in
811 466 1003 534 Moab,
1033 466 1189 539 quod
1221 465 1663 538 interpretatur,
1714 464 1883 522 vallis
1931 467 2123 531 Moab,
2158 470 2211 533 Α
2311 467 2726 541 Golathmaim,
2757 470 2920 527 locus
2950 471 3052 544 qui
3109 471 3509 544 interpretatur
3556 472 3800 544 possessio

483 556 655 626 juxta
687 553 932 627 Phogor,
967 554 1066 610 ubi
1089 552 1355 626 sepultus
1384 557 1475 608 est
1502 557 1710 609 Moses.

493 656 501 663 '
1035 641 1125 696 DE
1155 639 1367 696 LIBRO
1393 640 1580 696 JESU.

563 730 825 803 Galgala,
858 731 981 786 hate
1009 734 1098 785 est
1127 746 1304 801 quam
1337 745 1514 800 supra
1560 728 1867 801 posuimus
1909 729 2130 801 Golgol,

490 818 945 876 adorientalem
977 817 1209 891 plagam
1241 817 1494 889 antiquae
1523 817 1793 873 Jerichus
1823 818 1907 872 cis
1935 818 2136 873 Jorda-

494 924 653 977 nem,
685 908 786 964 ubi
811 908 984 965 Jesus
1023 907 1279 963 secundo
1334 905 1615 979 populum
1665 906 2051 972 circumcidit,
2081 909 2139 961 et

492 995 719 1053 Pascha
763 995 1093 1064 celebravit,
1135 999 1194 1051 et
1236 995 1542 1051 deficiente
1605 1011 1842 1065 manna,
1894 993 2138 1051 triticeis

492 1084 746 1158 panibus
773 1101 918 1139 usus
934 1087 1023 1140 est
1040 1082 1309 1139 Israel.In
1341 1083 1470 1155 ipso
1503 1083 1628 1139 loco
1645 1082 1872 1155 lapides
1903 1099 2139 1155 quoque

493 1189 643 1244 quos
664 1173 734 1227 de
764 1172 923 1228 alveo
954 1170 1067 1244 (Al.
1099 1171 1332 1244 alveolo]
1363 1172 1638 1227 Jordanis
1690 1171 1969 1239 tulerant,
2019 1176 2135 1227 sta-

492 1264 733 1315 tuerunt
765 1278 787 1315 :'
831 1261 931 1317 ubi
973 1265 1033 1317 et
1076 1260 1524 1316 tabernaculum
1575 1260 1897 1316 testimonii
1956 1261 2137 1315 fixum

490 1349 678 1405 multo
708 1354 968 1422 tempore
997 1349 1355 1405 fuit.Cecidit
1383 1354 1580 1405 autem
1603 1349 1663 1404 in
1694 1354 1915 1405 sortem
1948 1350 2139 1404 tribus

490 1438 679 1504 'Judze,
710 1442 768 1493 et
796 1438 1123 1493 ostenditur
1156 1454 1344 1509 usque
1372 1437 1546 1493 hodie
1572 1436 1738 1493 locus
1770 1438 2037 1492 desertus
2078 1436 2139 1491 in

490 1527 753 1582 secundo
775 1526 1046 1582 Jerichus
1078 1525 1377 1591 milliario,
1409 1527 1479 1581 ab
1504 1525 1665 1580 illius
1696 1525 1952 1597 regionis
1981 1541 2136 1581 mor-

486 1613 713 1670 talibus
740 1614 892 1669 miro
919 1614 1082 1669 cultu
1134 1614 1393 1670 habitus.
1454 1614 1567 1669 Sed
1609 1618 1669 1669 et
1714 1615 1888 1685 juxta
1942 1613 2140 1669 Bethel

494 1702 737 1774 quidam
769 1701 945 1758 aliam
976 1701 1280 1775 Galgalam
1311 1702 1708 1774 suspicantur.

2241 572 2403 626 aquas
2436 558 2477 611 ¹.

2312 644 2532 713 Gadda,
2565 647 2625 702 in
2658 648 2816 703 tribu
2871 649 3042 703 Juda.
3077 649 3179 704 Est
3206 654 3399 705 autem
3428 649 3803 720 hodiequevilla

2241 733 2301 786 in
2331 735 2602 790 extremis
2632 737 2847 792 ﬁnibus
2867 736 3130 792 Daroma:
3175 742 3375 793 contra
3422 737 3688 807 orientem,
3725 737 3809 792 im-

2244 820 2476 877 minens
2505 824 2654 878 mari
2684 825 2936 880 Mortuo.

2316 910 2560 977 Gadera,
2582 911 2642 966 in
2667 913 2822 968 tribu
2852 913 2884 969 J
2892 914 3007 969 uda
3030 931 3044 969 :
3077 932 3235 970 nunc
3262 913 3577 987 appellatur
3616 911 3731 969 villa
3758 912 3814 968 ad

2245 999 2539 1070 regionem
2573 1000 2821 1058 civitatis
2856 1001 3129 1059 Alliensis
3164 1004 3478 1076 pertinens,
3506 1001 3711 1058 nomine
3732 1003 3813 1056 Ga-

2245 1088 2405 1155 dora,
2439 1088 2593 1144 circa
2620 1090 3064 1147 Terebinthum.

2317 1176 2605 1245 Cahedur,
2636 1179 2695 1234 in
2740 1179 2891 1234 iribu
2929 1180 3087 1236 Juda
3117 1198 3130 1236 :
3163 1181 3450 1252 hodieque
3491 1181 3702 1235 vocatur
3739 1177 3818 1233 Ge-

2247 1266 2579 1333 drus,vicus
2610 1269 2965 1339 praegrandis
2994 1268 3053 1323 in
3089 1270 3312 1325 decimo
3342 1268 3600 1324 milliaria
3625 1266 3820 1340 Diospo-

2249 1354 2369 1408 leos
2400 1355 2783 1427 pergentibus
2818 1356 3331 1430 Eleutheropolim.

2319 1442 2507 1512 Gabli,
2530 1448 2685 1499 terra
2714 1444 3168 1518 Allophylorum.

2320 1532 2519 1599 Gison,
2552 1531 2613 1587 in
2641 1533 2799 1588 tribu
2826 1534 3005 1589 Juda.

2322 1619 2523 1687 Gelon,
2554 1620 2615 1676 in
2645 1621 2802 1677 tribu
2838 1623 3010 1679 Iuda.

2321 1708 2634 1780 Gaderoth,
2669 1710 2729 1764 in
2758 1710 2878 1766 trib
2896 1711 3107 1766 uJuda.

563 1790 688 1858 Gai,
713 1791 884 1862 juxta
914 1791 1145 1889 Iis-than.
1175 1796 1233 1889 ei.
1272 1791 1497 1889 Ῑξθιξιθὶ,
1793 1791 2146 1889 ϐξρυεῐιεξχίῑ
2174 1825 2222 1889 Β
2324 1799 2477 1854 223
2506 1799 2901 1889 Getremmon,
2935 1800 2994 1855 in
3026 1800 3184 1856 tribu
3217 1801 3507 1869 Manasse,
3544 1797 3725 1855 civitas
3760 1809 3827 1853 se-

491 1880 688 1948 Jesus,
746 1895 881 1952 rege
923 1878 1084 1935 illius
1132 1880 1457 1946 interfecto,
1511 1885 1569 1936 et
1610 1880 1898 1936 habitavit
1950 1882 2009 1935 in
2042 1880 2143 1937 illa
2174 1878 2220 1889 ”
2256 1892 2457 1958 parata
2490 1888 2719 1943 Levitis.

492 1968 791 2040 quondam
823 1968 967 2023 citra
998 1968 1105 2039 (Al.
1135 1970 1307 2039 circa)
1352 1970 1664 2025 Iordanem
1714 1968 2090 2024 Amorrhteus
2124 1988 2136 2038 ;

491 2074 649 2113 nunc
673 2057 945 2113 desertus
976 2061 1205 2113 tantum
1237 2058 1568 2113 ostenditur
1594 2057 1779 2113 locus.

562 2145 825 2215 Gabaon,
864 2147 1019 2202 unde
1046 2147 1379 2202 Gabaonita:
1411 2145 1704 2218 supplices
1750 2151 2034 2203 venerunt
2063 2147 2136 2201 ad

487 2236 689 2290 Jesum
724 2251 737 2289 :
771 2238 896 2291 erat
952 2234 1093 2291 olim
1153 2235 1492 2307 metropolis
1551 2238 1609 2290 et
1665 2236 1878 2308 regalis
1933 2235 2136 2291 civitas

486 2328 806 2392 Evzeorum,
839 2323 1164 2396 ceciditque
1192 2324 1253 2379 in
1298 2329 1512 2380 sortem
1562 2324 1754 2380 tribus
1808 2324 2131 2394 Benjamin.

485 2415 557 2470 Et
585 2430 742 2469 nunc
772 2413 1103 2469 ostenditur
1129 2413 1267 2469 villa
1297 2414 1500 2469 eodem
1531 2413 1769 2469 nomine
1817 2413 1878 2473 in
1925 2416 2133 2485 quarto

485 2504 641 2561 222
672 2502 945 2559 milliario
977 2502 1249 2568 Bethelis,
1294 2508 1500 2559 contaa
1537 2501 1955 2559 occidentalem
2007 2501 2131 2574 pla-

485 2608 622 2666 gam
644 2592 817 2663 juxta
847 2592 1032 2647 Rama
1052 2597 1107 2647 et
1136 2592 1420 2647 Remmon
1447 2608 1459 2648 :
1494 2592 1593 2647 ubi
1626 2591 1900 2647 Salomon
1922 2591 2131 2646 hostiis

485 2680 808 2737 immolatis
836 2680 1099 2736 divinum
1130 2680 1345 2737 meruit
1382 2679 1707 2736 oraculum.
1764 2680 1890 2735 Fuit
1936 2684 2129 2735 autem

484 2774 544 2827 et
572 2769 704 2843 ipsa
729 2774 998 2842 separata
1028 2770 1261 2827 Levitis.

488 2862 493 2869 ’
556 2859 737 2927 Gabe,
778 2860 955 2916 sortis
986 2860 1313 2932 Benjamin,
1373 2862 1430 2914 et
1483 2857 1605 2913 haec
1658 2857 1871 2913 Levitis
1917 2857 2123 2914 civitas

485 2952 777 3023 separata.

554 3037 754 3108 Gazer,
787 3038 846 3092 in
900 3041 1055 3093 sorte
1100 3036 1291 3091 tribus
1339 3034 1615 3107 Ephrain,
1667 3036 1809 3089 urbs
1864 3037 2131 3106 separata

2315 1976 2439 2047 Gai,
2471 1976 2638 2033 vallis
2663 1977 2780 2033 sive
2811 1984 3170 2050 paaruptum.

2320 2066 2679 2134 Gehennom,
2712 2068 2869 2138 quod
2898 2068 3339 2139 interpretatur,
3370 2065 3535 2122 vallis
3561 2064 3825 2127 Ennom,et

2245 2156 2317 2210 ab
2350 2155 2458 2210 hac
2490 2155 2731 2227 quidam
2762 2161 2969 2228 putant
2999 2154 3353 2228 appellatam
3402 2155 3723 2228 gehennam.
3756 2149 3827 2204 Ge-

2243 2244 2384 2299 cidit
2413 2250 2609 2300 autem
2641 2244 2699 2299 in
2732 2249 2949 2300 sortem
3000 2245 3192 2300 tribus
3222 2243 3532 2316 Benjamin
3562 2243 3712 2314 juxta
3733 2253 3827 2294 mn-

2243 2350 2373 2388 rum
2402 2333 2724 2389 Jerusalem
2756 2338 2958 2389 contra
2987 2333 3282 2389 Orientem
3310 2335 3511 2406 (super
3556 2348 3661 2404 qua
3698 2329 3747 2383 in
3770 2325 3821 2380 li-

2244 2422 2363 2477 bris
2395 2424 2787 2478 Hebraz’carum
2818 2423 3187 2489 Quaestionum
3217 2422 3454 2494 plenius
3499 2421 3702 2477 dictum
3724 2416 3819 2484 est).

2311 2510 2656 2583 Gethepher,
2690 2512 2746 2566 in
2780 2511 2935 2566 tribu
2963 2510 3241 2567 Zabulon.

2309 2600 2592 2665 Hel‘thael,
2625 2600 2683 2655 id
2714 2604 2803 2656 est
2829 2599 2995 2656 vallis
3034 2599 3283 2667 Efthael,
3316 2600 3379 2654 in
3417 2600 3571 2655 tribu
3598 2592 3819 2653 Zabulon.

2310 2689 2632 2759 Gabathon,
2665 2689 2723 2743 in
2755 2688 2913 2745 tribu
2944 2689 3089 2753 Dan,
3124 2688 3331 2744 civitas
3358 2692 3621 2759 separata
3639 2680 3819 2740 Levitis.

2241 2777 2341 2833 Est
2373 2794 2607 2849 quoque
2636 2777 2941 2850 oppidum,
2973 2777 3131 2849 quod
3162 2781 3407 2833 vocatur
3435 2774 3664 2845 Gabe,in
3704 2772 3824 2826 sexto

2239 2865 2463 2922 decimo
2535 2865 2810 2922 milliario
2840 2867 3134 2935 Caesareas,
3165 2870 3222 2922 et
3247 2864 3369 2922 alia
3398 2865 3535 2921 villa
3563 2856 3830 2920 Gabatblin

2239 2955 2457 3011 finibus
2486 2956 2853 3012 Diocaasareaz
2894 2957 3065 3028 juxta
3110 2956 3402 3028 grandem
3452 2966 3706 3026 campum
3744 2948 3820 3015 Ῑιθ·

2236 3044 2428 3115 gionis
2464 3062 2476 3100 :
2511 3060 2735 3101 necnon
2782 3044 2943 3101 Gaba
2989 3049 3047 3101 et
3098 3043 3393 3112 Gabatha,
3451 3041 3618 3098 viculi
3667 3038 3825 3094 contra

485 3126 752 3182 Levitis:
806 3142 983 3197 quam
1029 3130 1088 3180 et
1133 3125 1321 3196 ipsam
1365 3123 1721 3195 expugnavit
1759 3123 1957 3191 JBSUS,
1998 3139 2130 3195 rege
2162 3192 2199 3207 Α
2236 3133 2575 3189 orientalem
2608 3132 2839 3207 plagam
2887 3134 3171 3189 Daromze.
3218 3133 3333 3188 Sed
3378 3137 3435 3188 et
3463 3131 3577 3187 alia
3620 3121 3828 3184 Gabatha

490 3213 649 3268 illius
679 3192 1000 3279 interfecto,
1035 3192 1339 3268 {Edi—ﬁcata
1377 3192 1466 3267 est
1494 3192 1690 3266 autem
1723 3217 1926 3283 postea
1957 3228 1990 3265 τι
2019 3192 2126 3268 sit-
2157 3192 2200 3258 Ο
2240 3222 2299 3277 in
2330 3222 2519 3278 tribus
2549 3192 2983 3294 Bénjgminmbi
3016 3222 3126 3277 fuit
3145 3223 3362 3278 domus
3392 3220 3531 3278 Saul
3564 3237 3577 3274 ε
3607 3212 3828 3284 alienige-

488 3301 723 3357 lomone
755 3317 769 3356 :
799 3318 955 3357 nunc
986 3301 1207 3357 Gazara
1234 3299 1616 3356 villadicitur
1659 3300 1718 3355 in
1750 3305 1960 3372 quarto
1991 3300 2127 3356 mil-

484 3389 652 3447 liario
684 3390 1026 3463 Nicopoleos
1056 3395 1259 3446 contra
1289 3389 1762 3461 septentrionem.
1818 3389 2129 3446 Verumta-

483 3488 621 3535 men
652 3479 981 3549 sciendum,
1013 3480 1167 3552 quod
1226 3477 1581 3552 alienigenas
1626 3495 1695 3534 ex
1737 3495 1804 3534 ea
1851 3479 2128 3550 Ephraim

485 3585 600 3625 non
632 3568 821 3641 potuit
849 3568 1156 3641 expellere.

474 3690 487 3700 -
554 3658 768 3728 Goson,
802 3662 859 3715 et
888 3659 1037 3714 hanc
1066 3657 1420 3732 expugnavit
1448 3658 1643 3714 Jesus.

480 3747 649 3817 Gelh,
678 3748 738 3804 in
767 3747 877 3804 hac
906 3747 1191 3821 gigantes,
1225 3748 1325 3820 qui
1372 3748 1734 3803 vocabantur
1781 3747 2035 3817 Enacim,
2068 3752 2127 3803 et

466 3836 922 3894 Philistinorum
984 3837 1189 3893 accolae
1238 3840 1705 3910 permanserunt.
1788 3837 2126 3893 Ostenditur

474 3925 641 3981 vicus
669 3926 729 3981 in
762 3926 966 3999 quinto
987 3926 1261 3983 milliario
1293 3928 1364 3983 ab
1386 3925 1816 3998 Eleutheropoli
1847 3926 2123 3983 euntibus

458 4013 824 4088 'Diospolim.

546 4101 988 4172 Gesom,civitas
1016 4103 1638 4176 alienigenarum,qua:
1668 4105 1755 4156 est
1792 4102 1851 4157 in
1882 4103 2121 4176 Gargasi

474 4190 535 4246 in
584 4192 917 4249 Basanitide
961 4208 974 4247 :
1024 4193 1095 4248 de
1134 4209 1251 4265 qua
1289 4191 1394 4247 lilii
1442 4191 1623 4247 Israel
1673 4190 1956 4261 expellere
2006 4210 2118 4248 non

472 4279 789 4337 valuerunt
823 4281 1051 4338 Gesuri.

546 4369 758 4437 Gader,
789 4374 847 4426 et
876 4370 1055 4441 hujus
1087 4386 1281 4442 regem
1313 4368 1605 4424 interfecit
1623 4369 1812 4435 Jesus,
1847 4368 2121 4440 Legimus

471 4459 813 4529 quodJacob
836 4463 997 4514 trans
1019 4458 1230 4515 turrim
1261 4458 1450 4513 Gader
1474 4457 1663 4512 ﬁxerit
1679 4457 2118 4515 tabernaculum

468 4563 646 4604 suum
677 4547 830 4619 (Gen.
871 4565 1037 4603 xxxv.
1074 4550 1162 4616 16,
1193 4548 1338 4619 apud
1370 4548 1530 4619 LXX).

497 4640 503 4645 ’
540 4635 706 4692 Goim
736 4635 797 4692 in
854 4636 1053 4710 Gelgel
1089 4654 1100 4692 :
1139 4637 1293 4708 quod
1348 4635 1561 4707 Aquila
1616 4640 1675 4691 et
1730 4637 2121 4709 Symmachus

469 4726 952 4799 interpretantur,
985 4730 1189 4797 gentes
1220 4725 1279 4779 in
1312 4723 1530 4797 Gelgel.

561 4818 781 4894 Gelgel,
812 4818 869 4873 et
891 4815 1044 4870 hanc
1071 4814 1223 4886 cepit
1251 4813 1424 4869 Jesus
1457 4829 1469 4867 :
1505 4817 1561 4868 et
1591 4829 1747 4869 nunc
1778 4814 2111 4870 ostenditur

456 4912 597 4972 villa
626 4908 862 4966 nomine
896 4902 1181 4977 Galgulis,
1215 4920 1248 4959 a
1275 4901 1643 4975 Antipatride
1674 4902 1733 4957 in
1784 4907 1948 4959 sexto
1982 4903 2115 4960 mil-

451 5003 574 5060 ario
605 5004 808 5057 contra
826 4994 1109 5068 septeitri
1144 5008 1354 5049 onem.

529 5161 549 5195 ί
571 5159 677 5214 Pro
704 5159 885 5229 hujus
915 5154 1178 5229 nominis
1204 5154 1320 5210 inte
1333 5151 2115 5229 rprelatione,qu_m__excide7

457 5231 569 5295 rat,
603 5223 804 5284 notaui
836 5242 914 5293 Ζτ,
946 5227 1134 5298 spatio
1166 5223 1508 5292 interst‘ttio,
1562 5223 1807 5298 adnotat
1853 5223 2113 5279 Vaticani

465 5315 685 5374 codicis
716 5297 995 5386 scriptor:
1014 5315 1248 5370 Rectius
1281 5331 1450 5386 porro
1482 5297 1716 5373 mnnhn
1741 5310 2112 5367 Golathmaim

463 5403 593 5462 qua:
622 5403 730 5442 vox
756 5385 934 5441 JoSue
957 5402 1056 5462 _xv,
1080 5385 1443 5462 19__habetur,
1494 5386 1919 5462 revolutionem_
1942 5400 2112 5462 aqua-

456 5453 581 5516 r'um
620 5462 777 5512 notat
807 5472 825 5539 ξ
856 5471 922 5511 ac
952 5456 1099 5511 forte
1132 5453 1518 5529 Hieronymus
1537 5457 1785 5528 profusio
1809 5453 2111 5527 scripserit

461 5548 567 5605 pro
595 5543 875 5605 ῃοδδθδξιο.

531 5603 553 5637 ³
580 5597 943 5671 Εωθηᾶβηᾱὶ
974 5597 1202 5654 codices
1232 5598 1668 5671 Hieronymiani
1691 5603 1830 5671 sunt
1858 5600 1929 5653 ab
1957 5599 2106 5671 Euse

455 5673 574 5748 hic,
605 5670 1038 5749 legendumque
1064 5669 1415 5746 pergentibus
1441 5669 1513 5728 ab
1534 5685 1597 5727 ea
1616 5670 2101 5743 Eleutheropolim,

2239 3328 2449 3367 narum
2483 3328 2715 3384 quoque
2746 3313 2805 3366 in
2837 3312 3171 3385 Regnorum
3198 3310 3372 3368 libris
3396 3310 3652 3383 quaedam
3684 3301 3825 3359 Gaba-

2238 3400 2340 3455 tha
2370 3401 2647 3456 scribitur
2676 3402 2754 3472 (et
2778 3403 2950 3473 juxta
2977 3399 3273 3457 Bethleem
3309 3401 3371 3456 in
3404 3402 3559 3456 tribu
3588 3394 3757 3464 Juda).

2308 3489 2706 3559 Getremmon,
2742 3490 2858 3545 alia
2886 3489 3092 3545 civitas
3123 3490 3185 3544 in
3218 3489 3381 3545 tribu
3415 3490 3558 3559 Dan,
3615 3480 3827 3556 separata

2235 3578 2463 3634 Levitis.
2497 3579 2601 3634 Est
2632 3583 2829 3635 autem
2860 3595 3019 3634 nunc
3048 3577 3191 3633 villa
3247 3572 3613 3652 praegrandis
3644 3573 3697 3628 in
3721 3568 3824 3624 duo-

2236 3668 2463 3723 decimo
2487 3667 2759 3723 milliario
2791 3667 3129 3739 Diospoleos
3160 3667 3545 3739 pergentibus
3562 3664 3629 3721 ad
3652 3673 3759 3718 eam
3776 3653 3825 3708 de

2236 3756 2668 3829 Eleutheropoli
2698 3759 2740 3811 ³.

2305 3844 2748 3917 Galiloth,locus
2769 3845 2938 3916 juxta
2957 3846 3269 3901 Iordanem
3288 3844 3350 3900 in
3383 3844 3543 3900 tribu
3574 3832 3825 3909 Renjamin

2234 3936 2333 3991 ubi
2365 3935 2545 3991 altare
2584 3934 2836 3991 Domino
2866 3935 3302 3991 constituerunt
3335 3933 3441 3989 ﬁlii
3475 3931 3689 3988 Ruben.

2303 4027 2475 4091 Gaas,
2510 4040 2677 4080 mons
2708 4024 2765 4079 in
2798 4022 2953 4079 tribu
2980 4023 3280 4095 Ephraim,
3337 4022 3399 4078 in
3449 4023 3615 4093 cujus
3647 4018 3826 4088 septen-

2230 4114 2462 4171 trionali
2496 4114 2666 4186 plaga
2721 4111 2988 4186 sepultus
3017 4120 3104 4168 est
3156 4113 3299 4169 Jesu
3363 4111 3523 4166 ﬁlius
3582 4098 3823 4170 Nave;et

2231 4221 2421 4277 usque
2492 4203 2665 4258 hodie
2711 4202 2884 4273 juxta
2938 4201 3132 4258 vicum
3188 4192 3825 4270 Thamna’sepulcrum

2230 4296 2359 4365 ejus
2390 4292 2620 4365 insigne
2650 4295 3033 4347 monstratur.
3756 4361 3824 4374 Μ

2302 4363 2586 4451 Gabaath,
2620 4380 2679 4435 in
2712 4379 2865 4436 tribu
2898 4380 3224 4452 Benjamin,
3279 4380 3427 4436 urbs
3483 4377 3707 4436 Phineas
3749 4363 3827 4423 lilii

2231 4472 2466 4528 Eleazar
2499 4488 2510 4524 :
2548 4471 2648 4525 ubi
2678 4469 2947 4542 sepultus
2978 4473 3070 4525 est
3124 4468 3462 4525 Eleazarus.
3522 4468 3619 4522 Est
3668 4461 3825 4541 autent

2158 4564 2204 4628 D
2238 4577 2393 4617 nunc
2423 4559 2706 4627 Gabatha,
2741 4557 2878 4613 villa
2905 4558 2966 4613 in
2996 4558 3345 4614 duodecimo
3375 4556 3567 4629 lapide
3603 4545 3826 4608 Eleuthe-

2232 4648 2517 4721 ropoleos,
2567 4648 2667 4703 ubi
2725 4654 2783 4703 et
2835 4646 3172 4720 sepulcrum
3226 4647 3527 4703 Ambacuc
3582 4636 3825 4715 propheta

2231 4736 2562 4795 ostenditur
2590 4738 2630 4803 ‘;
3706 4760 3711 4766 ο

2301 4827 2455 4884 2‘26
2508 4826 2786 4882 Gabaam.
2821 4843 3009 4898 usque
3047 4827 3118 4882 ad
3151 4826 3304 4881 hanc
3338 4825 3613 4881 bellatum
3633 4820 3711 4874 est
3736 4816 3819 4907 oon

2227 4921 2319 4972 tra
2347 4916 2568 4971 tribum
2600 4915 2926 4986 Benjamin,
2950 4915 3101 4972 sicut
3130 4916 3188 4969 in
3219 4914 3368 4971 libro
3400 4911 3666 4969 Judicum
3694 4914 3812 4960 θαι-ι’

2229 5006 2389 5061 bitur
2417 5004 2562 5077 (Iud.
2594 5005 2709 5075 xx).

2223 5165 2463 5215 ἀπιόντων
2494 5164 2556 5219 εἰς
2580 5163 2776 5229 λ’ξξλευθε
2786 5164 2999 5229 ρόπολιν.

2293 5230 2315 5263 ³
2343 5230 2478 5293 Quae
2510 5227 2732 5283 scilicet
2765 5223 3064 5282 Thamnalh
3093 5242 3217 5281 .sare
3249 5225 3479 5288 dicilur,
3498 5226 3663 5293 Josue
3684 5223 3808 5293 ξιξνι

2222 5304 2310 5358 30.
2346 5279 3330 5370 56H(illeritate“simpliciter;
3369 5300 3427 5351 et
3470 5279 3652 5370 tribus
3676 5279 3810 5341 Jude

2222 5375 2351 5429 fuit.
2382 5366 2527 5425 Vide
2560 5371 2656 5425 lib.
2692 5370 2935 5425 IContra
2962 5366 3236 5425 Jovim'an.
3268 5366 3569 5441 numalfgt
3620 5420 3627 5426 .
3701 5431 3713 5441 _
3735 5434 3793 5441 ῃ,

2291 5446 2311 5479 ⁵
2339 5444 2413 5512 Et
2439 5458 2619 5512 supra
2648 5443 2717 5496 ad
2752 5442 2905 5497 Colla
2936 5442 3191 5511 itemque
3214 5438 3497 5512 adiEchela
3520 5435 3658 5512 idea}
3688 5431 3803 5512 NE"

2219 5511 2420 5573 bacuci
2452 5501 2802 5587 sepulcrum
2817 5501 3131 5587 monstrari
3172 5510 3476 5587 traditur:
3504 5501 3646 5587 quqd
3676 5506 3805 5587 ρξε’

2207 5591 2367 5661 jecta
2397 5575 2720 5641 temeritate
2748 5584 3138 5661 (:lericuslioc
3169 5583 3232 5661 in
3258 5581 3382 5637 loco
3414 5575 3803 5661 defidetnﬁgfg’

2216 5638 2422 5737 titius
2450 5638 2740 5734 ἀντιλόγίαξ.
2762 5638 2986 5714 contra
3017 5654 3310 5713 Relandus
3361 5668 3427 5709 ac
3471 5638 3794 5706 Rhenlerdus
