4084 6170
309 357 433 419 Μθ

340 544 347 549 .
719 486 809 543 DE
850 484 1248 543 REGNORUM
1290 488 1539 543 LIBRIS.

380 576 657 644 Geththa,
684 577 756 633 ad
795 591 970 648 quem
1018 576 1211 631 locum
1279 576 1709 631 transtulerunt
1762 594 1956 632 arcam

305 664 645 723 testamenti
674 666 747 720 de
774 666 987 720 Azoto:
1024 680 1180 719 nunc
1227 664 1389 719 vicus
1438 664 1676 735 grandis
1721 670 1959 721 vocatur

307 752 638 823 Giththam,
669 752 821 808 inter
850 753 1281 824 Antipatridem
1312 757 1368 807 et
1395 753 1712 808 Jamniam.
1747 754 1854 808 Sed
1904 758 1959 808 et

307 842 427 899 alia
453 841 590 898 villa
619 841 946 914 appellatur
974 841 1292 897 Geththim.

382 930 615 997 Gallim,
647 931 805 986 unde
833 930 946 985 fuit
967 929 1219 999 Phalthi,
1252 930 1352 1001 qui
1384 934 1513 1001 post
1546 930 1744 1001 fugam
1776 930 1954 984 David

305 1020 515 1076 Michol
555 1035 793 1075 uxorem
824 1020 951 1090 ejus
981 1024 1299 1091 acceperat.
1335 1018 1602 1073 Meminit
1643 1019 1820 1089 hujus
1848 1017 1958 1073 loci

307 1114 367 1166 et
390 1109 592 1165 Isaias.
612 1107 832 1163 Dicitur
861 1111 1055 1163 autem
1087 1124 1214 1164 esse
1243 1107 1483 1180 quidam
1504 1107 1675 1176 juxta
1705 1108 1957 1162 Accaron

305 1200 491 1264 vicus,
525 1196 623 1268 qui
656 1200 893 1251 vocetur
921 1195 1139 1251 Gallaa.

382 1286 712 1350 Gelamsur,
737 1284 895 1356 regio
926 1283 1388 1356 Allophylorum.

383 1374 600 1441 Gelbce,
648 1376 875 1429 montes
906 1373 1387 1445 alienigenarum,
1440 1374 1499 1429 in
1557 1378 1717 1430 sexto
1765 1373 1959 1445 lapide

308 1483 345 1521 a
373 1461 726 1535 Scythopoli,
761 1462 821 1517 in
853 1462 1067 1533 quibus
1116 1468 1172 1517 et
1216 1463 1376 1518 vicus
1416 1467 1504 1518 est
1547 1463 1807 1535 grandis,
1858 1462 1957 1532 qui

308 1558 549 1609 vocatur
574 1550 812 1608 Gelbus.

382 1642 605 1708 Gedud,
638 1641 710 1695 ad
741 1656 916 1712 quam
949 1640 1248 1695 descendit
1270 1639 1449 1695 David
1478 1657 1614 1712 :pro
1648 1657 1763 1712 quo
1780 1639 1957 1710 Aqui-

306 1730 386 1799 la,
414 1728 509 1782 τόν
546 1725 795 1799 εὔζωνον,
829 1728 887 1783 id
926 1732 1036 1795 est,
1078 1729 1409 1799 expeditum
1460 1728 1545 1783 vel
1588 1728 1954 1792 accinctum;

1302 354 1405 416 DE
1450 354 1631 418 SITU
1674 353 2099 451 ET.NOMIN.
2143 356 2312 420 LOC.
2361 357 2729 422 HEBRAIC.

3594 365 3721 433 950

1992 494 2040 557 Α
2142 491 2357 561 Gepha,
2389 510 2599 548 nomen
2632 493 2987 565 regionis,ut
3014 494 3075 551 in
3104 494 3265 552 Isaia.
3284 497 3569 570 scriptum
3598 502 3711 560 est.

2137 584 2376 645 Gamen,
2424 581 2542 636 sive
2592 582 2835 653 Gamon,
2877 583 3034 656 regio
3084 585 3498 657 Moabitarum,
3540 590 3713 660 juxta

2072 668 2306 724 Isaiam.

2592 760 2682 814 DE
2721 760 3176 818 EVANGELIIS.

2138 845 2386 913 Gadara,
2436 847 2577 901 urbs
2626 852 2791 904 trans
2837 849 3175 919 Jordanem,
3226 855 3430 908 contra
3468 853 3713 925 Scytho-

2067 933 2246 1005 polim
2301 939 2356 989 et
2402 935 2780 1006 Tyberiadem
2824 939 2894 993 ad
2945 939 3285 995 orientalem
3331 940 3565 1014 plagam
3605 942 3720 998 sita

2066 1022 2127 1077 in
2158 1026 2375 1092 monte,
2398 1024 2468 1077 ad
2496 1025 2665 1095 cujus
2692 1026 2918 1083 radices
2951 1045 3115 1100 aquas
3145 1029 3344 1085 calidae
3377 1036 3717 1102 erumpunt,

2064 1110 2294 1167 balneis
2325 1112 2575 1184 desuper
2604 1114 2925 1171 cediﬁcatis.

2138 1200 2411 1272 Gergesa,
2440 1201 2537 1255 ubi
2579 1218 2676 1257 eos
2717 1204 2816 1275 qui
2859 1222 2893 1259 a
2932 1205 3297 1262 daemonibus
3337 1208 3715 1279 vexabantur,

2069 1288 2331 1344 Salvator
2396 1290 2652 1346 restituit
2728 1293 2987 1361 sanitati,
3056 1298 3111 1350 et
3175 1295 3466 1367 hodieque
3541 1312 3720 1369 super

2068 1382 2327 1431 montem
2360 1378 2585 1434 viculus
2615 1381 3074 1451 demonstratur,
3102 1384 3272 1453 juxta
3293 1390 3570 1457 stagnum
3603 1387 3717 1457 Ty-

2068 1464 2341 1536 beriadis,
2378 1466 2435 1519 in
2467 1469 2622 1538 quod
2657 1470 2812 1539 porci
2845 1470 3187 1542 prazcipitati
3228 1478 3385 1529 sunt.
3447 1473 3717 1531 Diximus

2068 1554 2140 1609 de
2168 1552 2277 1609 hoc
2306 1558 2363 1609 et
2392 1572 2592 1627 supra.

2138 1642 2535 1709 Gethsemani,
2564 1644 2727 1700 locus
2756 1647 2855 1701 ubi
2888 1646 3150 1703 Salvator
3190 1653 3323 1705 ante
3380 1650 3715 1721 passionem

2068 1732 2268 1786 oravit.
2305 1736 2402 1786 Est
2433 1738 2627 1788 autem
2660 1735 2730 1788 ad
2763 1736 2989 1792 radices
3037 1739 3253 1793 montis
3302 1737 3509 1795 Oliveti
3557 1754 3715 1795 nunc

305 1818 717 1892 Symmachus,
794 1817 1087 1873 latronum
1163 1834 1436 1883 cuneum,
1506 1815 1954 1872 transtulerunt.
1987 1852 2034 1915 Β
2068 1819 2313 1875 ecclesia
2344 1821 2595 1892 desuper
2625 1823 2929 1880 aedificata.

378 1909 615 1973 Gazera,
650 1906 751 1961 ubi
785 1905 1075 1978 percussit
1103 1905 1284 1960 David
1331 1904 1710 1976 alienigenas.
1754 1905 1955 1960 Posui-

306 2014 443 2053 mus
474 2000 529 2052 et
554 2012 732 2067 supra
770 1995 968 2050 Gazer.

381 2086 588 2151 Gesur,
630 2083 786 2156 regio
816 2083 1277 2155 alienigenarum
1308 2083 1367 2137 in
1400 2082 1583 2156 Syria.

385 2174 573 2241 Gilon,
596 2173 750 2228 unde
781 2172 892 2227 fuit
909 2171 1274 2242 Achitophel.

386 2262 529 2331 Gob,
569 2262 666 2318 ubi
697 2260 1081 2316 commissum
1112 2265 1202 2316 est
1231 2259 1496 2331 praelium
1544 2260 1615 2330 (II
1660 2261 1789 2329 Reg.
1838 2277 1953 2325 xxx,

378 2352 646 2496 galilaaa:
680 2440 807 2495 duae
840 2442 978 2493 sunt
1006 2437 1274 2504 Galilmae,
1307 2454 1337 2493 e
1366 2437 1583 2509 quibus
1623 2454 1740 2492 una
1798 2436 1953 2492 Gali-

301 2530 413 2586 lea
440 2530 702 2602 gentium
735 2531 995 2593 vocatur,
1027 2527 1219 2582 vicina
1250 2526 1466 2582 ﬁnibus
1490 2527 1819 2599 Tyriorum,
1853 2526 1953 2581 ubi

300 2623 363 2677 et
389 2618 665 2675 Salomon
704 2616 910 2689 viginti
964 2616 1221 2671 civitates
1271 2616 1505 2670 donavit
1550 2615 1781 2669 Chiram
1832 2616 1952 2687 regi

301 2708 464 2780 Tyri,
496 2708 557 2763 in
589 2710 744 2762 sorte
774 2705 963 2761 tribus
1000 2704 1307 2776 Nephthali
1337 2722 1349 2771 ;
1402 2704 1581 2759 altera
1618 2720 1750 2758 vero
1796 2703 1952 2759 Gali-

298 2796 412 2851 laaa
439 2794 653 2851 dicitur
681 2794 834 2849 circa
863 2793 1247 2865 Tyberiadem
1280 2797 1338 2847 et
1368 2797 1641 2865 stagnum
1694 2792 1951 2848 Geneza-

300 2884 458 2952 reth,
489 2884 550 2938 in
576 2883 733 2938 tribu
766 2880 1046 2937 Zabulon.

373 2974 539 3043 Gion,
573 2973 671 3028 ubi
705 2971 979 3027 Salomon
1010 2974 1099 3026 est
1127 2973 1340 3025 unctus
1372 2970 1431 3024 in
1462 2986 1679 3042 regem.

374 3063 506 3131 Ger,
539 3061 704 3117 locus
732 3060 793 3115 in
824 3076 939 3131 quo
969 3059 1255 3130 percussit
1282 3059 1389 3114 Jeu
1424 3075 1519 3114 rex
1550 3059 1724 3114 Israel
1764 3060 1947 3115 Ocho-

293 3153 452 3209 ziam
482 3166 679 3223 regem
708 3150 942 3217 Judaaaa,
958 3150 1131 3219 juxta
1159 3147 1447 3203 Jeblaam.

375 3238 899 3311 Gettha-Chopher,
934 3238 1089 3293 unde
1117 3236 1296 3292 Jonas
1319 3237 1604 3309 propheta
1636 3238 1764 3292 fuit.

376 3328 579 3397 Gaddi,
615 3343 793 3399 quam
825 3326 1114 3398 percussit
1143 3316 1310 3382 Azael
1355 3342 1453 3380 rex
1496 3326 1789 3381 Damasci.
1842 3326 1948 3381 Po-

303 3418 424 3476 sita
458 3421 546 3474 est
573 3420 632 3473 et
659 3432 838 3488 supra
865 3414 1082 3470 Gadda.

376 3504 633 3570 Gemala,
664 3503 820 3576 regio
860 3503 1272 3567 Idumaaorum,
1313 3517 1416 3572 pro
1467 3517 1583 3572 qua
1628 3499 1837 3571 Aquila
1893 3504 1949 3555 et

290 3594 686 3667 Symmachus
716 3593 1192 3664 interpretantur,
1233 3589 1635 3659 vallemfsalis.

372 3682 575 3747 Gebin,
606 3682 868 3738 meminit
893 3680 1070 3750 hujus
1102 3679 1304 3734 Isaias.
1340 3678 1409 3732 Et
1448 3682 1536 3732 est
1585 3677 1717 3731 villa
1766 3678 1940 3745 Geba,

300 3771 366 3826 in
397 3770 597 3843 quinto
645 3770 917 3826 milliario
950 3786 983 3823 a
1012 3768 1279 3839 Guphnis
1332 3767 1564 3822 entibus
1619 3767 1940 3838 Neapolim.

367 3860 515 3917 227
544 3860 755 3926 Gozan,
798 3860 856 3913 in
892 3858 1123 3929 regione
1153 3856 1398 3911 Emath:
1434 3861 1489 3910 et
1518 3856 1697 3927 hujus
1732 3856 1941 3910 memi-

280 3950 378 4006 nit
408 3950 610 4005 Isaias.
648 3950 747 4003 Est
772 3951 966 4003 autem
999 3947 1057 4000 in
1092 3945 1304 3999 finibus
1335 3945 1625 3999 Damasci.

358 4040 572 4106 Gareb,
606 4037 770 4093 collis
804 4038 973 4108 juxta
1018 4034 1364 4103 Jerusalem,
1412 4034 1565 4088 sicut
1604 4034 1807 4089 scribit
1841 4035 1938 4091 Je-

278 4127 523 4185 remias.

357 4215 609 4271 Gebarth
645 4216 659 4248 ¹
688 4233 699 4269 :
735 4232 838 4286 pro
871 4230 986 4285 quo
1016 4210 1225 4283 Aquila
1274 4212 1803 4283 interpretatur,§in
1842 4228 1937 4267 se-

279 4304 498 4378 pibus:
534 4303 923 4376 Symmachus
954 4318 1106 4369 vero,
1139 4300 1198 4355 in
1240 4300 1503 4356 coloniis.
1554 4300 1728 4373 (Lege
1776 4301 1934 4356 Jere-

280 4393 520 4463 miam.)

2137 1906 2423 1980 Golgotha
2451 1908 2614 1965 locus
2643 1910 2940 1980 Calvariae,
2991 1914 3049 1967 in
3104 1931 3220 1985 quo
3279 1914 3546 1971 Salvator
3612 1933 3715 1988 pro

2067 1996 2255 2053 salute
2285 2000 2549 2053 omnium
2572 2000 2883 2057 cruciﬁxus
2913 2006 3021 2072 est,
3046 2007 3102 2057 et
3120 2020 3306 2075 usque
3329 2004 3501 2061 hodie
3520 2010 3715 2061 osten-

2067 2085 2226 2141 ditur
2256 2088 2313 2141 in
2346 2088 2493 2141 .‘Elia
2540 2090 2610 2144 ad
2666 2090 3177 2162 septentrionalem
3230 2092 3465 2165 plagam
3496 2094 3715 2150 montis

2067 2174 2227 2230 Sion.

2678 2267 2768 2322 DE
2810 2268 3085 2325 GENESI.

2132 2352 2333 2419 Jaboc,
2368 2353 2603 2422 ﬂuvius,
2636 2371 2750 2427 quo
2780 2357 3153 2425 transmisso,
3187 2357 3447 2414 luctatus
3478 2363 3567 2414 est
3612 2359 3713 2415 Ja-

2064 2441 2171 2495 cob
2202 2444 2479 2497 adversus
2510 2460 2666 2510 eum,
2700 2444 2799 2514 qui
2826 2444 2937 2500 sibi
2956 2451 3323 2517 apparuerat,
3357 2452 3713 2520 vocatusque

2063 2533 2153 2584 est
2183 2530 2377 2585 Israel.
2412 2530 2566 2585 Fluit
2596 2536 2791 2587 autem
2826 2533 2977 2588 inter
3003 2535 3276 2601 Amman,
3310 2535 3368 2589 id
3409 2540 3517 2606 est,
3577 2535 3712 2591 Phi-

2064 2617 2442 2690 ladelphiam,
2474 2624 2529 2675 et
2560 2620 2813 2677 Gerazan
2858 2622 2939 2689 (in
2973 2628 3182 2694 quarto
3230 2623 3502 2679 milliario
3533 2625 3711 2695 ejus),

2063 2711 2119 2762 et
2151 2706 2307 2762 ultra
2337 2709 2675 2779 procedens,
2706 2710 2948 2765 Jordani
2980 2712 3154 2766 ﬂuvio
3187 2712 3621 2768 commiscetur.

2132 2796 2406 2864 Idumaaa,
2444 2798 2600 2869 regio
2630 2799 2783 2853 Esau
2811 2815 2823 2853 :
2861 2816 2988 2871 quae
3011 2817 3079 2855 ex
3110 2817 3175 2855 eo
3208 2802 3363 2872 quod
3397 2800 3494 2856 ille
3523 2801 3707 2857 Edom

2059 2885 2395 2953 vocabatur,
2425 2902 2636 2941 nomen
2664 2886 2904 2958 accepit.
2938 2889 3040 2944 Est
3070 2892 3266 2945 autem
3294 2889 3447 2945 circa
3504 2891 3709 2945 urbem

2060 2976 2314 3039 Petram,
2349 2989 2475 3043 quae
2507 2991 2664 3028 nunc
2691 2975 2909 3030 dicitur
2937 2977 3246 3033 Gebalene.

2132 3061 2286 3117 230
2318 3062 2529 3131 Itbeth,
2563 3063 2721 3135 regio
2752 3064 3085 3137 principum
3114 3067 3318 3135 Edom,
3365 3067 3424 3122 in
3483 3069 3710 3137 eadem,

2058 3148 2128 3205 de
2151 3166 2269 3220 qua
2299 3167 2477 3223 supra
2502 3150 2779 3223 diximus,
2812 3153 3118 3210 Gebalene.

2688 3281 2779 3331 DE
2817 3278 3073 3334 EXODO.

2131 3372 2287 3427 Iroth
2320 3373 2359 3441 2,
2390 3371 2551 3428 locus
2581 3374 2816 3444 deserti,
2850 3376 2922 3430 ad
2953 3393 3126 3447 quem
3157 3383 3440 3434 venerunt
3464 3378 3568 3434 ﬁlii
3628 3379 3708 3436 Is-

2056 3459 2194 3527 rael,
2229 3477 2388 3516 mare
2419 3462 2683 3517 Rubrum
2724 3464 3189 3520 transfretantes.

2272 3576 2357 3629 DE
2396 3576 2714 3632 NUMERIS
2754 3582 2837 3632 ET
2876 3578 3459 3635 DEUTERONOMIO.

2122 3679 2452 3749 Jetabatha,
2485 3686 2676 3737 castra
2708 3682 2765 3736 in
2808 3682 3125 3738 solitudine
3185 3684 3441 3741 ﬁliorum
3501 3686 3703 3741 Israel.

2090 3764 2095 3771 ’
2124 3768 2487 3837 Incendium,
2524 3771 2579 3824 id
2612 3776 2699 3824 est
2730 3768 3100 3845 ἐμπυρισμός,
3133 3772 3295 3827 locus
3329 3773 3388 3827 in
3446 3773 3701 3839 deserto,

2052 3855 2149 3911 ubi
2183 3858 2496 3927 quamdam
2531 3861 2753 3928 partem
2788 3858 2985 3931 p0puli
3028 3858 3266 3914 flamma
3309 3861 3704 3933 consumpsit.

2123 3945 2413 4012 Inthaath,
2447 3952 2640 4001 castra
2673 3947 2731 4001 in
2768 3949 2996 4002 deserto
3028 3947 3283 4003 filiorum
3308 3950 3505 4005 Israel.

2119 4033 2329 4102 Janna,
2360 4052 2485 4106 quae
2509 4040 2596 4090 est
2630 4037 2685 4089 in
2717 4053 2922 4108 eampo
2954 4037 3142 4101 Moab,
3179 4039 3388 4093 subtus
3426 4039 3701 4096 verticem

2049 4122 2297 4194 Phasga,
2330 4124 2385 4178 id
2420 4128 2525 4191 est,
2559 4124 2759 4190 excisi,
2789 4126 2943 4196 quod
3002 4126 3233 4198 respicit
3282 4129 3353 4183 ad
3404 4130 3700 4185 desertum

2042 4212 2212 4281 juxta
2247 4214 2467 4267 Arnon.

2115 4300 2309 4367 Jassa,
2342 4301 2440 4354 ubi
2473 4302 2750 4357 adversus
2775 4302 2967 4357 Sehon
3000 4303 3473 4359 Amorrhaaorum
3502 4320 3700 4377 regem

2046 4388 2379 4447 dimicatur.
2416 4390 2685 4446 Meminit
2716 4391 2896 4463 hujus
2930 4392 3109 4448 Isaias
3139 4392 3198 4447 in
3232 4393 3457 4449 visione
3497 4399 3702 4450 contra

277 4587 435 4645 nihil
465 4588 536 4643 ab
568 4588 817 4661 Eusebio
848 4587 1345 4661 aut__Hieronymo
1391 4588 1691 4661 peccatum
1743 4590 1934 4661 osten-
1969 4577 2014 4639 D
2047 4588 2437 4661 Hieronymus
2485 4590 2730 4644 docent:
2786 4592 2886 4645 sed
2941 4595 3175 4646 tantum
3208 4592 3378 4661 juxta
3418 4590 3537 4645 haec
3576 4589 3706 4647 loca

274 4662 453 4729 dunt,
503 4660 787 4731 valdeque
835 4659 1057 4714 erudite
1096 4658 1404 4731 observant
1455 4657 1567 4731 tria
1610 4658 1937 4731 hicec_loca,

280 4728 458 4797 Ceila,
498 4728 707 4785 Echeld
756 4735 812 4784 et
859 4730 1103 4785 Gabatha
1147 4728 1337 4800 fuisse
1378 4728 1437 4781 in
1487 4729 1803 4800 viarltegia
1850 4729 1937 4785 vel

278 4800 529 4857 militari
562 4804 676 4857 sita
720 4802 871 4857 inter
914 4798 1407 4870 Eleutheropolim
1450 4804 1506 4853 et
1553 4798 1934 4867 Chebronem,

281 4872 448 4945 qvod
479 4888 543 4945 ex
567 4874 661 4929 his
693 4890 819 4944 qua:
852 4873 923 4927 ad
959 4872 1106 4926 Ceila
1148 4871 1448 4945 dicuntur,
1493 4871 1809 4945 manifesto
1863 4872 1936 4926 li-

278 4940 447 5016 quet.
475 4940 763 4999 Nimirum
797 4945 1071 5016 euntibus
1105 4940 1529 5016 Eleutheropoli
1574 4942 1933 5016 Chebronem

277 5013 509 5082 versus,
543 5018 612 5071 ad
648 5016 965 5088 septimum
1007 5014 1267 5088 lapidem
1319 5013 1519 5088 Echetli
1576 5015 1931 5088 occurrebat,

278 5090 353 5143 ad
410 5093 679 5143 octavum
714 5084 899 5153 'Cez'la,
953 5086 1023 5140 ad
1075 5084 1368 5139 decimum
1418 5084 1695 5137 Gabatha:
1747 5100 1933 5154 neque

277 5161 425 5215 adeo
470 5159 705 5228 mirum,
730 5160 778 5213 si
804 5159 1052 5213 duarum
1079 5158 1377 5228 leucarum
1404 5154 1591 5225 spatio
1617 5154 1769 5209 idem
1806 5172 1931 5211 mo-

279 5236 639 5286 numentum
680 5226 868 5285 tribus
900 5234 999 5284 aut
1029 5228 1295 5299 pluribus
1336 5226 1934 5299 locismonstraretur

279 5304 354 5357 ad
398 5303 722 5368 dexteram,
759 5301 846 5357 vel
896 5295 1196 5356 sinistram
1247 5297 1347 5350 vite
1400 5295 1674 5351 militaris
1727 5298 1926 5365 situm,

279 5374 540 5429 maxime
562 5373 610 5427 si
652 5373 928 5444 imposita
958 5371 1139 5426 moles
1170 5369 1338 5444 paulo
1370 5368 1540 5444 altior
1580 5368 1706 5444 fuit,
1740 5374 1840 5423 aut
1872 5371 1927 5444 in

276 5445 513 5521 editiori
546 5444 671 5499 loco
710 5441 1023 5521 exstructa2
1073 5442 1239 5521 quod.
1273 5445 1405 5521 erat
1433 5441 1514 5521 ad
1566 5442 1695 5521 ej‘us
1738 5442 1928 5513 gentis

274 5517 585 5589 ingenium
618 5516 790 5588 paulo
814 5510 1105 5589 remotius
1129 5529 1159 5567 e
1189 5511 1281 5589 via
1311 5510 1560 5582 publica.
1598 5510 1765 5589 Enini
1793 5529 1927 5589 vero

282 5582 405 5643 no'n
432 5588 493 5660 in
526 5582 724 5660 aliquo
749 5588 928 5660 trium
951 5587 1162 5660 horum
1192 5582 1476 5660 locorum,
1514 5584 1728 5660 nedum
1750 5584 1809 5639 in
1834 5586 1930 5639 tri-

282 5660 401 5718 bus
428 5658 573 5720 insis
603 5654 949 5737 prophetam
970 5657 1150 5716 fuisse
1171 5654 1489 5735 sepultum.
1518 5654 1803 5715 Eusebius
1826 5662 1928 5715 aut

2049 4661 2176 4729 ejus
2211 4667 2662 4715 monumentum
2712 4663 3025 4716 monstrari
3072 4663 3311 4718 solitum
3358 4662 3704 4727 viatoribus,

2048 4730 2146 4801 qui
2179 4748 2351 4805 neque
2373 4733 2450 4805 ab
2479 4731 2608 4805 hoc,
2640 4749 2819 4805 quam
2852 4734 2925 4787 ab
2956 4734 3055 4788 illo
3090 4734 3422 4805 conspicere
3489 4734 3708 4804 potuis-

2047 4806 2194 4927 E81111}.
2230 4803 2555 4857 Adducitur
2578 4803 2634 4859 in
2670 4803 2817 4860 hanc
2842 4822 2963 4860 rem
2986 4806 3209 4878 Virgilii
3234 4803 3467 4876 quoque
3490 4803 3708 4859 versus

2094 4891 2121 4927 c
2149 4890 2239 4927 oe.
2274 4891 2358 4927 1x:

2094 4890 2239 4945 elog.
2274 4891 2358 4927 1x:

2108 4990 2240 5037 Hinc
2272 4988 2404 5038 adeo
2436 4990 2612 5038 media
2642 4993 2721 5053 est
2752 4991 2906 5039 nobis
2937 4992 3058 5044 via:
3092 5004 3327 5053 namque
3386 4990 3694 5052 sepulcrum

2105 5052 2295 5113 Incipit
2324 5066 2578 5113 apparere
2611 5052 2865 5101 Bianoris.

2116 5159 2131 5191 ¹
2168 5159 2415 5221 Gebarth,
2451 5162 2558 5211 etc.
2599 5159 2681 5210 Ita
2712 5174 2853 5211 mss.
2898 5157 3145 5225 codices,
3198 5158 3335 5212 editi
3381 5174 3513 5212 vero
3560 5157 3703 5213 libri

2042 5228 2243 5301 legunt
2277 5229 2501 5301 Gabath,
2535 5229 2797 5301 Jeremia:
2840 5228 3028 5299 capite
3086 5246 3175 5295 xv,
3238 5246 3351 5284 non
3437 5229 3702 5301 Gabarlh,

2043 5302 2143 5355 sed
2180 5300 2448 5365 Galeroth,
2484 5300 2781 5371 significat
2807 5316 2974 5369 sepcs.
3011 5304 3294 5355 MARTIAN.

2111 5373 2132 5405 ²
2161 5372 2236 5425 Ex
2268 5371 2613 5444 composito,
2646 5371 3034 5444 I’ltz'hehz'roth,
3093 5373 3247 5442 quod
3311 5371 3701 5444 Septuaginta

2040 5443 2214 5497 Num.
2249 5459 2449 5516 xxxm,
2573 5441 2748 5511 στῦμα
2776 5441 2958 5514 cipiat),
2989 5458 3045 5497 os
3101 5441 3247 5498 Iroth
3306 5441 3704 5516 interpretan-

2040 5518 2153 5581 tur,
2190 5512 2456 5567 avulsum
2489 5512 2596 5567 hoc
2631 5512 2843 5583 nomen
2904 5530 3054 5583 esse,
3114 5517 3277 5569 notat
3334 5512 3700 5581 Bont'rerius,

2038 5586 2225 5661 quiet
2254 5585 2323 5661 de
2353 5600 2459 5661 suo
2491 5588 2623 5655 post
2652 5580 2874 5661 διῇλθον
2907 5580 3174 5656 verbum,
3207 5584 3371 5644 addit
3399 5586 3459 5643 in
3492 5580 3698 5644 Graeco

2036 5651 2088 5714 ei
2119 5654 2225 5713 υἱοὶ
2256 5651 2497 5742 Ἰσραῄλζ
