4058 6172
450 381 565 442 951
591 359 610 378 "

1689 381 1752 442 s.
1801 351 2111 444 EUSEBII
2154 348 2624 444 HIERONYMI.

3674 374 3799 442 95!“

452 511 622 567 Moab
648 528 660 568 :
694 511 792 568 sed
827 513 884 566 et
911 511 1216 569 Jeremias.
1249 511 1317 567 Et
1347 529 1532 584 usque
1562 513 1734 569 hodie
1764 513 2092 568 ostenditur
2121 521 2171 580 Α
2271 514 2475 584 Jedna,
2511 514 2570 568 in
2601 517 2761 570 sexto
2793 513 2864 569 ab
2896 511 3325 585 Eleutheropoli
3374 511 3549 586 lapide
3575 526 3779 585 pergen-

453 600 608 656 inter
636 600 920 656 Medaban
951 605 1010 656 et
1038 601 1231 656 Debus
1263 601 1301 656 ¹.

523 690 708 758 Jazer,
741 689 940 745 civitas
987 689 1474 757 Amorrhasorum,
1509 691 1566 744 in
1626 691 1850 746 decimo
1908 691 2099 762 lapide

457 777 871 850 Philadelphiae
903 779 974 834 ad
1007 779 1147 834 solis
1192 795 1482 846 occasum,
1541 784 1705 834 trans
1760 780 2098 844 Jordanem,

458 884 588 939 quae
619 867 731 923 fuit
751 868 1038 924 terminus
1059 868 1247 923 tribus
1266 869 1408 932 Gab,
1439 869 1880 940 extenditurque
1913 885 2100 940 usque

454 958 656 1032 Aroer,
690 973 816 1029 quae
847 962 902 1012 et
932 957 1059 1028 ipsa
1090 957 1326 1028 respicit
1348 957 1418 1012 ad
1453 957 1670 1012 Rabha.
1706 957 1972 1013 Meminit
2001 974 2097 1012 ur-

457 1042 552 1097 bis
581 1042 749 1099 Jazer
777 1048 833 1099 et
865 1043 1043 1099 Isaias
1078 1044 1135 1098 in
1161 1043 1382 1099 visione
1415 1048 1614 1098 contra
1645 1045 1836 1111 Moab,
1886 1047 1984 1101 sed
2045 1050 2102 1100 et

454 1132 754 1187 Jeremias.
788 1132 921 1188 Fuit
957 1137 1150 1188 autem
1183 1139 1446 1205 separata
1466 1133 1695 1205 Levitis,
1728 1140 1784 1190 et
1823 1135 2000 1190 distat
2027 1135 2100 1190 ab

457 1220 678 1274 Esebon
711 1218 969 1276 millibus
991 1222 1348 1292 quindecim,
1372 1239 1401 1278 e
1431 1239 1548 1294 qua
1578 1239 1858 1296 magnum
1882 1223 2097 1278 flumen

457 1323 789 1378 erumpens,
824 1325 857 1364 a
884 1310 1134 1365 Jordane
1164 1310 1500 1382 suscipitur.

523 1395 826 1466 Jordanes,
861 1398 1070 1452 fluvius
1101 1398 1366 1454 dividens
1394 1400 1678 1470 Ju'dazam,
1716 1401 1989 1455 Arabiam
2046 1403 2100 1453 et

454 1483 762 1556 Aulonem,
795 1487 866 1541 de
895 1503 1010 1557 quo
1030 1503 1210 1559 supra
1239 1488 1515 1555 diximus,
1541 1495 1598 1544 et
1630 1506 1814 1560 usque
1845 1490 1915 1544 ad
1940 1506 2100 1544 mare

463 1573 757 1629 Mortuum
790 1575 1000 1643 fluens,
1028 1578 1128 1648 qui
1161 1582 1293 1648 post
1325 1577 1539 1633 multos
1568 1577 1911 1633 circumitus
1933 1580 2102 1648 juxta

453 1662 708 1732 Jericho,
738 1664 964 1721 Mortuo
995 1667 1345 1722 commistus
1375 1668 1545 1733 mari,
1587 1683 1800 1723 nomen
1860 1667 2098 1722 amittit.

525 1751 853 1824 Jetabatha,
885 1753 1050 1809 locus
1081 1755 1140 1809 in
1173 1755 1421 1821 deserto,
1455 1755 1555 1810 ubi
1595 1759 1882 1812 torrentes
1927 1773 2101 1828 aqua-

454 1855 584 1895 rum
614 1841 1110 1898 demonstrantur.

523 1928 773 2000 Jericho,
810 1932 951 1986 urbs
982 1949 1180 2004 quam,
1222 1932 1475 1989 Jordane
1506 1937 1896 2005 transgresso,
1955 1935 2096 1989 sub-

450 2017 624 2073 vertit
649 2018 841 2090 Jesus,
884 2036 1016 2092 rege
1057 2020 1216 2077 illius
1273 2022 1602 2078 interfecto:
1664 2039 1765 2094 pro
1798 2024 1944 2078 ‘23]
1982 2040 2096 2094 quo

453 2108 736 2163 exstruxit
764 2109 939 2164 aliam
969 2110 1142 2166 Ozam
1167 2111 1239 2166 de
1264 2110 1482 2178 Bethel,
1513 2127 1582 2166 ex
1611 2111 1766 2166 tribu
1799 2112 2094 2183 Ephraim,

451 2215 628 2269 quam
643 2198 928 2255 Dominus
950 2205 1148 2255 noster
1177 2203 1352 2272 atque
1369 2199 1630 2256 Salvator
1659 2217 1766 2256 sua
1788 2201 2098 2272 praesentia

451 2286 748 2343 illustrare
775 2288 1052 2360 dignatus
1081 2293 1189 2344 est.
1223 2289 1332 2344 Sed
1367 2293 1423 2343 et
1444 2289 1565 2343 haec
1597 2305 1662 2344 eo
1691 2293 2096 2360 tempore,quo

450 2376 778 2432 Jerusalem
810 2379 1261 2449 oppugnabatur
1286 2394 1319 2432 a
1350 2378 1626 2433 Romanis
1658 2383 1893 2450 propter
1924 2378 2096 2450 perﬁ-

452 2465 611 2521 diam
642 2466 854 2521 civium
886 2471 1054 2537 capta
1081 2471 1256 2536 atque
1295 2467 1589 2522 destructa
1646 2471 1754 2522 est.
1815 2467 1922 2522 Pro
1981 2484 2097 2538 qua

455 2554 627 2608 tertia
655 2553 940 2608 mdiﬁcata
969 2559 1058 2608 est
1089 2554 1314 2620 civitas,
1349 2572 1474 2626 qua:
1516 2572 1700 2627 usque
1743 2555 1913 2611 hodie
1967 2573 2094 2628 per-

454 2645 673 2712 manet,
705 2645 763 2696 et
791 2642 1184 2696 ostenduntur
1213 2642 1519 2714 utriusque
1551 2644 1712 2699 urbis
1742 2645 1985 2716 vestigia
2007 2663 2098 2700 us-

458 2745 573 2801 que
603 2730 661 2785 in
692 2734 1035 2802 praesentem
1068 2730 1242 2786 diem.

998 2875 1091 2930 DE
1126 2874 1296 2932 JESU
1336 2876 1545 2932 NAVE.

519 3001 868 3068 Jerusalem,
900 3000 958 3056 in
982 3018 1100 3074 qua
1130 3001 1390 3074 regnavit
1417 3002 1795 3067 Adonibesec,
1821 3010 1875 3057 et
1897 3007 2099 3075 postea

453 3109 581 3148 eam
618 3096 853 3148 tenuere
879 3090 1154 3158 Jebusaei,
1187 3107 1217 3146 e
1247 3091 1462 3162 quibus
1502 3095 1559 3145 et
1587 3091 1792 3146 sortita
1846 3093 2096 3148 vocabu-

453 3182 574 3236 lum
607 3186 713 3252 est,
747 3197 896 3252 quos
926 3179 1110 3235 multo
1143 3184 1276 3251 post
1314 3183 1576 3250 tempore
1618 3179 1794 3235 David
1827 3181 2095 3237 extermi-

2207 603 2366 658 tibus
2397 603 2680 659 Chebron.

2277 693 2578 761 Jeconam,
2611 692 2816 747 civitas
2842 691 3113 754 Carmeli,
3137 707 3314 762 quam
3332 690 3660 762 cepitJesus,
3681 703 3787 761 rege

2209 780 2368 835 illius
2389 780 2710 836 interfecto.

2277 869 2424 936 Jair,
2459 869 2663 925 civitas
2694 871 2884 925 tribus
2913 873 3202 925 Manasse.

2278 958 2527 1026 Jamnel,
2559 958 2619 1013 in
2653 958 2803 1013 tribu
2832 958 3004 1027 Juda,
3029 973 3216 1029 usque
3236 957 3410 1012 hodie
3439 954 3693 1028 oppidum
3719 953 3797 1009 Ρι-

2209 1046 2445 1101 laestinae
2473 1047 2727 1112 Jamnia,
2763 1047 2913 1101 inter
2943 1045 3259 1118 Diospolim
3294 1049 3350 1100 et
3369 1047 3615 1099 Azotum.

2277 1136 2460 1205 Jabir,
2495 1135 3045 1191 civitaslitterarum
3081 1135 3139 1189 in
3173 1134 3326 1189 tribu
3357 1133 3526 1189 Juda.

2280 1223 2509 1294 Jathur,
2533 1225 2591 1278 in
2627 1223 2779 1278 tribu
2812 1225 2983 1279 Juda.

2277 1312 2531 1374 Jermus.
2567 1313 2624 1368 in
2650 1313 2808 1368 tribu
2839 1313 3010 1367 Juda.
3045 1314 3147 1367 Est
3185 1316 3381 1367 autem
3440 1325 3614 1381 usque
3664 1306 3800 1363 hodie

2209 1400 2346 1455 villa
2374 1401 2708 1468 Jermucha,
2738 1403 2796 1456 in
2823 1403 3050 1457 decimo
3081 1401 3152 1456 ab
3185 1397 3603 1470 Eleutheropoli
3646 1394 3800 1467 lapide

2212 1489 2664 1544 ascendentibus
2695 1489 2924 1545 Ailiam.

2279 1577 2519 1643 Jectael,
2552 1579 2609 1632 in
2642 1579 2798 1634 tribu
2828 1579 3002 1634 Juda.

2287 1667 2441 1722 284
2470 1667 2698 1735 Jectan,
2733 1667 2792 1722 in
2819 1667 2972 1723 tribu
3003 1667 3174 1722 Juda.

2280 1755 2498 1823 Jether,
2544 1755 2602 1810 in
2654 1756 2808 1812 tribu
2853 1756 3028 1825 Juda,
3082 1755 3286 1810 civitas
3337 1751 3712 1810 sacerdotalis.
3759 1751 3806 1802 Et

2129 1882 2176 1946 B
2211 1861 2365 1898 nunc
2391 1850 2481 1899 est
2508 1844 2645 1900 villa
2684 1845 3042 1916 praegrandis
3073 1843 3297 1899 Jethira
3328 1841 3577 1909 nomine,
3609 1839 3662 1893 in
3688 1837 3806 1891 vice-

2207 1933 2356 1989 simo
2389 1933 2662 1989 milliario
2680 1932 3194 2005 Eleutheropoleos
3219 1951 3230 1987 :
3249 1932 3599 1986 habitatores
3621 1939 3803 1999 quoque

2205 2023 2334 2093 ejus
2364 2039 2568 2078 omnes
2598 2022 2912 2078 Christiani
2943 2026 3100 2076 sunt.
3134 2021 3257 2076 Sita
3285 2025 3377 2076 est
3407 2024 3594 2074 autem
3616 2018 3666 2070 in
3691 2016 3805 2069 inte.

2208 2111 2344 2167 riori
2376 2111 2645 2180 Daroma,
2671 2113 2841 2182 juxta
2871 2110 3182 2166 Malathan.
3223 2110 3493 2165 Diximus
3523 2107 3588 2162 de
3633 2105 3724 2160 hac
3765 2105 3805 2157 et

2208 2217 2408 2272 supra.

2275 2289 2513 2359 Janum,
2543 2290 2602 2344 in
2637 2289 2789 2344 tribu
2815 2289 3006 2344 Juda:
3041 2293 3129 2344 est
3159 2287 3301 2342 villa
3333 2287 3544 2351 Janua,
3575 2283 3628 2338 in
3671 2279 3802 2338 tertio

2207 2377 2478 2433 milliario
2509 2378 2776 2450 Legionis
2807 2381 3010 2432 contra
3048 2376 3380 2432 meridiem.
3441 2374 3548 2430 Sed
3604 2387 3704 2426 non
3744 2367 3805 2422 vi-

2207 2468 2375 2522 detur
2406 2467 2535 2538 ipsa
2566 2484 2693 2521 esse
2727 2483 2854 2537 quo:
2883 2466 3181 2522 scribitur.

2274 2555 2465 2623 Jetan,
2501 2556 2558 2609 in
2593 2553 2742 2610 tribu
2774 2554 2944 2623 Juda,
2977 2554 3180 2608 civitas
3211 2550 3613 2619 sacerdotalis,
3642 2551 3718 2604 est
3734 2545 3806 2598 bo-

2205 2645 2414 2716 dieque
2443 2644 2606 2700 vicus
2628 2643 2987 2716 praegrandis
3015 2643 3286 2698 Judaeoru
3301 2659 3357 2695 m
3383 2642 3441 2696 in
3466 2639 3674 2695 decimo
3692 2637 3807 2691 octa-

2205 2750 2272 2788 vo
2296 2733 2488 2806 lapide
2519 2735 2591 2788 ab
2623 2731 3052 2804 EleutherOpoli
3083 2731 3154 2786 ad
3189 2729 3515 2786 australem
3548 2722 3802 2800 partemin

2208 2827 2476 2878 Daroma.

2277 2909 2499 2967 Jesrael
2530 2911 2570 2976 ³,
2607 2910 2666 2966 in
2697 2910 2853 2965 tribu
2881 2909 3070 2964 Juda:
3102 2909 3203 2964 sed
3238 2925 3358 2963 non
3408 2911 3498 2962 est
3552 2905 3669 2976 ipsa
3709 2913 3802 2972 qua

2207 3016 2406 3072 supra.

2275 3088 2516 3159 Jezrael,
2551 3089 2610 3143 in
2646 3088 2802 3144 tribu
2833 3088 3137 3144 Manasse:
3173 3085 3470 3158 hodieque
3503 3075 3804 3156 praegrandis

2211 3178 2372 3233 vicus
2404 3178 2730 3233 ostenditur
2755 3177 2813 3232 in
2847 3181 3061 3248 Campo
3093 3175 3351 3230 maximo
3385 3175 3537 3229 inter
3553 3167 3808 3242 Scythopoo

460 3287 629 3342 nans,
687 3248 865 3326 tot-ius
923 3285 1052 3325 eam
1107 3269 1325 3324 Judaei!)
1372 3269 1675 3340 provinciae
1735 3271 2102 3344 metropolim
2135 3248 2176 3313 C
2216 3266 2318 3320 lim
2347 3271 2403 3321 et
2438 3265 2766 3337 Legionem.
2800 3265 2930 3319 Fuit
2968 3268 3163 3319 autem
3223 3263 3518 3318 terminus
3575 3255 3804 3315 Issachar.

463 3358 782 3416 fabricatus
811 3363 930 3414 est:
966 3375 1032 3414 eo
1057 3358 1210 3428 quod
1243 3357 1321 3412 ibi
1382 3355 1576 3412 locum
1634 3359 1836 3429 templi
1896 3362 2106 3416 emerit
2214 3357 2324 3410 Sed
2357 3360 2414 3411 et
2436 3372 2589 3410 unus
2620 3355 2689 3409 de
2720 3354 2968 3426 posteris
2990 3351 3444 3424 Ephrataa,sicut
3475 3351 3533 3405 in
3565 3344 3805 3414 Paralipo-

458 3451 535 3518 (et
565 3448 864 3520 impensas
893 3452 1202 3504 structurae
1219 3445 1516 3502 Salomoni
1551 3446 1669 3502 filio
1698 3448 2098 3520 dercliquerit:

2215 3461 2425 3500 menon
2458 3446 2503 3515 (I
2529 3444 2726 3500 Paral.
2762 3460 2817 3512 v,
2836 3443 2888 3514 3)
2912 3441 3160 3512 legimus
3192 3440 3372 3512 (supp.
3409 3435 3805 3509 libris),vocatus

458 3538 610 3593 hanc
640 3555 768 3594 esse
795 3537 1090 3610 Josephus
1117 3537 1331 3604 refert),
1369 3553 1495 3608 quae
1520 3536 1577 3590 in
1599 3537 1805 3592 Genesi
1829 3537 2103 3596 scribitur
2212 3538 2300 3588 est
2330 3532 2565 3588 cht‘ael.

459 3627 673 3696 Salem,
707 3628 818 3683 sub
845 3642 976 3699 rege
1000 3624 1440 3682 Melchisedech.
1479 3625 1610 3680 Fuit
1637 3630 1830 3682 autem
1866 3629 1923 3683 in
1943 3629 2099 3685 tribu

461 3715 786 3788 Benjamin.

521 3793 725 3877 ‘Jebus,
760 3807 888 3878 ipsa
916 3810 1006 3861 est
1036 3822 1163 3877 qua:
1194 3809 1252 3860 et
1276 3805 1623 3860 Jerusalem.

516 3896 731 3964 'Jarim,
764 3895 968 3950 civitas
999 3895 1476 3950 Gabaonitarum.
1791 3945 1796 3948 .

529 3983 820 4041 Jarimuth
850 3986 891 4055 ’,
913 3984 1115 4038 civitas
1133 4000 1308 4055 quam
1332 3984 1614 4039 subvertit
1639 3983 1832 4052 Jesus,
1855 3985 1914 4040 in
1941 3985 2098 4042 tribu

454 4073 630 4140 Juda,
661 4077 868 4145 quarto
901 4073 1128 4128 distans
1159 4073 1230 4129 ab
1262 4072 1690 4144 Eleutheropoli
1725 4073 1935 4145 lapide,
1960 4075 2096 4145 jux-

451 4169 512 4220 ta
539 4163 736 4221 villam
766 4162 1022 4219 Esthaol.

525 4253 787 4324 Isimoth,
821 4253 921 4309 ubi
949 4252 1330 4309 absconditus
1368 4255 1456 4307 est
1499 4251 1711 4307 David:
1745 4253 1814 4307 de
1871 4270 1986 4323 qua
2041 4260 2098 4310 et

451 4361 631 4417 supra
661 4343 800 4416 quid
829 4343 1000 4398 nobis
1024 4343 1316 4397 videretur
1331 4341 1607 4410 diximus,
1632 4345 1913 4412 ponentes
1930 4343 2098 4398 Beth-

447 4433 693 4491 simuth.
727 4433 840 4488 Sed
871 4437 928 4487 et
959 4432 1016 4486 in
1042 4431 1375 4501 Regnorum
1407 4427 1554 4483 libro
1588 4428 1774 4499 primo
1815 4446 1937 4500 pro,
1990 4431 2094 4486 Isi-

448 4523 637 4593 muth,
666 4521 880 4592 Aquila
905 4521 1340 4592 inierpretatur,
1380 4516 1725 4589 dissipatam
1757 4533 1769 4570 :
1824 4519 2091 4591 Symma-

448 4612 596 4670 chus
625 4627 779 4681 vero,
813 4611 1126 4664 desertam.

518 4739 528 4772 ί
563 4739 711 4794 Inter
757 4733 1036 4791 Medabam
1075 4737 1124 4788 et
1163 4731 1367 4804 Debus.
1415 4731 1696 4803 Corrupte
1755 4733 2092 4804 legebamus

446 4811 504 4865 in
537 4815 708 4866 antea
737 4805 908 4864 editis
938 4804 1104 4860 libris
1154 4801 1475 4858 Deblalham
1529 4801 1630 4875 pro
1688 4801 1874 4874 Deliis,
1935 4806 2090 4876 quod

445 4882 811 4938 Bonl‘rerium
847 4875 1064 4935 fefellit.
1099 4879 1378 4930 MARTIAN.

516 4955 538 4988 ²
564 4953 885 5022 Jarismulh,
919 4955 1026 5022 etcf.
1053 4948 1218 5022 Hunc
1250 4946 1440 5001 locum
1475 4947 1930 5022 praetermittunt
1955 4944 2090 5016 plu-

443 5040 538 5080 res
564 5041 706 5081 mss.
739 5017 968 5080 codices
999 5019 1209 5083 Latini,
1235 5035 1369 5073 cum
1401 5022 1593 5072 tamen
1614 5017 1872 5073 exstetin
1891 5017 2086 5072 Graeco

443 5095 690 5151 Eusebio
721 5097 832 5151 sub
865 5092 1100 5150 nomine
1131 5083 1346 5150 Ἰαϐεῖς.
1378 5092 1658 5143 ΜΑιῑτιΑΝ.

513 5167 535 5198 ³
566 5166 899 5222 Bonfrerius
931 5167 1085 5220 hunc
1118 5164 1176 5218 in
1212 5161 1414 5217 Latino
1445 5159 1684 5215 titulum
1717 5157 1975 5230 proxime
2005 5175 2089 5213 se-

444 5236 642 5306 quenti
666 5237 866 5307 jungit
897 5253 1011 5291 una
1042 5235 1208 5303 serie,
1239 5238 1586 5307 tantumque
1613 5230 2086 5307 suprqadverbio

441 5300 748 5378 expuncto,
779 5300 886 5362 non
920 5317 997 5362 est
1024 5301 1297 5378 ipsaqua:
1325 5300 1561 5378 chrael,
1595 5300 1727 5378 etc.”
1767 5300 1952 5378 Facile
2013 5301 2085 5355 ad

442 5370 610 5458 bene.
630 5370 1192 5458 meduescrip'serit'
1221 5376 1508 5458 Esssbiee
1537 5375 1662 5458 ipse
1694 5370 1950 5458 ἰεῖραέλη

440 5445 545 5521 λῇς
576 5443 750 5500 Ἰούδα
785 5443 1093 5527 μτλῖἷξβξττί
1128 5446 1241 5527 ἔσῗῖ
1273 5446 1530 5527 Ἰεζρᾳξλλ
1554 5443 1664 5527 etc.
1695 5443 1915 5527 Lat'que
1937 5443 2084 5527 ρίῐεο

439 5515 718 5577 occursus
751 5515 1062 5574 simillima:
1091 5518 1248 5572 vocis
1277 5515 1465 5571 fraudi
1498 5517 1668 5572 fuerit
1696 5515 1891 5571 Graeco
1921 5515 2084 5569 Anti-

439 5591 677 5666 quario.
697 5587 1155 5666 Cmterum_satis
1186 5586 1514 5666 luculenter
1540 5588 1608 5642 de
1639 5587 1960 5666 posteriori
1975 5587 2082 5666 hac

439 5657 581 5722 urbe
613 5661 846 5718 Hieron.
879 5660 937 5714 in
969 5663 1362 5718 Commentar.
1385 5659 1455 5713 ad
1479 5660 1624 5713 Osee
1642 5657 1775 5728 cap.
1802 5676 1818 5711 1
1841 5675 1897 5713 ;‹‹
1922 5657 2083 5712 Dixi-

439 5753 572 5797 mus
599 5730 935 5807 Jezraelem,
969 5749 1096 5810 quae
1131 5744 1285 5786 nunc
1321 5729 1490 5800 juxta
1547 5728 2081 5802 Maximianopolim

2282 3622 2558 3690 Jecdaan,
2593 3620 2650 3675 in
2676 3620 2834 3676 tribu
2861 3619 3036 3674 Juda.

2281 3710 2596 3783 Jephlethi,
2630 3710 2687 3764 in
2721 3708 2876 3763 tribu
2906 3707 3146 3779 Joseph.

2278 3801 2448 3867 Jano,
2482 3800 2541 3854 in
2571 3799 2726 3854 tribu
2759 3796 3052 3870 Ephraim.
3087 3800 3248 3851 Hanc
3279 3810 3517 3867 quoque
3555 3789 3691 3864 cepit
3736 3798 3807 3840 rex

2208 3889 2580 3960 Assyriorum
2606 3905 2619 3943 :
2648 3892 2705 3942 et
2732 3885 3020 3957 hodieque
3045 3884 3207 3939 vicus
3237 3883 3569 3940 ostenditur
3593 3881 3736 3944 Jano,
3762 3873 3803 3927 in

2207 3979 2579 4034 Acrabittena
2607 3976 2858 4048 regione,
2893 3975 2952 4029 in
2985 3974 3333 4030 duodecimo
3385 3972 3573 4046 lapide
3627 3967 3802 4036 Neapo-

2208 4067 2328 4123 leos
2357 4071 2559 4122 contra
2573 4065 2887 4121 Orientem.

2275 4155 2470 4211 Jamin
2497 4171 2509 4210 :
2545 4171 2648 4226 pro
2679 4170 2794 4225 quo
2825 4151 3037 4223 Aquila
3063 4155 3120 4208 et
3149 4150 3540 4223 Symmachus
3570 4148 3804 4213 interpre-

2207 4250 2423 4314 tantur,
2459 4245 2774 4300 dexteram.

2274 4334 2445 4390 Jaseb
2477 4335 2498 4367 ‘
2530 4331 2898 4405 (ALJasen):
2937 4323 3038 4402 pro
3097 4346 3212 4401 quo
3261 4327 3509 4395 Hebraei,
3564 4319 3803 4380 habitato-

2206 4442 2295 4478 res
2327 4422 2546 4495 legunt.

2275 4513 2538 4568 Inemec:
2573 4527 2676 4582 pro
2708 4526 2822 4581 quo
2855 4507 3063 4580 Aquila
3105 4510 3161 4562 et
3215 4504 3600 4577 Symmachus
3650 4503 3803 4553 trans‘

2125 4619 2171 4681 Ι)
2205 4600 2488 4669 tulerunt,
2523 4600 2583 4654 in
2613 4597 2843 4654 vallem.

2201 4730 2305 4793 est,
2324 4723 2520 4804 fuisse
2548 4723 2920 4804 metropolim
2948 4721 3117 4804 rege}.
3145 4719 3428 4802 Samaria?
3457 4717 3800 4804 PPRPEII‘IE‘E

2202 4788 2340 4852 sunt
2369 4796 2561 4867 campi
2585 4788 2966 4867 latissimi,__et
2985 4788 3152 4848 vallis
3177 4793 3372 4867 nimiae
3393 4788 3794 4867 vastitatis,ng

2201 4851 2332 4940 plus
2359 4851 2534 4939 quam
2557 4851 3026 4940 decemmillium
3051 4863 3308 4918 tenditur
3326 4873 3624 4940 passu-up};
3646 4851 3799 4940 τιῈξξξιι

2200 4926 2434 4994 Ζαοὴὼι.
2470 4956 2519 4993 c.
2538 4955 2617 4992 xu
2641 4957 2658 4992 :
2692 4961 2718 4986 «
2746 4937 3196 5003 Adadremmon,
3223 4926 3467 5006 pro'quo
3498 4926 3626 5006 LXX
3647 4929 3795 5006 trans:-

2201 5011 2464 5066 tulerunt
2493 5008 2748 5079 ’Por’ovoc,
2785 5009 2924 5062 urbs
2955 5013 3044 5062 est
3093 5000 3262 5076 juxta
3307 5000 3638 5079 Jezraelqpl,
3692 5001 3792 5079 (ΙΨ

2199 5083 2306 5138 hoc
2335 5081 2476 5136 olim
2508 5077 2786 5135 vocabulo
2819 5071 3154 5149 nuncupata
3183 5082 3290 5145 est,
3346 5081 3404 5130 et
3454 5071 3615 5149 hodie
3665 5073 3796 5149 νεξςξ·

2323 5127 3582 5223 in-vcdr—Iipowlt’iaggedon.
3614 5161 3633 5190 ι
3688 5127 3791 5185 Vid.

2199 5225 2676 5358 Ηῗιῗιῗιξὲιῗέιο.
2739 5293 2889 5347 Bene
2949 5290 3179 5345 monuit
3237 5285 3567 5358 Bonfrerius
3618 5281 3790 5358 ηρφέξι

2211 5347 2779 5422 istuvdldivjemimode
2811 5365 2869 5418 in
2901 5363 3199 5418 codicibus
3236 5355 3602 5435 septuaginta

2212 5444 2440 5510 pretum
2474 5436 2583 5510 legi
2619 5435 2852 5510 solitum
2879 5453 2892 5501 ;
2919 5451 3066 5510 nam
3124 5450 3230 5488 vox
3280 5410 3380 5484 illa
3434 5410 3549 5505 3‘69.

2619 5486 2892 5562 23.176525;
2918 5486 3148 5577 legitur,
3167 5486 3282 5576 pro
3333 5515 3446 5572 quo
3485 5495 3554 5577 .in
3577 5486 3782 5577 hebri?

2193 5552 2682 5648 EEivﬁ’uv'vi'EBEEbE,’
2710 5552 3408 5647 hbe-est?-hwriliiia‘tore},
3425 5552 3594 5623 Vsicut
3643 5552 3783 5612 vertit

2192 5653 2601 5724 Hieronymus.
