4084 6170
203 368 355 432 953τ
396 378 431 383 ”
1208 356 1310 421 DE
1353 356 1532 421 SITU
1574 348 1676 418 ΕΤ
1719 346 1902 415 ΝΟΜ]

2047 349 2211 411 LOC.
2260 343 2626 409 HEBRAIC.
3492 335 3613 404 954

274 500 542 567 Jeblaan,
574 497 634 555 in
664 496 819 554 tribu
860 495 1149 566 Manasse,
1196 496 1267 549 de
1326 510 1442 565 qua
1498 489 1858 560 alienigenas
1885 496 1939 560 Α
2570 477 2663 534 DE
2722 474 3001 532 GENESI.

203 609 321 648 non
345 589 532 645 valuit
559 587 861 661 expellere.
2040 583 2205 650 Laza,
2238 579 2524 634 terminus
2572 576 3034 631 Chauaneorum
3093 573 3247 630 circa
3304 574 3603 629 Sidonem.

275 678 538 750 Jerphel,
570 660 814 732 initribu
856 674 1184 745 Benjamin.
2042 671 2213 729 Luza,
2249 668 2305 721 in
2354 667 2510 721 tribu
2561 665 2890 735 Benjamin,
2930 679 3108 735 quam
3176 666 3375 735 postea
3435 660 3613 716 Jacob

276 748 503 835 Jecnal,
548 766 607 820 in
659 765 817 820 tribu
866 762 1144 827 Zabulon,
1199 760 1411 816 Levitis
1453 756 1658 813 civitas
1694 771 1858 826 sepa-
1971 755 2401 830 cognominavit
2432 753 2649 809 Bethel.
2682 754 2783 808 Est
2812 756 3007 807 autem
3038 768 3225 823 usque
3255 750 3427 806 hodie
3481 748 3620 805 villa

209 862 358 915 rata.
1971 848 2030 901 in
2108 846 2352 901 sinistra
2408 847 2572 915 parte
2627 841 2730 896 viae
2788 842 2857 896 de
2933 839 3173 913 Neapoli
3242 838 3620 911 pergentibus

278 946 530 1010 Jasthie,
561 943 621 999 in
652 942 809 999 tribu
840 939 1098 997 Zabulon
1124 955 1136 993 :
1164 954 1321 993 nunc
1346 951 1536 1008 usque
1556 938 1741 1006 Joppe
1771 949 1865 987 vo-
1972 935 2203 990 jEliam.

207 1038 400 1098 catur,
435 1049 718 1089 ascensus
744 1029 1076 1101 Japho.Sed
1105 1031 1162 1082 et
1179 1026 1459 1097 oppidum
1484 1023 1862 1096 Sycaminum
2047 1029 2214 1093 Luza,
2247 1022 2368 1076 haec
2398 1020 2580 1076 altera
2609 1023 2716 1089 est,
2751 1036 2877 1091 quae
2906 1018 3116 1073 cecidit
3164 1017 3222 1071 in
3284 1021 3501 1072 sortem
3559 1015 3625 1069 ﬁ-

210 1123 470 1188 nomine,
537 1122 608 1176 de
664 1120 925 1175 Caesarea
991 1113 1409 1171 Ptolemaidem
1486 1111 1865 1184 pergentibus
1973 1114 2186 1169 liorum
2212 1110 2450 1182 Joseph,
2477 1110 2647 1180 juxta
2678 1107 2908 1163 Sichem
2950 1107 3009 1162 in
3043 1107 3212 1161 tertio
3238 1105 3431 1178 lapide
3490 1110 3623 1157 Nea-

212 1227 396 1284 snper
450 1226 631 1276 mare,
690 1212 926 1280 propter
982 1209 1239 1261 montem
1314 1201 1644 1259 Carmelum
1704 1199 1867 1272 Epha
1975 1198 2215 1261 πόλεως.

215 1301 457 1366 dicitur,
2048 1291 2245 1354 Lotan,
2280 1289 2422 1344 urbs
2452 1288 2668 1342 ducum
2696 1285 2903 1340 Edom.

290 1387 445 1478 Ψ
473 1383 1084 1478 λθΡδιδὲθ¹’Ξ“.“ἓ¹³“
1110 1380 1388 1438 Ζ⁸δ⁰¹⁰⁰·
2195 1424 2279 1478 DE
2312 1421 2626 1477 NUMERIS
2686 1419 2775 1472 ET
2822 1416 3411 1474 DEUTEHONOMIO.

288 1476 510 1544 Jadela,
544 1476 604 1529 in
638 1474 791 1529 tribu
820 1471 1098 1528 Zabulon.

287 1522 574 1629 Jermoth,
608 1562 667 1616 in
717 1560 873 1615 tribu
921 1558 1203 1625 [ssachar,
1259 1555 1400 1611 urbs
1468 1555 1869 1611 sacerdotibus
2052 1531 2281 1629 Palmm
2306 1528 2371 1629 .i“
2404 1529 2653 1629 deseris),
2694 1530 2892 1629 £393”?
2923 1522 3412 1629 miOP‘um‘lsmel-

2053 1620 2265 1685 Lebon,
2304 1618 2466 1672 locus
2498 1613 2830 1671 solitudinis
2863 1620 3023 1668 trans
3061 1612 3399 1678 Jordanem,
3427 1611 3482 1664 in
3516 1626 3631 1681 quo

216 1657 509 1725 separata.
544 1649 858 1706 Posuimus
889 1652 946 1703 et
966 1661 1146 1718 supra
1174 1644 1665 1715 Jerimuth,cujus
1687 1648 1743 1700 et
1760 1644 1871 1700 Ose

1981 1711 2207 1781 Moyses
2240 1703 2759 1762 Deuteronomium
2794 1701 2951 1773 legit.

216 1742 506 1815 propheta
536 1738 822 1795 meminit.

293 1832 438 1895 Icoc,
461 1828 646 1922 sortis
676 1826 1010 1922 Nephthali,
1041 1828 1099 1884 in
1134 1828 1343 1884 coﬁnio
1374 1827 1551 1881 trium
1584 1824 1867 1879 tribuum:
1904 1859 1952 1922 Β
2537 1837 2628 1892 DE
2659 1835 2869 1891 [ΑΒΗο
2898 1833 3067 1890 JESU

2058 1948 2282 2017 Lochis,
2318 1947 2374 2001 in
2408 1945 2563 2000 tribu
2596 1945 2779 1999 Juda:
2817 1942 2917 1997 sed
2948 1946 3005 1996 et
3048 1942 3197 1997 hanc
3247 1941 3399 2011 cepit
3443 1943 3636 2006 Jesus,

217 1921 277 1975 id
317 1923 425 1984 est,
458 1918 517 1971 in
548 1916 703 1971 tribu
744 1915 999 1971 Zabulon
1032 1918 1102 1971 ad
1158 1915 1474 1972 australem
1525 1913 1780 1985 plagam,
1814 1912 1873 1966 in

217 2008 381 2111 tri?“
412 2010 553 2111 A8.”
581 2007 653 2061 ad
687 2006 1069 2071 occmentem’
1123 2023 1293 2078 porro
1345 2006 1401 2059 in
1431 2004 1586 2058 tribu
1617 2004 1770 2058 πάθ’
1801 2003 1873 2057 ad
1986 2055 2119 2111 rege
2174 2003 2360 2109 ipsius
2404 2034 2726 2089 interlecto.
2784 2030 3050 2086 Meminit
3097 2030 3274 2099 hujus
3314 2003 3523 2084 -Isaias
3584 2003 3641 2082 et

1986 2126 2270 2183 Jeremias
2296 2141 2309 2179 :
2340 2128 2396 2179 et
2428 2140 2584 2177 nunc
2613 2126 2702 2177 est
2727 2118 2862 2174 villa
2889 2120 2948 2173 in
2981 2118 3232 2190 septimo
3262 2117 3536 2173 milliario
3567 2115 3639 2171 ab

220 2096 378 2152 solis
407 2099 618 2150 ortum.

302 2182 1177 2284 ξειδηθῖξίο.ῖῗξδυλἻθΡῙξ-ίῂξξῃ·
1990 2212 2417 2284 Eleutheropoli
2449 2211 2724 2266 euntibus
2751 2182 3079 2263 Daromam:

2062 2303 2281 2366 Lebna,
2315 2302 2371 2355 in
2400 2300 2556 2355 tribu
2581 2299 2756 2365 Juda,
2790 2296 2992 2351 civitas
3024 2294 3426 2363 sacerdotalis,
3462 2308 3641 2365 quam

302 2273 506 2340 Jeron,
537 2272 595 2327 in
624 2272 779 2328 tribu
809 2272 1139 2344 Nephthali.

1993 2392 2183 2448 tenuit
2206 2391 2399 2459 Jesus,
2430 2404 2561 2460 rege
2596 2386 2753 2441 illius
2781 2384 3115 2439 interfecto:
3153 2399 3309 2438 nunc
3363 2386 3453 2438 est
3506 2380 3645 2437 villa

1994 2483 2053 2536 in
2088 2480 2321 2551 regione
2352 2474 2940 2546 Eleutheropolitana,
2974 2489 3100 2543 qua:
3140 2470 3467 2543 appellatur
3500 2470 3643 2525 Lob-

1997 2587 2090 2625 na.
2123 2568 2335 2625 Scribit
2364 2568 2433 2621 de
2463 2565 2572 2621 hac
2611 2569 2667 2619 et
2696 2562 2897 2619 Isaias.

2070 2661 2343 2724 Lasaron,
2376 2660 2433 2711 et
2462 2654 2612 2709 hanc
2643 2652 2799 2724 cepit
2824 2650 3016 2721 Jesus,
3058 2665 3193 2722 rege
3242 2648 3403 2704 illius
3462 2649 3644 2704 inter-

2001 2749 2146 2804 fecto
2157 2790 2169 2801 .

2074 2836 2239 2907 Lapis
2270 2836 2441 2904 Boen,
2474 2832 2730 2888 ﬁliorum
2762 2830 2963 2885 Ruben
2991 2845 3003 2883 :
3031 2831 3119 2883 est
3139 2831 3333 2883 autem
3356 2825 3647 2883 terminus

2001 2926 2190 2983 tribus
2218 2924 2403 2979 Judas.
3170 2926 3175 2929 '

2076 3013 2320 3081 Laboth,
2352 3012 2412 3067 in
2442 3011 2597 3066 tribu
2620 3010 2650 3065 J
2660 3010 2793 3065 uda.

2077 3104 2306 3169 Lamas,
2344 3101 2403 3156 in
2437 3099 2593 3155 tribu
2624 3099 2797 3155 Juda.

1927 3225 1970 3290 Ο
2079 3194 2231 3249 239
2264 3189 2542 3259 Labaoth,
2585 3189 2645 3243 in
2676 3187 2835 3242 tribu
2865 3184 3191 3259 Symeonis.

1956 3267 1970 3291 ⁴
2079 3280 2399 3345 Labanath,
2426 3279 2487 3333 in
2518 3278 2675 3332 tribu
2705 3284 2868 3331 Aser.

2081 3372 2319 3438 Lacum,
2368 3368 2658 3423 terminus
2696 3364 3095 3437 Nephthalim.

2460 3502 2552 3556 DE
2596 3498 2908 3554 JUDICUM
2967 3496 3200 3551 LIBRO.

303 2360 585 2429 Jethlam,
618 2361 677 2416 in
699 2361 857 2415 tribu
884 2366 1028 2417 Dan.

310 2449 500 2516 Jelon,
528 2449 586 2504 in
619 2449 775 2505 tribu
808 2451 949 2505 Dan.

312 2540 449 2605 Jud,
484 2539 542 2593 in
574 2538 729 2593 tribu
760 2538 903 2593 Dan.

313 2627 626 2693 Jerachon,
658 2643 843 2698 aqua},
873 2627 932 2681 in
962 2626 1121 2681 tribu
1153 2626 1299 2681 Dan.

311 2716 533 2775 Inlechi
557 2732 682 2788 :pro
713 2732 828 2787 quo
858 2714 1071 2786 Aquila
1095 2714 1595 2786 interpretatur,in
1629 2712 1887 2769 maxilla.

312 2807 345 2862 J
352 2806 481 2862 abis
510 2803 751 2875 Galaad,
783 2808 840 2860 et
867 2804 1019 2859 hanc
1048 2808 1528 2876 oppugnaverunt
1557 2802 1661 2858 filii
1692 2801 1889 2858 Israel.

241 2895 410 2951 Nunc
438 2899 637 2949 autem
668 2897 757 2949 est
782 2892 942 2949 vicus
964 2897 1126 2947 trans
1149 2893 1465 2948 Jordanem
1488 2892 1547 2947 in
1579 2896 1739 2948 sexto
1766 2890 1895 2946 mil-

242 2984 413 3041 liario
471 2983 720 3038 civitatis
776 2981 966 3052 Pellae,
1024 2997 1202 3054 super
1274 2986 1534 3038 montem
1615 2981 1895 3037 euntibus

244 3079 488 3131 Gerasa.

642 3161 732 3217 DE
800 3159 1204 3217 REGNORUM
1247 3159 1501 3216 LIBRIS.

318 3268 442 3336 Jor,
478 3267 684 3335 saltus,
718 3267 777 3321 in
809 3284 923 3338 quo
953 3283 1192 3323 examen
1224 3283 1403 3339 apum
1442 3268 1571 3323 fuit.

322 3358 350 3413 J
363 3355 621 3423 erameli,
656 3356 813 3428 regio
842 3354 1309 3428 Allophylorum.

322 3445 543 3511 Jether,
577 3446 647 3501 ad
680 3462 858 3517 quam
889 3444 1050 3500 misit
1074 3444 1291 3500 David:
1335 3460 1491 3499 nunc
1522 3448 1611 3500 est
1654 3444 1790 3500 villa
1838 3445 1897 3499 in

249 3536 530 3601 Daroma,
558 3534 793 3590 nomine
820 3533 1087 3602 Jetthira,
1122 3534 1192 3587 de
1250 3550 1366 3604 qua
1408 3550 1589 3605 supra
1618 3532 1895 3589 diximus.

327 3623 649 3691 Jecmaam,
679 3622 881 3677 civitas
912 3620 1245 3693 principum
1277 3620 1624 3677 Salomonis.

2086 3608 2466 3666 Laboemath:
2498 3623 2602 3677 pro
2660 3622 2774 3677 quo
2828 3603 3038 3675 Aquila
3094 3603 3532 3672 interpretatur,
3570 3600 3657 3653 in-

336 3710 691 3781 ltabyrium:
726 3727 830 3782 pro
883 3726 998 3781 quo
1044 3710 1255 3781 Aquila
1293 3715 1350 3765 et
1397 3711 1786 3783 Symmachus
1842 3711 1902 3765 in
2013 3716 2252 3773 gressus
2283 3696 2511 3752 Emath-

256 3800 409 3856 Osee
428 3798 707 3871 propheta
738 3797 1184 3866 transtulerunt,
1237 3798 1489 3855 Thabor.
1552 3800 1651 3855 Est
1708 3804 1903 3856 autem

2084 3792 2323 3846 Lesem:
2360 3786 2508 3841 hanc
2538 3783 2639 3839 filii
2674 3783 2796 3837 Dan
2828 3782 2882 3837 vi
2921 3785 3173 3852 captam,
3208 3777 3660 3848 cognominave-

254 3906 431 3945 mons
467 3889 697 3944 Thabor
754 3889 814 3943 in
870 3892 1081 3959 Campo
1135 3886 1387 3943 maximo
1438 3890 1509 3943 ad
1562 3889 1903 3945 orientalem
2018 3884 2153 3938 runt
2186 3881 2326 3934 Dan.

261 3979 502 4052 plagam
519 3978 535 4011 ¹
571 3978 857 4049 Legionis.

324 4065 612 4137 Jecthoel,
646 4082 854 4121 nomen
888 4071 1060 4138 petrae
1090 4067 1149 4120 in
1182 4065 1512 4138 Regnorum
1546 4066 1731 4123 libris.

326 4157 600 4225 Jethaba,
635 4157 775 4211 urbs
804 4154 1046 4226 antiqua
1073 4155 1310 4210 Judaeae.

330 4245 611 4312 Inaczeb;
648 4262 749 4316 pro
780 4261 895 4316 quo
926 4244 1315 4317 Symmachus
1343 4244 1734 4311 transtulit,in
1764 4245 1910 4302 valle

264 4335 401 4391 Zeb.

2090 3964 2499 4035 Luzalaltera,
2541 3963 2712 4033 juxta
2762 3958 2981 4027 Bethel,
3043 3959 3103 4012 in
3160 3962 3316 4013 terra
3383 3952 3657 4021 Cetthim,

2020 4074 2196 4132 quam
2224 4053 2484 4111 condidit
2514 4050 2610 4105 ille
2635 4050 2734 4120 qui
2767 4048 2988 4103 abierat
3015 4047 3086 4102 de
3113 4045 3333 4116 Bethel,
3356 4045 3507 4101 sicut
3537 4058 3669 4097 nar-

2023 4152 2111 4203 rat
2141 4144 2405 4200 historia.

2094 4232 2303 4290 Lechi:
2353 4246 2455 4302 pro
2498 4245 2614 4300 quo
2657 4225 2871 4297 Aquila
2921 4228 2977 4279 et
3023 4221 3339 4278 Theodotio
3388 4221 3669 4291 interpre-

2024 4328 2240 4391 tantur,
2274 4318 2571 4375 maxillam
2604 4317 2697 4387 (de
2728 4314 2991 4387 quajam
3022 4317 3078 4368 et
3106 4327 3287 4382 supra
3328 4307 3629 4378 diximus).

2096 4412 2282 4481 Laisa,
2318 4412 2468 4464 hanc
2502 4406 2607 4461 lilii
2639 4405 2762 4460 Dan
2792 4408 3021 4474 captam
3047 4397 3665 4470 manu,possederunt,

2026 4519 2159 4558 cum
2188 4504 2344 4555 esset
2374 4495 2575 4571 procul
2604 4512 2638 4549 ει
2659 4494 2955 4561 Sidone,et
2986 4491 3335 4546 vocaverunt
3363 4502 3492 4542 eam
3521 4484 3667 4541 Dan.

1942 4588 1989 4652 D
2022 4592 2153 4648 Fuit
2182 4592 2378 4645 autem
2405 4586 2691 4642 terminus
2718 4586 2882 4638 terra
2908 4579 3146 4647 Judzeae,
3182 4580 3387 4632 contra
3433 4581 3674 4646 septen-

2024 4679 2271 4736 trionem
2302 4694 2335 4731 a
2365 4677 2488 4730 Dan
2549 4688 2736 4744 usque
2789 4670 2861 4726 ad
2914 4666 3196 4724 Bersabee
3253 4681 3315 4720 se
3353 4661 3670 4719 tendentis.

2026 4766 2293 4824 Meminit
2322 4765 2501 4834 hujus
2532 4762 2731 4817 Isaias.
2774 4758 2896 4814 Sita
2943 4761 3033 4812 est
3091 4758 3290 4810 autem
3340 4753 3510 4824 juxta
3566 4750 3673 4805 Pa-

2025 4856 2291 4923 neadem,
2326 4854 2395 4908 de
2426 4868 2542 4923 qua
2570 4847 2845 4906 Jerdanis
2874 4845 3086 4901 ﬂuvius
3120 4841 3407 4912 erumpit.

2097 4942 2490 5010 Lamatthara,
2526 4940 2597 4994 ad
2630 4954 2803 5009 quem
2827 4935 3019 4990 locum
3042 4930 3350 4987 Ionatham
3364 4924 3563 4999 jacula
3585 4926 3673 4980 di-

2026 5035 2270 5107 rigebat,
2304 5048 2418 5102 quo
2478 5026 2717 5099 Aquilla
2774 5023 3206 5085 interbretatur,
3268 5017 3338 5072 ad
3394 5015 3671 5087 signum:

2027 5120 2435 5193 Symmachus,
2473 5119 2543 5173 ad
2577 5114 2933 5171 condictum.

2100 5211 2383 5278 Ladabar,
2420 5207 2517 5261 ubi
2552 5208 2675 5259 erat
2703 5198 3110 5271 Miphiboseth.

2100 5298 2385 5367 Lodabar,
2422 5295 2577 5350 unde
2608 5292 2716 5347 fuit
2745 5288 2984 5346 Machir.

2099 5388 2375 5453 Libanus,
2401 5400 2570 5439 mons
2600 5379 2888 5437 Phcenicis
2917 5374 3262 5431 altissimus.

336 4423 619 4493 Inachim,
681 4422 801 4478 sive
859 4421 1199 4477 Inbachim:
1254 4439 1357 4494 pro
1417 4440 1531 4495 quo
1588 4422 1802 4495 Aquila
1861 4427 1919 4479 et

259 4512 654 4585 Symmachus
710 4511 1136 4567 transtulerunt
1190 4510 1249 4565 in
1284 4511 1449 4568 ﬂetu.
1500 4511 1765 4567 Meminit
1796 4512 1913 4566 hu-

251 4604 357 4674 jus
389 4606 446 4657 et
476 4600 749 4656 Michaas
778 4600 1080 4673 propheta.

334 4690 491 4747 288
520 4690 725 4762 Joppe,
758 4688 1039 4761 oppidum
1095 4688 1412 4744 Palaestinae
1455 4689 1819 4744 maritimum
1853 4688 1911 4742 in

262 4778 425 4835 tribu
456 4778 597 4833 Dan.

345 4867 618 4922 Inaraba:
652 4883 755 4938 pro
786 4882 900 4937 quo
931 4865 1140 4936 Aquila
1195 4864 1517 4933 transtulit,
1559 4865 1619 4919 in
1678 4864 1915 4933 humili,

260 4954 356 5012 vel
393 4954 601 5028 plano:
633 4972 803 5028 porro
836 4954 1245 5026 Symmachus,
1280 4955 1338 5009 in
1372 4954 1707 5025 campestri.

342 5047 551 5100 Ituran
580 5050 636 5100 et
665 5043 1032 5100 Trachonitis
1065 5044 1245 5115 regio,
1280 5044 1448 5113 cujus
1482 5042 1776 5097 retrarcha
1808 5041 1917 5097 fuit

266 5135 578 5206 Philippus
596 5150 614 5203 ,ε
650 5135 803 5189 sicut
831 5133 891 5187 in
919 5132 1247 5205 Evangeliis
1280 5131 1551 5203 legimus.
1598 5129 1915 5185 Trachoni-

265 5224 343 5280 tis
402 5229 598 5279 autem
657 5222 871 5277 dicitur
920 5226 1075 5277 terra
1122 5223 1290 5291 juxta
1344 5220 1641 5275 desertum
1670 5219 1915 5287 Arabiaa,

268 5315 428 5385 quod
464 5314 679 5368 Bostrae
700 5311 993 5383 jungitur.

2027 5623 2094 5661 ex
2134 5601 2374 5659 Tabulis
2420 5595 2835 5669 Geographicjs
2891 5591 3155 5669 Thabor"
3179 5585 3678 5669 posit‘ummfuisse

330 5580 434 5671 ‘Ad
463 5616 791 5673 orientalem
818 5614 1060 5685 plagam.
1119 5612 1341 5683 Saepius
1385 5612 1523 5685 editi
1552 5615 1723 5666 antea
1783 5609 1917 5666 libri
2027 5623 2094 5685 ex
2134 5601 2374 5685 Tabulis
2420 5595 2837 5685 Geographicis
2854 5591 3277 5685 #:IA‘hpbo‘rnpos

2028 5656 2099 5735 ad
2131 5656 2471 5734 orientalem
2503 5656 2737 5744 plagam
2769 5664 3058 5739 Legionis.
3090 5656 3234 5719 Vide
3262 5660 3418 5717 intra
3448 5656 3675 5720 Thabor,

272 5686 475 5762 legunt
500 5683 893 5746 occidentalem
948 5701 1050 5757 pro
1087 5686 1374 5742 orientem.
1434 5683 1669 5742 Constat
1718 5687 1918 5740 autem
