4084 6170
227 348 349 411 95‘!

1229 352 1331 412 DE
1374 349 1552 413 SITU
1596 349 1697 412 ET
1740 348 2012 411 NOMIN.
2062 349 2230 410 LOC.
2276 348 2644 412 HEBRAIC.

3512 356 3633 420 958

299 480 574 548 Merrom,
632 497 797 553 aqua:
856 482 927 538 ad
988 499 1155 554 quas,
1213 485 1466 539 exercitu
1526 470 1867 554 praeparato,
1903 494 1953 556 Α
2058 481 2273 537 Meeleb
2309 482 2593 537 terminus
2622 482 3015 555 Nephthalim.

225 572 423 625 castra
446 574 587 625 sunt
618 571 827 642 posita,
855 572 954 627 Est
981 578 1178 626 autem
1221 590 1375 627 nunc
1431 572 1593 627 vicus
1651 576 1871 626 Mcrrus

221 658 465 714 nomine
495 660 554 713 in
572 660 952 716 douodecimo
976 661 1247 717 milliaria
1275 662 1439 717 urbis
1471 661 1727 716 Sebastae
1744 660 1876 729 juta

223 746 526 802 Dothaim.

298 835 879 907 Massephothmaim,
912 856 1016 910 pro
1057 856 1173 910 quo
1220 838 1459 910 Aquiln.
1500 837 1875 909 Masscphoth

225 942 395 996 aquae
430 942 441 979 :
477 926 884 997 Symmachus,
917 928 1251 1000 Massephot
1282 928 1482 995 maris,
1517 926 1878 999 interpretati

228 1016 393 1069 sunt

308 1101 581 1169 Machati,
632 1105 773 1159 urbs
822 1105 1293 1161 Amorrhaeorum
1340 1123 1517 1178 super
1560 1106 1878 1161 Jordanem

225 1192 401 1261 juxta
432 1195 691 1247 montem
723 1198 997 1261 Aermon,
1050 1195 1119 1249 de
1169 1210 1284 1265 qua
1322 1194 1709 1250 exterminare
1764 1211 1877 1249 non

232 1278 548 1334 valuerunt
570 1280 673 1334 lilii
711 1282 886 1337 Israel
920 1283 1367 1338 Machathaeum.

308 1371 549 1437 Marem,
583 1374 639 1423 et
668 1369 818 1425 hanc
849 1370 1003 1442 cepit
1031 1372 1224 1441 Jesus,
1253 1388 1386 1444 rege
1417 1372 1577 1427 illius
1607 1373 1759 1428 246
1792 1370 1879 1426 in-

236 1456 499 1512 terfecto.
535 1457 752 1527 (Posita
780 1465 869 1514 est
896 1464 953 1514 et
982 1476 1162 1531 supra
1192 1461 1485 1530 Marrus.).

311 1545 595 1616 Mageddo
635 1547 714 1614 (et
769 1546 917 1602 hanc
976 1548 1127 1619 cepit
1178 1549 1371 1613 Jesus,
1436 1564 1569 1621 rege
1600 1548 1761 1603 illius
1793 1548 1881 1603 in-

236 1634 499 1703 terfecto)
535 1651 547 1688 :
581 1651 710 1706 quae
751 1652 886 1690 cum
942 1636 1249 1692 cecidisset
1308 1638 1365 1691 in
1423 1643 1638 1693 sortem
1694 1637 1883 1691 tribus

235 1723 526 1788 Manasse,
561 1739 933 1795 nequaquam
967 1726 1226 1797 possedit
1254 1742 1404 1792 eam,
1437 1726 1577 1797 quia
1604 1726 1883 1797 pristinos

236 1810 597 1866 habitatores
626 1813 890 1884 nequivit
919 1814 1222 1885 expellere.

253 1941 267 1945 -
312 1899 491 1955 Misor
522 1917 535 1954 :
568 1918 669 1972 pro
702 1918 814 1973 quo
838 1902 1053 1973 Aquila
1084 1908 1139 1958 et
1160 1904 1565 1975 Symmachus,
1594 1904 1883 1959 humilem

240 1988 605 2060 interpretati
635 1996 793 2045 sunt.
826 1992 929 2046 Est
958 1996 1156 2046 autem
1188 1992 1393 2047 civitas
1435 1994 1627 2048 tribus
1661 1994 1890 2061 Ruben,

241 2084 517 2149 separata
552 2078 760 2134 Levitis
791 2080 848 2133 in
881 2080 1115 2151 regione
1147 2081 1460 2136 Gebalena.

323 2166 585 2237 Medaba,
616 2184 803 2238 usque
844 2168 1016 2224 hodie
1074 2171 1213 2225 urbs
1269 2170 1518 2241 Arabia},
1582 2171 1893 2243 antiquum

250 2269 471 2309 nomen
505 2255 758 2312 retinens
783 2258 955 2327 juxta
985 2258 1231 2314 Esebon.

321 2343 655 2415 Maphaath,
690 2345 748 2399 in
782 2345 939 2400 tribu
984 2347 1305 2417 Benjamin.
1363 2348 1471 2403 Sed
1528 2353 1584 2404 et
1641 2347 1754 2403 alia
1810 2352 1895 2402 est

254 2438 419 2487 trans
446 2434 783 2503 Jordanem,
826 2436 885 2489 in
944 2452 1059 2507 qua
1116 2437 1451 2507 prazsidium
1502 2441 1897 2492 Romanorum

253 2520 512 2577 militum
542 2524 705 2579 sedet
729 2528 963 2596 propter
988 2525 1260 2581 viciniam
1292 2525 1647 2581 solitudinis.

324 2611 625 2684 Masapha.
657 2614 715 2668 in
766 2614 918 2668 triliu
977 2614 1119 2681 Gad,
1180 2620 1448 2686 separata
1508 2615 1737 2671 Levitis.
1800 2616 1901 2671 Est

252 2704 450 2755 autem
482 2706 539 2756 et
567 2701 682 2756 alia
711 2720 866 2757 nunc
898 2704 1161 2775 Maspha,
1196 2704 1255 2758 in
1286 2705 1503 2759 finibus
1560 2705 1900 2759 Eleuthero-

250 2787 453 2859 poleos
483 2795 685 2845 contra
731 2792 1186 2863 septentrionem
1240 2793 1619 2865 pergentibus
1667 2792 1897 2861 .Eliam,

252 2878 553 2949 pertinens
584 2880 655 2934 ad
687 2880 908 2936 tribum
938 2881 1121 2936 Judaz.

324 2967 621 3023 Maanaim
651 2968 709 3023 in
742 2970 900 3026 tribu
931 2970 1075 3036 Gad,
1130 2975 1395 3042 separata
1454 2972 1688 3039 Levitis,
1718 2972 1776 3027 in
1810 2988 1896 3027 re-

249 3055 425 3127 gione
457 3055 835 3115 Galaaditide.

323 3145 597 3200 Mcladab
628 3148 666 3214 1,
700 3147 760 3201 in
791 3148 946 3203 tribu
1004 3148 1168 3203 Judaz
1230 3150 1349 3205 sive
1408 3149 1734 3221 Symeonis.
1781 3150 1896 3205 Me-

2054 571 2383 641 Magdiel,in
2418 572 2572 625 tribu
2605 572 2961 644 Nepbtalim,
2997 578 3053 629 et
3092 574 3380 649 hodieque
3410 595 3627 650 parvus

1982 659 2144 714 vicus
2175 660 2503 715 ostenditur
2534 661 2591 715 in
2624 662 2828 733 quinto
2861 661 3131 719 milllario
3154 664 3333 734 DOI‘EB,
3382 683 3627 741 pergen-

1987 748 2142 802 tibus
2183 748 2624 804 Ptolemaidem.

2059 836 2225 890 Mons
2255 836 2572 904 Olivarum,
2605 839 2675 893 ad
2703 839 2983 895 orientem
3023 841 3370 914 Jerusalem,
3403 843 3463 899 in
3514 861 3628 915 quo

1986 923 2305 997 discipulos
2336 926 2636 981 erudiebat
2664 928 2860 983 Jesus.

2444 1050 2533 1105 DE
2556 1051 2765 1105 LIBRO
2795 1053 3121 1109 JUDICUM.

2060 1137 2443 1209 Mosphetaim
2475 1156 2485 1193 :
2521 1156 2622 1210 pro
2655 1157 2770 1211 quo
2800 1141 3009 1211 Aquila
3057 1142 3470 1214 inerpretatur,
3512 1161 3637 1200 sor-

1992 1226 2135 1281 tium
2172 1244 2183 1280 :
2219 1227 2628 1298 Symmachus,
2659 1229 3029 1284 viciniarum.

2059 1320 2231 1379 More,
2265 1332 2476 1370 nomen
2509 1320 2597 1371 est
2626 1317 2786 1371 collis
2818 1319 2913 1385 (de
2943 1335 3059 1389 quo
3086 1320 3140 1374 in
3200 1320 3366 1375 libris
3405 1321 3635 1377 Hebrai-

1989 1422 2181 1462 carum
2211 1406 2579 1471 Qua'stz'onum
2614 1405 2843 1476 plenius
2873 1407 3237 1479 disputatum
3274 1412 3409 1477 est).

2062 1493 2341 1560 Mennith,
2374 1494 2471 1547 ubi
2503 1493 2711 1564 Jephte
2742 1494 3034 1566 praeliatus
3066 1501 3154 1551 est
3188 1513 3198 1551 :
3236 1514 3391 1553 nunc
3440 1500 3635 1554 autem

1992 1581 2323 1636 ostenditur
2352 1581 2574 1636 Manith
2599 1582 2734 1636 villa
2766 1583 2822 1637 in
2856 1589 3063 1654 quarto
3098 1585 3292 1655 lapide
3325 1586 3513 1641 Esbus
3539 1602 3641 1657 per

1991 1670 2264 1742 gentibus
2295 1669 2787 1741 Philadelphiam.

2061 1758 2376 1827 Machmas,
2410 1776 2598 1830 usque
2628 1760 2799 1815 hodie
2828 1761 2990 1815 vicus
3022 1762 3263 1832 grandis
3311 1762 3644 1817 ostenditur

1913 1858 1959 1921 Β
1993 1848 2051 1902 in
2086 1846 2304 1901 ﬁnibus
2339 1846 2513 1915 zElize,
2550 1848 2858 1919 antiquum
2893 1866 3105 1904 nomen
3146 1851 3641 1921 retinens,novem

2002 1937 2073 1992 ab
2106 1953 2171 1991 ea
2206 1935 2471 1991 millibus
2502 1937 2728 1992 distans
2764 1938 2921 2005 iuxta
2942 1937 3141 1992 villam
3166 1939 3370 1994 Rama.

2415 2063 2501 2116 DE
2536 2062 2934 2117 REGNORUM
2977 2064 3227 2119 LIBRIS.

2079 2169 2332 2236 Messab,
2366 2168 2576 2224 hostile
2608 2169 2888 2241 oppidum
2914 2170 3088 2239 juxta
3111 2172 3289 2225 Gaba.

2078 2259 2345 2330 Magdon,
2378 2259 2497 2313 sive
2529 2258 2789 2329 Magron,
2824 2258 2924 2311 ubi
2956 2259 3105 2313 sedit
3136 2258 3293 2314 Saul.

2076 2347 2404 2419 Massepha,
2439 2346 2497 2400 in
2530 2347 2712 2414 Mrab,
2761 2346 2832 2400 ad
2887 2362 3063 2415 quam
3108 2347 3390 2419 profugus
3438 2347 3645 2419 David,

2009 2454 2139 2492 cum
2170 2436 2357 2491 Saulis
2388 2435 2631 2490 insidias
2663 2434 2997 2501 declinaret,
3033 2435 3210 2489 venit.

2081 2526 2388 2591 Masereth,
2422 2525 2479 2579 in
2513 2540 2629 2595 qua
2650 2523 2801 2578 sedit
2830 2523 3026 2589 David,
3060 2540 3213 2578 nunc
3237 2524 3469 2580 deserta
3497 2542 3509 2579 :
3546 2542 3649 2597 pro

2010 2634 2125 2688 quo
2154 2614 2796 2686 Aquilainterpretatur
2817 2612 3175 2669 munitiones
3209 2630 3221 2667 :
3255 2613 3650 2685 Symmachus

2010 2705 2234 2776 refugia
2266 2721 2277 2758 :
2312 2702 2655 2767 Theodotio,
2687 2700 3020 2773 speluncas.

2081 2793 2376 2859 Masbach,
2411 2790 2640 2847 hostilis
2671 2790 2873 2845 civitas
2904 2790 3057 2862 regis
3089 2791 3366 2846 Adrazar.

2081 2882 2251 2950 Mela,
2283 2882 2339 2936 id
2373 2885 2481 2949 est,
2512 2879 2747 2935 Gemcla
2776 2897 2794 2933 :
2822 2896 2999 2951 quam
3030 2880 3242 2951 Aquila
3269 2886 3325 2935 et
3374 2881 3651 2953 Symma-

2007 2973 2153 3028 chus
2185 2970 2564 3034 transferunt,
2596 2968 2807 3024 vallem
2840 2968 2990 3024 Salis
3022 2968 3302 3039 (diximus
3332 2968 3402 3023 de
3453 2968 3562 3026 hac
3593 2974 3653 3027 et

2006 3062 2228 3134 supra)

2077 3150 2335 3217 Maacha,
2370 3147 2527 3221 regio
2561 3148 2714 3220 regis
2742 3151 2945 3203 Gesur.

251 3234 503 3289 demena
552 3236 609 3289 in
668 3236 825 3290 tribu
874 3237 1059 3303 Judee,
1118 3238 1289 3307 cujus
1339 3238 1605 3293 meminit
1666 3237 1844 3293 Isaias
1879 3255 1891 3292 :
1927 3224 1969 3290 C
2078 3241 2328 3296 Modeim
2359 3238 2779 3308 ‘,vicusjuxta
2816 3235 3155 3306 Diospolim,
3206 3236 3361 3290 unde
3410 3235 3646 3292 fuerunt

250 3328 308 3376 et
338 3340 494 3378 nunc
526 3328 615 3379 cst
645 3325 865 3381 Menois
894 3324 1176 3398 oppidum
1218 3327 1389 3397 juxta
1445 3327 1735 3382 civitatem
1796 3330 1895 3382 Ga-

253 3428 409 3466 zam.

330 3501 617 3572 Magdala,
653 3503 709 3557 in
734 3502 889 3558 tribu
923 3504 1093 3560 Juda.

326 3593 569 3656 Maresa,
602 3593 659 3647 in
692 3593 846 3648 tribu
865 3595 1060 3650 Juda:
1112 3595 1283 3665 cujus
1339 3611 1495 3649 nunc
1554 3595 1897 3649 tantumodo

254 3683 404 3733 sunt
428 3680 602 3734 ruinae
632 3682 689 3737 in
721 3684 977 3737 secundo
1012 3684 1200 3756 lapide
1233 3682 1763 3755 Eleutheropoleos,

330 3766 523 3835 Maon,
556 3769 611 3824 in
646 3771 800 3826 tribu
830 3773 1208 3839 Juda,contra
1237 3772 1376 3827 solis
1408 3776 1602 3827 ortum
1637 3772 1898 3827 Daroma:

321 3858 569 3929 Maroth,
602 3860 660 3915 in
692 3861 846 3917 tribu
876 3863 1043 3916 .luda.

321 3948 542 4015 Maddi,
580 3949 635 4003 in
667 3950 825 4005 tribu
854 3952 1023 4006 Juda.

321 4038 523 4099 Masl‘a,
560 4039 619 4093 in
652 4039 804 4094 tribu
842 4042 1166 4109 Benjamin.

324 4125 614 4197 Macaoth,
648 4127 707 4182 in
739 4128 893 4183 tribu
928 4130 1217 4185 Manasse.

323 4216 566 4285 Marala,
602 4234 883 4273 ascensus
912 4218 1165 4273 Zabulon
1200 4221 1241 4272 ³.

324 4305 548 4375 Masan,
582 4306 641 4361 in
671 4307 825 4362 tribu
860 4313 1022 4374 Aser,
1049 4309 1219 4378 juxta
1249 4308 1579 4364 Carmelum
1617 4310 1688 4364 ad
1739 4324 1899 4365 mare

251 4394 459 4450 civitas
490 4400 759 4467 separata
790 4397 1024 4451 Levitis.

324 4484 475 4539 247
514 4486 669 4539 Mare
699 4484 1054 4553 Salinarum,
1090 4487 1241 4558 quod
1288 4493 1527 4543 vocatur
1579 4488 1894 4557 Mortuum,

2008 3329 2352 3385 Macchabwi
2395 3345 2407 3382 :
2459 3343 2709 3397 quorum
2753 3325 3038 3396 hodieque
3092 3325 3245 3381 250
3293 3324 3508 3381 ibidem
3554 3342 3649 3381 se-

2008 3419 2209 3491 pulcra
2239 3420 2645 3473 monstrantur
2676 3433 2689 3478 ;
2723 3415 2867 3469 satis
2894 3414 3093 3485 itaque
3126 3414 3330 3481 miror,
3354 3416 3650 3485 quomodo

2008 3507 2322 3561 Antiochize
2353 3520 2553 3560 eorum
2586 3502 2864 3573 reliquias
2895 3502 3238 3572 ostendunt,
3272 3506 3375 3557 aut
3405 3520 3521 3574 quo
3543 3502 3652 3559 hoc

2008 3601 2163 3652 certo
2193 3600 2426 3650 auctore
2457 3593 2536 3647 sit
2565 3591 2873 3646 creditum.

2082 3686 2315 3741 Mabsar
2344 3683 2478 3755 Tyri
2516 3700 2527 3737 :
2562 3698 2664 3753 pro
2695 3698 2809 3751 quo
2833 3680 3044 3752 Aquila
3073 3685 3129 3735 et
3148 3680 3542 3751 Symmachus
3566 3680 3657 3736 in--

2011 3778 2405 3845 terprctantur
2437 3770 2721 3825 munitam
2756 3770 2996 3840 Tyrum.

2081 3865 2309 3934 Magau,
2344 3861 2483 3915 urbs
2516 3875 2692 3930 quam
2725 3856 3030 3912 aedificavit
3058 3855 3354 3913 Salomou.

2080 3954 2304 4007 Mceber
2336 3967 2347 4003 :
2384 3967 2485 4022 pro
2518 3965 2629 4019 quo
2662 3946 2875 4017 Aquila
2912 3944 3215 4000 transtulit
3270 3944 3372 3998 ἀπὸ
3422 3945 3588 4020 πέραν
3633 3962 3645 4000 :

2009 4039 2418 4113 Symmachus,
2452 4036 2767 4105 ἐξεναντίας,
2805 4035 2859 4089 id
2893 4038 3170 4101 est,traus
3200 4035 3288 4090 vel
3321 4036 3391 4091 de
3421 4039 3647 4091 contra.

2081 4131 2293 4196 Maces,
2326 4128 2468 4183 urbs
2499 4125 2673 4180 unius
2704 4123 3036 4195 principum
3068 4122 3421 4179 Salomonis.

2080 4218 2269 4281 Mello,
2303 4216 2508 4272 civitas
2540 4230 2715 4286 quam
2746 4212 3047 4267 aedificavit
3091 4211 3385 4267 Salomon.
3448 4212 3646 4283 (Porro

2008 4307 2396 4381 Symmachus
2428 4309 2483 4360 et
2505 4301 2842 4369 Theodotio,
2878 4300 3353 4372 adimpletionem
3387 4304 3651 4356 transtu-

2008 4400 2201 4455 lerunt
2231 4398 2269 4452 ⁵.
2303 4397 2371 4450 Et
2398 4395 2468 4449 de
2499 4394 2607 4448 hac
2638 4393 2696 4446 in
2728 4390 2892 4445 libris
2926 4391 3328 4446 lIebraicarum
3376 4391 3645 4457 Ωιιῶείἰο-

2007 4505 2140 4543 num
2171 4485 2400 4558 plenius
2433 4482 2607 4537 dicitu
2619 4483 2687 4549 r).

248 4572 374 4627 sive
400 4590 559 4629 mare
593 4573 884 4646 Asphalti,
916 4576 972 4629 id
1005 4582 1112 4643 est,
1147 4577 1636 4643 bituminis,intcr
1673 4577 1899 4633 Jericho
1927 4593 1975 4655 Ι)
2076 4578 2359 4643 Maedam,
2394 4572 2594 4627 civitas
2616 4586 2794 4641 quam
2825 4568 3130 4623 aediﬁcavit
3158 4567 3458 4623 Salomon.

249 4666 307 4716 et
334 4662 599 4718 Zoaram.

330 4824 346 4855 ¹
385 4824 626 4898 Μοιιιίίαι)
658 4830 766 4882 etc.
804 4827 951 4881 Editi
1002 4828 1110 4881 hoc
1169 4844 1381 4882 nomen
1442 4828 1707 4881 scribunt
1765 4832 1897 4898 post

247 4894 462 4949 Merula
494 4914 506 4949 :
539 4898 768 4953 Graecus
800 4904 993 4953 autem
1025 4900 1310 4954 Eusebius
1339 4905 1394 4954 et
1440 4899 1623 4953 Latini
1666 4894 1893 4955 codices

247 4984 396 5029 mss,
428 4968 631 5022 eodem
663 4971 885 5035 ordine,
920 4988 1035 5041 quo
1069 4989 1101 5026 a
1131 4970 1297 5025 nobis
1330 4972 1631 5041 reponitur

320 5041 584 5093 ’lterum
624 5041 870 5097 dissenti
930 5044 1001 5096 ab
1061 5042 1328 5108 Eusebio,
1388 5042 1487 5112 qui
1548 5041 1893 5111 ροηίιιφυλῆς

244 5122 535 5185 μαι-διαστῇ,
566 5112 973 5185 Hieronymus,
1000 5115 1099 5168 sed
1130 5114 1322 5168 verius
1354 5112 1891 5185 judicat._Maralam

244 5183 306 5236 in
338 5183 559 5243 ﬁnibus
590 5182 848 5241 Zabulon
880 5182 1379 5245 exstitisse.tradit
1421 5182 1725 5255 .losephus
1756 5201 1895 5253 quo-

246 5272 360 5380 quo
396 5272 409 5309 :
446 5265 598 5314 certe
632 5259 701 5313 ab
732 5258 805 5312 iis
835 5275 948 5312 non
982 5259 1151 5328 longe
1190 5261 1333 5323 erat,
1386 5257 1554 5325 cujus
1604 5256 1891 5309 terminus

296 5327 473 5380 icitur
502 5330 837 5380 ascendisse
870 5346 1052 5380 versus
1080 5344 1232 5380 mare
1260 5337 1308 5380 et
1364 5330 1599 5380 Mam/(1.
1658 5326 1891 5380 Minime

296 5327 473 5380 icitur
502 5330 837 5386 ascendisse
870 5346 1052 5384 versus
1080 5326 1232 5382 inarc
1260 5337 1308 5382 et
1364 5330 1599 5383 Mam/(1.
1658 5326 1891 5381 Minime

240 5414 381 5473 vero
406 5401 479 5473 ad
518 5418 677 5458 mare
709 5402 996 5473 ipsumse
1052 5416 1240 5469 usque
1298 5400 1681 5473 protendebat
1736 5397 1891 5469 regio

234 5470 523 5536 Zabulor:
609 5470 823 5543 alioqui
857 5472 1048 5526 tribus
1072 5477 1214 5526 Aser
1242 5470 1570 5526 et’dimidia
1626 5473 1891 5543 Manasse

252 5556 370 5596 non
400 5561 463 5616 se
494 5551 701 5602 mutuo
729 5541 1082 5616 attigissent,
1133 5544 1287 5616 quod
1341 5541 1890 5616 Josue_testimoni_o

244 5628 388 5688 xvii,
422 5615 510 5685 40,
544 5611 910 5688 οοῐηρθινωῖῐι
941 5611 1262 5688 estigitur
1290 5614 1502 5688 Marala
1524 5613 1686 5688 locus
1720 5611 1892 5667 fuerit

238 5684 316 5743 ad
342 5686 483 5746 tines
505 5684 894 5747 occidentales
926 5684 1390 5745 sortis'Zabulon
1415 5703 1429 5757 ;
1450 5687 1620 5761 cujus
1641 5700 1889 5743 ascensu

2076 4662 2385 4734 Memphis,
2419 4661 2620 4715 civitas
2667 4658 2916 4730 Egypti,
2959 4658 3126 4727 cujus
3174 4656 3340 4723 Osee,
3398 4660 3457 4712 et
3507 4658 3647 4712 Eze-

2006 4827 2394 4895 Hieronymus
2426 4821 2651 4895 tribuit,
2690 4818 2974 4895 Eusebius
2991 4816 3278 4895 Manassi.

2073 4899 2093 4930 ³
2124 4899 2182 4951 ln
2217 4885 2409 4949 mente
2443 4892 2608 4947 facile
2642 4890 2912 4945 habuerit
2935 4891 3322 4959 Hieronymus
3352 4885 3638 4959 Mathatia':

2006 4976 2287 5041 posteros,
2319 4980 2566 5041 quorum
2602 4961 3055 5041 certasepulcra
3077 4958 3241 5014 erant
3300 4958 3357 5041 in
3404 4958 3647 5041 'Modin.

2004 5028 2109 5096 Sed
2144 5028 2394 5111 quorum
2444 5034 2719 5111 reliquiae
2757 5028 3076 5111 Antiochiae
3138 5028 3644 5111 mpnsl‘rabantur,

2002 5099 2225 5183 septe-ni
2256 5113 2422 5165 erant
2448 5099 2891 5162 celebratissimi
2927 5105 3131 5181 fratres
3165 5099 3645 5174 Macchabzei,qui

2003 5184 2097 5237 alii
2134 5183 2300 5237 nlane
2333 5185 2468 5233 sunt
2498 5195 2530 5230 a
2565 5175 2811 5237 posteris
2840 5170 3338 5229 Matbathimlllos
3368 5186 3499 5226 vero
3520 5178 3638 5228 An-

2273 5198 2300 5235 0
2333 5198 2468 5233 sunt
2498 5198 2530 5230 8.
2565 5198 2811 5235 pomeria
2841 5198 3338 5229 maluiuullw.ulua
3372 5198 3499 5226 vuru
3520 5198 3638 5228 nu-

2003 5195 2097 5238 ulll
2134 5195 2300 5254 plane
2333 5195 2468 5233 sunt
2498 5195 2530 5230 a
2564 5195 2811 5255 posmeris
2841 5195 3338 5255 mutuatulw.ulus
3370 5195 3499 5226 vero
3520 5195 3637 5256 Ai]-

2005 5255 2231 5309 tiochio»
2267 5247 2895 5325 martyriumsubusse
2926 5245 3090 5325 (licet
3112 5241 3405 5325 .losephus
3449 5246 3637 5325 {tatu}.

2002 5308 2438 5380 xu.et1ibello"
2474 5321 2543 5374 de
2601 5308 2997 5380 Macchabmis,
3056 5308 3370 5388 Cedrenus,
3426 5308 3643 5388 aliique

2002 5398 2167 5468 pauci
2202 5398 2398 5449 dicant
2427 5385 3307 5468 Hierosolymis)“Martyrologia
3323 5401 3389 5439 ac
3421 5385 3643 5468 veteres

2003 5460 2219 5540 passim
2252 5470 2523 5540 auctores
2566 5461 2823 5540 tradunt.
2860 5460 3124 5540 Sanctus
3172 5472 3404 5540 quoque
3441 5463 3641 5540 augt}:

2000 5529 2191 5594 stinus
2222 5553 2475 5592 sermon.
2511 5539 2586 5587 De
2620 5531 3017 5601 Macchabaeis,
3051 5529 3336 5600 templum
3368 5529 3640 5586 Antiochi

2000 5610 2116 5665 illis
2142 5610 2474 5664 dedicatum
2509 5606 2812 5660 memorat.

2068 5683 2088 5719 ⁶
2136 5678 2465 5760 Symmachi
2522 5674 3084 5751 interpretationem,
3139 5687 3267 5747 quae
3325 5671 3532 5732 eadem
3571 5686 3641 5747 ac
