4084 6170
211 403 343 486 eos

1211 424 1312 487 DE
1358 423 1537 488 SITU
1580 425 1681 488 ET
1727 421 2004 488 NOMIN.
2050 424 2220 486 LOC.
2267 421 2634 486 HEBRAIG.

3507 409 3632 486 906

289 549 574 611 Ramale‘
601 571 614 611 :
649 569 752 628 pro
783 570 897 628 quo
927 555 1136 629 Aquila
1185 557 1619 629 interpretatur,
1652 557 1868 614 exalta-
1897 565 1952 631 Α
1982 556 2318 622 Jeroboam,
2351 561 2417 612 ut
2462 556 2798 629 Regnorum
2844 559 3046 612 narrat
3097 553 3344 614 historia
3375 559 3476 628 (III
3500 557 3632 631 Reg.

214 643 418 701 bitur:
456 644 742 717 scriptum
773 653 859 701 est
892 647 950 700 in
999 646 1276 701 Zacharia
1319 646 1457 718 (xxv,
1500 646 1611 717 lO).
1646 647 1745 702 Est
1772 663 1870 702 au-

213 737 335 790 tem
368 738 428 788 et
459 733 613 789 alius
645 733 808 790 locus
840 735 898 789 in
935 735 1106 810 .tribu
1157 735 1460 806 Benjamin
1501 737 1670 805 juxta
1699 735 1869 790 Beth-

213 822 393 891 leem,
426 823 498 877 de
557 839 669 894 quo
727 822 982 879 dicitur:
1044 827 1153 880 Vox
1210 827 1271 879 in
1325 831 1498 879 Rama
1550 826 1742 880 audita
1796 828 1874 880 est

214 911 434 983 (Matth.
475 928 536 979 ιι,
571 913 680 983 18).
727 912 815 982 (Et
873 913 944 968 de
1003 912 1111 968 hoc
1165 914 1224 967 in
1283 913 1448 969 libris
1481 914 1871 969 Hebraicarum

216 1001 600 1068 Quaestionum
629 1000 859 1071 plenius
889 1001 1150 1072 dicitur.)

291 1089 712 1156 Rhinocorura,
790 1090 1004 1145 civitas‘
1053 1091 1303 1162 lEgypti,
1375 1091 1546 1160 cujus
1606 1090 1875 1146 meminit

213 1177 422 1234 Isaias.
457 1177 794 1248 (Sciendum
828 1182 1045 1247 autem,
1097 1179 1249 1250 quod
1297 1179 1405 1235 hoc
1435 1179 1780 1234 vocabulum
1812 1179 1872 1233 in

215 1265 390 1322 libris
417 1265 718 1322 Hebraicis
758 1284 875 1322 non
926 1267 1197 1336 habetur,
1245 1267 1346 1323 sed
1408 1285 1442 1323 a
1495 1267 1876 1340 Septuaginta

214 1355 639 1426 Interpretibus
670 1359 906 1427 propter
933 1357 1201 1412 notitiam
1234 1356 1339 1411 loci
1373 1356 1642 1412 additum
1668 1357 1804 1429 est.)

218 1445 378 1501 266
406 1445 566 1514 Quod
595 1446 655 1499 in
686 1445 826 1499 libro
855 1447 1250 1501 Hebraicorum
1276 1446 1564 1501 nominum
1609 1445 1874 1517 diximus,

295 1533 393 1588 hoc
418 1534 585 1588 etiam
614 1549 763 1587 nunc
792 1535 853 1587 in
884 1533 919 1587 S
948 1534 1151 1590 litterm
1193 1534 1405 1590 videtur
1449 1535 1610 1590 titulo
1654 1549 1874 1606 praeno-

294 1621 560 1677 tandum:
595 1621 742 1693 apud
770 1622 1014 1678 Hebraeos
1045 1625 1154 1678 tria
1183 1639 1295 1678 esse
1338 1624 1394 1693 S,
1449 1623 1545 1678 hoc
1573 1628 1649 1679 est
1675 1639 1872 1695 samec,

292 1711 443 1780 sude,
498 1714 550 1764 et
606 1712 716 1765 sin.
771 1711 906 1779 Quae
956 1727 1083 1765 cum
1124 1711 1269 1783 apud
1329 1712 1534 1766 ercos
1575 1719 1627 1767 et
1656 1714 1876 1769 Latinos

294 1815 423 1855 sono
447 1798 626 1854 simili
650 1802 1025 1870 proferantur,
1058 1802 1119 1855 in
1147 1817 1249 1855 sua
1299 1801 1491 1871 lingua
1520 1802 1688 1856 aliter
1717 1809 1880 1872 atque

294 1889 458 1942 aliter
507 1891 786 1943 resonant.
840 1887 986 1945 Unde
1033 1890 1258 1956 accidit,
1301 1896 1360 1943 ut
1414 1888 1599 1944 eadem
1650 1892 1880 1945 nomina

295 1975 442 2046 apud
469 1991 569 2030 nos
601 1976 881 2030 diversum
913 1993 1108 2032 sonare
1129 1978 1448 2044 videantur,
1483 1986 1532 2032 et
1558 1979 1683 2049 plus
1710 1995 1876 2050 quam
1909 1943 1956 2007 Β

295 2073 507 2121 cetera;
528 2067 732 2121 litterae
756 2066 876 2122 haec
903 2066 1120 2122 habeat.
1151 2067 1269 2121 Non
1315 2068 1465 2122 enim
1514 2082 1583 2122 ex
1609 2084 1751 2133 una,
1783 2068 1875 2124 sed

299 2169 370 2208 ea:
392 2154 566 2208 tribus
596 2155 816 2225 litteris,
847 2153 964 2209 loca
992 2159 1043 2209 et
1071 2155 1234 2210 urbes
1263 2159 1313 2210 et
1361 2156 1532 2211 viculi
1561 2155 1874 2211 describun-

298 2245 413 2297 tur.

842 2332 933 2386 DE
975 2331 1255 2388 GENESI.

299 2419 504 2487 Sidon,
543 2420 686 2474 urbs
728 2419 1030 2476 thnices
1079 2421 1351 2494 insignis,
1409 2421 1549 2476 olim
1589 2421 1876 2478 terminus

225 2508 687 2564 Chananzeorum
724 2511 795 2563 ad
841 2507 1189 2580 Aquilonem
1221 2509 1561 2582 respiciens,
1592 2514 1649 2565 et
1678 2515 1878 2582 postea

223 2595 486 2669 regionis
518 2597 751 2652 Judaee.
813 2596 1033 2652 Cecidit
1091 2601 1284 2653 autem
1337 2597 1395 2652 in
1439 2602 1654 2654 sortem
1686 2599 1877 2656 tribus

223 2687 388 2752 Aser,
414 2685 516 2741 sed
540 2702 657 2740 non
679 2701 806 2740 eam
831 2686 1110 2757 possedit,
1130 2687 1268 2758 quia
1283 2687 1480 2743 hostes
1503 2703 1875 2760 nequaquam

223 2773 413 2829 valuit
441 2772 746 2845 expellere.

295 2863 578 2926 Sennaar,
627 2877 874 2933 campus
924 2862 1255 2934 Babylonis,
1301 2863 1361 2918 in
1411 2881 1526 2935 quo
1571 2866 1751 2920 turris
1782 2881 1878 2920 ex-

223 2954 448 3006 structa
479 2955 588 3005 est.
623 2949 784 3005 Unde
822 2966 1095 3022 egressus
1141 2953 1326 3006 Assur
1371 2953 1675 3008 aediﬁcavit
1704 2954 1876 3009 Nine-

218 3056 372 3096 vem.
406 3038 673 3094 Meminit
701 3038 882 3109 hujus
912 3039 1023 3095 loci
1053 3040 1350 3112 Josephus
1390 3041 1449 3096 in
1494 3042 1685 3113 primo
1716 3042 1878 3098 Anti-

223 3129 518 3201 quitatum
550 3126 722 3194 libro,
755 3128 838 3182 ita
892 3128 1188 3184 scribens:
1259 3149 1280 3177 α
1343 3131 1419 3185 De
1451 3147 1656 3204 campo
1687 3131 1786 3204 qui
1818 3132 1878 3187 in

220 3215 541 3290 Babylonia
562 3215 797 3288 regione
817 3220 1058 3272 vocatur
1073 3220 1352 3285 Sennaar,
1374 3223 1575 3274 narrat
1595 3219 1879 3276 Hestiaeus

1979 662 2082 716 xu,
2114 646 2227 715 25),
2261 648 2318 702 et
2346 645 2460 701 sita
2491 651 2579 701 est
2607 646 2667 700 in
2701 646 2920 702 ﬁnibus
2948 648 3140 702 tribus
3185 646 3481 718 Ephraim.
3514 648 3640 704 Sed,

1980 739 2037 789 et
2066 733 2224 789 ﬁlius
2255 734 2492 789 Emmor
2521 733 2929 806 appellabatur
2957 735 3212 800 Sichem,
3247 751 3280 789 a
3309 750 3424 806 quo
3458 738 3515 792 et
3543 736 3632 792 lo-

1981 839 2086 877 cus
2118 839 2329 878 nomen
2363 828 2680 894 acceperat.
2721 823 2847 878 Fuit
2876 828 3070 879 autem
3101 827 3158 879 et
3187 822 3367 878 altera
3394 823 3625 880 Sichem

1980 911 2042 965 in
2073 915 2273 966 monte
2303 911 2601 982 Ephraim,
2635 911 2839 966 civitas
2872 911 3270 983 fugitivorum.

2057 999 2340 1065 Sennaar,
2373 1000 2525 1055 unde
2556 1000 2665 1054 fuit
2695 999 2974 1070 Amarlal,
3010 1001 3109 1072 qui
3157 1002 3434 1058 adversus
3466 1018 3633 1074 reges

1982 1090 2366 1143 Sodomorum
2396 1087 2617 1143 bellum
2649 1091 2845 1161 gessit.

2057 1177 2542 1243 Sodoma,civitas
2564 1177 2878 1250 impiorum
2896 1177 3091 1234 divino
3109 1179 3244 1251 igne
3261 1183 3631 1255 consumpta.

1976 1267 2144 1336 juxta
2179 1281 2339 1322 mare
2370 1270 2682 1322 Mortuum.

2057 1354 2205 1409 267
2241 1353 2505 1426 Seboim,
2531 1364 2587 1410 et
2617 1355 2736 1410 hch
2765 1355 2967 1410 civitas
3021 1355 3337 1427 impiorum
3378 1355 3439 1410 in
3470 1359 3640 1412 teter-

1986 1459 2091 1498 nos
2122 1443 2347 1498 cineres
2378 1443 2685 1511 dissoluta,
2728 1444 2900 1514 juxta
2944 1444 3149 1499 urbem
3193 1444 3490 1515 quondam
3522 1447 3626 1501 So-

1986 1532 2244 1587 domum.

2057 1619 2334 1690 Sophera,
2369 1620 2812 1691 mousforientis
2836 1621 2894 1675 in
2920 1621 3290 1691 India,juxta
3320 1637 3494 1692 quem
3528 1622 3638 1677 hac

1988 1707 2322 1764 bitaveruut
2353 1708 2457 1763 filii
2487 1710 2712 1778 Jectan,
2749 1709 2850 1763 lilii
2897 1710 3103 1764 Heber.
3153 1712 3308 1775 Quos
3345 1709 3639 1781 Josephus

1989 1797 2167 1852 refert
2196 1814 2230 1852 a
2258 1797 2525 1870 Uophene
2548 1799 2791 1854 flumine
2813 1802 2871 1853 et
2893 1799 2912 1852 Ι
2922 1798 3068 1852 ndize
3092 1796 3430 1870 regionibus
3452 1814 3642 1870 usque

1993 1887 2064 1941 ad
2100 1885 2158 1941 id
2188 1885 2446 1942 locorum
2467 1888 2821 1959 pervenisse,
2850 1887 2950 1942 ubi
2971 1886 3302 1959 appellatur
3320 1886 3479 1959 regio
3509 1886 3641 1943 Hie-

1987 1973 2112 2029 ria:
2147 1976 2247 2031 sed
2282 1980 2340 2030 et
2371 1976 2575 2032 classis
2624 1976 2955 2033 Salomonis
3001 1993 3105 2048 per
3149 1975 3473 2032 triennium
3501 1975 3640 2032 hinc

1988 2063 2254 2134 quaedam
2286 2064 2638 2121 commercia
2664 2066 3029 2137 deportabat.

2057 2153 2255 2224 Soora,
2291 2154 2431 2208 urbs
2454 2155 2626 2224 juxta
2656 2153 2994 2219 Sodomam,
3054 2169 3181 2224 quae
3241 2156 3299 2208 et
3355 2153 3542 2226 Segur
3583 2157 3642 2208 et

1984 2241 2165 2296 Zoara
2194 2242 2287 2314 (de
2317 2259 2436 2313 qua
2465 2247 2522 2297 et
2546 2260 2727 2314 supra
2757 2241 3057 2312 diximus).

2057 2331 2221 2401 Save,
2255 2330 2458 2386 civitas
2489 2331 2731 2403 antiqua
2760 2330 2818 2385 in
2850 2347 2967 2402 qua
2992 2329 3398 2385 habitaverunt
3427 2331 3638 2385 Amor-

1986 2418 2147 2486 rhaei,
2181 2435 2324 2491 gens
2352 2419 2564 2488 valida,
2597 2437 2776 2492 super
2804 2419 3103 2491 regionem
3135 2417 3421 2486 Sodomae,
3455 2435 3634 2490 quam

1985 2506 2201 2562 excidit
2220 2507 2702 2580 Chodologomor.

2059 2596 2204 2662 Seir,
2238 2613 2408 2654 mons
2436 2597 2496 2652 in
2538 2602 2694 2652 terra
2716 2597 2922 2662 Edom,
2945 2596 3004 2650 in
3032 2612 3149 2668 qua
3169 2594 3455 2652 habitavit
3478 2595 3632 2651 Esau

1987 2685 2045 2738 in
2077 2686 2311 2758 regione
2341 2685 2668 2742 Gebalena:
2702 2702 2830 2758 qua:
2861 2702 2924 2740 ex
2953 2702 3018 2740 eo
3040 2685 3196 2756 quod
3227 2685 3377 2740 Esau
3411 2683 3634 2756 pilosus

1987 2779 2141 2829 esset
2169 2779 2226 2830 et
2254 2775 2546 2848 hispidus,
2575 2775 2719 2845 Seir,
2744 2775 2802 2829 id
2826 2779 2934 2842 est,
2959 2773 3129 2846 pilosi
3154 2789 3364 2830 nomen
3396 2772 3630 2845 accipit.

1986 2866 2050 2916 In
2083 2863 2298 2934 quibus
2329 2864 2472 2920 locis
2526 2869 2697 2920 antea
2754 2863 3039 2919 habitavit
3094 2857 3419 2929 Chorraeus,
3453 2879 3630 2933 quem

1987 2950 2279 3007 interfecit
2325 2952 2809 3024 Chodologomor.
2865 2951 3132 3008 Meminit
3179 2950 3397 3007 montis
3426 2951 3552 3006 Seir
3579 2955 3634 3007 et

1989 3040 2173 3096 Isaias
2201 3040 2260 3095 in
2290 3041 2512 3098 visione
2542 3043 2830 3098 Idumam.

2060 3128 2273 3200 Salem,
2308 3130 2511 3186 civitas
2541 3130 2914 3200 Sicimorum,
2949 3146 3075 3201 quae
3105 3132 3194 3184 est
3224 3128 3456 3184 Sichem
3483 3144 3498 3196 ;
3531 3128 3633 3183 sed

1989 3221 2046 3272 et
2076 3217 2189 3273 alia
2218 3217 2358 3274 villa
2387 3219 2722 3274 ostenditur
2749 3235 2938 3291 usque
2987 3218 3044 3272 in
3103 3220 3450 3289 praesentem
3482 3215 3638 3272 diem

221 3305 564 3368 historicus,
597 3304 834 3360 dicens:
869 3305 1117 3369 Quidam
1147 3307 1517 3362 sacerdotum
1544 3309 1774 3381 profugi
1806 3309 1877 3364 de
1907 3310 1950 3376 C
1988 3305 2178 3376 (juxta
2206 3306 2410 3363 jEliam
2443 3311 2645 3363 contra
2676 3306 3092 3363 occidentalem
3123 3304 3357 3378 plagam
3401 3305 3511 3360 hoc
3542 3321 3640 3360 no-

221 3392 444 3466 templo
474 3392 699 3467 Enyalii
720 3395 742 3428 ²
769 3393 928 3449 Jovis
958 3411 1124 3450 sacra
1154 3394 1470 3468 rapientes,
1503 3399 1561 3450 in
1619 3397 1880 3453 Sennaar

224 3498 505 3555 campum
538 3482 866 3556 Babyloniae
899 3499 1229 3555 pervenere.
1267 3505 1287 3534 ι

299 3571 534 3627 Sichem
563 3575 622 3626 et
651 3570 866 3639 Salem,
899 3588 1028 3643 quae
1076 3572 1302 3642 (Latine
1331 3576 1389 3627 et
1417 3572 1630 3644 Graece)
1663 3574 1879 3630 Sicima

220 3663 436 3716 vocata
465 3664 572 3726 est,
601 3660 805 3716 civitas
830 3661 1034 3730 Jacob,
1066 3677 1224 3716 nunc
1255 3661 1506 3716 deserta.
1540 3661 1880 3718 Ostenditur

223 3750 428 3803 autem
461 3745 620 3802 locus
647 3748 706 3803 in
737 3749 1094 3805 suburbanis
1141 3749 1464 3821 Neapoleos
1486 3751 1656 3821 juxta
1686 3752 1876 3823 sepul-

218 3852 388 3892 crum
417 3835 674 3907 Joseph;
707 3853 884 3908 quam
918 3837 1204 3892 subvertit
1249 3837 1571 3901 Abimelec,
1603 3844 1660 3894 et
1700 3841 1873 3896 semi-

214 3925 379 3980 navit
408 3924 467 3979 in
499 3940 569 3980 ea
599 3923 807 3993 salem,
840 3927 995 3981 sicut
1024 3926 1083 3979 in
1119 3925 1268 3980 libro
1298 3925 1576 3981 Judicum
1619 3928 1761 4000 (cap.
1793 3946 1870 3997 1x,

211 4029 354 4070 vers.
389 4013 477 4084 45)
508 4012 795 4085 scriptum
827 4018 936 4070 est.
969 4015 1180 4070 Postea
1208 4029 1342 4069 vero
1372 4013 1704 4071 instaurata
1733 4021 1820 4073 est
1841 4035 1875 4073 a

288 4189 302 4222 ¹
334 4188 592 4254 Ramale,
627 4192 738 4243 etc.
776 4187 918 4244 Puto
949 4189 1100 4244 hanc
1130 4205 1331 4245 vocem
1364 4207 1393 4245 e
1424 4191 1622 4247 Graeca
1655 4187 1871 4248 Ῥαϐεδὲ

213 4266 542 4335 sumptam,
578 4259 952 4335 depravatam
985 4260 1168 4316 fuisse
1193 4262 1266 4316 ab
1289 4264 1744 4335 exscriptoribus
1769 4267 1870 4323 La-

209 4330 378 4405 tinis,
406 4330 692 4405 quiupro‘
726 4332 1022 4405 Ramade,_
1054 4337 1378 4405 posuerunt
1433 4330 1699 4405 Ramale;
1734 4355 1866 4394 nam

213 4399 835 4474 apuleXX—legimus
866 4399 1158 4474 Ῥαμῖδξ,
1208 4405 1362 4474 quod
1414 4399 1697 4462 Eusebius
1730 4425 1867 4465 con-

204 4470 474 4546 junctim
509 4470 669 4546 forte
679 4472 910 4546 legebat
941 4470 1191 4545 Ῥαμαδὲ.
1224 4470 1506 4532 Manum.

284 4543 546 4622 —-_Ni_hil
569 4543 817 4622 dubium
841 4545 991 4600 hanc
1011 4543 1140 4622 esse
1163 4546 1430 4622 Itamma,
1450 4549 1519 4603 de
1541 4564 1657 4622 qua
1679 4550 1866 4622 loqui-

209 4618 308 4692 tur
337 4615 654 4692 Zacharias
703 4632 830 4687 cap.
866 4633 1001 4692 _x_1_v,_
1048 4617 1136 4692 l_(_).
1181 4617 1399 4692 Graeco
1427 4615 1650 4692 nomini
1697 4615 1866 4692 Ῥἆμὰ

1990 3395 2185 3462 mine;
2233 3396 2291 3450 in
2340 3401 2539 3452 octavo
2589 3412 2823 3468 quoque
2870 3395 3064 3467 lapide
3111 3411 3146 3448 a
3193 3392 3527 3466 Scythopoli
3575 3394 3635 3449 in

1988 3500 2193 3554 campo
2223 3484 2387 3540 vicus
2417 3484 2710 3540 Salumias
2767 3483 3128 3556 appellatur:
3181 3482 3475 3554 Josephus
3505 3499 3638 3538 vero

1986 3572 2179 3628 Salem
2227 3589 2357 3628 esse
2413 3573 2670 3628 afﬁrmat
2725 3572 2961 3644 (Antiqq.
3024 3572 3124 3627 lib.
3174 3588 3212 3640 ι,
3271 3587 3390 3642 cap.
3432 3570 3543 3640 ll),
3577 3571 3637 3627 in

1987 3677 2104 3732 qua
2145 3662 2408 3733 regnavit
2461 3660 2863 3731 Melchisedec,
2923 3677 3048 3732 quae
3106 3663 3307 3730 postea
3363 3659 3518 3714 dicta
3547 3663 3638 3714 est

1985 3748 2327 3822 Solyma,;et
2357 3751 2428 3806 ad
2461 3755 2806 3821 extremum,
2838 3747 3248 3818 Hierosolyma:
3296 3762 3510 3803 nomen
3539 3763 3634 3803 ac-

1983 3839 2181 3909 cepit.)

2055 3927 2228 3994 Sur3,
2261 3927 2361 3982 ubi
2392 3925 2612 3982 invenit
2669 3926 2911 3999 angelus
2961 3924 3232 3981 ancillam
3277 3928 3429 3980 Sam
3459 3925 3632 3998 Agar,

1983 4014 2140 4071 inter
2168 4015 2352 4071 Gades
2383 4020 2439 4071 et
2467 4016 2676 4072 Barad.
2709 4015 3052 4072 Extenditur
3102 4017 3298 4070 autem
3338 4014 3636 4070 desertum

1982 4193 2129 4275 Quis
2157 4193 2233 4248 sit
2265 4193 2445 4264 igitur
2477 4195 2760 4277 conﬁctus
2785 4193 3130 4277 illeJupiter
3154 4193 3448 4277 (ξαπαζὶαῆ
3477 4208 3634 4277 pror:

1981 4263 2321 4338 suspignoro
2351 4281 2378 4338 :_
2397 4267 2494 4321 sed
2531 4268 2601 4321 de
2628 4267 2768 4322 Jove
2791 4263 3025 4338 Enyalio
3048 4265 3300 4338 plurima
3330 4263 3444 4338 legi
3474 4264 3629 4338 apud

1983 4331 2238 4409 optinios
2259 4336 2603 4409 scriptorcs.
2639 4331 2900 4392 Primum
2927 4331 3139 4392 nomen
3167 4331 3468 4409 _’Evua’z).ioc
3490 4331 3630 4409 litar-

1979 4405 2090 4462 tem
2119 4405 2432 4480 significat,
2468 4414 2524 4464 et
2553 4426 2656 4480 pro
2688 4411 2853 4465 Marte
2883 4423 2985 4464 seu
3014 4409 3121 4480 Deo
3161 4405 3636 4480 bellieogsumitur

1980 4423 2090 4462 tem
2120 4425 2166 4462 BI
2215 4423 2432 4479 uincat,
2468 4423 2524 4464 et
2553 4426 2656 4480 pro
2688 4423 2853 4465 marte
2883 4423 2985 4464 seu
3014 4423 3121 4463 ueo
3161 4423 3349 4462 oemco
3379 4423 3631 4460 sumitur

1980 4479 2134 4549 apud
2167 4423 2396 4534 graecos
2452 4487 2735 4536 auctores.
2802 4479 3189 4551 Distinguitur
3245 4477 3631 4551 nihilominus

1977 4543 2244 4624 Enyalios
2275 4557 2527 4624 ayarte
2575 4553 2730 4624 apud
2779 4551 2952 4624 Soph.
2989 4543 3300 4624 inlljace,
3353 4548 3397 4624 ﬂ
3425 4543 3631 4624 χαλκοῖ

1983 4617 2122 4689 oues
2153 4620 2186 4687 ἢ
2223 4617 2491 4688 ἐνυάλιος,
2526 4617 2629 4678 νθΓ
2654 4617 3032 4692 ϐαισοιΙΞον-αω,
3085 4617 3297 4692 id‘est,
3347 4617 3508 4690 Mars,
3539 4620 3630 4692 vel

206 4687 622 4766 subsequitur,
656 4679 834 4766 penes
866 4679 1022 4766 LX_X,
1042 4683 1117 4766 Δδὲ
1156 4687 1443 4766 particula
1472 4691 1702 4766 :_fitque
1734 4679 1874 4749 adeo
1906 4679 1953 4744 D
1983 4679 2581 4766 Enyulios._Similiter
2609 4695 2764 4766 apud
2825 4679 3117 4766 Plutarch.
3151 4692 3210 4766 in
3241 4679 3408 4766 Rom.
3442 4679 3630 4766 Quiri-

203 4758 522 4835 probabile
553 4757 910 4835 Martianteo,
945 4757 1174 4835 lectum
1201 4760 1294 4835 _ab
1348 4757 1871 4835 Eusebio-conjun-

205 4824 360 4901 ctim
390 4824 640 4898 Ῥαμαδέ.
673 4824 907 4884 Hieron;
941 4831 1000 4884 in
1034 4846 1169 4884 eum
1201 4828 1414 4901 locum,
1447 4832 1659 4888 Rhama
1688 4824 1872 4891 autem

205 4915 270 4953 ιη
304 4898 422 4953 loco
447 4913 542 4976 suo
573 4901 965 4976 permanebit;
1013 4902 1233 4976 melius,
1286 4898 1496 4973 inquit,
1541 4906 1870 4976 interpreta-

209 4977 297 5044 tus
328 4978 412 5025 est
440 4972 662 5042 Aquila,
693 4976 746 5026 et
773 4973 954 5044 caeteri
982 4974 1080 5044 qui
1119 4980 1449 5044 posuerunt,
1482 4972 1870 5040 exaltabitur;

204 5041 428 5096 Rhama
459 5046 659 5167 quippe
683 5043 958 5126 exultatio
988 5041 1212 5098 dicitur.

277 5113 300 5145 ²
330 5113 408 5166 De
437 5117 581 5167 temo
613 5129 643 5167 ο
672 5115 917 5167 Enualn.
951 5119 1062 5167 etc.
1096 5117 1212 5167 Ouo

277 5113 408 5188 {De
437 5113 643 5188 templo
672 5115 918 5188 Enyalii,
951 5119 1062 5188 etc.
1096 5117 1218 5180 Quo
1250 5118 1485 5188 auctore
1514 5115 1744 5188 Jupiter
1772 5122 1868 5175 Ge-

204 5183 417 5238 malius
442 5183 530 5259 vel
552 5183 846 5240 'Gemelius
877 5183 936 5239 in
969 5185 1387 5259 Hieronymum
1421 5183 1740 5259 irrepserit,
1780 5191 1867 5244 di-

205 5269 337 5328 cere
369 5256 653 5328 erubesco
679 5273 914 5328 ;_neque
961 5273 1094 5312 vero
1152 5256 1574 5328 exscriptorum
1606 5264 1865 5316 veterum

205 5326 598 5402 supinitatem
628 5325 1128 5402 veligriorantiam
1154 5328 1247 5382 hic
1269 5325 1696 5402 coarguendam
1725 5332 1867 5402 pati-

204 5400 302 5452 tur
331 5397 504 5470 testis
538 5397 930 5470 conscientia;
962 5399 1100 5470 quia
1148 5417 1292 5453 mss.
1345 5397 1572 5455 codices
1616 5397 1867 5458 retinent

200 5484 403 5524 veram
435 5468 745 5542 lectionem
780 5468 1026 5542 Enyalii,
1061 5471 1196 5525 licet
1225 5487 1356 5525 cum
1389 5471 1497 5526 hoc
1525 5473 1863 5530 discriminc

202 5555 424 5614 nomen
477 5539 707 5614 in__illis
759 5539 931 5614 fuerit
981 5543 1287 5614 scriptum,
1339 5545 1515 5614 anial,
1558 5546 1774 5612 enialii,
1809 5551 1865 5600 et

198 5609 746 5689 ENYhLll._llnum
804 5629 832 5668 e
878 5613 1072 5689 Regiis
1101 5609 1560 5689 'exemplaribus
1593 5609 1860 5672 neutram

196 5682 411 5753 posuit
433 5682 749 5739 dictionem
777 5701 791 5751 ;
827 5686 926 5740 sed
950 5682 1058 5740 hoc
1082 5685 1254 5739 modo
1274 5682 1581 5741 lectionem
1616 5689 1863 5743 mutavit

198 5769 266 5810 ac
301 5768 588 5812 sensum:
621 5754 688 5812 de
720 5758 920 5828 templo
956 5758 1171 5812 Veneris
1216 5755 1318 5811 alii
1354 5758 1498 5813 lovis
1529 5774 1710 5827 sacra,
1747 5762 1857 5816 etc.

1983 4758 2096 4818 nus
2129 4781 2161 4819 a
2182 4763 2537 4834 quibusdam
2561 4758 2755 4822 dictus
2781 4766 2964 4822 fertur
2985 4765 3011 4818 ὁ
3033 4758 3336 4822 Ἐνυάλιος.
3361 4762 3628 4834 Secundo

1983 4835 2136 4908 apud
2170 4830 2490 4908 Jbsephum
2523 4835 2624 4891 lib.
2659 4837 2941 4908 1_Antiqq.
2977 4853 3102 4906 cap.
3135 4836 3455 4908 5.‘_nomen‘
3481 4830 3625 4908 ill_ud

1983 4901 2266 4988 scriptum
2288 4901 2511 4988 legitur
2537 4905 2808 4988 Ἐνυξλιοε
2834 4901 2939 4988 {in
2963 4901 3074 4988 ms'.
3099 4905 3295 4988 codice
3317 4901 3494 4988 Regio
3518 4903 3628 4957 Eu-

1981 4973 2131 5054 sebii
2158 4973 2449 5054 ξκίγυὲλῶς,
2485 4995 2618 5054 cum
2652 4973 2867 5054 duplici
2918 4999 2943 5030 ν
2970 4982 3053 5054 Aet
3085 4996 3108 5028 ε
3146 4977 3206 5054 in
3238 4973 3431 5054 medio
3462 4989 3630 5054 prce

1981 5049 2135 5119 quod
2169 5049 2554 5121 Hieronymus
2586 5045 2834 5121 legebat,
2868 5049 3136 5121 utgﬁdem
3169 5045 3630 5121 faciuntomnia

1979 5115 2335 5192 exemplaria
2363 5115 2421 5174 S.
2455 5115 2738 5188 Doctoris,
2771 5121 2828 5174 in
2863 5119 3219 5192 quibusest
3242 5115 3474 5192 enyalii.
3509 5131 3626 5170 non

1976 5185 2205 5262 enyelii.
2241 5192 2428 5255 Quare
2459 5199 2652 5246 autem
2685 5185 2743 5245 in
2775 5185 2946 5246 antea
2965 5188 3137 5245 editis
3162 5185 3328 5262 libris
3353 5185 3623 5257 legamus

1975 5258 2216 5317 Gemalii
2248 5279 2349 5332 pro
2396 5263 2640 5333 Enyalii,
2698 5279 2812 5317 non
2874 5262 3047 5317 aliam
3107 5258 3351 5333 conjicio
3381 5273 3620 5333 causam

1977 5339 2184 5404 praeter
2203 5329 2264 5386 λ’
2291 5329 2543 5404 οιοείδῐη
2565 5334 2898 5405 Hieronymi
2924 5333 3201 5387 adversus
3221 5329 3617 5399 Jovinianum,

1977 5405 2035 5456 in
2069 5421 2184 5456 nua
2215 5350 2315 5456 liii.
2353 5422 2369 5456 ι
2401 5405 2686 5456 Gumelius
2743 5407 2957 5456 Juniter
2987 5409 3041 5456 et
3093 5402 3403 5456 Genelhlius
3431 5400 3617 5455 nomi-

1977 5402 2035 5458 in
2069 5421 2184 5474 qua
2215 5402 2315 5456 lib.
2353 5402 2686 5458 {Gn-melius
2743 5402 2957 5473 Jupiter
2987 5409 3041 5457 et
3093 5402 3403 5474 Genelhlius
3431 5402 3618 5474 nomi-

1976 5472 2170 5529 natur.
2205 5475 2492 5547 Putarunt
2543 5476 2738 5547 itaque
2787 5472 3010 5531 Erasm.
3046 5479 3100 5530 ct
3140 5473 3380 5528 Marian.
3414 5472 3614 5547 eodem

1977 5547 2147 5600 modo
2178 5561 2409 5616 semper
2439 5542 2745 5615 legendum
2793 5549 2940 5615 apud
2996 5547 3432 5615 Hieronymum.
3471 5542 3618 5616 Hinc

1973 5617 2270 5744 l(\Jdamelius,
2311 5614 2435 5672 'sire
2493 5614 2762 5673 Gemelius
2817 5614 2926 5675 hoc
2986 5619 3130 5680 loco,
3191 5614 3293 5688 pro
3325 5614 3613 5684 Enyalius.

2033 5703 2262 5742 ARTIAN.

2033 5703 2262 5742 ARTIAN.

2041 5759 2062 5793 ³
2093 5762 2292 5830 Vacat,
2327 5762 2392 5816 ut
2421 5760 2695 5834 diximus,
2729 5762 2790 5818 in
2819 5761 2950 5819 Vat.
2985 5773 3216 5833 quoque
3246 5772 3392 5814 mss.
3423 5753 3520 5810 hic
3547 5751 3617 5809 ti-
