4058 6172
1196 307 1298 367 DE
1342 306 1519 368 Sl'l‘U
1564 306 1664 367 ΕΤ
1706 304 1981 369 ΝΟΜΙΝ.
2029 307 2199 368 LOC.
2246 307 2616 369 HEBRAIC.

3473 285 3597 371 ἐπ

268 439 418 509 Seio,
447 438 509 493 in
535 435 692 493 tribu
722 436 1019 510 Ephraim,
1055 438 1113 493 in
1144 454 1260 510 quo
1319 439 1444 494 loco
1476 455 1609 493 arca
1662 442 1838 494 testa-
1870 445 1923 508 Α
2026 439 2263 509 Saalim,
2296 439 2432 494 villa
2461 455 2636 511 quam
2692 440 3026 512 pertransiit
3090 440 3225 495 Saul
3256 440 3316 496 in
3375 440 3595 497 ﬁnibus

197 527 380 584 menti
411 526 648 595 mansit,
678 530 736 582 et
781 527 1221 583 tabernaculum
1271 527 1503 582 Domini
1553 543 1737 598 usque
1768 528 1840 581 ad

194 620 464 689 tempora
492 616 803 672 Samuelis.
838 616 937 672 Est
972 619 1170 671 autem
1202 616 1261 669 in
1297 617 1522 671 decimo
1569 616 1842 670 milliario

194 704 520 777 Neapoleos
566 705 626 759 in
675 703 912 775 regione
976 704 1371 760 Acrabittena.
1424 705 1535 760 Sed
1578 710 1635 759 et
1680 704 1842 759 Judee

192 793 542 867 patriarchae
572 790 762 847 ﬁlium
794 792 965 849 Selon
998 793 1355 866 appellatum
1392 792 1663 865 legimus.
1758 816 1761 819 ·

267 882 515 938 Secbem
570 881 629 936 in
677 881 833 935 tribu
866 881 1185 952 Manasses,
1228 880 1433 936 civitas
1465 879 1844 936 sacerdotalis

196 975 258 1027 et
287 970 683 1043 fugitivorum,
718 969 777 1024 in
810 974 1007 1025 monte
1036 970 1333 1041 Ephraim,
1368 969 1468 1025 ubi
1497 968 1847 1041 sepelierant

198 1076 336 1115 ossa
363 1058 603 1130 Josepb,
631 1058 702 1113 de
732 1075 850 1130 qua
879 1063 934 1112 et
966 1075 1145 1130 supra
1174 1058 1451 1113 diximus.

266 1152 492 1217 Salues,
523 1147 583 1202 id
614 1150 704 1202 est
744 1148 876 1203 fons
906 1148 1129 1217 Sames,
1179 1147 1238 1201 in
1283 1147 1441 1201 tribu
1492 1146 1793 1217 Benjamin
1829 1163 1840 1200 :

195 1253 301 1308 pro
328 1253 444 1309 quo
469 1236 685 1308 Aquila
711 1236 1146 1308 interpretatur,
1176 1237 1394 1291 fontem
1426 1234 1587 1291 solis.

270 1325 481 1393 Semri,
513 1324 573 1379 in
602 1324 761 1379 tribu
795 1323 1120 1393 Benjamin.

265 1412 414 1483 Sela,
448 1414 509 1468 in
534 1411 692 1468 tribu
722 1411 1047 1482 Benjamin.

268 1502 473 1571 Sabee,
508 1501 568 1555 in
600 1500 753 1556 tribu
785 1500 1056 1572 Symeon.

270 1590 487 1659 Saritb,
520 1588 807 1645 terminus
836 1588 1114 1644 Zabulon.

266 1682 437 1734 Same
470 1695 482 1732 :
518 1695 622 1750 pro
655 1694 771 1750 quo
799 1676 1115 1734 Theodotio
1145 1680 1203 1732 et
1249 1676 1637 1749 Symmachus
1680 1679 1843 1730 trans

192 1766 482 1837 tulerunt,
516 1765 678 1822 solis.

266 1857 593 1923 Semerom,
626 1856 683 1909 in
718 1855 873 1910 tribu
906 1853 1182 1911 Zabulon.

260 1948 505 2014 Sunem,
537 1945 594 2000 in
628 1943 783 1999 tribu
817 1943 1100 2013 Issachar,
1128 1948 1185 1997 et
1235 1958 1422 2013 usque
1479 1941 1653 1997 hodie
1684 1942 1849 1997 vicus

189 2034 529 2089 ostenditur
558 2032 795 2088 nomine
824 2032 1043 2101 Solem,
1078 2033 1139 2087 in
1171 2031 1375 2103 quinto
1408 2030 1657 2086 milliaro
1685 2047 1849 2085 mon-

188 2122 543 2201 tis’Thabor
570 2126 770 2177 contra
808 2120 1129 2176 australem
1161 2118 1414 2191 plagam.

262 2212 443 2280 Seon,
497 2210 615 2266 sive
674 2210 845 2280 Soen,
895 2209 955 2265 in
1005 2207 1162 2263 tribu
1212 2208 1479 2263 Issachar
1513 2225 1523 2262 :
1560 2207 1851 2278 hodieque

185 2299 530 2356 ostenditur
557 2298 696 2354 villa
716 2299 888 2369 juxta
908 2301 1168 2353 montem
1201 2296 1452 2352 Thabor.

253 2388 517 2457 Sasima,
548 2387 838 2443 terminus
860 2387 1149 2443 Issachar.

254 2478 416 2548 Sior,
450 2476 511 2531 in
542 2476 699 2532 tribu
738 2480 903 2532 Aser.

253 2565 612 2636 Sennanim,
645 2582 895 2637 quercus
947 2564 1245 2636 pertinens
1275 2565 1347 2619 ad
1378 2562 1695 2618 terminum
1734 2561 1851 2617 Ne-

184 2654 514 2728 phthalim.
1765 2665 1769 2669 -

256 2742 507 2812 Sorech,
540 2743 596 2798 in
630 2743 790 2798 tribu
836 2742 981 2812 Dan,
1019 2740 1113 2796 ubi
1166 2742 1411 2796 Samson
1463 2739 1643 2795 fuisse
1704 2738 1848 2807 legi-

187 2850 355 2901 mus,
380 2833 551 2901 juxta
579 2830 772 2887 Estaol
806 2831 898 2902 (de
926 2846 1041 2901 quo
1065 2830 1191 2900 jam
1222 2846 1403 2901 supra
1441 2828 1739 2899 diximus).

257 2922 495 2990 Samer,
527 2918 587 2974 in
617 2920 774 2974 tribu
807 2920 924 2974 Dan
958 2934 971 2974 :
1003 2919 1075 2973 de
1107 2934 1224 2989 qua
1260 2921 1318 2972 et
1345 2933 1524 2989 supra
1557 2930 1851 2972 memora-

190 3011 264 3079 vi,
303 3009 424 3065 sub
457 3008 693 3063 nomine
723 3006 1073 3062 Bethsamis.

257 3096 552 3166 Salabim,
586 3096 645 3151 in
676 3095 834 3150 tribu
866 3095 1010 3166 Dan,
1048 3110 1233 3166 usque
1272 3094 1446 3149 hodie
1492 3093 1735 3165 grandis
1766 3093 1848 3147 vi-

2023 527 2529 598 Elcutheropoleos
2550 530 2753 582 contra
2781 526 3403 599 Occidentem,septem
3433 528 3505 584 ab
3527 543 3596 584 ea

1954 614 2215 669 millibus
2247 615 2492 669 distans.

2023 705 2165 773 Sim,
2200 704 2298 759 ubi
2325 704 2557 759 Samuel
2588 704 2808 760 invenit
2830 703 3083 760 Saulem.

2024 793 2242 863 Sabim,
2276 793 2376 848 ubi
2406 793 2500 848 Sal
2534 793 2827 865 praeliatus
2859 799 2969 849 est.

2025 900 2259 969 Sonam,
2304 899 2459 955 unde
2508 901 2523 932 ¹
2575 900 2686 953 fuit
2733 899 2835 955 illa
2863 899 3076 954 mulier
3121 897 3465 955 Sunamitis.
3499 897 3600 954 Est

1955 992 2149 1044 autem
2182 1005 2369 1059 usque
2399 987 2570 1043 hodie
2599 987 2762 1042 vicus
2798 988 2856 1041 in
2888 987 3103 1043 ﬁnibus
3134 988 3388 1045 Sebastaa
3418 986 3477 1042 in
3509 1003 3600 1043 re-

1953 1078 2122 1149 gione
2152 1077 2545 1145 Acrabittena,
2579 1076 2857 1132 vocabulo
2889 1077 3112 1133 Sanim.

2026 1182 2408 1256 Sophamoth,
2441 1183 2513 1239 ad
2545 1200 2719 1255 quem
2752 1183 2946 1239 locum
2980 1183 3141 1238 misit
3171 1182 3371 1239 David.

2027 1274 2207 1343 Seira,
2264 1288 2475 1327 nomen
2520 1272 2699 1343 putei,
2767 1290 2801 1327 a
2848 1289 2961 1343 quo
3009 1272 3149 1329 Joab
3202 1272 3335 1327 fecit
3384 1271 3597 1328 reverti

1955 1362 2276 1436 principem
2307 1361 2593 1417 exercitus
2616 1360 2902 1417 Abenner.

2025 1469 2195 1538 Suba,
2222 1468 2390 1537 cujus
2420 1483 2615 1538 regem
2648 1467 2937 1539 percussit
2965 1467 3174 1524 David.

2027 1557 2298 1627 Sarthan,
2333 1573 2459 1627 quae
2491 1559 2579 1611 est
2607 1557 2679 1611 ad
2711 1556 2935 1613 radices
2964 1554 3253 1613 Jezraelaa.

2028 1664 2305 1736 Sopheru,
2340 1680 2466 1734 qua:
2493 1667 2583 1718 est
2612 1667 2669 1718 et
2708 1663 2935 1734 Sophir,
2980 1664 3138 1718 unde
3165 1661 3475 1719 veniebant
3506 1680 3607 1720 na-

1954 1770 2053 1809 ves
2081 1752 2407 1808 Salomonis
2442 1770 2454 1807 :
2491 1752 2561 1807 de
2591 1768 2709 1822 qua
2733 1758 2790 1806 et
2843 1768 3025 1823 supra
3054 1750 3330 1808 diximus.
3363 1752 3466 1807 Est
3495 1768 3606 1807 au-

1959 1848 2076 1899 tem
2109 1858 2277 1897 mons
2324 1839 2577 1896 Orientis
2607 1840 2901 1911 pertinens
2950 1841 3022 1895 ad
3073 1841 3249 1896 Indiae
3280 1841 3603 1913 regionem.

2030 1932 2257 1998 Serora,
2291 1928 2493 1984 civitas
2524 1929 2903 2001 pergentibus
2933 1930 3139 1985 Edom.

2030 2038 2202 2107 Saba,
2237 2036 2439 2091 civitas
2471 2033 2683 2106 regalis
2712 2034 3033 2106 Ethiopian;
3095 2052 3272 2108 quam
3312 2035 3608 2109 Josephus

1961 2144 1994 2183 a
2022 2126 2303 2197 Cambyse
2334 2140 2466 2195 rege
2493 2126 2721 2179 Meroen
2752 2123 3222 2195 cognominatam
3280 2141 3349 2179 ex
3388 2124 3605 2180 sororis

1960 2213 2258 2283 vocabulo,
2293 2212 2485 2268 refert.

2034 2303 2187 2359 278
2217 2300 2364 2369 Sela,
2402 2300 2502 2355 ubi
2534 2316 2847 2372 percussus
2878 2300 2967 2355 est
2994 2299 3153 2355 Joas.

2033 2391 2392 2459 Sailhrvaim,
2411 2389 2481 2444 de
2512 2388 2728 2459 quibus
2748 2387 2891 2443 locis
2920 2388 3144 2461 Assyrii
3174 2388 3599 2460 transmigran-

1960 2484 2067 2547 tes,
2102 2478 2513 2534 habitaverunt
2557 2476 2616 2531 in
2644 2476 2911 2532 Samaria
2969 2494 2981 2531 :
3042 2480 3098 2531 et
3127 2476 3197 2532 ab
3227 2476 3372 2548 ipsis
3402 2477 3609 2533 Sama-

1962 2568 2286 2622 ritanorum
2309 2581 2452 2637 gens
2473 2564 2728 2636 sumpsit
2750 2563 3071 2619 exordium.
3103 2562 3368 2619 Meminit
3392 2562 3603 2619 horum

1962 2668 2015 2711 et
2048 2656 2251 2711 Isaias.

2031 2743 2365 2812 Sademotb,
2398 2743 2495 2799 ubi
2527 2743 2716 2798 Josias
2745 2756 2845 2797 rex
2874 2742 2895 2775 ²
2923 2740 3211 2797 idolorum
3243 2741 3414 2814 signa
3445 2754 3606 2796 com-

1961 2831 2171 2888 bussit.

2032 2922 2283 2989 Saresta,
2319 2920 2597 2992 oppidum
2631 2918 3003 2975 Sidoniorum
3051 2918 3111 2975 in
3140 2918 3232 2975 via
3262 2918 3496 2992 publica
3520 2918 3602 2975 si-

1961 3014 2083 3065 tum
2124 3026 2135 3065 :
2171 3009 2270 3064 ubi
2301 3008 2581 3064 habitavit
2609 3009 2906 3079 quondam
2937 3007 3115 3064 Elias.

2033 3118 2237 3185 Saron,
2272 3117 2442 3185 cujus
2473 3119 2531 3171 et
2563 3116 2741 3170 Isaias
2788 3114 3076 3184 meminit,
3110 3115 3331 3185 dicens,
3356 3116 3417 3169 In
3444 3110 3606 3187 palu-

195 3204 304 3243 cus
337 3185 671 3276 ostenditur
693 3185 762 3276 in
818 3184 1035 3239 ﬁnibus
1084 3184 1429 3239 SBbRSteDeS
1459 3184 1541 3238 Αί-
1580 3182 1849 3237 sebaSte'
1881 3170 1922 3238 Ο
1959 3170 2572 3261 ᾰεὲνῗεςςιξῗδαῗοη
2614 3206 2945 3273 (Isa.xxxm,
2982 3170 3076 3275 9).]
3118 3170 3331 3275 Usque,
3364 3170 3609 3276 in‘pras-

191 3276 310 3344 nis)
348 3274 584 3329 nomine
614 3272 844 3329 Salaba.

262 3362 545 3435 Sepbeth,
580 3361 743 3416 locus
773 3361 1253 3416 Chananaeorum.

583 3506 733 3561 275
771 3505 855 3559 DE
886 3503 1192 3560 .IUDICUM
1226 3503 1457 3558 LIBRO.

270 3629 529 3698 Sirotha,
573 3631 737 3701 quod
784 3628 1248 3700 confugitjudex
1268 3626 1743 3682 Ahud.Diximus
1788 3629 1846 3679 et

201 3734 391 3790 supra
417 3718 487 3772 de
516 3718 687 3773 Seira.

270 3808 392 3861 Sur
420 3805 834 3878 Cboreb,quod
864 3807 1467 3877 interpretatur,petra
1495 3804 1738 3859 Choreb.

266 3893 530 3961 Selmon,
583 3911 751 3949 mons
797 3910 971 3965 quem
1019 3893 1357 3949 conscendit
1399 3892 1690 3948 Abimelec
1748 3892 1847 3947 ad-

201 3999 407 4039 versus
439 3982 719 4037 Sicimam
748 3983 1056 4037 dimicans.

270 4071 535 4145 Sephina
566 4089 580 4126 :
612 4088 715 4143 pro
756 4088 872 4141 quo
903 4069 1115 4142 Aquila
1164 4074 1222 4125 et
1258 4069 1644 4142 Symmachus
1674 4070 1851 4124 inter-

204 4164 535 4233 pretantur,
567 4158 927 4230 aquilonem.

271 4248 517 4318 Sorecb,
550 4265 762 4304 nomen
794 4247 1089 4315 torrentis,
1141 4248 1213 4302 de
1243 4264 1358 4318 quo
1407 4246 1532 4303 loco
1584 4247 1698 4302 fuit
1751 4251 1855 4302 Da-

204 4338 321 4409 lila,
360 4337 465 4393 illa
495 4338 803 4394 Samsonis
837 4355 850 4405 ;
884 4337 983 4393 sed
1014 4341 1073 4393 et
1102 4352 1287 4407 usque
1317 4336 1487 4392 hodie
1518 4336 1589 4392 ad
1622 4340 1859 4407 septen-

206 4426 524 4483 trionalem
558 4425 790 4498 plagam
840 4425 1347 4497 Eleutheropoleos
1400 4426 1561 4481 vicus
1603 4425 1857 4480 ostendi-

207 4521 318 4586 tur,
356 4514 598 4571 nomine
618 4514 1072 4604 Capharsorech,
1098 4515 1269 4584 juxta
1306 4512 1503 4569 villam
1537 4514 1861 4583 Saar,unde
1892 4539 1939 4604 Β

211 4610 265 4661 et
292 4606 551 4661 Samson
583 4603 712 4659 fuit.

638 4746 724 4801 DE
758 4744 1158 4803 REGNORUM
1207 4744 1443 4800 LIBRIS.

293 4870 558 4955 Sppbim,
593 4888 764 4927 mons
794 4869 1068 4943 Ephraim
1093 4870 1150 4925 in
1185 4874 1381 4924 monte
1410 4870 1766 4925 Armathem.

290 4959 503 5029 Salisa,
537 4976 714 5032 quam
746 4959 1085 5032 pertransiit
1116 4959 1273 5015 Saul.

291 5052 514 5121 Senna,
548 5066 759 5107 nomen
792 5055 985 5122 petrae.

1954 3299 2177 3350 sentem
2214 3302 2404 3350 autem
2454 3294 2627 3362 diem,
2683 3292 2840 3365 regio
2874 3292 3024 3347 inter
3079 3297 3337 3348 montem
3368 3291 3611 3347 Thabor

1951 3388 2007 3439 et
2035 3388 2309 3455 stagnum
2340 3380 2695 3453 Tyberiadis,
2727 3386 2977 3436 Saronas
3007 3380 3353 3453 appellatur.
3396 3380 3508 3436 Sed
3540 3384 3598 3436 et

1950 3490 1984 3528 a
2028 3473 2318 3527 Caesarcea
2363 3469 2690 3539 Palestinae,
2714 3485 2901 3539 usque
2949 3471 3021 3524 ad
3066 3469 3347 3541 oppidum
3390 3470 3591 3540 Joppe,

1953 3560 2147 3615 omnis
2172 3564 2330 3614 terra
2358 3574 2486 3629 qua:
2517 3557 2790 3626 cernitur,
2822 3558 3038 3612 dicitur
3066 3558 3338 3612 Saronas.

2024 3665 2291 3737 Sephela,
2326 3663 2476 3720 sicut
2506 3662 2710 3719 scribit
2766 3663 2946 3719 Isaias
2976 3664 2997 3696 ³
3030 3681 3043 3718 :
3079 3679 3182 3734 pro
3214 3639 3330 3733 quo
3361 3659 3594 3732 Aquila,

1955 3758 2340 3824 campestrem
2384 3770 2397 3819 ;
2457 3750 2865 3822 Symmachus,
2900 3750 3108 3806 vallem
3142 3751 3579 3821 interpretatur.

1959 3844 2156 3913 Usque
2210 3841 2382 3896 hodie
2426 3839 2617 3895 0'nnis
2676 3839 2832 3912 regio
2882 3839 3053 3910 juxta
3110 3836 3603 3910 Eleutheropolim

1959 3929 2305 4002 campestris
2337 3934 2392 3984 et
2423 3928 2613 4000 plana,
2648 3945 2775 3999 qua:
2833 3927 3018 4000 vergit
3048 3928 3120 3983 ad
3170 3926 3519 4000 Aquilonem
3549 3929 3610 3982 et

1961 4019 2353 4089 Occidentem,
2385 4017 2631 4089 Sephela
2660 4017 2893 4073 dicitur.

2034 4131 2292 4181 Sennaar
2325 4142 2337 4179 :
2376 4140 2479 4197 pro
2511 4141 2625 4195 quo
2654 4123 3145 4194 Aquila,Sennam
3179 4142 3191 4179 :
3224 4122 3613 4196 Symmachus

1963 4199 2395 4285 interpretatur,
2432 4213 2690 4269 uberem.
2726 4212 2992 4268 Meminit
3038 4212 3220 4283 hujus
3253 4216 3311 4269 et
3341 4211 3615 4267 Michaas

1968 4303 2272 4376 propheta.

2038 4392 2312 4460 Sedrach,
2360 4395 2510 4446 terra
2568 4391 2831 4447 Damasci

1971 4487 2068 4551 (Ix,
2120 4483 2143 4535 1
2172 4499 2187 4544 ;
2220 4480 2326 4536 vid.
2361 4480 2671 4551 Hadrach).

2043 4570 2200 4639 Sion,
2236 4585 2403 4625 mons
2434 4568 2597 4624 urbis
2632 4568 2979 4625 Jerusalem.

2044 4675 2327 4745 Samaria,
2361 4674 2563 4730 civitas
2596 4675 2805 4748 regalis
2844 4676 2903 4730 in
2936 4674 3133 4747 Israel,
3168 4692 3297 4747 quae
3328 4675 3498 4733 Nunc
3525 4674 3627 4729 Se-

1974 4766 2137 4820 baste
2168 4763 2399 4819 dicitur.
2433 4765 2541 4819 Sed
2575 4768 2631 4819 et
2653 4764 2845 4819 omnis
2876 4764 3032 4837 regio
3064 4781 3192 4837 quae
3222 4763 3466 4819 circirca
3494 4777 3626 4818 eam

1993 4853 2124 4920 fuit,
2161 4869 2194 4906 a
2247 4851 2478 4906 civitate
2509 4853 2807 4923 quondam
2840 4870 3051 4909 nomen
3083 4856 3403 4923 acceperat.

2048 4959 2176 5029 Sor,
2209 4959 2417 5030 Tyrus,
2452 4958 2789 5031 metropolis
2821 4958 3126 5029 Phoenicis,
3162 4958 3220 5012 in
3251 4957 3406 5012 tribu
3441 4955 3635 5029 Neph-

1990 5047 2217 5103 thalim.
2287 5070 2292 5075 ’

2891 4408 2904 4446 :
2965 4390 3216 4463 legimus
3245 4389 3306 4446 in
3337 4387 3617 4446 Zacharia

297 5194 311 5228 ¹
366 5192 665 5262 Μεινίίξὶη.Δ
708 5192 910 5248 vitiose
959 5193 1017 5247 in
1072 5192 1273 5247 Latino
1320 5192 1415 5245 ubi
1456 5207 1557 5262 pro
1607 5191 1766 5262 unde,
1817 5192 1877 5247 in
1990 5190 2235 5262 sius.iEt
2265 5193 2353 5262 est
2386 5188 2625 5262 quidem
2659 5188 2817 5262 Isaia:
2850 5206 3023 5259 xxxn,
3065 5190 3145 5260 19,
3206 5174 3467 5255 7359131;
3530 5188 3637 5262 sed

230 5264 427 5321 Graeco
478 5257 858 5338 ’Δκριϐαττινῇ
902 5264 1041 5335 legit
1095 5268 1178 5338 et_
1204 5280 1354 5338 m0x_
1400 5257 1723 5338 Empuvirm
1758 5257 1880 5335 pro

233 5341 521 5403 Σωινῐτιν,
551 5333 725 5407 quem
757 5333 1011 5391 errorem
1043 5334 1266 5407 saepius
1289 5333 1548 5388 admisit.

298 5409 320 5442 ³
354 5409 457 5465 Ubi
485 5404 661 5463 loiz’as
691 5423 807 5473 rex,
845 5411 953 5462 etc.
992 5404 1177 5461 Habes
1213 5404 1304 5459 hic
1337 5421 1569 5475 quoque
1622 5405 1681 5459 in
1712 5410 1883 5461 antea

234 5478 406 5550 editis
437 5478 665 5535 Erasmi
699 5479 989 5549 insignem
1043 5476 1511 5550 depravationem
1543 5495 1556 5544 ;
1590 5493 1727 5532 nam
1783 5495 1885 5550 pro

242 5549 783 5632 JOfit'lzﬁuppDDunt
822 5548 1030 5632 (niani.
1064 5548 1350 5603 MARTIAN.

317 5597 1375 5693 Varianae;"Ataia‘abgaai
1434 5618 1706 5691 opinatur
1742 5623 1886 5677 Dru-

571 5747 845 5815 Puaon.
888 5744 1112 5813 XXIII.

1994 5263 2073 5316 ibi
2105 5261 2240 5315 LXX
2272 5258 2321 5312 ἐν
2459 5256 2650 5331 πεδινῇ
2691 5256 3189 5332 interpretatatur,
3225 5277 3339 5315 non
3389 5256 3637 5332 Σεφηλὰ,

1995 5279 2073 5316 lDl
2105 5279 2240 5315 nxx
2272 5279 2321 5312 εν
2364 5279 2430 5331 τῃ
2459 5279 2650 5331 πεοινῃ
2691 5279 3189 5332 interpretaretur,
3225 5279 3339 5315 non
3389 5279 3459 5312 ιζιὶ
3504 5279 3637 5331 ma,

1995 5332 2489 5404 quemadmodum
2525 5332 2581 5385 in
2604 5332 2816 5404 Abdia.
2842 5333 3050 5388 Verum
3074 5332 3448 5404 etconjicere
3464 5279 3641 5404 ilicet,

1997 5400 2221 5479 Σεφῃλὰ
2243 5403 2398 5479 olim_
2416 5402 2644 5457 Eusebii
2666 5420 2782 5479 aevo
2807 5402 3021 5479 lectum
3044 5402 3204 5459 Isaias
3239 5400 3361 5479 loco
3385 5402 3641 5479 laudato,

1998 5478 2055 5530 in
2078 5473 2285 5547 aliquo
2318 5473 2527 5547 saltem
2558 5474 2871 5545 exemplari
2907 5492 2918 5530 :
2955 5492 3057 5547 pro
3113 5492 3227 5547 quo
3256 5473 3648 5547 substitutum

1999 5542 2205 5619 deinde
2237 5544 2319 5619 sit
2344 5542 2394 5619 ἐγ
2436 5548 2503 5619 τῇ
2532 5542 2828 5619 amisii—ex
2855 5542 3087 5619 Aquila,
3122 5542 3648 5618 Quemadmodum,

1998 5616 2135 5676 alibi
2167 5615 2488 5691 contigisse
2514 5617 2670 5674 docti
2703 5615 2808 5675 viri
2841 5615 3173 5677 observant.

3266 5741 3343 5806 3|
