4084 6170
404 300 535 385 ηι-

1665 302 1731 366 S.
1776 300 2087 371 EUSEBII
2131 298 2570 364 HIERONYMI
2583 344 2596 358 .

3622 314 3635 366 ξ
3665 295 3818 365 1372

484 439 690 510 Scene,
723 436 930 495 civitas
960 434 1296 507 Thebaidis,
1356 436 1509 492 sicut
1536 437 1741 492 scribit
1767 435 2051 492 Ezechiel.
2083 438 2138 501 Α
2165 433 2344 502 litica,
2372 450 2404 487 a
2434 432 2695 488 Theman
2755 430 2874 488 ﬁlio
2934 428 3173 503 Eliphaz
3232 428 3341 504 ﬁlii
3397 428 3559 485 Esau.
3596 429 3815 487 sortita

474 526 626 598 Sais,
663 527 869 584 civitas
896 525 1154 600 Egypti,
1189 527 1362 597 cujus
1423 526 1695 582 meminit
1724 524 1983 581 Ezechiel
2041 541 2054 580 :

412 633 448 671 a
479 632 595 688 qua
617 619 675 671 et
704 614 883 671 Saitis
912 631 1122 687 pagus.

479 703 708 774 Sadala,
732 703 1024 759 terminus
1042 703 1279 773 Iudaeae,
1303 701 1455 758 sicut
1473 705 1530 758 et
1553 702 1757 757 scribit
1778 701 2057 771 Ezechiel.

482 793 771 863 Sabarim,
803 792 956 849 inter
982 797 1334 848 Damascum
1365 794 1421 846 et
1448 786 1703 860 Emath,
1737 790 1894 845 sicut
1922 790 2063 846 scri-

413 881 503 937 bit
530 880 814 939 Ezechiel.

484 968 675 1026 Salisa
701 986 805 1041 pro
838 985 953 1041 quo
982 967 1192 1040 Aquila
1222 968 1657 1039 interpretatur,
1689 965 2057 1022 triennalem.

418 1044 683 1114 Meminit
713 1057 1226 1135 hujus‘Jeremias.

364 1140 367 1143 ’
487 1147 640 1203 219
670 1146 892 1217 Sichar,
924 1150 1058 1202 ante
1087 1144 1411 1217 Neapolim,
1454 1145 1625 1215 juxta
1654 1160 1858 1216 agrum
1885 1159 2087 1216 quems

416 1235 578 1291 dedit
596 1234 776 1290 Iacob
802 1233 923 1289 filio
945 1250 1052 1289 suo
1075 1233 1316 1305 Ioseph,
1340 1232 1401 1287 in
1424 1249 1540 1305 quo
1560 1232 1846 1288 Dominus
1868 1236 2065 1288 noster

415 1327 589 1394 atque
617 1322 881 1379 Salvator
910 1323 1237 1378 secundum
1268 1321 1642 1394 Evangelium
1676 1321 1939 1391 Joannis,
1961 1327 2061 1376 Sa-

418 1411 718 1467 maritanae
749 1410 980 1467 mulieri
1005 1411 1077 1465 ad
1109 1414 1353 1482 puteum
1412 1409 1692 1481 loquitur,
1755 1410 1854 1464 ubi
1909 1426 2065 1465 nunc

416 1500 670 1555 Ecclesia
701 1498 983 1555 fabricata
1012 1504 1119 1554 est.
1166 1568 1177 1571 _

1039 1587 1132 1642 DE
1159 1586 1437 1642 GENESI.

486 1673 699 1746 Tigris,
733 1674 944 1731 ﬂuvius
975 1675 1045 1730 de
1100 1674 1373 1747 paradiso
1412 1674 1631 1745 exiens,
1684 1675 1856 1744 juxta
1908 1676 2064 1731 Scri-

419 1765 603 1833 ptura:
634 1762 832 1833 fidem,
866 1778 1231 1835 pergensque
1261 1766 1465 1818 contra
1492 1763 1759 1836 Assyrios
1793 1781 1806 1818 :
1840 1768 1893 1819 et
1934 1768 2067 1837 post

418 1848 637 1905 multos
677 1849 978 1922 circuitus,
1012 1855 1076 1905 ut
1102 1850 1230 1907 vult
1256 1851 1545 1923 Iosephus
1603 1852 1618 1886 ³
1674 1852 1734 1906 in
1766 1869 1921 1907 mare
1948 1853 2069 1908 Ru-

415 1937 589 1993 brum
619 1937 894 1994 inﬂuens.
952 1938 1202 1995 Vocatur
1256 1943 1451 1996 autem
1504 1940 1614 1996 hoc
1668 1940 1903 1996 nomine
1933 1958 2071 2013 pro-

414 2029 543 2108 pter
576 2025 963 2099 velocitatem,
997 2027 1184 2085 instar
1239 2028 1441 2085 bestiae
1499 2028 1684 2085 nimia
1724 2030 2068 2101 pernicitate

415 2115 727 2171 currentis.
1262 2171 1265 2173 _

486 2203 897 2275 Terebinthus,
914 2204 976 2259 in
1007 2203 1381 2276 Sicimis,sub
1415 2222 1531 2279 qua
1558 2206 1868 2264 abscondit
1887 2208 2068 2264 Iacob

416 2290 598 2363 idola,
621 2293 794 2364 juxta
822 2293 1147 2366 Neapolim.

972 2380 1063 2436 DE
1094 2380 1307 2437 LIBRO
1335 2382 1526 2439 JESU.

431 2535 435 2538 ,
484 2468 652 2540 Tina,
694 2468 755 2525 in
783 2468 942 2525 tribu
971 2469 1139 2526 Iuda.

486 2556 708 2629 Talem,
736 2557 797 2613 in
827 2557 989 2614 tribu
1017 2558 1189 2615 Juda.

485 2646 696 2717 Tesan,
727 2645 789 2702 in
820 2645 976 2702 tribu
1006 2647 1179 2703 Juda.

486 2734 695 2807 Tyrus,
727 2733 789 2791 in
817 2734 975 2791 tribu
1004 2735 1359 2808 Nephtalim.

448 2886 453 2889 η
891 2823 984 2880 DE
1022 2824 1237 2880 LIBRO
1266 2824 1619 2884 JUDlCIUM.

472 2912 736 2985 -Tabath,
770 2912 871 2969 ubi
899 2917 1230 2986 pugnatum
1261 2918 1353 2971 est
1382 2914 1662 2972 adversus
1687 2916 1940 2972 Madian.

483 3002 627 3073 Tob,
655 3005 809 3058 terra
838 3000 898 3056 in
928 3018 1047 3074 qua
1074 3001 1366 3059 habitavit
1393 3002 1620 3074 Iephte.

480 3090 764 3161 Topbetb,
799 3089 860 3145 in
887 3089 1038 3145 valle
1068 3089 1325 3146 filiorum
1385 3090 1629 3160 Ennom,
1671 3093 1771 3148 ubi
1804 3092 2056 3166 populus

2166 520 2537 577 vocabulum.
2572 522 2682 576 Sed
2715 524 2772 576 et
2801 535 2989 591 usque
3019 518 3191 575 hodie
3241 521 3332 574 est
3370 516 3508 573 villa
3533 516 3815 574 Themam

2170 609 2661 681 nomine,distans
2683 610 2754 665 ab
2782 610 2927 664 urbe
2947 611 3120 664 Petra
3141 607 3405 680 quinque
3425 600 3816 678 millibus,ubi

2169 702 2226 753 et
2254 701 2653 753 Romanorum
2713 697 2968 752 militum
3000 696 3341 769 przesidium
3390 695 3573 766 sedet,
3606 695 3677 750 de
3706 711 3820 766 quo

2169 785 2292 841 loco
2328 785 2436 841 fuit
2467 784 2703 858 Eliphaz
2747 801 2846 841 rex
2901 784 3356 840 Themanorum.
3393 782 3559 839 Unus
3589 798 3823 854 quoque

2171 874 2428 930 ﬁliorum
2458 875 2668 930 Ismael
2700 873 3104 947 appellabatur
3146 873 3441 952 ‘Theman.
3506 871 3821 928 Sciendum

2172 967 2389 1034 autem,
2423 963 2579 1035 quod
2611 963 2803 1018 omnis
2836 961 3125 1018 Australis
3178 961 3336 1034 regio
3367 960 3648 1017 Hebraice
3677 960 3823 1017 The-

2172 1068 2312 1108 man
2344 1053 2577 1108 dicitur.

2183 1172 2189 1179 ι
2241 1140 2657 1209 Thamma,ubi
2681 1156 2814 1195 oves
2847 1156 2986 1196 suas
3014 1139 3268 1194 totondit
3295 1138 3484 1195 Judas
3515 1155 3529 1194 :
3565 1137 3824 1194 ostendi-

2173 1239 2266 1284 lur
2295 1229 2578 1299 hodieque
2607 1230 2770 1284 vicus
2830 1227 3190 1300 prccgrandis
3236 1227 3295 1282 in
3330 1227 3547 1282 ﬁnibus
3579 1226 3827 1300 Diospo-

2172 1318 2293 1374 leos
2324 1318 2599 1373 euntibus
2628 1316 2852 1387 Etiam,
2888 1316 2944 1372 in
2979 1317 3138 1372 tribu
3169 1316 3315 1385 Dan,
3350 1317 3471 1371 sive
3498 1316 3687 1372 Juda.

2243 1406 2524 1476 Thamna,
2557 1405 2673 1460 alia
2697 1406 2898 1461 civitas
2961 1404 3294 1476 principum
3326 1404 3550 1471 Edom;
3610 1404 3715 1460 sed
3772 1409 3827 1461 et

2174 1495 2500 1550 concubina
2528 1494 2765 1566 Eliphaz
2794 1494 2899 1549 ﬁlii
2930 1494 3101 1561 Esau,
3136 1495 3361 1549 Tamna
3391 1492 3687 1565 appellata
3715 1498 3825 1563 est,

2175 1601 2302 1656 qua:
2334 1583 2560 1655 peperit
2589 1583 2641 1637 ei
2671 1582 2932 1654 Amalec,
2967 1583 3123 1637 unde
3149 1581 3506 1638 Amalecitae.

2632 1699 2723 1754 DE
2774 1697 3365 1756 DEUTERONOMIO.

2099 1802 2147 1866 B
2249 1804 2541 1876 Thaphot,
2575 1803 2738 1860 locus
2767 1804 2826 1860 in
2888 1805 3116 1860 deserto
3167 1808 3332 1860 trans
3391 1804 3731 1874 Iordanem,
3768 1805 3828 1860 in

2180 1910 2294 1965 quo
2325 1893 2843 1948 Deuteronomium
2875 1893 3079 1949 scribit
3135 1893 3381 1965 Moyses,
3445 1897 3649 1948 contra
3677 1892 3831 1948 Ieri-

2215 1984 2309 2038 ho.

2180 2000 2500 2141 cn'(I)‘haath,
2533 2074 2726 2126 castra
2754 2069 3009 2126 filiorum
3040 2069 3238 2125 Israel.

2251 2159 2459 2231 Thara,
2492 2162 2685 2215 castra
2712 2158 2966 2214 filiorum
3001 2158 3197 2215 Israel.

2709 2275 2801 2330 DE
2830 2273 3041 2330 LIBRO
3070 2274 3266 2331 JESU.

2250 2380 2480 2452 Thaffu,
2512 2381 2570 2436 in
2602 2380 2760 2436 tribu
2787 2381 2942 2437 Iuda
2970 2381 3193 2449 civitas,
3247 2397 3427 2452 quam
3471 2382 3826 2455 expugnavit

2177 2469 2365 2540 Iesus,
2400 2486 2532 2541 rege
2562 2469 2719 2525 illius
2747 2468 3069 2525 interfecto.
3103 2468 3367 2526 Diximus
3424 2473 3482 2526 et
3536 2487 3723 2544 supra
3750 2471 3821 2527 de

2177 2557 2425 2613 termino
2449 2558 2767 2614 Palaestina:
2796 2561 2853 2613 et
2880 2558 3107 2632 lEgypti
3138 2558 3236 2630 qui
3291 2558 3624 2632 appellatur
3652 2560 3820 2617 Beth-

2176 2646 2381 2718 taphu.

2246 2735 2558 2791 Thaanach
2592 2735 2795 2792 civitas
2825 2752 3005 2808 quam
3055 2738 3411 2810 expugnavit
3464 2739 3635 2795 Iesus
3693 2754 3826 2811 rege

2178 2825 2350 2882 istius
2382 2825 2701 2881 interfecto.
2735 2825 2867 2880 Fuit
2897 2828 3091 2882 autem
3139 2826 3197 2881 in
3230 2827 3387 2882 tribu
3440 2827 3711 2884 Manasse
3739 2844 3827 2883 se-

2176 2917 2378 2985 parata
2405 2913 2636 2984 Levitis,
2669 2916 2725 2969 et
2754 2930 2909 2969 nunc
2940 2913 3000 2969 in
3059 2919 3267 2987 quarto
3295 2915 3569 2972 milliaria
3607 2916 3809 2989 oppidi

2178 3002 2446 3074 Legionis
2477 3002 2586 3058 hoc
2618 3002 2855 3058 nomine
2883 3003 3045 3059 vicus
3077 3004 3428 3063 ostenditur.

2246 3089 2533 3161 Thenatb,
2568 3091 2627 3145 in
2685 3089 2841 3146 tribu
2869 3092 3085 3164 Ioseph
3138 3111 3156 3147 :
3214 3092 3503 3166 hodieque
3553 3094 3708 3151 288
3738 3098 3826 3151 est

410 3174 594 3234 Israel
618 3176 882 3250 gentium
914 3176 1233 3234 simulacra
1260 3185 1589 3237 veneratur.
1624 3181 1726 3238 Est
1755 3187 1954 3238 autem
1986 3181 2069 3239 lo-
2100 3167 2143 3234 C
2179 3178 2316 3234 villa
2346 3178 2547 3234 Thena
2575 3178 2635 3233 in
2667 3179 2892 3235 decimo
2939 3179 3188 3237 miliario
3245 3182 3566 3256 Neapoleos
3625 3188 3827 3239 contra

428 3281 534 3321 cus
564 3264 626 3319 in
657 3263 1015 3320 suburbanis
1041 3266 1390 3323 Jerusalem.

489 3351 691 3423 Tanis,
723 3351 927 3408 civitas
957 3353 1208 3427 Egypti,
1268 3355 1424 3412 sicut
1479 3356 1661 3414 Isaias
1700 3362 1757 3413 et
1812 3358 2074 3415 Ezechiel

427 3441 718 3498 scribunt.

455 3553 459 3556 ~
499 3529 800 3603 Taphnas,
833 3529 1036 3588 civitas
1072 3533 1323 3606 Egypti.
1359 3535 1507 3606 Lege
1536 3535 1700 3607 Osee,
1728 3538 1989 3594 Ezechiel
2019 3543 2076 3595 et

434 3619 781 3678 Jeremiam.
813 3620 877 3675 In
908 3620 1018 3676 hac
1046 3620 1458 3680 habitaverunt
1482 3625 1690 3697 Iudaei,
1722 3628 1821 3699 qui
1853 3627 1926 3683 ob
1956 3645 2075 3684 me-

427 3712 555 3765 tum
584 3707 1038 3781 Babyloniorum
1069 3727 1204 3767 cum
1233 3711 1487 3768 Ieremia
1516 3714 1811 3787 fugerunt.

958 3798 1049 3855 DE
1109 3799 1537 3858 ENANGELIO.

495 3885 866 3942 Trachonitis
897 3886 1073 3960 regio,
1124 3887 1244 3945 sive
1286 3891 1510 3962 Iturzea,
1570 3893 1744 3964 cujus
1778 3895 2075 3952 tetrarcha

427 3973 543 4030 fuit
569 3973 897 4048 Philippus,
928 3976 1099 4047 juxta
1152 3977 1530 4050 Evangelium
1591 3981 1776 4038 Lucae.
1812 3983 2074 4042 Diximus

426 4064 499 4119 de
529 4063 639 4119 hac
667 4067 727 4119 et
756 4080 956 4136 supra.
993 4064 1093 4121 Est
1123 4070 1318 4121 autem
1350 4071 1514 4123 trans
1545 4069 1811 4128 Bostram
1847 4073 2072 4128 Arabiae

432 4151 586 4209 282
615 4152 909 4213 civitatem
940 4153 998 4208 in
1029 4153 1278 4225 deserto,
1334 4161 1537 4212 contra
1592 4158 1910 4215 australem
1957 4162 2076 4234 pla-

426 4257 583 4315 gam,
616 4240 784 4313 quasi
817 4240 889 4296 ad
919 4240 1271 4300 Damascum
1303 4245 1643 4317 respiciens.

424 4331 713 4401 [lucusque
733 4345 836 4401 per
864 4331 910 4385 T
935 4332 1243 4403 simplicem
1265 4333 1508 4389 litteram
1528 4335 1838 4407 legerimus.
1879 4340 2075 4395 Verum

497 4420 759 4491 quoniam
787 4434 908 4488 quae
935 4427 1238 4491 sequuntur
1267 4421 1413 4493 aqud
1441 4423 1709 4493 Hebraeos,
1729 4443 1843 4482 non
1872 4443 1943 4483 ex
1964 4428 2075 4484 (eth

2186 3266 2559 3339 Orientalem,
2591 3269 3079 3326 descendentibus
3110 3270 3170 3325 in
3207 3272 3540 3328 Iordanem.

2256 3355 2518 3427 Thail‘ue,
2552 3356 2611 3411 in
2640 3357 2799 3413 tribu
2828 3357 3069 3430 Ioseph.

2256 3444 2592 3517 Thaphuth,
2625 3445 2685 3499 in
2717 3444 2873 3501 tribu
2904 3445 3192 3503 Manasse.

2257 3533 2466 3605 Theco,
2528 3550 2716 3605 usque
2772 3533 2944 3591 hodie
2991 3536 3165 3606 juxta
3216 3537 3513 3594 desertum
3571 3539 3827 3597 civitatis

2183 3622 2339 3677 {Elite
2394 3623 2558 3679 vicus
2590 3622 2937 3694 ostenditur,
2988 3625 3144 3681 unde
3200 3631 3259 3681 et
3311 3629 3488 3684 Amos
3547 3630 3829 3702 propheta

2185 3713 2311 3768 fuit.

2254 3809 2558 3880 Thesram,
2590 3814 2646 3866 et
2666 3809 2817 3866 hanc
2847 3827 2981 3867 cum
3011 3827 3145 3884 rege
3174 3830 3282 3869 suo
3313 3815 3465 3887 cepit
3491 3816 3688 3873 Iesus.

2246 3900 2554 3969 Therama,
2588 3898 2648 3953 in
2674 3898 2831 3955 tribu
2854 3900 3187 3973 Benjamin.

2254 3987 2498 4058 Tholad,
2533 3987 2594 4043 in
2625 3988 2780 4043 tribu
2811 3989 2981 4060 Iuda,
3015 3990 3136 4046 sive
3156 3991 3470 4049 Simeonis.

2201 4109 2211 4115 ι
2252 4076 2503 4147 Thabor,
2534 4076 2821 4132 terminus
2849 4078 3127 4135 Zabulon.
3188 4081 3290 4137 Est
3339 4087 3534 4139 autem
3568 4100 3739 4140 mons
3767 4085 3824 4140 in

2184 4164 2373 4220 medio
2394 4163 2638 4220 Galilaea:
2664 4180 2871 4238 campo
2893 4168 2915 4201 ²
2934 4167 3110 4236 (mira
3130 4170 3488 4227 rotunditate
3510 4172 3826 4244 sublimis),

2183 4253 2410 4309 distans
2440 4251 2849 4309 aDiocaasarea
2870 4255 3067 4310 decem
3100 4256 3385 4329 millibus,
3410 4262 3614 4317 contra
3644 4262 3833 4318 orien-

2180 4341 2359 4397 talem
2391 4341 2625 4415 plagam
2651 4361 2664 4399 :
2690 4342 2789 4413 qui
2811 4344 3131 4400 confinium
3151 4361 3384 4417 quoque
3426 4348 3578 4405 inter
3606 4351 3830 4408 tribum

2183 4430 2450 4486 lssachar
2477 4434 2534 4485 et
2562 4431 2871 4503 Neptalim,
2906 4432 3032 4487 fuit.

497 4506 591 4562 sed
614 4522 689 4601 ea:
717 4506 966 4601 lhautid
994 4515 1115 4601 est,
1153 4507 1297 4601 theta
1326 4508 1526 4581 Grreco,
1582 4514 1919 4585 scribuntur,
1952 4532 2076 4572 cum
2108 4537 2155 4601 D
2257 4518 2536 4589 Thalcha,
2569 4520 2629 4575 in
2660 4520 2817 4576 tribu
2843 4520 3076 4578 Simeon
3106 4539 3120 4577 :
3149 4540 3307 4580 nunc
3363 4526 3527 4582 vicus
3583 4529 3829 4600 grandis

500 4596 847 4668 aspiratione
878 4596 1053 4668 legere
1080 4596 1351 4653 debemus.

1053 4684 1144 4740 DE
1177 4684 1460 4744 GENESI.

480 4772 789 4843 ,Thcman,
822 4771 982 4845 regio
1013 4772 1348 4847 principum
1378 4776 1560 4833 Edom
1592 4777 1650 4833 in
1708 4783 1863 4837 terra
1892 4781 2078 4838 Geba-

502 4899 517 4933 ¹
557 4898 776 4975 Ulvull
800 4897 1078 4975 Iosephus,
1120 4901 1228 4975 etc.
1279 4899 1537 4975 consule
1558 4917 1695 4975 quae,
1716 4920 1894 4975 supra
1922 4906 2078 4961 dicta

426 4969 686 5045 suntde
713 4968 1155 5045 TigriAﬂumine,
1180 4969 1336 5045 etde
1359 4968 1593 5045 tigride
1606 4968 1867 5045 animali,
1900 4977 1958 5031 in
1982 4994 2080 5033 no-

334 5046 340 5053 ’
438 5042 515 5097 tis
544 5040 617 5096 ad
650 5039 845 5096 Graeca
869 5040 1196 5112 fragmenta
1239 5039 1370 5096 libri
1416 5039 2074 5105 Nominum.vMAnr1AN.

506 5114 529 5185 ξ
558 5114 682 5185 Yox
710 5127 898 5184 campo
928 5111 988 5166 in
1008 5111 1252 5185 Reginae
1284 5129 1396 5168 ms.
1430 5130 1542 5169 non
1576 5120 1685 5171 est.

504 5182 758 5256 {Contra
809 5182 1134 5256 australem'
1159 5184 1398 5256 plagam.
1450 5185 1596 5241 Male
1670 5186 1728 5241 in
1786 5189 2078 5245 veteribus

438 5251 794 5327 editionibus
824 5258 880 5309 et
907 5255 966 5327 in
999 5251 1222 5327 aliquot
1254 5251 1396 5311 mss.
1431 5257 1728 5313 codicibus
1759 5265 2081 5327 posuerunt

437 5321 834 5398 occidentalem
859 5321 1113 5396 plagam,
1122 5342 1226 5398 pro
1257 5330 1532 5390 australi;
1560 5345 1697 5385 nam
1728 5321 1988 5388 Thalcha
2018 5333 2077 5387 in

439 5396 635 5473 Graeco
665 5393 880 5473 dicitur
908 5393 1036 5453 esse
1069 5393 1419 5473 in'lgaroma,
1478 5416 1604 5473 quae
1636 5402 1792 5473 regio
1823 5407 1947 5458 tota
1975 5421 2077 5459 au-

440 5462 638 5546 stralis
665 5467 756 5520 est
781 5482 794 5520 :
825 5481 1142 5546 vocemque
1172 5469 1373 5546 Darem
1400 5462 1613 5542 saepius
1665 5462 2082 5546 interpretatur

437 5542 827 5623 Hierpnxmu‘s
877 5539 1497 5623 australemnylagam.‘
1528 5539 1838 5623 Caeterum'
1867 5562 2076 5603 nomen

440 5607 642 5684 Talcha
659 5607 885 5681 legitur
913 5609 1067 5685 apud
1101 5607 1257 5683 LXX,
1289 5607 1463 5670 Iosue
1490 5630 1604 5689 xxx,
1633 5616 1686 5672 7.
1720 5616 2004 5676 Murrum.

2184 4607 2518 4663 Iudaeorum
2568 4611 2805 4664 vocatur
2842 4608 3062 4681 Thella,
3123 4612 3293 4682 quasi
3323 4612 3382 4668 in
3440 4617 3836 4673 sextadecimo

2187 4694 2461 4751 milliario
2474 4695 2983 4770 Eleutheropoleos
2996 4704 3197 4754 contra
3210 4702 3529 4760 australem
3542 4704 3783 4779 plagam
3794 4707 3837 4763 ³.

2258 4784 2727 4842 Thamnathsara
2755 4787 2795 4858 ‘,
2828 4786 3031 4844 civitas
3057 4788 3197 4845 Iesu
3230 4790 3336 4846 ﬁlii
3359 4792 3600 4865 Nave,in
3634 4799 3838 4852 monte

2258 4939 2327 4987 —_
2357 4907 2566 4987 Noster
2591 4926 2700 4987 ms.
2733 4914 2924 4987 contra
2953 4913 3278 4987 orientalem
3300 4916 3532 4987 plagam
3560 4936 3573 4986 ;
3608 4918 3669 4975 in
3700 4919 3839 4977 aliis

2188 4983 2253 5034 ut
2280 4984 2337 5034 et
2362 4980 2419 5034 in
2438 4981 2705 5053 antiquis
2735 4980 3111 5053 editionibus,
3145 4980 3366 5041 invenit
3393 4980 3689 5053 Martium.
3711 5007 3839 5047 con-

2188 4998 2253 5034 ur.
2280 4998 2337 5034 OL
2362 4998 2419 5034 1n
2447 4998 2563 5036 anu
2613 4998 2705 5037 ms
2735 4998 3111 5053 coitionibus,
3145 4998 3366 5041 Invenit
3393 4998 3689 5050 Martium.
3711 5007 3837 5047 con-

2186 5059 2274 5134 tra
2301 4998 2704 5134 occidentagemf
2742 5053 2974 5134 Verum.
3011 5057 3165 5125 quod
3210 5057 3313 5134 ait_
3336 5058 3623 5134 Eusebius
3673 5052 3725 5115 ἓν
3755 5066 3837 5134 τῷ

2188 5126 2443 5203 Δμρωμᾷθ
2490 5123 2872 5206 meridianam
2929 5123 3052 5206 sive.
3097 5127 3414 5185 australem
3469 5130 3706 5206 plagam
3738 5123 3839 5191 de.-

2186 5196 2419 5298 signare
2446 5210 2559 5250 non
2589 5199 2677 5250 est
2706 5196 3080 5275 quiignorct.
3469 5196 3487 5204 ’
3568 5196 3601 5206 ν
3814 5208 3821 5213 ‘

2315 5265 2598 5298 [Ιοηιιιπηα
2628 5266 2760 5298 ιιλῖιῖ
2799 5267 2924 5298 LL“:
2961 5267 3028 5298 nr‘
3091 5270 3334 5298 ,κακή-2
3391 5271 3579 5298 ε-..ι-..
3629 5273 3821 5298 1--..-ι

2313 5265 2764 5349 Hacten‘us‘editi
2795 5265 2928 5349 libri
2960 5267 3031 5349 ad
3091 5270 3337 5349 monstri
3372 5271 3580 5349 _i_nstar
3629 5273 3837 5349 legunt

2187 5335 2628 5406 Θαμνασθαράβῐ
2658 5338 2715 5391 in
2740 5337 2943 5392 Latino
2963 5338 3332 5398 Martianaeus
3370 5343 3673 5401 Thamnath
3687 5335 3834 5403 tan-

2186 5385 2955 5489 gilgiiyﬁﬁe'rérﬁﬁté}
2963 5385 3255 5489 ξλῖὰξᾷξᾶἱ
3267 5385 3673 5489 ”ῖ]ἇὲἆ”ε”’ἓέἷιὶξ’
3706 5385 3832 5488 ’Ξῶί

2191 5477 2463 5549 Hebraeus
2494 5477 2611 5539 nio
2648 5490 2842 5540 man.
2877 5477 3269 5538 Eusebianum
3300 5477 3524 5544 textum
3556 5477 3836 5549 emendat

2187 5547 2370 5633 Yatic.
2404 5565 2516 5605 ms.
2550 5550 3068 5633 Hieronymianum
3127 5556 3405 5629 supplent
3461 5558 3577 5616 duo
3610 5547 3828 5633 Latini,

2188 5620 2437 5694 Reginae,
2479 5636 2547 5678 ac
2576 5620 2797 5680 noster.
