4084 6170
280 332 297 387 ί
328 320 485 401 .973

1350 344 1451 406 DE
1497 343 1680 407 SITU
1724 345 1824 407 ET
1868 344 2141 407 NOMIN.
2175 345 2347 409 LOC.
2391 344 2760 409 HEBRAIC.

3621 346 3756 417 5'71

348 474 499 540 sita;
532 472 606 529 de
636 487 753 544 qua
797 488 977 545 supra
1023 475 1133 530 sub
1183 477 1418 532 nomine
1466 478 1766 543 Thamnae,
1798 480 1813 512 ¹
1847 476 1993 532 dixi-
2026 482 2078 544 Α
2180 478 2513 548 Thalassar,
2548 479 2706 550 regio
2736 477 2935 551 Syriae.

344 578 519 618 mus:
553 561 615 617 in
645 578 763 633 qua
791 579 978 634 usque
1006 563 1066 618 in
1097 570 1443 636 praesentem
1476 568 1630 621 diem
1664 567 1992 638 sepulcrum

344 653 476 723 ejus
515 652 844 707 ostenditur
879 651 941 705 in
973 651 1129 708 tribu
1162 654 1284 709 Dan
1316 656 1359 710 3.

828 829 919 883 DE
953 829 1167 885 LIBRO
1206 831 1539 886 JUDICUM.

415 917 751 989 Thaanach,
785 918 988 974 civitas
1011 919 1182 989 juxta
1202 936 1377 991 quam
1404 921 1665 975 Debbora
1686 921 1994 976 adversum

345 1008 604 1064 Sisaram
639 1007 959 1073 dimicavit,
994 1007 1055 1062 in
1085 1007 1240 1062 tribu
1274 1009 1559 1077 Manasse,
1596 1013 1864 1080 separata
1894 1009 1992 1065 Le-

342 1096 499 1166 vitis,
529 1112 707 1168 quam
738 1099 935 1151 tenere
967 1112 1080 1150 non
1116 1096 1325 1167 potuit,
1358 1096 1624 1168 pristinis
1672 1096 1996 1153 cultoribus

343 1201 718 1257 nequaquam
749 1184 973 1256 ejectis.
1007 1186 1108 1239 Est
1139 1191 1331 1240 autem
1366 1203 1521 1241 nunc
1545 1185 1680 1241 villa
1710 1203 1996 1257 praegran-

342 1274 435 1328 dis
465 1274 692 1329 distans
725 1292 759 1329 a
789 1273 1039 1345 Legione
1068 1272 1333 1329 millibus
1365 1274 1573 1332 tribus.

411 1362 635 1417 Thebes
665 1362 808 1418 urbs
839 1378 1017 1433 quam
1048 1379 1181 1417 cum
1232 1368 1598 1435 oppugnaret
1632 1363 1991 1433 Abimelech,

341 1452 628 1523 fragmine
680 1450 844 1505 molae
904 1451 1055 1505 ictus
1107 1451 1344 1506 interiit.
1398 1453 1495 1507 Est
1551 1456 1745 1508 autem
1808 1468 1994 1524 usque

339 1539 511 1595 hodie
539 1539 702 1595 vicus
732 1539 968 1594 nomine
999 1539 1153 1595 286
1198 1540 1444 1607 Thebes,
1498 1541 1555 1594 in
1601 1541 1816 1597 ﬁnibus
1846 1542 1991 1597 Nea-

340 1628 538 1700 poleos
586 1628 966 1699 pergentibus
1012 1627 1435 1699 Scythopolim,
1487 1630 1655 1700 quasi
1712 1631 1767 1683 in
1822 1630 1993 1685 tertio

336 1717 562 1773 decimo
592 1717 721 1785 ejus
749 1715 961 1788 lapide.

2176 568 2524 637 Thogarma,
2558 566 2807 639 legimus
2837 566 2897 622 in
2930 568 3211 625 Ezechiel.

2178 655 2419 726 Taphet,
2461 655 2709 727 legimus
2741 656 2800 710 in
2846 657 3101 713 Jeremia
3148 658 3269 729 (vn,
3303 662 3392 728 22)
3423 676 3584 717 aram
3617 661 3758 717 Tha-

1979 787 1991 799 .
2102 745 2247 815 plcet.
2286 746 2383 799 Est
2412 748 2605 799 autem
2645 745 2707 799 in
2750 747 3106 803 suburbanis
3148 747 3303 803 (Elia:
3352 767 3538 822 usque
3584 750 3761 807 hodie

2105 833 2286 902 locus,
2321 833 2420 905 qui
2462 834 2545 888 sic
2593 838 2834 889 vocatur
2867 836 3039 904 juxta
3082 836 3370 908 piscinam
3418 838 3673 895 Fullonis
3704 846 3762 895 et

2104 936 2309 992 agrum
2337 922 2723 978 Acheldema.

2726 1012 2813 1066 DE
2856 1011 3130 1070 GENESI.

2176 1098 2253 1153 Ur
2282 1098 2705 1166 Chaldaeorum,
2752 1100 2853 1155 ubi
2906 1108 3177 1158 mortuus
3219 1112 3307 1160 est
3353 1106 3541 1170 Aram,
3575 1106 3754 1161 frater

2102 1187 2386 1243 Abrahae:
2439 1189 2608 1259 cujus
2656 1189 2965 1261 hodieque,
3018 1192 3170 1247 sicut
3214 1193 3508 1265 Josephus
3557 1195 3757 1266 refert,

2102 1276 2369 1332 tumulus
2400 1278 2749 1333 ostenditur.
2784 1279 2873 1349 (Et
2920 1297 3100 1353 super
3143 1281 3252 1337 hoc
3298 1283 3439 1354 quid
3470 1284 3639 1339 nobis
3668 1283 3754 1339 vi-

2105 1366 2309 1420 deatur
2336 1364 2396 1420 in
2446 1365 2615 1421 libris
2660 1368 3052 1423 llebraicarum
3104 1371 3471 1438 Quaestionum
3518 1371 3752 1443 plenius

2104 1453 2406 1525 diximus.)

2172 1542 2533 1610 Ulammaus,
2569 1561 2672 1615 pro
2704 1562 2819 1616 quo
2853 1545 2911 1600 in
2968 1547 3202 1602 Hebraeo
3247 1548 3534 1619 scriptum
3567 1549 3747 1605 habet

2103 1635 2269 1686 Luxu.
2304 1632 2517 1687 Eadem
2550 1639 2639 1687 est
2669 1639 2861 1689 autem
2896 1652 3021 1706 quae
3055 1641 3111 1691 et
3142 1636 3360 1704 Bethel,
3395 1636 3548 1692 sicut
3573 1654 3755 1710 supra

2103 1721 2378 1776 diximus.
2414 1722 2525 1776 Sed
2561 1727 2618 1777 et
2649 1723 2916 1793 quaedam
2948 1723 3084 1779 villa
3124 1725 3361 1781 nomine
3392 1724 3661 1781 Ulamma
3688 1725 3750 1781 in

410 1804 821 1911 Thamuatha:
857 1803 1164 1877 posuimus
1214 1809 1270 1860 et
1318 1822 1500 1878 supra
1545 1806 1895 1878 Thamnam,
1932 1808 1991 1863 in
2021 1848 2069 1911 B
2100 1809 2446 1911 duodecimo
2468 1808 2836 1866 Diocaasarea:
2861 1810 3053 1882 lapide
3081 1811 3410 1868 ostenditur
3432 1818 3635 1869 contra
3664 1829 3754 1869 so-

339 1895 495 1950 tribu
533 1894 705 1950 Juda.

758 1984 847 2037 DE
890 1983 1287 2038 REGNORUM
1320 1984 1577 2039 LIBRIS.

406 2072 784 2143 Thelamuge,
814 2071 978 2127 locus
1008 2071 1067 2126 in
1100 2089 1215 2143 quo
1245 2073 1515 2128 Abenner
1566 2074 1732 2129 misit
1778 2075 1849 2128 ad
1882 2074 1989 2129 Da-

337 2162 459 2217 vid.
507 2162 615 2217 Sed
672 2161 977 2217 sciendum
1036 2162 1191 2233 quod
1250 2179 1354 2234 pro
1404 2162 1512 2217 hoc
1563 2163 1737 2217 verbo
1776 2162 1988 2233 Aquila

339 2250 773 2323 interpretatur,
824 2250 1150 2322 extemplo:
1186 2251 1598 2322 Symmachus,
1633 2269 1737 2323 pro
1768 2257 1985 2307 semet-

338 2358 355 2395 1
363 2356 489 2413 pso.

403 2428 627 2495 Thaad,
652 2428 823 2499 juxta
851 2427 1094 2484 Galaad.

401 2518 679 2584 Thamsa,
707 2517 997 2573 terminus
1035 2517 1199 2589 regni
1233 2516 1588 2573 Salomonis.

401 2605 702 2669 Termoth,
725 2606 929 2662 civitas
951 2623 1129 2677 quam
1160 2606 1468 2661 aediﬁcavit
1489 2606 1762 2662 Salomon
1798 2608 1856 2662 in
1889 2608 1985 2663 de-

328 2698 485 2750 serto
528 2695 723 2765 (cujus
782 2695 840 2750 in
890 2694 1057 2750 libris
1106 2695 1499 2750 Hebraicarum
1548 2696 1931 2764 Quaestionum
1962 2697 1983 2729 ³

324 2785 577 2840 fecimus
612 2783 1018 2853 mentionem).

396 2872 661 2941 Tharsis,
680 2872 834 2927 unde
853 2888 1062 2926 aurum
1087 2871 1381 2927 Salomoni
1405 2874 1804 2929 deferebatur:
1828 2874 1980 2930 hanc

322 2965 493 3034 putat
520 2960 814 3033 Josephus
847 2961 1097 3015 Tarsum
1130 2962 1335 3017 urbem
1368 2978 1495 3018 esse
1538 2961 1768 3018 Ciliciae.
1805 2963 1978 3019 Porro

311 3052 490 3121 juxta
520 3048 782 3104 Ezechiel
814 3049 1159 3121 prophetam
1182 3051 1467 3122 Carthago
1491 3051 1761 3106 sentitur.
1786 3052 1977 3124 Siqui-

319 3140 457 3194 dem
488 3140 548 3193 in
580 3154 646 3193 eo
687 3137 833 3207 loco,
870 3138 967 3194 ubi
1001 3139 1154 3210 apud
1210 3139 1591 3212 Septuaginta
1634 3142 1979 3213 Interpretes

2100 1896 2173 1953 lis
2206 1902 2426 1952 ortum.

2171 1985 2267 2055 Us,
2303 1987 2457 2042 unde
2486 1987 2595 2041 fuit
2651 1987 2759 2042 Job
2819 1988 2890 2043 de
2943 1988 3179 2060 regione
3235 1989 3509 2059 Ausitidi,
3565 1990 3666 2044 sed
3698 1993 3755 2045 et

2097 2091 2251 2129 unus
2283 2076 2353 2130 de
2395 2076 2641 2146 posteris
2692 2077 2843 2131 Esau
2895 2076 3300 2148 appellabatur
3347 2078 3444 2133 Us.
3500 2078 3602 2149 (De
3635 2095 3752 2150 quo

2095 2163 2153 2217 in
2185 2163 2351 2219 libris
2380 2165 2780 2220 Ilebraicarum
2813 2166 3180 2232 Quaestionum
3207 2167 3227 2200 ⁸
3272 2166 3574 2238 diximus.)

2574 2254 2666 2308 DE
2698 2254 2912 2309 LIBRO
2954 2253 3266 2311 JUDICUM

2166 2340 2275 2411 Xil,
2311 2342 2367 2396 in
2400 2342 2554 2397 tribu
2580 2342 2755 2398 Juda.

2718 2430 2807 2485 DE
2840 2429 3115 2487 GENESI.

2164 2520 2464 2591 Zaphoim,
2512 2519 2670 2591 regio
2718 2520 2901 2575 Edom
2947 2520 3302 2593 principum,
3334 2521 3394 2576 in
3427 2525 3583 2577 terra
3612 2538 3742 2595 quas

2097 2626 2252 2664 nunc
2281 2614 2521 2664 vocatur
2557 2608 2872 2664 Gebalena.

2325 2698 2415 2752 DE
2450 2697 2771 2753 NUMERIS
2800 2698 2892 2753 ET
2926 2698 3511 2755 DEUTERONOMIO.

2165 2786 2338 2853 Zoob,
2373 2786 2577 2841 civitas
2606 2786 3082 2842 Amorrhaeorum
3112 2788 3222 2843 sita
3269 2787 3328 2842 in
3373 2793 3643 2843 Arnone:
3676 2788 3749 2842 de

2088 2891 2205 2945 qua
2234 2874 2515 2945 scriptum
2549 2879 2673 2929 est:
2709 2876 2862 2931 290
2890 2876 3181 2946 Pr0plerea
3230 2876 3436 2931 dicitur
3484 2878 3545 2931 in
3598 2874 3747 2930 libro

2086 2963 2367 3018 Bellorum
2432 2964 2685 3017 Domini:
2737 2965 2873 3019 Zoob
2934 2966 3303 3033 inﬂammavit
3362 2970 3413 3021 et
3470 2968 3741 3021 torrentes

2085 3057 2275 3107 Arnen
2306 3051 2467 3122 (Num
2502 3093 2514 3105 .
2547 3069 2659 3117 xxr,
2698 3053 2761 3107 14
2799 3052 2945 3123 apud
2977 3053 3133 3107 LXX.

2156 3140 2482 3211 Zephrona,
2510 3141 2798 3196 terminus
2822 3142 3039 3197 Judaeze
3068 3141 3178 3213 (Al.
3212 3142 3389 3213 Judaz)
3415 3144 3486 3198 ad
3511 3148 3741 3215 septen-

319 3228 576 3299 legimus
615 3227 1045 3299 Carthaginem,
1097 3228 1156 3282 in
1206 3228 1439 3283 Hebraeo
1489 3212 1982 3301 scriptumhabet
2013 3212 2055 3278 C
2092 3230 2360 3285 trionem.

324 3315 566 3371 Tharsis.
599 3315 875 3370 Nonnulli
937 3316 1163 3371 Indiam
1204 3321 1557 3387 putaverunt
1604 3320 1684 3387 (et
1741 3319 1811 3372 de
1868 3319 1976 3374 hoc

324 3409 447 3460 tam
468 3405 529 3459 in
560 3403 709 3459 libro
740 3403 1131 3476 Epistolarum
1164 3406 1358 3477 (Epist.
1393 3422 1555 3461 num.
1589 3407 1701 3473 37),
1735 3423 1883 3477 quas
1905 3408 1976 3462 ad

320 3492 653 3548 Marcellam
685 3493 1054 3565 scripsimus,
1088 3511 1267 3565 quam
1300 3495 1361 3549 in
1383 3492 1551 3550 libris
1581 3476 1977 3550 Hebrai’camm

324 3583 701 3649 Quaestionum
728 3581 961 3654 plenius
991 3582 1213 3638 dictum
1247 3584 1381 3653 est).

399 3670 634 3739 Thersa,
664 3672 763 3726 ubi
797 3678 817 3709 δ
844 3673 960 3727 Asa
985 3688 1083 3727 rex
1116 3672 1287 3727 Israel
1324 3672 1460 3727 fuit.

404 3758 680 3830 Thersila,
730 3760 885 3815 unde
944 3760 1055 3815 fuit
1111 3761 1395 3816 Manaen:
1450 3777 1636 3831 usque
1687 3760 1858 3816 hodie
1888 3766 1977 3817 est

319 3846 550 3903 viculus
596 3848 1100 3905 Samaritanorum
1150 3848 1207 3903 in
1259 3848 1492 3920 regione
1542 3850 1829 3918 Batanaza,
1876 3852 1975 3921 qui

313 3935 587 3992 Thersila
615 3937 846 3991 dicitur.

394 4025 648 4093 Thesba,
666 4026 823 4081 unde
846 4029 1007 4080 ortus
1027 4025 1287 4081 estElias
1307 4025 1613 4097 prepheta,
1641 4026 1973 4082 Thesbites.

394 4115 675 4181 Theman,
745 4115 915 4185 juxta
988 4114 1344 4169 Ezechielem
1423 4115 1628 4170 civitas
1686 4115 1975 4171 Idumam.

318 4209 500 4259 Porro
536 4203 717 4259 Isaias
748 4204 807 4258 in
838 4203 1060 4259 visione
1090 4219 1219 4258 eam
1252 4204 1415 4275 ponit
1447 4203 1691 4258 Arabia.
1717 4204 1981 4259 Meminit

316 4294 503 4365 hujus
535 4298 593 4349 et
621 4292 930 4348 Jeremius.
972 4292 1188 4347 Abdias
1220 4297 1413 4348 autem
1448 4292 1654 4349 scribit
1685 4293 1976 4348 civitatem

301 4384 494 4439 .Esau.
542 4383 652 4439 Sed
686 4387 743 4437 et
773 4400 926 4437 unns
959 4381 1211 4436 filiorum
1245 4383 1371 4452 ejus
1422 4382 1683 4437 Theman
1718 4380 1977 4453 appella-

318 4474 500 4527 batur
528 4470 681 4526 sicut
711 4487 893 4543 supra
922 4470 1201 4524 diximus.

2159 3319 2358 3385 Zared,
2390 3317 2560 3373 vallis
2590 3319 2767 3375 Zared
2799 3320 2819 3353 θ
2852 3318 2909 3373 in
2939 3323 3102 3391 parte
3143 3320 3381 3376 deserti.

2630 3408 2717 3460 DE
2753 3407 2967 3463 LIBRO
2996 3408 3188 3465 JESU.

2157 3495 2331 3567 Zeph,
2365 3494 2425 3549 in
2461 3495 2618 3550 tribu
2649 3496 2821 3550 Juda.

2157 3583 2497 3653 Zannohua,
2532 3584 2589 3637 in
2622 3584 2777 3638 tribu
2810 3585 2982 3651 Juda,
3011 3601 3199 3655 usque
3220 3584 3394 3639 hodie
3424 3584 3483 3637 in
3513 3583 3734 3639 ﬁnibus

2088 3669 2595 3742 Eleutheropoleos
2644 3672 3021 3742 pergentibus
3078 3671 3305 3737 ZEliam,
3358 3670 3492 3725 villa
3540 3672 3741 3725 Zanua

2089 3764 2481 3831 nuncupatur.

2158 3848 2277 3913 Zib,
2312 3848 2371 3902 in
2404 3852 2640 3903 octavoo
2673 3847 2945 3903 milliario
2991 3847 3253 3903 Chebron
3301 3849 3504 3902 contra
3532 3844 3740 3901 Orien-

2088 3942 2205 3993 tem
2230 3953 2414 4007 usque
2435 3936 2492 3990 in
2515 3953 2765 4008 praesens
2798 3937 2963 3992 vicus
2992 3936 3337 4005 ostenditur,
3368 3935 3467 3989 ubi
3497 3935 3740 3990 abscon-

2086 4026 2244 4081 ditus
2275 4029 2365 4079 est
2385 4025 2584 4080 David.
2612 4025 2741 4080 Fuit
2763 4030 2957 4079 autem
2982 4025 3167 4079 tribus
3184 4024 3348 4080 Judae
3374 4025 3429 4079 in
3459 4024 3737 4095 Daroma,

2088 4115 2146 4169 in
2180 4114 2395 4168 ﬁnibus
2424 4112 2951 4185 Eleutheropoleos.

2510 4202 2601 4256 DE
2635 4203 2871 4257 LIBRIS
2898 4202 3313 4258 REGNORUM.

2159 4291 2280 4363 Zip,
2316 4307 2483 4345 mons
2516 4290 2849 4362 squalidus,
2874 4291 2961 4345 vel
3006 4290 3287 4363 caligans,
3337 4291 3457 4345 sive
3491 4288 3739 4344 nebulo-

2087 4382 2405 4451 sus,juxta
2434 4379 2599 4451 Ziph,
2644 4380 2700 4433 in
2753 4397 2867 4451 quo
2921 4380 3071 4435 sedit
3119 4378 3298 4434 David
3347 4393 3525 4450 prope
3557 4376 3739 4432 Cher-

2088 4468 2322 4535 melam,
2357 4468 2557 4539 quaein
2589 4469 2907 4540 Scripturis
2939 4468 3158 4524 sanctis
3202 4467 3502 4524 Carmelus
3536 4465 3736 4537 appel-

395 4560 543 4617 281
580 4559 826 4629 Tharac,
852 4576 1028 4631 quam
1051 4558 1111 4613 in
1135 4562 1287 4614 terra
1306 4558 1468 4613 Judas
1490 4558 1635 4613 Ε.νωί
1660 4559 1972 4615 conditere.
2010 4582 2053 4645 D
2086 4559 2258 4623 latur,
2316 4558 2479 4613 vicus
2538 4557 2710 4612 hodie
2767 4557 3123 4625 Judazorum,
3183 4558 3337 4612 unde
3394 4556 3504 4612 fuit
3551 4554 3735 4613 Nabal

395 4741 409 4771 ¹
444 4738 564 4793 Imo
595 4738 923 4794 luculenter
950 4740 1059 4795 sub
1092 4738 1327 4793 nomine
1368 4738 1527 4799 Gaas,
1578 4740 1637 4793 in
1667 4740 1845 4809 cujus,
1880 4739 1969 4793 in-

317 4809 471 4882 quit,
502 4813 702 4865 montis
752 4810 1172 4882 septentrionali
1212 4818 1369 4880 parte
1414 4811 1659 4880 sepultus
1705 4815 1781 4865 est
1807 4816 1970 4867 Jesus

316 4880 475 4950 [ilius
502 4883 666 4950 Nave,
698 4887 751 4935 et
793 4880 960 4952 usque
1015 4882 1173 4936 hodie
1214 4882 1381 4952 juxta
1440 4884 1617 4936 vivum
1678 4882 1971 4937 Thamnmn

314 4951 640 5023 sepulcrum
668 4954 786 5023 ejus
814 4951 1030 5021 insigne
1057 4951 1415 5008 monstratur.

304 5048 311 5055 -
393 5022 699 5093 ’Verius,’
750 5024 1029 5095 inquiunt
1096 5024 1432 5077 Bonfrerius
1492 5022 1882 5095 etClericus,
1913 5025 1972 5078 in

316 5095 485 5167 tribu
528 5096 814 5167 Ephraim.
842 5094 1013 5150 Certe
1045 5096 1102 5148 in
1132 5097 1237 5149 bac
1268 5094 1422 5148 tribu
1465 5095 1535 5167 ab
1569 5094 1693 5167 ipso
1722 5096 1971 5150 Eusebio

314 5182 390 5221 ac
422 5165 770 5237 Hierdnymo
803 5167 1039 5237 ponitur
1061 5183 1252 5231 mons,
1277 5181 1448 5236 quem
1472 5166 1693 5219 (ludum
1717 5182 1971 5221 comme-

317 5238 705 5303 moravimus,
742 5238 901 5304 Gaas,
932 5241 991 5293 in
1014 5240 1171 5309 cujus
1190 5237 1603 5308 septentrionali
1620 5246 1774 5308 parte
1793 5239 1972 5309 sepul-

318 5320 409 5365 tus
439 5312 517 5363 est
544 5311 716 5364 Iesus.

394 5381 505 5435 ⁸1η
567 5381 724 5434 libris
803 5380 1191 5435 Ilebraicarum
1260 5380 1651 5447 Quaestionum.
1707 5378 1974 5434 Diximus

313 5468 505 5524 supra
535 5453 878 5524 Quaestiones
910 5452 1212 5508 Itebraieas
1244 5450 1597 5521 Hieronymi,
1639 5453 1846 5521 praeter
1875 5468 1974 5507 eas

312 5522 451 5595 qua:
484 5528 625 5579 sunt
656 5523 715 5595 in
745 5522 1038 5595 Genesim,
1070 5540 1184 5578 non
1216 5538 1543 5595 superesse.
1579 5525 1863 5595 Mauri“.

393 5594 726 5651 ‘Fortassis
774 5594 919 5651 unde
965 5594 1404 5650 rescribendum
1450 5609 1519 5647 ex
1567 5594 1814 5649 Eusebio
1865 5594 1971 5647 est.

323 5665 539 5727 Contra
569 5669 630 5726 in
662 5667 878 5736 Graeco,
913 5683 1017 5741 pro
1041 5666 1209 5747 Ἀσὰφ
1264 5662 1465 5721 malim
1508 5680 1577 5721 ex
1622 5664 1975 5739 Hieronymo

2078 4736 2228 4809 Ἀρὰ,
2277 4735 2672 4809 A.su__:_iilium
2722 4752 2931 4809 nempe
2976 4735 3321 4809 Davidtqui
3373 4734 3733 4809 regnavit_i_n

2081 4808 2324 4862 Tharsa.
2356 4806 2488 4860 Vid.
2527 4806 2600 4861 IlI
2630 4804 2976 4878 Regum'xv,
3000 4809 3052 4869 2,
3079 4812 3135 4863 et
3161 4808 3207 4861 ll
3237 4804 3479 4878 Paralip.
3506 4804 3730 4878 xxv,45.

2082 4879 2675 4950 Bonfreriusgquoque
2720 4875 2850 4929 Ἇσὰ
2904 4879 3062 4950 legit,
3096 4880 3195 4933 sed
3253 4894 3342 4950 ex_
3379 4875 3635 4950 ingenio,
3671 4879 3735 4929 ut

2122 4950 2356 5020 leraque
2388 4948 2537 5002 alia:
2582 4950 2856 5019 quodque
2904 4948 3093 5021 magis
3137 4948 3597 5021 improbandum
3621 4950 3731 5021 est,

2124 4968 2356 5020 [eraque
2388 4968 2537 5002 ana:
2582 4968 2856 5019 quoaquo
2904 4968 3093 5021 magis
3137 4968 3590 5018 Improuanuuul
3621 4968 3730 5013 esu,

2082 4968 2319 5076 Eectore
2368 5036 2671 5089 nunquam
2753 5021 3071 5075 admonito.
3124 5018 3384 5089 Denique
3414 5034 3509 5089 _ex
3550 5016 3730 5089 Vatic.

2085 5092 2380 5165 Σαμαρέων
2425 5086 2812 5165 restituimus,
2861 5109 2961 5161 pro
3013 5108 3127 5161 quo
3180 5086 3501 5161 Eupiapsimv
3536 5088 3733 5143 minus

2082 5162 2226 5219 bene
2248 5162 2426 5218 antea
2456 5162 2840 5216 scribebatur.

2154 5237 2173 5268 ⁵
2215 5238 2274 5289 1η
2306 5235 2464 5289 libris
2506 5234 2901 5287 Ilebraicarum
2933 5234 3329 5299 Quaestionum.
3354 5230 3497 5286 Vide
3529 5242 3728 5285 conse-

2084 5305 2575 5378 quenterrlibrum
2607 5304 3013 5378 Hebraicarum
3045 5303 3444 5378 Quaestionum
3473 5302 3529 5378 in
3553 5302 3734 5378 Gene-

2084 5372 2217 5447 sim,
2256 5377 2351 5431 ubi
2382 5377 2453 5430 de
2480 5377 2570 5441 Ur,
2608 5376 2937 5445 Ulammaus,
2976 5380 3034 5429 et
3086 5376 3151 5430 Us
3203 5375 3465 5446 disputat
3495 5374 3553 5428 S.
3588 5372 3732 5427 Doc-

2083 5456 2192 5504 tor.
2230 5449 2514 5502 MARTIAN.
3482 5456 3485 5461 ·

2155 5522 2175 5554 θ
2206 5519 2486 5589 Emendat
2511 5534 2673 5572 meus
2707 5533 2815 5573 ms.
2849 5516 2995 5572 liber
3022 5515 3212 5583 vallis,
3246 5533 3348 5589 pro
3381 5533 3496 5589 quo
3526 5514 3729 5569 vitiose

2087 5590 2353 5647 Martian.
2390 5588 2541 5645 villa.
