4084 6170
444 302 574 368 ms
1699 321 1763 380 S.
1797 322 2120 384 'EUSEBII
2165 325 2633 392 HIEBONYMI.
3679 337 3781 407 ο.

453 457 796 516 Carmelius.
831 461 941 518 Sed
984 466 1042 518 et
1093 480 1249 521 unus
1299 466 1369 522 de
1418 469 1665 539 posteris
1713 469 1883 526 Caleb
1910 471 2100 527 dictus
2132 460 2184 523 Α
2214 459 2343 525 ΖθῙλ
2398 461 2599 518 είνίίᾶε
2650 468 2924 534 Amm“:
2987 465 3276 538 Ῑλοάίθίῖυθ
3329 464 3460 524 Vina
3501 467 3588 524 Ζίθι
3627 473 3789 530 θείω.-

451 553 542 601 est
570 548 734 620 Ziph.
770 551 918 623 Lege
949 551 1434 625 Paralipomenon
1468 559 1514 628 (Ι
1544 559 1726 613 Paral.
1755 577 1815 626 ιι,
1848 561 1958 631 42).
2214 549 2374 603 ἀίων
2404 550 2460 604 in
2493 554 2940 622 quentOdBCimO
2969 554 3161 627 lapide
3192 555 3600 628 Philadelphia,
3627 562 3790 616 θοηίη

441 645 450 656 “
523 637 766 709 Zogora,
798 640 857 693 in
887 641 1141 698 Jeremia
1167 643 1365 701 civitas
1396 646 1814 703 Moabitarum:
1869 648 1988 704 haec
2019 656 2106 704 est
2215 637 2606 710 Οεοίάθηίθῐηε
2641 643 2710 698 de
2741 659 2858 714 qua
2887 644 3090 700 scribit
3127 645 3422 701 ιῘΘΓθΠιιειε·
3639 682 3642 696 ί
3772 695 3776 700 ι

449 738 582 795 quas
614 737 772 782 nunc
799 734 1041 786 vocatur
1067 732 1267 800 Zoara,
1300 734 1418 790 sive
1450 736 1647 808 Segor,
1681 754 1797 791 una
1825 738 1896 792 de
1930 739 2062 809 quin

2284 728 2534 798 Zcoleth,
2564 747 2775 786 nomen
2809 732 3038 804 lapidis,
3087 733 3185 789 ubi
3237 734 3483 790 Adonias
3523 734 3793 794 immolavit

453 828 567 884 que
596 815 1370 892 civitatibusISodomorum.
2213 815 2480 872 Victimas
2504 819 2676 889 juxta
2704 821 2923 877 fontem
2956 823 3135 894 Rogel
3169 824 3210 878 ¹.

527 977 543 1009 ¹
576 977 945 1054 subneetunt
968 984 1186 1037 veteres
1223 983 1477 1040 editores
1531 986 1753 1041 Erasm.
1812 1003 1878 1041 ac
1909 986 2101 1040 Victo-
2211 982 2496 1050 stolorum,
2529 995 2636 1035 non
2668 999 2700 1035 (ι
2741 983 3088 1053 Hieronymo,
3115 983 3205 1038 sed
3247 984 3313 1038 ab
3359 982 3473 1038 alio
3502 983 3707 1054 quodam
3731 985 3800 1043 d4-

440 1047 579 1137 rius
607 1049 868 1137 libellum
900 1053 1159 1108 Locorum
1187 1070 1259 1109 ea:
1295 1062 1461 1137 zicus,
1509 1072 1684 1137 quem
1731 1057 1789 1111 in
1819 1058 2102 1137 Hierony:
2212 1056 2432 1137 scripta:
2467 1047 2532 1106 Et
2561 1054 2726 1137 Beda}.
2757 1047 3106 1137 quidem,
3135 1055 3305 1136 cujus
3328 1047 3549 1137 quoque
3569 1054 3798 1137 operibus

455 1124 672 1198 mianis
702 1137 1117 1198 quoquemss.
1169 1126 1388 1196 passim
1442 1124 1700 1182 invenire
1747 1132 1837 1183 est
1865 1128 1961 1182 hic
1990 1124 2098 1182 lo'ci
2215 1125 2523 1188 invenitur.
2560 1124 2861 1198 ascribunt
2886 1125 3114 1198 eruditi
3143 1125 3269 1194 viri,
3303 1124 3400 1196 qui
3430 1124 3653 1198 dignum
3679 1125 3801 1181 lectu

437 1190 1307 1272 _subjunctum_:Hieronymum
1328 1203 1525 1254 tamen
1546 1205 1840 1272 auctorem
1863 1216 1980 1272 non
2004 1199 2106 1254 hav
2213 1213 2380 1272 opus
2427 1212 2554 1250 esse
2601 1195 2890 1272 judicavit,
2952 1190 3336 1272 Μεξνῐίᾶξιεεὺέ
3376 1190 3555 1272 tolli?“
3605 1198 3803 1272 Omnino

453 1261 614 1345 bere,
644 1269 1008 1345 compertum
1041 1261 1149 1345 est.
1186 1270 1245 1323 In
1271 1286 1382 1345 ms.
1409 1271 1714 1345 nostroita
1733 1271 2097 1345 inscribitur,
2214 1261 2449 1338 rejecit:
2487 1261 2681 1345 nosiin
2722 1266 3179 1345 hujusce_'_1‘omi
3227 1269 3549 1339 Appendice
3593 1270 3658 1324 ad
3686 1285 3801 1324 mss.

451 1332 688 1390 Nomina
737 1332 1044 1406 regionum,
1089 1343 1250 1411 atque
1299 1341 1538 1396 locorum
1584 1342 1648 1396 de
1706 1343 1923 1398 Actibus
1962 1332 2099 1412 Apoé
2213 1332 2444 1409 quoque
2475 1338 2706 1392 codices
2737 1332 3192 1395 recensebimus.
3277 1332 3333 1339 ”
3773 1392 3776 1394 γ

961 1655 1038 1714 ΙΝ
1083 1654 1719 1726 CONSEQUENTEM
1765 1653 2370 1715 GEOGRAPHICAM
2417 1651 2796 1714 TABULAM
2839 1652 3352 1714 PALIESTIN/E.

1812 1821 2490 1911 ADMONI'I‘IO.

520 2110 780 2166 Perlecto
810 2108 1168 2180 Hieronymi,
1200 2107 1320 2164 sive
1357 2105 1593 2163 Eusebii
1625 2108 1695 2162 de
1723 2107 2043 2162 Palaestina:
2075 2106 2322 2162 urbibus
2353 2109 2410 2160 et
2437 2104 2577 2160 vicis
2612 2103 2778 2170 libro,
2812 2105 2957 2160 nihil
2989 2105 3215 2176 utilius,
3249 2106 3518 2178 nihilque
3547 2106 3615 2163 ad
3641 2118 3807 2162 eorum

450 2187 703 2255 mentem
733 2199 911 2270 probe
941 2197 1328 2266 retinendam,
1363 2197 1734 2267 fructumque
1757 2213 1825 2251 ex
1846 2196 1919 2251 iis
1951 2195 2213 2251 debitum
2236 2193 2386 2250 lectu
2411 2193 2874 2264 percipiendum,
2907 2195 3306 2250 necessarium
3332 2200 3424 2251 est
3447 2195 3646 2269 magis,
3670 2206 3812 2267 quam

446 2287 834 2361 geographica
864 2303 1074 2358 mappa
1103 2286 1282 2340 totius
1314 2290 1500 2351 terrm,
1537 2302 1713 2356 quam
1747 2285 2108 2350 describunt,
2143 2284 2293 2338 situs
2326 2287 2381 2339 et
2411 2283 2536 2338 loca
2565 2283 2636 2337 ad
2671 2299 2732 2337 se
2766 2283 3009 2338 invicem
3042 2301 3158 2339 uno
3190 2290 3509 2357 conspectu
3543 2298 3820 2356 repressa.

446 2381 607 2433 tare:
638 2377 772 2441 Qum
829 2376 1005 2432 veluti
1041 2375 1454 2430 Commentarii
1488 2375 1671 2430 vicem
1706 2373 1992 2446 suppleat,
2025 2373 2143 2427 imo
2185 2373 2356 2443 cujus
2403 2388 2528 2443 cpe,
2574 2374 2726 2443 quo-.1
2774 2372 3010 2443 prolixis
3087 2375 3532 2430 commentariis
3578 2390 3711 2447 aegre
3737 2371 3819 2426 ad-

447 2466 688 2523 modum
718 2465 1002 2531 obtineas,
1037 2467 1407 2536 percurrente
1437 2463 1726 2534 picturam
1758 2462 1925 2518 oculo
1956 2461 2360 2547 consequaris.

1471 2605 1696 2668 Segnius
1743 2605 1954 2654 irritant
1995 2604 2203 2653 animos
2249 2602 2478 2652 demissa
2521 2616 2616 2665 per
2643 2616 2820 2663 aures,

1466 2686 1635 2744 Quam
1664 2699 1782 2748 qua).
1811 2688 1936 2734 sunt
1964 2684 2134 2734 oculis
2159 2683 2398 2746 subjecta
2425 2682 2686 2733 ﬁdelibus.
2717 2687 2768 2733 et
2800 2697 2917 2747 qua:

1471 2767 1586 2829 Ipse
1614 2765 1713 2815 sibi
1743 2765 1904 2814 tradit
1932 2768 2216 2828 spectator.

2346 2828 2556 2883 (Homr.
2586 2825 2648 2874 de
2668 2826 2793 2876 Arte
2821 2824 2995 2875 Pcetic.
3027 2840 3060 2872 v
3088 2827 3176 2876 180
3206 2829 3258 2876 et
3289 2830 3469 2893 seqq.)

440 2981 655 3038 Verum
688 2981 737 3038 si
769 2981 841 3037 ad
872 2980 1084 3036 horum
1117 2981 1289 3036 modo
1321 2980 1557 3034 Patrum
1589 2980 1939 3034 documenta
1965 2978 2249 3034 Tabulam
2281 2979 2630 3034 adumbrare
2660 2982 2943 3050 oporteat,
2978 2977 3241 3050 solisque
3263 2996 3470 3036 eorum
3495 2980 3571 3036 sit
3589 2973 3812 3044 vestigiis

441 3070 857 3136 insistendum,
885 3069 978 3124 vix
1004 3069 1468 3140 uniuscujusque
1501 3067 1755 3139 regionis
1787 3067 2032 3123 seorsim
2066 3068 2281 3123 multas
2311 3067 2628 3133 describas,
2653 3084 2831 3123 unam
2858 3084 2987 3138 quas
3002 3067 3178 3123 simul
3203 3069 3546 3126 universam
3569 3066 3617 3120 ἐν
3634 3068 3814 3141 γραφῆς

440 3155 597 3227 τύπῳ
629 3163 694 3213 ut
722 3157 1008 3212 Eusebius
1042 3157 1322 3228 loquitur,
1357 3155 1722 3211 Palaestinam
1753 3155 2042 3222 exhibeat,
2074 3173 2145 3211 ne
2174 3157 2267 3210 vix
2291 3156 2550 3227 quidem.
2575 3156 2720 3210 Nam
2745 3156 2895 3226 quod
2921 3155 2992 3211 cl.
3018 3153 3277 3212 Relando
3317 3158 3545 3229 pridem
3589 3157 3812 3212 observa-

445 3251 571 3300 tum
597 3249 704 3316 est,
727 3244 1036 3311 Eusebius,
1061 3244 1306 3315 ejusque
1327 3244 1612 3316 interpres
1634 3245 2110 3317 llierouymus,in
2152 3262 2269 3300 una
2293 3261 2526 3316 quaque
2575 3245 2806 3316 regione
2827 3249 2991 3300 terras
3016 3243 3350 3300 Israelitica:
3375 3242 3812 3303 intervallaloco-

446 3349 578 3388 rum
609 3333 682 3387 ab
714 3332 856 3387 urbe
878 3331 1036 3389 illius
1059 3331 1313 3404 regionis
1336 3332 1627 3404 praecipua
1648 3333 1756 3388 deti
1769 3333 1938 3388 niunt
1962 3350 1973 3387 :
1998 3333 2184 3405 ipsam
2207 3349 2338 3389 vero
2362 3333 2588 3399 urbem,
2615 3350 2729 3404 quo
2751 3332 2874 3389 loco
2897 3333 3010 3388 sita
3033 3332 3128 3399 sit,
3152 3332 3348 3390 dicere
3371 3329 3809 3407 prastermittunt.

445 3419 723 3493 Exemplo
755 3421 849 3489 sit,
885 3422 1039 3491 quod
1073 3421 1145 3476 ab
1165 3419 1590 3492 Eleutheropoli
1617 3421 1942 3476 metiuntur
1966 3420 2098 3493 plus
2121 3439 2297 3493 quam
2319 3421 2521 3493 viginti
2542 3423 2803 3478 locorum
2828 3422 3030 3489 situm,
3049 3421 3178 3492 ipsa
3199 3438 3337 3477 vero
3359 3415 3810 3492 Eleutheropolim

444 3514 643 3582 utpote
674 3527 801 3582 quas
833 3511 891 3565 in
924 3511 1244 3583 Scripturis
1275 3527 1391 3565 non
1425 3514 1801 3579 memoratur,
1837 3527 2011 3583 quem
2042 3515 2293 3566 tractum
2327 3516 2588 3583 occupet,
2615 3527 2908 3582 nusquam
2933 3511 3159 3565 docent.
3185 3510 3350 3567 Idem
3374 3513 3447 3568 de
3472 3509 3702 3582 reliquis
3719 3507 3810 3585 fere

438 3599 684 3655 urbibus
716 3616 827 3654 usu
856 3600 1033 3667 venit,
1068 3617 1216 3671 quas
1249 3600 1305 3655 in
1337 3600 1557 3668 Judaea,
1592 3618 1625 3655 a
1653 3600 1913 3668 Nicopoli
1948 3598 2353 3664 dimetiuntur,
2386 3598 2473 3654 vel
2506 3598 2762 3671 Diospoli
2801 3616 2812 3652 :
2845 3599 2904 3652 in
2937 3598 3312 3668 Samaritide,
3348 3619 3381 3656 a
3412 3598 3642 3673 Neapoli
3663 3601 3715 3652 et
3731 3594 3809 3649 se-

437 3688 640 3744 baste:
673 3687 731 3742 in
766 3687 1022 3756 Galilaza,
1055 3705 1088 3742 a
1115 3689 1469 3745 Diocaesarea
1499 3694 1556 3744 et
1585 3689 1870 3761 Legioue:
1908 3688 2159 3760 denique
2184 3693 2346 3743 trans
2391 3688 2731 3754 Jordanem,
2787 3705 2820 3742 a
2859 3686 3017 3741 Pella
3064 3691 3119 3742 et
3169 3687 3597 3762 Philadelphia.
3625 3686 3810 3752 Nempe

435 3793 928 3849 supervacaneam
961 3777 1254 3832 duxerunt
1275 3794 1402 3833 esse
1420 3795 1678 3850 operam,
1707 3777 2015 3850 primarias
2043 3794 2140 3832 eas
2166 3776 2364 3843 urbes,
2395 3776 2633 3847 suisque
2654 3775 3018 3847 temporibus
3040 3774 3211 3847 longe
3236 3778 3603 3842 notissimas,
3626 3771 3809 3845 quibus

434 3864 790 3920 haberentur
818 3864 1135 3933 distantiis,
1170 3866 1500 3938 designare,
1535 3884 1749 3938 easque
1780 3867 1922 3921 adeo
1951 3864 2038 3920 vel
2072 3866 2312 3920 omnino
2335 3865 2730 3931 dissimulant,
2754 3864 2840 3919 vel
2860 3861 3051 3924 πόλεις
3074 3861 3410 3936 ἐπισήμους,
3433 3867 3593 3922 urbe:
3613 3861 3804 3924 nobiles,

433 3951 649 4009 dixisse
677 3954 932 4009 contenti
966 3959 1121 4011 sunt.
1157 3954 1321 4009 Nunc
1350 3972 1484 4011 vero
1515 3956 1748 4027 quando
1780 3954 2008 4010 nobiles
2032 3970 2159 4009 esse
2183 3955 2505 4022 desierunt,
2531 3954 2655 4008 suis
2683 3952 3152 4024 quasquelocare
3172 3955 3441 4023 sedibus,
3467 3953 3660 4011 habito
3680 3949 3740 4004 ad
3758 3960 3805 4000 se

430 4040 678 4097 invicem
709 4047 997 4114 respectu,
1031 4042 1079 4098 si
1107 4058 1310 4099 eorum
1337 4047 1566 4098 tantum
1599 4043 1833 4098 indiciis
1863 4042 2130 4106 nitimur,
2175 4059 2289 4096 non
2331 4047 2421 4097 est
2449 4042 2806 4114 expeditum.

501 4129 764 4186 Alterum
798 4131 1019 4186 accedit
1047 4131 1183 4186 huic
1213 4131 1366 4188 malo
1396 4131 1860 4197 incommodum,
1893 4131 2050 4202 quod
2083 4130 2473 4201 ipsarummct
2505 4130 2762 4199 urbium,
2798 4148 2945 4202 quas
2976 4149 3010 4185 a
3038 4131 3338 4202 praecipua
3370 4131 3806 4202 uniuscujusque

431 4218 686 4292 regionis
704 4219 951 4275 deducto
969 4219 1273 4276 intervallo
1293 4222 1498 4277 Patres
1519 4221 1824 4285 collocant.
1850 4237 1964 4274 non
1987 4236 2174 4290 usque
2197 4221 2338 4274 adeo
2362 4219 2614 4290 diligens
2641 4219 2859 4274 notatio
2883 4219 2960 4274 sit
2983 4224 3248 4291 respectu
3276 4220 3587 4294 plagarum
3613 4211 3804 4281 mundi,

430 4323 563 4362 cum
595 4311 848 4379 quatuor
877 4307 1161 4363 duntaxat
1189 4307 1529 4379 vulgaribus
1557 4307 1675 4361 illis
1707 4307 1870 4372 Ortu,
1903 4306 2150 4373 Occasu,
2179 4306 2597 4378 Septentrionc,
2631 4313 2685 4362 et
2728 4306 2962 4361 Meridie
3008 4311 3266 4375 utantur,
3302 4309 3565 4380 reliquas
3592 4299 3805 4377 singulis

428 4394 589 4451 hisce
620 4395 998 4451 intermedias
1029 4395 1346 4468 negligant.
1378 4395 1617 4450 Minime
1651 4399 1844 4450 autem
1879 4395 2153 4450 credibile
2187 4397 2268 4460 ﬁt,
2303 4413 2504 4450 omnes
2535 4397 2710 4451 urbes
2737 4397 2984 4451 Eusebio
3007 4402 3367 4454 memoratas
3394 4404 3550 4454 recta
3570 4411 3690 4454 eam
3709 4391 3807 4464 pla-

427 4500 562 4557 gam
595 4484 940 4556 respexisse,
973 4485 1047 4539 ad
1079 4501 1255 4556 quam
1281 4485 1629 4550 referuntur,
1654 4500 1977 4555 omnesque
1997 4484 2068 4538 ad
2094 4485 2356 4539 eamdem
2382 4485 2554 4539 veluti
2579 4483 2793 4540 lineam
2824 4489 3075 4540 remotas
3099 4484 3280 4542 fuisse
3303 4487 3378 4542 ab
3401 4503 3471 4542 ea
3492 4486 3650 4550 urbe,
3675 4477 3803 4536 unde

425 4571 708 4628 distantia
736 4590 937 4628 earum
972 4577 1207 4646 petitur.
1239 4572 1397 4628 Nihil
1420 4573 1547 4643 jam
1581 4573 1651 4627 de
1683 4572 1905 4628 caeteris
1937 4573 2086 4641 dico,
2111 4589 2237 4644 quae
2259 4573 2315 4628 in
2339 4573 2448 4629 hoc
2471 4574 2822 4646 scriptorum
2865 4575 2988 4645 pari
3013 4574 3607 4633 desideratlaudatus
3627 4569 3804 4628 Relan-

425 4663 558 4729 dus,
592 4677 659 4716 ac
688 4661 892 4717 multis
924 4665 1252 4734 exaggerat,
1278 4662 1527 4716 fortasse
1557 4661 1733 4716 etiam
1765 4679 1945 4734 supra
1974 4678 2176 4716 verum
2203 4679 2214 4716 :
2248 4662 2439 4733 rcipsa
2470 4661 2625 4716 enim
2645 4668 2745 4718 aut
2767 4679 2974 4733 parum
2997 4664 3212 4734 negotii
3242 4665 3569 4731 facessunt,
3595 4665 3803 4717 autrec-

423 4751 652 4807 tissime
681 4768 745 4806 se
774 4750 1012 4818 habent,
1045 4750 1545 4822 quemadmodum
1579 4750 1636 4805 in
1670 4750 1904 4822 praefixa
1924 4749 2062 4804 huic
2084 4754 2239 4804 tome
2263 4750 2380 4804 Praa
2395 4749 2608 4805 ratione
2635 4750 3020 4806 ostendimus.
3048 4752 3201 4805 Satis
3224 4769 3290 4806 ex
3311 4753 3404 4808 his
3429 4752 3674 4817 duobus,
3694 4759 3801 4819 qua!

419 4841 792 4907 adduximus,
821 4839 1024 4912 liquet,
1060 4839 1346 4895 universm
1375 4838 1698 4895 Palestina:
1739 4839 2056 4911 imaginem
2091 4839 2160 4893 ad
2196 4839 2428 4894 Eusebii
2463 4857 2528 4893 ac
2579 4839 2912 4912 Hieronymi
2961 4839 3265 4912 ingenium
3311 4859 3383 4897 ex
3436 4842 3595 4897 hisce
3622 4846 3798 4900 eorum

417 4929 816 4994 monimentis,
835 4927 1067 4983 tametsi
1085 4926 1350 4982 omnium
1374 4924 1545 4995 longe
1561 4924 2065 4994 luculentissimis,
2090 4943 2203 4981 non
2230 4943 2401 4998 posse
2422 4925 2733 4993 delineari;
2762 4926 2859 4981 sed
2878 4928 3144 4997 quaedam
3169 4945 3411 4985 necesse
3433 4946 3562 4986 esse
3579 4926 3796 5000 priusax

413 5016 660 5073 aliorum
691 5017 1161 5089 geographorum
1193 5014 1448 5071 maxime
1476 5019 1737 5070 veterum
1765 5015 2107 5070 auctoritate
2139 5017 2514 5084 constituere,
2564 5015 2779 5086 quibus
2831 5016 3065 5070 demum
3117 5017 3264 5088 ipsa,
3319 5034 3450 5089 quae
3512 5017 3569 5071 in
3599 5012 3792 5070 incerto

411 5106 565 5176 apud
596 5105 912 5161 Eusebium
945 5105 1065 5160 sive
1096 5104 1514 5177 Hieronymum
1548 5104 1784 5168 haerent,
1815 5107 2174 5158 asserantur.

404 5219 410 5222 -
481 5192 598 5249 Hoc
626 5211 798 5265 porro
827 5199 936 5260 est,
961 5195 1115 5265 quod
1140 5195 1198 5249 in
1215 5194 1326 5250 hac
1345 5192 1699 5249 exstruenda
1717 5191 1926 5263 Mappa
1948 5192 2224 5264 supplere
2245 5193 2448 5263 debui,
2470 5193 2762 5264 siquidem
2790 5192 2846 5247 in
2876 5198 3146 5265 promptu
3197 5197 3322 5248 erat
3342 5211 3412 5250 ex
3433 5191 3634 5249 alienis
3655 5184 3790 5244 testi.

397 5280 626 5336 'moniis
658 5281 792 5336 huic
817 5282 1191 5355 descriptioni
1223 5281 1527 5354 suppetias
1560 5281 1706 5335 ferre
1731 5297 1744 5346 ;
1771 5295 1876 5334 nec
1900 5282 2028 5350 erit,
2057 5281 2283 5352 opinor,
2319 5282 2418 5353 qui
2448 5281 2640 5337 studio
2665 5297 2791 5335 meo
2814 5281 2988 5335 veluti
3013 5281 3378 5354 propositum
3403 5285 3787 5355 praetergresso

401 5360 747 5426 succenseat
779 5369 953 5426 homo
983 5387 1160 5426 sacrae
1190 5371 1555 5443 geographiae
1586 5368 1854 5440 cupidus,
1887 5370 2163 5439 quoniam
2189 5377 2251 5424 ut
2273 5375 2354 5426 tot
2377 5369 2704 5441 singulares
2721 5369 2954 5426 tabulas
2979 5371 3281 5442 regionum
3306 5371 3735 5429 adumbrarem,
3755 5376 3784 5416 α

407 5473 500 5513 me
528 5455 657 5528 ipso
717 5456 1030 5528 impertare
1057 5474 1172 5512 non
1202 5459 1385 5529 potui,
1411 5458 1616 5528 vixque
1641 5456 1808 5512 aliter
1850 5456 2075 5512 fructus
2097 5458 2167 5513 ab
2191 5458 2403 5513 eximio
2425 5456 2698 5512 hoclibro
2721 5462 2944 5528 poterat
2970 5458 3237 5513 obtineri.
3264 5456 3547 5514 Recensui
3569 5457 3782 5515 autem;

406 5564 472 5603 ac
504 5545 770 5618 disposui
803 5545 928 5600 suis
959 5561 1204 5616 quaeque
1237 5545 1574 5600 nominibus
1603 5545 1752 5612 loca,
1784 5551 1959 5617 prout
1988 5563 2052 5602 ex
2084 5545 2633 5619 Septuagintavirali
2666 5545 2916 5601 editione
2949 5546 3054 5602 hoc
3098 5547 3244 5602 libro
3262 5547 3659 5612 enuntiautur,
3689 5551 3781 5594 nec

401 5638 584 5696 ferme
602 5634 716 5696 alia
731 5633 1097 5712 praetermisi,
1123 5650 1299 5707 quam
1322 5651 1450 5709 qua:
1475 5634 1854 5708 appellativa,
1881 5643 1943 5693 ut
1963 5640 2190 5709 vocant,
2214 5634 2683 5710 signiﬁcationis,
2704 5651 2819 5692 non
2839 5636 3083 5711 propriae
3105 5640 3382 5705 sunt,_aut
3402 5637 3550 5692 certe
3569 5625 3778 5705 ignobi-
