4058 6172
1573 272 1676 337 DE
1715 271 2208 339 PAL'JESTINE
2248 275 2498 342 LUCIS'.

324 404 477 495 ltum
508 405 653 495 sunt
677 398 1026 495 vinclorum,
1059 397 1399 495 quaagnullis
1426 403 1724 464 distantiis
1745 412 2125 483 annotantur,
2160 415 2217 467 et
2244 428 2368 483 quae
2398 414 2541 470 adeo
2573 413 2759 471 satius
2784 419 2907 473 erat
2934 418 3301 495 praeteriisse,
3319 436 3499 495 quam
3530 420 3739 483 fucum?

320 492 878 587 lectoribus-facere,
907 495 962 587 ἐἰ
994 494 1174 587 certis
1195 493 1418 587 incerta
1448 496 1852 554 miscerentur.
1888 498 2099 555 Praesto
2130 504 2333 575 autem,
2352 501 2461 557 fuit
2490 502 2615 574 ipse
2644 502 3033 579 Hieronymus
3062 508 3188 565 suis
3216 492 3356 567 aliis
3377 512 3631 587 scriptis,
3677 519 3739 573 et

322 598 465 639 cum
496 581 707 655 primis
736 581 795 637 in
829 582 1076 654 epistola
1105 584 1178 638 ad
1212 584 1572 655 Dardanum,
1619 585 1679 640 in
1712 591 1912 643 nostra
1959 589 2293 645 recensione
2326 592 2445 661 129,
2498 591 2598 648 ubi
2646 592 2928 650 universa;
2978 597 3367 666 possessionis
3394 581 3731 660 Judaiorum

318 668 756 764 longitudinem
789 672 1029 764 quidem
1060 673 1301 728 metitur
1327 690 1360 727 a
1392 678 1515 729 Dan
1543 691 1717 746 usque
1744 677 2021 749 Bersabee,
2064 693 2183 749 quis
2212 681 2309 733 vix
2352 690 2570 736 centum
2594 684 2884 754 sexaginta
2928 685 3179 741 millium
3207 687 3267 742 iu
3309 688 3532 760 longum
3557 694 3737 764 spatia

317 760 610 823 tunditur;
640 759 1013 816 latitudinem
1040 778 1173 817 vero
1202 779 1236 818 a
1259 767 1438 834 lappe
1466 780 1636 835 usque
1665 766 1736 819 ad
1764 766 2006 821 viculum
2034 766 2306 823 Bethleem
2339 769 2705 840 quadraginta
2733 786 2830 825 sex
2853 773 3120 845 millium,
3142 777 3236 830 cui
3260 759 3500 833 succedit
3536 759 3733 836 vastis-

320 852 471 907 sima
496 849 735 906 solitudo
760 850 930 922 plena
958 853 1227 921 feracium
1258 853 1661 909 Barbarorum.
1701 852 1888 909 Licuit
1916 853 2012 909 hic
2042 854 2368 927 intelligere
2397 856 2640 913 totidem
2672 859 2924 917 millium
2956 862 3252 933 regionem
3299 869 3501 921 contra
3528 866 3734 924 Orion-

316 944 447 1022 tem
476 942 632 994 recto
652 938 735 1027 ad
765 939 1081 1027 Jordanem
1114 940 1368 1010 tramite,
1401 945 1576 1013 atque
1601 958 1633 995 a
1660 942 1917 998 Jordane
1948 944 2018 997 ad
2050 943 2337 1014 Chesbon,
2376 946 2572 1001 Peraeae
2604 948 2831 1019 urdem,
2865 949 3004 1019 sive,
3039 955 3104 1005 ut
3133 952 3382 1009 Eusebio
3414 953 3622 1027 placet,
3658 957 3731 1012 ad

320 1043 512 1099 usque
541 1026 1030 1100 Philadelphiam,
1064 1045 1191 1098 quas
1222 1029 1421 1084 decem
1454 1047 1633 1102 supra
1679 1030 1944 1087 Chesbon
1979 1031 2242 1089 millibus
2291 1052 2325 1089 a
2352 1035 2605 1091 Jordane
2652 1039 3129 1109 protendebatur.
3164 1041 3310 1097 Nam
3352 1026 3489 1098 etsi
3518 1044 3735 1101 Judma

315 1116 573 1173 latitudo
605 1116 782 1188 paulo
810 1121 901 1172 est
936 1116 1230 1187 incertior,
1285 1118 1440 1188 quod
1472 1127 1756 1191 quanlum
1812 1119 1967 1175 ultra
1995 1121 2306 1178 Jordanem
2354 1131 2702 1193 excurreret,
2736 1144 2852 1182 non
2907 1128 3052 1185 satis
3084 1129 3234 1186 inter
3289 1136 3556 1189 auctores
3593 1149 3732 1192 con~

315 1205 551 1261 veniat:
585 1204 907 1261 sentiebam
942 1209 1159 1276 tamen,
1194 1222 1309 1261 non
1340 1223 1410 1261 ex
1436 1207 1752 1278 variorum,
1785 1212 1842 1265 et
1868 1211 2211 1282 plerumque
2238 1212 2559 1269 recentium
2590 1215 2902 1287 viatorum,
2962 1216 3252 1290 opinione,
3290 1236 3384 1281 ne
3439 1220 3631 1277 dicam
3661 1239 3733 1280 ex

314 1293 670 1363 Thaimude,
719 1310 786 1349 ac
825 1294 1162 1350 Judaeorum
1208 1295 1454 1352 somniis
1487 1297 1631 1352 mihi
1680 1297 1860 1353 luisse
1890 1300 2306 1356 describendos
2356 1301 2658 1359 Palestina:
2691 1305 2857 1375 fines,
2906 1307 3006 1362 sed
3037 1323 3105 1363 ex
3158 1307 3500 1379 hujusmodi
3528 1326 3728 1368 rerum

317 1381 731 1453 solertissime,
764 1386 891 1437 tum
924 1383 997 1438 ob
1029 1382 1374 1439 eruditionis
1402 1382 1659 1455 laudem,
1693 1389 1820 1440 tum
1852 1387 1923 1441 ob
1952 1387 2062 1443 loci
2095 1388 2366 1444 viciniam
2397 1391 2736 1448 Caesariensi
2790 1393 3081 1466 episcopo,
3124 1397 3376 1467 eiusque
3414 1396 3731 1471 interprete

320 1487 539 1544 magno
586 1471 961 1544 Hieronymo,
1017 1473 1119 1542 qui
1162 1472 1330 1528 sedes
1378 1473 1509 1529 illas
1557 1478 1614 1529 et
1642 1474 1932 1532 curiosius
1962 1478 2309 1549 peragravit,
2341 1483 2398 1534 et
2444 1479 2661 1536 multos
2710 1497 2896 1538 annos
2953 1481 3216 1539 incoluit.
3246 1484 3637 1549 Quamobrem
3670 1491 3729 1542 et

317 1559 492 1616 multi
520 1559 783 1618 facienda
812 1577 945 1617 sum
980 1561 1303 1617 arbitratus
1335 1561 1464 1634 ipsa
1492 1579 1560 1619 ex
1590 1563 1941 1637 Hieronymo
1963 1567 2246 1639 Excerpta,
2269 1583 2397 1638 quae
2420 1569 2493 1624 ad
2514 1567 2777 1625 locorum
2799 1569 3103 1627 intervalla
3125 1572 3366 1644 iaciunt,
3390 1578 3450 1631 et
3468 1573 3554 1630 sic
3583 1574 3729 1631 satis

311 1649 582 1707 studiose
612 1655 746 1723 post
772 1650 1173 1706 Martianmum
1207 1649 1433 1724 collegi,
1466 1656 1531 1707 ut
1550 1653 1677 1723 jam
1709 1653 1828 1709 sint
1856 1656 2173 1711 maximam
2206 1660 2433 1728 partem
2463 1657 2743 1730 auctiora,
2783 1659 3135 1716 Praetermisi
3185 1666 3382 1717 autem
3428 1662 3564 1734 alia,
3596 1679 3724 1737 qua:

306 1754 386 1796 ex
413 1739 724 1812 temetipso
756 1737 977 1795 recolas
1008 1756 1078 1795 ex
1107 1738 1356 1811 epistola
1385 1740 1505 1810 108,
1535 1740 1653 1797 sive
1684 1742 1742 1798 S.
1777 1742 1965 1799 Paulae
1999 1743 2312 1816 epitaphio,
2364 1762 2399 1800 a
2426 1763 2484 1800 n.
2518 1747 2553 1801 8
2602 1747 2674 1802 ad
2709 1748 2794 1818 15,
2825 1750 3001 1820 atque
3046 1765 3116 1805 ex
3145 1748 3265 1821 illa,
3316 1765 3444 1822 quis
3473 1751 3545 1807 de
3571 1752 3726 1808 Man-

302 1828 563 1884 sionibus
590 1828 660 1883 ad
681 1828 961 1884 Fabiolam
991 1827 1354 1898 inscribitur,
1388 1828 1448 1884 in
1488 1833 1690 1885 nostra
1736 1832 2075 1887 recensione
2118 1835 2208 1903 78,
2258 1849 2384 1904 quae
2426 1838 2594 1890 erant
2643 1836 2822 1892 ferme
2852 1853 2920 1893 ex
2967 1836 3194 1911 integro
3224 1838 3639 1914 describenda,
3673 1840 3727 1898 si

304 1932 443 1990 quas
475 1915 560 1973 ibi
590 1916 662 1973 de
685 1916 871 1974 Terrae
914 1920 1128 1973 sanctae
1159 1915 1405 1973 urbibus
1435 1918 1766 1989 traduntur,
1802 1918 2009 1976 fuisset
2040 1920 2274 1977 animus
2304 1921 2597 1979 exhibere.

318 2130 3728 2163 Μή

1267 2322 1446 2428 EX
1540 2322 2261 2431 HIEBONYMI
2364 2326 2761 2434 LIBBIS

1715 2490 2319 2643 EXCERPTA

611 2779 827 2902 DE
917 2776 1659 2924 ALIQUOT
1747 2776 2803 2900 PALXESTINXE
2887 2777 3401 2907 LOCIS.

578 3032 615 3056 ’δ

312 3266 317 3269 Α
406 3205 989 3268 πῡιΑάναιιεγηηιοη
1042 3203 1184 3259 urbs
1241 3205 1332 3258 est
1353 3203 1524 3274 juxta
1574 3201 1947 3273 Jezraelem’,

2085 3202 2335 3275 plerique
2382 3203 2696 3274 aestimant,
2764 3206 2921 3277 quod
2972 3206 3188 3281 Ἄρεος,
3234 3206 3293 3264 id
3361 3211 3452 3264 est
3504 3210 3715 3281 Martis,

302 3314 439 3371 quas
495 3296 606 3353 hoc
663 3293 805 3351 olim
858 3292 1142 3349 vocabulo
1199 3296 1541 3362 nuncupata
1596 3296 1703 3361 est,
1781 3291 1951 3347 hodie

298 3388 548 3443 vocatur
574 3380 1100 3453 Maximianopolis,
1161 3379 1220 3435 in
1274 3394 1478 3452 campo
1512 3380 1853 3451 Mageddon,
1888 3379 1947 3434 in

296 3491 420 3548 quo
450 3472 643 3531 Josias
664 3488 762 3528 rex
787 3488 822 3527 a
843 3469 1144 3526 Pharaone
1169 3472 1556 3541 cognomento
1572 3467 1801 3524 Nechao
1830 3466 1951 3522 vul-

300 3566 545 3618 neratus
576 3565 665 3618 est
692 3560 857 3634 (Zach
886 3560 1014 3628 xu.)

382 3649 580 3706 Abila.
610 3654 764 3706 Mare
796 3648 1081 3718 Rubrum,
1114 3646 1173 3703 in
1196 3647 1367 3717 cujus
1416 3644 1612 3701 littore
1643 3643 1813 3699 Abila
1841 3662 1946 3717 po-

293 3737 415 3806 sita
444 3742 549 3809 est,
585 3739 683 3797 ubi
714 3754 871 3794 nunc
902 3739 1163 3792 moratur
1189 3734 1359 3806 legio,
1393 3736 1450 3789 et
1477 3732 1816 3804 praesidium
1841 3734 1947 3789 Ro-

291 3845 620 3885 manorum
650 3827 862 3900 (Ezeeh.
898 3824 1092 3895 xnvn).

358 3918 606 3974 Anathol
634 3920 723 3973 est
751 3916 980 3972 viculus
1031 3913 1089 3967 in
1140 3911 1311 3968 tertio
1360 3909 1639 3967 milliaria
1696 3910 1768 3966 ab
1803 3911 1945 3967 urbe

290 4006 649 4081 (Jerusalem)
702 4004 851 4061 situs
908 4004 1163 4076 (Pratum.
1224 4002 1285 4055 in
1343 4000 1440 4055 lib.
1494 4001 1828 4055 i'Comment
1885 4001 1942 4054 in

289 4094 445 4166 Osee)
506 4096 713 4149 contra
767 4088 1225 4163 septentrionem
1282 4086 1608 4144 Jerusalem
1658 4086 1716 4142 in
1776 4086 1944 4142 tertio

294 4180 601 4239 milliario.
636 4181 854 4252 (Jerem.
888 4184 951 4246 1).
1010 4189 1016 4201 '

364 4270 604 4343 Aped-no.
640 4268 808 4342 Figat
865 4264 1311 4323 tabernaculum
1346 4280 1521 4321 suum
1580 4264 1639 4319 in
1707 4264 1944 4337 Apedno

281 4353 467 4434 juxta
521 4355 851 4430 Nicopolin,
909 4371 1036 4427 quae
1078 4352 1243 4425 prius
1297 4353 1578 4409 Emmaus
1607 4353 1942 4419 vocabatur,

287 4447 394 4505 ubi
414 4446 713 4520 incipiunt
734 4448 1017 4500 montana
1035 4442 1249 4497 Judaeaz
1273 4457 1628 4513 consurgere
1653 4442 1814 4513 (Dan.
1842 4442 1943 4513 xx).

322 4546 327 4549 ‘
361 4535 590 4592 Arabia.
616 4535 737 4591 Rex
766 4530 1146 4605 Babylonis...
1182 4529 1515 4602 egredietur
1558 4530 1794 4601 quidem
1828 4547 1945 4585 uno

296 4624 514 4682 itinere
542 4622 967 4688 Chaldaeorum,
1027 4620 1128 4676 sed
1182 4636 1317 4675 cum
1358 4619 1581 4675 venerit
1629 4636 1731 4691 per
1759 4620 1953 4676 deser-

286 4718 421 4770 tum
450 4714 510 4769 et
537 4711 921 4768 solitudinem
955 4710 1111 4766 294
1140 4709 1212 4764 ad
1243 4707 1480 4764 bivium
1513 4712 1678 4763 terra:
1707 4708 1950 4776 Arabia},

299 4817 434 4875 quas
467 4799 798 4875 appellatur
832 4798 1089 4855 ﬁliorum
1119 4801 1394 4865 Ammon,
1428 4814 1675 4868 quarum
1710 4814 1828 4852 una
1860 4797 1954 4853 via

290 4889 626 4949 Jerusalem
653 4888 819 4944 ducit
847 4887 917 4942 ad
951 4889 1247 4943 dexteram
1284 4890 1534 4958 partem,
1558 4885 1800 4941 sinistra
1817 4903 1951 4942 vero

292 4980 371 5037 ad
428 4977 701 5036 Rahbath
734 4975 991 5032 filiorum
1021 4979 1295 5041 Ammon,
1329 4990 1455 5046 quas
1484 4977 1573 5029 est
1597 4973 1799 5029 civitas
1829 4991 1950 5031 me-

290 5066 566 5141 tropolis,
624 5070 682 5124 et
735 5064 911 5120 hodie
964 5062 1377 5136 Philadelphia
1435 5062 1797 5130 nominatur,
1837 5067 1947 5120 etc.

305 5155 508 5230 (Επιεή
535 5156 677 5228 xxx).

326 5258 333 5263 ’
368 5249 467 5316 Ar,
499 5245 705 5301 civitas
757 5242 1097 5316 metropolis
1141 5241 1400 5315 regionis
1444 5240 1635 5309 Moab,
1661 5257 1787 5312 qua:
1817 5258 1947 5314 pro-

293 5334 492 5391 vincia
519 5319 610 5391 est
640 5334 924 5389 Arabum.
956 5332 1140 5389 Hodie
1172 5348 1241 5387 cx
1271 5331 1507 5386 Hebraeo
1532 5334 1589 5385 et
1616 5330 1813 5387 Graeco
1834 5346 1951 5387 ser-

298 5439 474 5481 mone
521 5422 865 5495 composita,
915 5420 1223 5493 Areopolis
1273 5425 1687 5492 nuncupatur;
1738 5437 1851 5475 non
1887 5424 1951 5475 ut

380 5601 403 5639 τ
422 5600 652 5662 Vitiosa
684 5600 957 5662 Martian.
987 5600 1319 5663 Jerusalem.

2062 3291 2268 3348 civitas
2300 3292 2377 3349 sit
2407 3293 2523 3365 (15a
2549 3294 2668 3365 xv).

2130 3380 2336 3447 Aman,
2371 3385 2462 3438 est
2489 3382 2777 3437 terminus
2807 3384 3282 3441 Amorrhaaorum
3330 3389 3391 3441 et
3412 3387 3693 3444 Moabita-

2059 3485 2191 3524 rum
2220 3470 2402 3539 (Ibid).

2129 3557 2328 3613 Azotus
2385 3558 2540 3613 Mare
2589 3561 2784 3614 autem
2834 3558 3223 3616 novissimum
3281 3560 3543 3633 intelligo
3591 3560 3702 3618 hoc

2056 3646 2211 3717 quod
2244 3646 2316 3700 ad
2340 3646 2704 3702 occidentem
2725 3650 2832 3713 est,
2853 3650 2910 3702 et
2926 3648 3082 3718 quod
3102 3647 3264 3703 ducit
3283 3648 3342 3703 in
3363 3650 3701 3721 Egyptum,

2056 3733 2114 3788 in
2165 3735 2338 3805 cujus
2381 3733 2575 3789 littore
2621 3734 2775 3790 Gaza
2821 3739 2878 3789 et
2924 3734 3199 3805 Ascalon,
3267 3737 3599 3809 Azotusque
3643 3741 3704 3793 et

2052 3823 2259 3895 Joppe,
2286 3825 2344 3878 et
2373 3821 2653 3891 Caesarea,
2687 3827 2744 3878 et
2771 3826 2991 3879 caeteras
3022 3824 3199 3879 urbes
3231 3824 3539 3883 maritima
3580 3826 3707 3883 sitas

2056 3914 2195 3966 sunt
2224 3912 2363 3983 (Joel
2396 3913 2485 3980 ιι).

2126 4000 2411 4055 Bersabee.
2445 3999 2554 4056 Ubi
2584 4003 2640 4055 et
2668 4000 2965 4057 Bersabee
2992 4017 3182 4074 usque
3212 4002 3385 4059 hodie
3422 4004 3709 4077 oppidum

2054 4092 2175 4144 est:
2212 4105 2339 4161 quis
2370 4088 2669 4161 provincia
2698 4093 2831 4146 ante
2861 4090 3016 4146 295
3052 4107 3171 4147 non
3218 4092 3440 4164 grande
3475 4096 3711 4166 tempus

2054 4194 2123 4233 ex
2169 4176 2457 4234 divisione
2503 4178 2829 4234 Prazsidum
2883 4177 3215 4249 Palestina,
3277 4180 3563 4237 Salutaris
3618 4186 3711 4239 est

2055 4264 2211 4322 dicta
2245 4267 2465 4339 (Quaest.
2498 4266 2570 4322 ad
2601 4266 2731 4322 Gen.
2766 4283 2905 4338 χχιι,
2939 4267 3052 4339 30).

2126 4356 2454 4412 Belli-aven.
2496 4355 2631 4419 Quae
2665 4356 2960 4427 quondam
2993 4356 3311 4412 vocabatur
3358 4357 3580 4429 Bethel,
3618 4363 3710 4416 est

2055 4445 2198 4500 urbs
2232 4444 2287 4499 in
2316 4445 2471 4500 tribu
2502 4444 2782 4517 Ephraim
2838 4449 2968 4517 post
3016 4443 3319 4516 Benjamin
3350 4464 3363 4514 ;
3414 4446 3516 4502 ubi
3548 4447 3707 4504 enim

2062 4533 2263 4588 {initur
2290 4535 2619 4605 Benjamin,
2664 4532 2822 4589 haud
2873 4532 3076 4606 procul
3114 4533 3172 4589 in
3222 4533 3379 4591 tribu
3430 4535 3707 4609 Ephraim

2064 4622 2184 4678 haec
2214 4623 2355 4677 urbs
2385 4622 2621 4678 condita
2648 4627 2738 4678 est
2770 4624 2925 4691 (Osee
2952 4623 3026 4693 v).

2136 4713 2412 4767 Bethulia.
2461 4713 2605 4767 Cum
2658 4710 2887 4767 infinito
2935 4711 3171 4783 agmine
3228 4711 3709 4784 prosequentium

2060 4800 2218 4855 venit
2245 4798 2642 4856 Bethuliam...
2675 4800 2886 4870 quinto
2933 4799 3028 4855 die
3079 4799 3240 4856 venit
3286 4798 3586 4856 Pelusium
3627 4800 3714 4873 (In

2066 4890 2165 4945 Vit.
2200 4889 2254 4944 S.
2288 4886 2659 4957 Hilarionis).

2134 4977 2492 5033 Cadesbarne.
2530 4978 2587 5031 In
2620 4976 2854 5032 deserto
2904 4980 3017 5044 est,
3067 4977 3223 5050 quod
3268 4975 3613 5034 extenditur
3640 4977 3714 5033 ad

2060 5066 2268 5122 urbem
2300 5069 2530 5121 Petram
2562 5064 2783 5135 (Ezech.
2812 5065 3035 5137 xnvm.)

2132 5156 2429 5211 Carmelus.
2482 5154 2607 5210 Duo
2655 5157 2799 5209 sunt
2849 5158 3083 5210 montes
3132 5154 3232 5227 qui
3285 5158 3570 5212 vocantur
3605 5153 3716 5211 hoc

2060 5244 2293 5300 nomine
2318 5262 2331 5312 ;
2366 5242 2511 5299 alter
2528 5243 2587 5298 in
2612 5258 2727 5313 quo
2753 5242 2867 5298 fuit
2888 5242 3075 5298 Nabal
3096 5244 3441 5315 Carmelius,
3464 5243 3716 5300 maritus

2058 5331 2307 5404 Abigail,
2341 5331 2413 5387 ad
2444 5328 2778 5387 Australem
2831 5329 3104 5403 plagam:
3141 5329 3289 5389 alter
3326 5333 3499 5405 juxta
3527 5330 3714 5388 Ptole-

2060 5421 2315 5477 maidem
2346 5421 2534 5491 (juxta
2566 5419 2839 5475 Phtenicis
2870 5421 3181 5492 terminos),
3225 5437 3353 5494 qus:
3406 5420 3571 5494 prius
3613 5434 3712 5474 vo-
