4084 6170
355 309 484 378 979

1592 317 1656 379 S.
1704 315 2016 380 EUSEBII
2062 314 2529 380 HIERONYMI.

360 446 602 503 cabatur
629 445 809 519 Acho,
844 448 990 504 mari
1021 447 1360 518 imminens,
1411 449 1470 506 in
1519 467 1635 522 quo
1679 450 1838 506 Elias
1871 467 2004 522 pro-
2033 453 2091 518 Α
2193 451 2423 524 Galaad,
2456 468 2636 525 quam
2667 455 2927 527 possedit
2955 452 3201 511 dimidia
3249 451 3441 511 tribus
3469 451 3782 524 Manasse,

356 535 534 608 pheta
565 537 727 592 flexis
757 538 1006 609 genibus
1039 539 1267 610 pluvias
1299 540 1631 612 impetravit
1657 541 1837 608 (Amos
1871 541 1932 609 1).

430 644 728 700 Carmelus.
764 644 824 700 Si
874 645 1202 701 absconditi
1256 647 1471 702 fuerint
1521 647 1579 700 in
1630 647 1840 701 vertice
1869 650 2007 702 Car-

359 729 520 798 meli,
552 731 638 786 vel
663 732 834 802 juxta
863 732 1158 788 Phaenices
1211 733 1489 789 terminos
1552 734 1611 788 in
1661 733 2007 805 septentrio-

358 819 476 876 nali
511 819 683 892 plaga
712 821 784 874 ad
818 821 1120 876 meridiem
1154 827 1390 894 propter
1443 822 1622 877 eremi
1653 823 2003 888 vastitatem,

360 908 460 964 ubi
479 909 764 965 habitavit
781 911 1077 980 quondam
1099 911 1281 966 Nabal
1303 912 1624 967 Carmelius
1661 911 1839 981 (Amos
1860 912 2004 981 VIII).

435 1016 716 1071 Carmelus
744 1033 899 1072 mons
929 1017 987 1072 in
1039 1018 1288 1072 confinio
1337 1017 1644 1074 Palestina;
1696 1022 1752 1072 et
1782 1017 2006 1072 thni-

362 1121 458 1162 ces
490 1104 829 1160 Ptolemaidi
861 1105 1152 1172 imminet,
1185 1104 1317 1160 licet
1346 1110 1403 1161 et
1432 1106 1582 1162 alius
1607 1106 1665 1160 in
1690 1105 2008 1177 Scripturis

361 1193 584 1250 sanctis
616 1211 786 1250 mons
815 1193 1116 1249 Carmelus
1147 1193 1494 1265 appellatur,
1529 1196 1586 1250 in
1618 1211 1735 1267 quo
1769 1194 1880 1249 fuit
1901 1195 2008 1249 Na-

358 1282 456 1338 bal
485 1282 809 1338 Carmelius
841 1284 948 1354 (Isa
972 1283 1151 1353 xx1x).

433 1371 626 1442 Cedar,
678 1389 806 1443 quae
856 1373 1150 1444 quondam
1207 1371 1604 1428 inhabitabilis
1653 1372 1782 1439 fuit,
1850 1370 2006 1443 regio

357 1463 522 1517 trans
551 1461 827 1516 Arabiam
858 1461 1285 1516 Saracenorum
1318 1463 1456 1529 (lsa.
1494 1463 1654 1532 xLu).

433 1552 555 1606 Dan
588 1550 647 1603 in
680 1549 949 1604 terminis
979 1552 1144 1604 terrae
1168 1549 1447 1617 Judaicm,
1475 1549 1572 1603 ubi
1602 1566 1756 1604 nunc
1781 1553 2003 1604 Paneas

358 1641 449 1694 est
481 1638 662 1710 (Amos
691 1639 834 1708 V111).

433 1730 576 1780 Dan.
611 1725 871 1797 Septima
899 1727 1021 1782 Dan
1054 1742 1241 1797 usque
1294 1727 1362 1780 ad
1415 1728 1681 1798 Joppem,
1737 1727 1836 1781 ubi
1867 1732 2006 1782 sunt

2119 545 2282 596 trans
2323 543 2634 612 jordanem
2689 544 2992 616 Scriptura
3039 547 3474 600 commemorat.
3533 543 3598 599 In
3645 559 3758 614 quo

2120 634 2314 684 monte
2343 631 2536 686 Laban
2565 632 2881 704 fugientem
2931 637 3282 688 consecutus
3329 636 3421 687 est
3460 631 3662 701 Jacob,
3703 635 3761 686 et

2119 735 2290 774 mons
2320 719 2483 790 juxta
2513 720 2786 776 Genesim
2818 738 3032 777 nomen
3064 721 3287 794 accepit
3316 720 3516 794 σωρὸς,
3566 720 3623 774 id
3653 724 3757 788 est,

2118 808 2384 862 tumultus
2415 809 2757 880 testimonii,
2790 827 2856 866 eo
2907 812 3061 882 quod
3095 811 3175 866 ibi
3225 810 3405 866 Jacob
3454 809 3766 880 Labanque

2110 895 2439 965 juraverint
2467 898 2525 952 in
2558 914 2830 954 acervum
2879 899 3174 970 lapidibus
3227 897 3618 971 congregatis.
3669 898 3767 953 Est

2117 989 2312 1039 autem
2344 992 2538 1057 caput,
2590 987 2710 1042 sive
2759 987 3114 1059 principium
3162 987 3364 1042 Libani
3419 986 3640 1042 montis
3671 1003 3765 1042 ex-

2117 1071 2276 1141 celsi,
2307 1074 2406 1145 qui
2437 1075 2745 1131 universus
2774 1075 2964 1131 cedris
2994 1075 3258 1130 consitus
3287 1079 3377 1131 est
3406 1075 3763 1148 (Hieronym.

2118 1163 2178 1216 in
2207 1179 2252 1216 ε.
2286 1180 2398 1218 xm
2424 1165 2700 1220 Jeremiae.

2186 1254 2535 1308 Genesareth.
2568 1254 2755 1308 Lacus
2783 1252 3040 1308 Jordane
3070 1251 3349 1307 inﬂuente
3396 1251 3672 1318 efficitur,
3701 1251 3762 1306 in

2117 1341 2286 1409 cnjus
2318 1339 2512 1396 littore
2544 1340 2991 1413 Cbaphanaum,
3041 1343 3098 1395 et
3145 1340 3429 1405 Tiberias,
3479 1345 3538 1396 et
3586 1339 3763 1396 Deth-

2115 1429 2296 1498 saida,
2331 1433 2387 1484 et
2416 1429 2758 1486 Chorozaim
2790 1430 2915 1485 sitm
2949 1434 3088 1485 sunt
3116 1430 3242 1501 (Isa.
3278 1430 3377 1500 1x).

2189 1535 2431 1591 Geraris.
2466 1536 2822 1607 Notandum,
2859 1537 3010 1608 quod
3063 1536 3132 1592 de
3181 1536 3412 1592 Geraris
3463 1551 3653 1608 usque
3690 1536 3765 1590 ad

2117 1629 2376 1680 montem
2398 1623 2605 1695 Moria,
2641 1625 2698 1680 id
2732 1630 2822 1680 est
2854 1626 3054 1680 sedem
3101 1624 3326 1697 templi,
3377 1625 3488 1680 iter
3532 1625 3764 1680 dierum

2111 1715 2289 1770 trium
2321 1715 2398 1770 sit
2430 1717 2654 1786 (Quaest.
2690 1715 2746 1769 in
2785 1713 2935 1783 Gem,
2969 1730 3018 1784 c,
3053 1731 3219 1782 xxm,
3252 1715 3331 1783 5).

357 1817 551 1869 turres
580 1814 773 1882 Ailon,
807 1819 862 1869 et
889 1814 1099 1881 Selebi,
1131 1821 1187 1870 et
1219 1819 1516 1882 Emmaus,
1555 1833 1680 1887 quae
1710 1833 1865 1871 nunc
1905 1833 2004 1887 ap-
2037 1821 2084 1886 B
2188 1820 2317 1876 Geth
2366 1821 2456 1892 (ut
2515 1821 2850 1893 Regnorum
2911 1835 3142 1892 quoque
3198 1823 3448 1875 testatur
3495 1819 3766 1887 historia)

357 1901 614 1975 pellatur
660 1901 972 1973 Nicopolis,
1027 1903 1162 1958 licet
1209 1909 1410 1976 postea
1457 1904 1794 1976 legerimus,
1849 1907 2002 1976 quod

358 1991 617 2063 ceperint
647 1991 1146 2061 sibi,transcensis
1177 1993 1308 2048 aliis
1339 1994 1644 2064 tribubus,
1683 1995 1886 2049 urbem
1910 1995 2008 2049 Le-

357 2094 483 2135 sem
513 2079 572 2134 in
602 2080 758 2134 tribu
813 2081 950 2151 Dan,
1000 2097 1125 2152 quae
1176 2081 1349 2138 hodie
1408 2083 1738 2155 appellatur
1782 2087 2005 2138 Paneas

357 2169 580 2238 (Ezech.
606 2169 824 2240 vam).

433 2259 630 2314 Dimon
659 2267 713 2313 et
743 2260 940 2314 Dibon.
973 2261 1054 2316 Ne
1085 2260 1216 2332 quis
1246 2261 1563 2332 Scriptoris
1588 2261 1794 2316 vitium
1821 2267 2003 2334 putet,

359 2349 417 2402 et
441 2363 696 2402 errorem
726 2349 1040 2404 emendare
1071 2350 1212 2404 dum
1242 2349 1386 2418 vult,
1437 2350 1612 2406 faciat
1639 2368 1651 2417 ;
1705 2367 1822 2405 una
1866 2351 2006 2406 urbs

359 2439 417 2490 et
447 2453 550 2507 per
576 2453 634 2490 m
662 2440 718 2490 et
748 2454 850 2508 per
881 2438 909 2492 b
940 2438 1192 2494 litteram
1225 2439 1540 2494 scribitur:
1573 2456 1603 2494 e
1647 2439 1864 2510 quibus
1911 2439 2006 2494 Di-

360 2539 519 2594 mon,
549 2526 1271 2598 silentiuminterpretatur
1307 2544 1320 2593 ;
1348 2527 1554 2597 Dibon,
1579 2531 1752 2598 ﬂuens
1775 2547 1794 2589 ,·
1822 2529 2006 2584 indito

361 2616 610 2683 utroque
642 2614 877 2670 nomine
909 2620 1146 2687 propter
1177 2615 1395 2687 latices,
1430 2616 1532 2688 qui
1581 2617 1755 2672 tacite
1799 2618 2003 2672 ﬂuant.

360 2699 557 2772 Usque
583 2701 756 2758 hodie
782 2705 1182 2760 indifferenter
1210 2709 1267 2760 et
1314 2705 1525 2761 Dimon
1575 2710 1633 2761 et
1683 2706 1865 2761 Dibon
1899 2707 2007 2762 hoc

362 2789 707 2862 oppidulum
738 2793 953 2849 dicitur
983 2796 1110 2866 (Isa.
1136 2796 1254 2864 xv).

429 2884 610 2935 Duma
641 2881 817 2954 Regio
850 2883 1123 2953 Idumea,
1158 2900 1285 2954 qua:
1317 2883 1388 2938 ad
1423 2887 1704 2938 Austrum
1736 2884 1922 2955 vergit
1952 2888 2008 2938 et

360 2968 434 3023 ab
494 2970 637 3025 urbe
667 2971 1126 3044 Palestinze,quae
1160 2971 1332 3028 hodie
1359 2972 1573 3027 dicitur
1597 2971 2004 3044 Eleutheropo.

358 3055 434 3112 lis
463 3059 534 3113 20
554 3058 739 3114 distat
768 3059 1033 3115 millibus
1069 3062 1174 3131 (Isa
1196 3062 1334 3131 xx1).

429 3146 685 3202 Edomia.
719 3145 888 3202 Unus'
911 3165 1050 3221 ergo
1074 3154 1250 3220 atque
1269 3149 1423 3204 idem
1449 3148 1640 3204 tribus
1667 3149 2005 3205 nominibus

363 3233 707 3305 appellatur,
764 3236 935 3306 Esau,
987 3237 1186 3305 Edom,
1232 3237 1385 3293 ‘296
1438 3237 1580 3305 Seir,
1633 3239 2006 3309 posseditque

364 3337 494 3377 eam
525 3321 842 3393 regionem,
877 3341 1003 3395 quae
1037 3341 1188 3379 nunc
1239 3324 1532 3380 Gebalena
1575 3325 1810 3396 dicitur,
1844 3330 1901 3380 et
1950 3327 2007 3380 in

366 3409 586 3466 ﬁnibus
617 3415 707 3466 est
741 3411 1268 3484 Eleutheropoleos,
1307 3413 1405 3468 ubi
1437 3418 1569 3469 ante
1608 3413 2010 3470 habitaverunt

363 3497 602 3569 Horrzei,
637 3500 736 3571 qui
770 3501 1231 3573 interpretantur
1261 3503 1446 3566 liberi,
1499 3503 1653 3557 unde
1706 3502 1835 3574 ipsa
1868 3504 2008 3558 urbs

362 3590 568 3658 postea
599 3589 804 3644 sortita
833 3589 1181 3646 vocabulum
1214 3596 1322 3645 est.
1359 3591 1520 3657 Quod
1553 3608 1688 3664 ergo
1730 3591 2008 3648 Hebraice

359 3675 563 3747 Edom,
616 3684 673 3733 et
719 3680 909 3734 Graece
956 3679 1172 3735 dicitur
1219 3676 1514 3751 Ἰδουμαία,
1568 3698 1721 3734 nunc
1781 3681 2004 3736 viculus

359 3765 661 3821 Palestina:
712 3774 820 3838 est,
872 3787 905 3823 a
950 3769 1247 3824 conditore
1301 3769 1386 3824 sic
1445 3768 1722 3841 imposito
1771 3769 2005 3826 nomine

361 3854 580 3924 (Abdiaz
610 3856 675 3926 ι).

425 3944 624 3998 Emath
651 3946 857 4016 minor,
887 3947 956 4001 ad
1009 3946 1444 4002 distinctionem
1495 3947 1702 4003 Emath
1755 3964 1999 4019 magnae,

355 4048 483 4104 quae
517 4049 674 4087 nunc
703 4034 1012 4089 Antiochia
1036 4040 1291 4098 vocatur,
1327 4035 1469 4090 urbs
1501 4041 1590 4090 est
1639 4036 1696 4090 in
1735 4037 2004 4092 terminis

352 4121 544 4177 Terraa
575 4126 813 4188 Sanctae,
848 4123 947 4194 qui
973 4122 1154 4178 solem
1209 4125 1553 4196 respiciunt.
1611 4129 1816 4180 Postea
1849 4125 2004 4181 dicta

353 4214 443 4265 est
511 4210 835 4284 Epiphania
882 4213 953 4267 ab
1005 4212 1313 4280 Antiocho,
1387 4213 1478 4267 cui
1549 4218 1998 4283 co;nomentum

350 4298 684 4371 Epiphanes
715 4301 896 4372 (Amos
918 4305 1020 4369 v1).

420 4389 701 4458 Emmaus,
728 4391 898 4461 juxta
945 4389 1290 4462 Nicopolim,
1339 4407 1464 4462 quae
1520 4391 1682 4462 prius
1719 4392 1999 4446 Emmaus

348 4477 685 4547 vocabatur,
718 4480 817 4534 ubi
850 4479 1138 4551 incipiunt
1169 4483 1449 4534 montana
1496 4478 1710 4534 Judaeze
1755 4497 1996 4536 consur-

349 4581 486 4637 gere
507 4567 669 4637 (Dan.
686 4569 788 4638 x11)
804 4609 816 4622 .

419 4657 694 4712 Emmaus.
742 4657 906 4712 Juda)
954 4656 1300 4712 Macchabai
1350 4657 1638 4730 significat
1705 4661 1987 4730 tempora,

346 4744 467 4817 qui,
501 4747 572 4802 de
604 4745 728 4801 vico
761 4746 980 4812 Modin,
1016 4748 1292 4802 fratribus
1325 4764 1390 4801 ac
1423 4746 1768 4818 prepinquis
1791 4764 1990 4803 secum

343 4833 768 4904 annitentibus,
789 4838 845 4889 et
866 4834 1070 4890 multis
1091 4836 1161 4890 de
1181 4834 1392 4907 populo
1413 4835 1770 4906 Judmorum,
1797 4837 1994 4892 Antio-

343 4923 435 4977 chi
466 4924 645 4979 duces
680 4925 1052 4996 suprajuxta
1099 4925 1402 4990 Emmaus,
1453 4940 1579 4993 quae
1634 4941 1792 4980 nunc
1823 4925 1988 4980 Nico-

341 5011 493 5081 polis
523 5013 740 5068 dicitur
768 5014 930 5085 (Dan.
974 5016 1117 5085 vui).

407 5100 695 5172 Engallim
727 5103 783 5156 in
819 5102 1102 5174 principio
1128 5107 1217 5158 est
1246 5102 1438 5158 maris
1469 5101 1699 5171 Mortui,
1731 5102 1830 5156 ubi
1861 5105 1989 5156 Jor-

341 5185 530 5241 danus
606 5191 948 5261 ingreditur.
1006 5192 1267 5264 Engaddi
1347 5206 1500 5260 vero,
1589 5190 1688 5245 ubi
1767 5190 1986 5261 finitur,

342 5278 519 5345 atque
551 5281 918 5335 consumitur
943 5282 1154 5351 (Ezech.
1188 5282 1380 5351 xnvu).

413 5363 638 5417 Esebon.
671 5365 827 5420 Inter
880 5369 1104 5424 Esebon
1149 5375 1205 5424 et
1255 5370 1510 5424 Sabama
1553 5367 1644 5423 vix
1685 5367 1988 5441 quingenti

340 5468 559 5524 passus
580 5458 715 5508 sunt
738 5454 896 5523 (Ibid.
920 5457 1055 5526 xw).

411 5540 613 5597 Gabaa.
650 5542 798 5598 Urbs
829 5548 918 5599 est
948 5544 1006 5598 in
1039 5545 1192 5600 tribu
1227 5547 1552 5616 Benjamin,
1598 5548 1762 5617 juxta
1807 5548 1987 5604 Rama

338 5630 490 5703 (Osee
519 5631 596 5702 v).

2115 1926 2234 1963 una
2263 1913 2351 1964 est
2381 1910 2451 1963 de
2483 1910 2748 1981 quinque
2779 1909 3028 1964 urbibus
3059 1908 3385 1979 Palestinae,
3440 1908 3631 1964 vicina
3656 1909 3765 1963 Ju-

2116 2000 2248 2054 daeae
2282 1999 2554 2067 confinio,
2589 2004 2645 2053 et
2675 1999 2744 2054 de
2763 1997 3194 2070 Eleutheropoli
3226 1998 3503 2054 euntibus
3525 1998 3761 2063 Gazam,

2117 2105 2271 2142 nunc
2302 2105 2489 2158 usque
2516 2087 2677 2142 vicus
2707 2086 2795 2142 vel
2830 2087 3161 2153 maximus;
3207 2087 3362 2142 unde
3408 2086 3521 2142 fuit
3561 2092 3618 2142 et
3646 2088 3763 2143 Go-

2114 2175 2232 2231 liad
2264 2176 2362 2231 ille
2392 2177 2707 2244 Getthaeus,
2742 2192 2917 2247 quem
2969 2175 3153 2230 Dauid
3206 2174 3418 2231 occidit
3463 2175 3522 2230 in
3563 2175 3762 2247 praelia

2116 2265 2200 2335 (In.
2229 2282 2352 2336 cap.
2385 2283 2403 2318 1
2442 2265 2598 2320 Illich.
2633 2265 2745 2319 haec
2775 2265 2903 2319 urbs
2934 2264 3036 2320 ubs
3067 2265 3396 2337 Hieronymo
3425 2264 3557 2320 ibid.
3600 2281 3764 2320 voca-

2116 2357 2209 2408 tur
2237 2355 2551 2409 Palwstinm
2583 2354 2940 2424 metropolis).

2191 2462 2337 2516 297
2376 2461 2521 2530 Gelli,
2559 2477 2685 2532 qum
2717 2463 2806 2515 est
2835 2459 2891 2514 in
2923 2459 3136 2531 Opher,
3189 2460 3343 2515 haud
3392 2459 3633 2532 grandis
3672 2463 3762 2515 est

2116 2548 2345 2604 viculus
2378 2549 2436 2603 in
2477 2548 2734 2604 secundo
2765 2547 3069 2620 Sephorim
3102 2547 3396 2618 milliario,
3431 2565 3558 2619 qua
3588 2547 3763 2604 hodie

2118 2637 2444 2710 appellatur
2472 2637 2830 2693 Dioczesarea
2859 2635 3137 2692 euntibus
3155 2635 3536 2708 Tyberiadem
3563 2635 3767 2703 ;addi-

2120 2731 2216 2781 tur
2263 2726 2472 2797 Opher,
2531 2727 2601 2780 ad
2652 2724 3091 2779 distinctionem
3149 2724 3398 2781 aliarum
3445 2725 3614 2782 Getth
3665 2743 3765 2780 ur-

2120 2815 2282 2869 bium
2315 2815 2572 2884 (l-lieron.
2610 2816 2838 2869 Prowm.
2872 2815 2937 2868 in
2964 2815 3178 2868 Ionam.

2193 2904 2341 2959 Gel/1..
2397 2903 2587 2958 vicina
2634 2907 2809 2974 atquc
2857 2901 3104 2957 confinis
3153 2918 3222 2958 ex
3260 2906 3435 2958 Azoto
3488 2919 3613 2974 quae
3656 2902 3764 2958 He-

2121 2991 2313 3047 braice
2343 2991 2557 3046 dicitur
2584 2991 2757 3046 EStht‘l
2787 2990 3010 3061 (Jerem.
3045 2993 3200 3058 xxv).

2190 3097 2406 3153 Helkesi
2437 3113 2626 3168 usque
2654 3096 2826 3152 hodie
2851 3097 2909 3151 in
2937 3095 3175 3152 Galiliea
3202 3095 3430 3153 vicinus
3478 3100 3586 3164 est,
3633 3114 3764 3169 par-

2038 3188 2079 3254 C
2117 3204 2225 3243 vus
2256 3187 2493 3259 quidem
2525 3191 2583 3241 et
2611 3186 2704 3240 vix
2737 3185 2922 3242 ruinis
2949 3191 3207 3241 veterum
3253 3186 3630 3242 mdiﬁciorum
3675 3186 3763 3241 in-

2120 3275 2322 3331 dicans
2351 3276 2635 3347 vestigia;
2670 3275 2768 3330 sed
2803 3280 2995 3330 tamen
3031 3279 3203 3330 notus
3231 3274 3471 3345 Judaeis,
3522 3280 3579 3330 et
3617 3276 3762 3330 mihi

2118 3380 2352 3435 quoque
2397 3381 2430 3419 a
2479 3363 2953 3419 circumducente
3001 3367 3366 3419 monstratus
3413 3365 3674 3434 (Prowm.
3703 3366 3765 3419 in

2117 3451 2386 3522 Nahum.)

2185 3543 2332 3610 Jasa,
2369 3541 2508 3596 urbs
2556 3558 2682 3612 quae
2732 3541 2958 3596 Mortuo
3005 3541 3152 3595 mori
3204 3540 3490 3610 imminet,
3545 3543 3646 3597 ubi
3676 3547 3767 3598 est

2115 3631 2405 3685 terminus
2437 3629 2744 3700 provincia:
2776 3629 3165 3684 Moabitarum
3199 3630 3323 3700 (lsa.
3357 3631 3474 3698 xv).

2186 3737 2449 3793 Idumam.
2484 3737 2770 3792 Idumaeos
2799 3752 3033 3808 quoque
3065 3753 3097 3790 a
3128 3735 3444 3792 Meridiana
3473 3735 3651 3809 plaga
3671 3737 3763 3793 vix

2114 3825 2486 3897 septuaginta
2515 3825 2776 3896 quinque
2807 3823 3070 3880 millibus
3091 3824 3164 3879 ab
3185 3823 3588 3896 Hierosolyma
3603 3842 3764 3897 sepa-

2113 3918 2275 3970 ratos
2307 3916 2385 3986 (In
2421 3916 2590 3985 Epist.
2613 3913 2682 3968 ad
2702 3913 2972 3984 Dardan.)
2995 3931 3014 3968 :

2181 4023 2449 4078 Idumam.
2479 4020 2682 4076 Omnis
2713 4018 3005 4075 Australis
3053 4018 3210 4091 regio
3260 4019 3653 4076 Idumaeorum
3683 4021 3753 4076 de

2112 4109 2541 4181 Eleutheropoli
2590 4125 2775 4181 usque
2817 4109 3064 4176 Petram,
3115 4113 3174 4162 et
3216 4107 3446 4163 Ahilam
3500 4109 3648 4180 (haec
3677 4113 3767 4165 est

2111 4199 2265 4253 enim
2300 4198 2593 4270 possessio
2625 4199 2797 4268 Esau)
2830 4197 2888 4252 in
2938 4197 3231 4269 specubus
3258 4195 3763 4254 habitatiunculas

2110 4287 2284 4342 habet
2315 4286 2520 4358 (Abdize
2556 4287 2616 4357 1).

2179 4376 2479 4431 Jerusalem
2509 4373 2567 4428 in
2599 4375 2754 4429 tribu
2808 4374 3108 4445 Benjamin
3139 4373 3312 4430 sitam
3362 4373 3564 4431 nullus
3595 4376 3759 4449 igno-

2111 4469 2218 4519 rat.
2253 4463 2547 4519 Thecuam
2573 4480 2804 4534 quoque
2825 4463 3082 4518 viculum
3114 4479 3242 4519 esse
3267 4463 3327 4518 in
3349 4469 3548 4520 monte
3569 4465 3750 4521 situm

2023 4555 2070 4618 D
2102 4557 2159 4609 et
2189 4551 2495 4608 duodecim
2548 4551 2810 4606 millibus
2863 4553 2934 4606 ab
2980 4551 3360 4624 Jerosolymis
3408 4559 3751 4624 separatum

2105 4640 2365 4713 quotidie
2397 4639 2582 4695 oculis
2611 4640 2909 4695 cernimus
2941 4642 3160 4711 (Jerem.
3195 4657 3246 4696 c.
3281 4641 3384 4711 vx.)

2169 4748 2403 4816 Jezrael,
2459 4764 2586 4818 qua:
2639 4763 2794 4801 nunc
2837 4747 3006 4817 juxta
3050 4747 3591 4819 Maximianopolim
3632 4754 3743 4814 est,

2102 4837 2212 4891 fuit
2242 4835 2581 4908 metropolis
2620 4835 2782 4907 regni
2833 4835 3108 4890 Samariae
3138 4854 3150 4903 ;
3188 4853 3365 4907 prope
3398 4852 3577 4907 quam
3611 4842 3755 4893 sunt

2101 4924 2292 4996 campi
2338 4924 2635 4992 latissimi,
2683 4929 2741 4979 et
2790 4923 2960 4980 vallis
3009 4924 3200 4980 nimiae
3251 4925 3562 4995 vastitatis,
3624 4942 3753 4998 quae

2102 5014 2414 5086 plusquam
2483 5013 2682 5068 decem
2733 5011 2984 5066 millium
3031 5012 3292 5068 tenditur
3339 5013 3636 5086 passibus.
3688 5015 3750 5068 In

2100 5103 2207 5159 hac
2255 5102 2569 5158 commisso
2619 5101 2938 5157 certamine
2987 5101 3058 5156 ab
3105 5102 3360 5174 Assyriis
3423 5119 3612 5160 cassus
3654 5107 3743 5158 est

2100 5192 2274 5248 Israel
2309 5191 2460 5263 (Osee
2490 5192 2552 5262 1).

2168 5285 2353 5352 Joppe.
2382 5282 2629 5352 Joppem
2663 5283 2896 5351 portum
2929 5295 3058 5336 esse
3087 5281 3299 5336 Judaeae
3332 5285 3388 5336 et
3417 5281 3477 5336 in
3512 5282 3742 5354 Regno-

2098 5387 2230 5425 rum
2281 5375 2337 5424 et
2378 5368 2858 5440 Paralipomenon
2911 5369 3076 5424 libris
3126 5368 3401 5441 legimus,
3455 5371 3527 5426 ad
3568 5385 3739 5442 quem

2098 5459 2294 5515 Iliram
2330 5473 2563 5528 quoque
2597 5457 2712 5511 Rex
2761 5457 2890 5527 Tyri
2944 5456 3104 5530 ligna
3145 5457 3215 5512 de
3261 5459 3471 5514 Libano
3514 5459 3739 5514 ratibus

2097 5547 2504 5616 transferebat,
2541 5562 2668 5617 quae
2697 5545 3024 5602 Jerusalem
3055 5551 3282 5603 terreno
3315 5548 3521 5604 itinere
3550 5563 3743 5618 perve-

2095 5637 2443 5693 herentur...
2480 5633 2580 5690 sed
2613 5638 2668 5689 et
2692 5634 2860 5705 juxta
2891 5634 3144 5706 regionis
3175 5640 3447 5695 naturam
3478 5635 3549 5692 de
3581 5651 3743 5696 mon-
