4084 6170
338 298 485 371 981‘

1580 305 1683 366 DE
1726 302 2214 366 PALJES'I‘INIE
2253 303 2499 368 LOCIS.

3623 303 3750 373 982

338 441 494 500 tanis
551 444 607 498 et
637 440 794 497 ardis
852 439 922 497 ad
952 440 1177 512 Joppen
1242 443 1299 495 et
1354 439 1704 511 campestria
1754 438 1988 495 veniens
2017 440 2074 507 Α
2176 439 2385 496 Thabor
2421 444 2510 495 est
2540 456 2711 495 mons
2736 439 2794 495 in
2826 438 3081 512 Galilma,
3110 439 3259 499 situs
3287 439 3348 500 in
3404 443 3747 516 campestri-

337 531 643 605 propheta,
678 534 828 586 recte
858 530 1073 585 dicitur
1102 529 1474 585 descendisse
1504 530 1678 598 (Jonas
1710 528 1770 598 1).

409 622 655 678 Madian.
692 619 846 675 Nulli
895 618 1139 673 dubium
1187 623 1294 685 est,
1345 616 1689 671 Madianitas
1721 620 1777 669 et
1806 619 1985 669 totam

336 712 516 767 eremi
568 709 900 765 vastitatem
961 709 1227 779 adjacere
1286 711 1453 761 terrae
1510 704 1733 760 Arabiae
1767 702 1981 773 (Ezech.

335 804 488 869 xxv).

408 889 666 944 Humbre.
700 892 747 940 A
778 886 1037 942 Mambre
1069 901 1256 955 usque
1287 885 1356 939 ad
1400 887 1649 937 Montem
1684 881 1867 937 Moria
1894 880 1987 935 vix

337 978 512 1034 Unius
562 976 676 1032 diei
725 975 834 1030 iter
893 973 1130 1045 plenum
1198 976 1289 1027 est
1348 974 1567 1043 (Qusst.
1630 974 1691 1024 in
1748 971 1875 1025 Gen.
1933 986 1982 1023 c.

336 1086 474 1133 χχιι,
506 1068 585 1135 3).

407 1155 667 1211 Morasthi
700 1170 885 1224 usque
916 1152 1087 1206 hodie
1137 1153 1307 1221 juxta
1344 1147 1830 1218 Eleutheropolim
1890 1164 1984 1201 ur-

332 1248 467 1301 bem
500 1242 838 1307 Palaestinae,
874 1241 1027 1296 haud
1060 1240 1297 1312 grandis
1337 1244 1426 1294 est
1468 1236 1693 1293 viculus
1724 1238 1981 1304 (I’rowm.

335 1335 540 1390 Comm.
578 1336 637 1387 in
666 1332 995 1401 Illic/laeum).

406 1419 967 1491 Nemrim,oppidum
999 1435 1173 1490 super
1205 1435 1363 1473 mare
1394 1418 1813 1485 Mortuum(lsu
1833 1459 1844 1470 .
1868 1420 1980 1483 xv).

408 1513 561 1569 298
587 1512 771 1565 Petra.
803 1508 937 1571 Quae
970 1511 1025 1562 et
1054 1507 1181 1578 ipsa
1218 1508 1359 1561 urbs
1414 1504 1715 1560 Palestina:
1760 1508 1848 1559 est
1878 1504 1986 1573 (Isa

332 1619 491 1656 XLII).

332 1645 347 1656 .
408 1619 491 1655 11.

330 1602 650 1744 xLPiiaran.
681 1687 935 1742 Vicimus
952 1690 1037 1741 est
1062 1684 1221 1741 locus
1246 1684 1424 1739 monti
1451 1684 1591 1738 Sina
1620 1683 1841 1754 (llabac.
1880 1683 1979 1751 ιιι).

405 1778 665 1833 Rabbath.
700 1774 1032 1875 Metropolis
1066 1774 1300 1828 nomine
1328 1773 1778 1875 Rabbath,‘quzs
1811 1770 1982 1875 lio‘die
2014 1811 2061 1875 B

330 1885 367 1923 a
394 1884 527 1939 rege
557 1864 785 1937 Egypti
820 1862 1547 1933 Ptolemaeo,cognomento
1580 1858 1977 1929 Philadelpho,

330 1956 431 2027 qui
466 1954 738 2009 Arabiam
770 1950 975 2015 tenuit,
1010 1966 1142 2005 cum
1170 1950 1372 2004 Judaza
1394 1946 1800 2018 Philadelphia
1836 1962 1981 1999 nun-
2005 1988 2025 2001 .

332 2048 546 2116 cupata
573 2047 662 2097 est
689 2040 905 2110 (Escah
934 2040 1086 2109 xxv).

410 2138 587 2189 Roma
616 2130 871 2186 esturbs
928 2129 986 2181 in
1028 2128 1180 2182 tribu
1242 2126 1569 2197 llenjamin,
1631 2125 1688 2178 in
1732 2124 1977 2195 septimo

332 2221 531 2293 lapide
560 2221 629 2275 ab
656 2215 1074 2289 Hierosolymis
1107 2217 1218 2271 sita
1246 2218 1397 2286 (Osee
1427 2216 1504 2285 v).

404 2309 630 2365 Romoth
660 2308 886 2363 Galaad.
924 2306 1069 2360 Urbs
1100 2310 1262 2359 trans
1292 2305 1604 2360 Jordanem
1662 2304 1717 2356 in
1747 2318 1977 2373 posses-

326 2400 494 2455 sione
526 2398 715 2453 tribus
742 2396 861 2451 Gad
920 2396 1050 2465 Ipsa
1081 2393 1457 2465 fugitivorum
1491 2393 1691 2447 civitas
1724 2392 1851 2445 fuit.

400 2488 775 2544 Rhinocorura
804 2489 894 2539 est
922 2483 1205 2554 oppidum
1265 2483 1323 2537 in
1356 2482 1581 2553 {Egypti
1632 2479 1977 2535 Palaestinae-

327 2593 444 2648 que
476 2575 727 2631 confinio
760 2576 887 2644 (lsa.
922 2575 1120 2638 xxvn).

403 2668 794 2721 Rhinocorura.
857 2660 1003 2716 Urbs
1062 2661 1132 2714 ad
1186 2663 1501 2715 torrentem
1562 2657 1795 2723 deserti,
1858 2657 1977 2711 sive

326 2754 667 2819 occidentis,
724 2756 789 2805 ut
838 2748 981 2802 LXX
1030 2747 1494 2813 transtulerunt;
1532 2746 1683 2799 inter
1740 2761 1867 2799 eam
1922 2749 1977 2798 et

326 2843 628 2898 Pelusium
662 2842 821 2896 rivus
850 2842 963 2897 Nill
989 2836 1107 2892 sive
1134 2843 1361 2893 torrens
1392 2836 1462 2891 de
1488 2851 1681 2890 eremo
1714 2833 1972 2899 veniens,

328 2948 491 2988 mare
522 2932 849 3003 ingreditur
880 2934 1059 3003 (Amos
1089 2932 1188 3001 vr).

397 3021 674 3075 Samaria.
706 3021 903 3076 Altera
928 3022 1068 3076 urbs
1129 3018 1236 3073 fuit
1277 3013 1611 3086 metropolis
1642 3013 1839 3066 decem
1872 3011 1973 3064 tri-

324 3110 534 3174 buum,
570 3126 700 3181 quae
730 3114 931 3181 postea
988 3110 1061 3164 ab
1100 3110 1360 3179 Augusto
1418 3104 1641 3157 Caesare
1683 3099 1975 3172 appellata

323 3202 415 3253 est
444 3176 824 3270 Angusta,-id
854 3202 960 3263 est,
996 3176 1233 3251 Sebaste
1269 3210 1280 3249 :
1313 3194 1372 3247 in
1406 3209 1522 3263 qua
1552 3196 1609 3245 et
1638 3207 1773 3244 ossa
1802 3190 1972 3244 Joan-
2002 3176 2044 3241 C

323 3287 418 3341 nis
443 3286 717 3358 Baptistae
748 3288 983 3341 condita
1010 3290 1147 3340 sunt
1181 3284 1343 3339 (Osee
1378 3282 1435 3351 1).

400 3376 573 3430 Saron
605 3376 798 3430 omnis
822 3378 991 3445 juxta
1021 3377 1243 3445 Joppen
1292 3370 1653 3439 Liddamque
1711 3365 1968 3438 appella-

318 3467 420 3518 tur
451 3464 628 3535 regio,
662 3464 721 3517 in
755 3481 871 3534 qua
902 3463 1170 3518 latissimi
1234 3459 1423 3529 campi
1486 3456 1815 3525 l'ertilesque
1844 3459 1969 3508 ten-

324 3552 551 3605 duntur
578 3553 700 3621 (Isa.
735 3554 952 3623 xum).

405 3642 568 3707 Seqor
596 3640 652 3694 in
694 3641 909 3695 finibus
968 3640 1356 3694 Moabitarum
1407 3636 1520 3689 sita
1561 3637 1668 3693 est,
1701 3631 1966 3685 dividens

328 3727 407 3783 ab
436 3727 506 3781 iis
538 3732 743 3784 terram
778 3728 1067 3784 Pilistiim.

399 3817 645 3871 Sor/tolli.
679 3819 781 3872 Est
810 3834 995 3888 usque
1026 3816 1197 3871 hodie
1230 3816 1432 3870 civitas
1466 3818 1627 3866 trans
1656 3810 1965 3865 Jordanem

320 3907 434 3961 hoc
465 3905 747 3960 vocabulo
770 3906 826 3960 in
860 3911 1019 3977 parte
1042 3902 1454 3976 ScythOpoleos
1477 3902 1627 3969 (Gen.
1649 3898 1964 3967 xxxm,l7).

396 3995 660 4049 Solitudo.
695 3996 826 4057 Quae
859 4014 891 4049 ει
921 3996 1192 4064 Majoma,
1228 3994 1387 4047 Gazae
1421 3989 1699 4059 emporio,
1738 4005 1838 4057 per
1868 3986 1966 4040 lit-

314 4087 415 4138 tus
445 4083 727 4138 euntibus
745 4084 1051 4154 [Egyptum
1083 4082 1154 4136 ad
1186 4081 1386 4134 lzevam
1437 4076 1689 4132 ﬂectitur
1719 4077 1803 4147 (In
1858 4077 1962 4130 Vit.

314 4172 376 4227 S.
407 4172 757 4241 Hilarionis).

395 4262 705 4316 Thabatha.
762 4258 1019 4314 Hilarion
1080 4263 1243 4313 ortus
1313 4258 1434 4311 vico
1491 4253 1814 4315 'I‘habatha,
1867 4252 1965 4323 qui

312 4349 547 4405 circiter
576 4350 841 4421 quinque
874 4348 1058 4403 millia
1088 4366 1121 4403 a
1151 4353 1301 4403 Gaza
1352 4346 1491 4401 urbe
1522 4342 1841 4399 Palaestina:
1895 4342 1965 4397 ad

306 4443 587 4495 austrum
622 4438 773 4495 situs
805 4442 893 4492 est
915 4437 1121 4509 (Ibid).

2098 529 2229 596 bus,
2258 529 2547 583 rotundus
2578 533 2755 601 atque
2801 528 3094 601 sublimis,
3129 535 3187 586 et
3241 548 3309 587 ex
3366 532 3525 588 omni
3585 537 3748 606 parte

2100 618 2300 679 linitur
2330 617 2629 687 aequaliter
2657 619 2811 687 (Osee
2844 621 2921 690 v).

2170 706 2385 761 Tharsis
2413 706 2499 761 vel
2555 706 2710 779 regio
2759 708 2935 762 Indiae
2985 712 3095 776 est,
3150 713 3214 764 ut
3259 709 3383 765 vult
3408 710 3748 783 Josepbus:

2098 795 2184 849 vel
2216 800 2367 852 certe
2401 812 2572 851 omne
2603 796 2846 868 pelagus
2878 796 3120 852 Tharsis
3146 796 3497 869 appellatur,
3541 803 3597 854 et
3626 798 3751 855 cmli

2098 883 2271 939 habet
2302 884 2752 941 similitudinem
2785 887 3003 957 (Jcrem.
3036 887 3114 957 x).

2174 991 2386 1046 Thecuc
2415 996 2503 1047 est
2533 993 2815 1064 oppidum
2846 993 3002 1064 quod
3038 1009 3138 1048 sex
3168 992 3431 1049 millibus
3463 995 3534 1049 ad
3571 994 3750 1050 mori-

2098 1081 2332 1135 dianam
2366 1081 2601 1152 plagam
2621 1082 2785 1135 abest
2814 1098 2846 1135 a
2877 1085 3081 1135 sancta
3107 1081 3558 1155 Bethleem,quae
3583 1100 3751 1139 mun-

2095 1169 2153 1224 di
2185 1171 2386 1241 genuit
2415 1168 2771 1225 Salvatorem
2830 1186 2843 1236 ;
2876 1173 2933 1225 et
2963 1168 3117 1225 ultra
3148 1169 3344 1226 nullus
3375 1176 3465 1227 est
3492 1172 3746 1241 viculus,

2096 1274 2167 1312 ne
2198 1261 2458 1329 agrestes
2489 1258 2729 1329 quidem
2761 1275 2927 1313 casas.
2951 1262 3138 1313 Tanta
3154 1263 3242 1314 est
3270 1259 3449 1314 eremi
3478 1259 3740 1329 vastitas,

2097 1363 2221 1416 quae
2272 1362 2457 1417 usque
2504 1346 2575 1400 ad
2627 1363 2785 1401 mare
2849 1346 3149 1414 Rubrum,
3213 1351 3645 1419 Persarumque
3692 1353 3751 1404 et

2095 1434 2428 1505 /Ethiopum
2456 1438 2631 1505 atque
2678 1435 2951 1489 Indorum
3011 1435 3292 1491 terminos
3349 1436 3626 1492 dilatatur
3654 1438 3743 1507 (In

2094 1524 2327 1577 Procrin.
2365 1522 2509 1578 Com.
2544 1524 2601 1576 in
2632 1524 2836 1591 Amos).

2167 1612 2432 1666 Thecuam
2479 1610 2737 1666 viculum
2768 1626 2895 1667 esse
2926 1611 2983 1665 in
3022 1616 3220 1667 monte
3252 1611 3452 1679 situm,
3488 1614 3640 1668 299
3690 1615 3748 1667 et

2094 1700 2398 1755 duodecim
2434 1699 2693 1754 millibus
2724 1701 2794 1754 ab
2825 1699 3205 1771 Jerosolymis
3237 1704 3574 1772 separatum
3606 1718 3750 1773 quo-

2095 1789 2233 1843 tidie
2265 1788 2451 1845 oculis
2482 1789 2781 1845 cernimus
2812 1789 3029 1859 (Jcrem.
3064 1806 3126 1859 ιι,
3162 1790 3240 1859 7).

2164 1895 2413 1951 Thomam
2471 1896 2864 1949 Idumaeorum
2933 1894 3091 1967 regio
3149 1899 3256 1962 est,
3315 1899 3373 1950 et
3428 1896 3617 1968 vergit
3671 1896 3742 1951 ad

2092 1984 2418 2039 Australem
2450 1983 2717 2055 plagam;
2745 2000 2871 2054 quae
2906 1983 3202 2054 provincia
3232 2000 3347 2039 non
3379 1983 3571 2039 solum
3603 1984 3746 2041 Thc-

2090 2088 2269 2137 mam,
2302 2073 2402 2127 sed
2437 2078 2494 2127 et
2518 2074 2733 2143 Daren,
2764 2077 2821 2127 et
2854 2072 3049 2143 Nageb
3073 2072 3309 2138 dicitur,
3343 2088 3408 2127 eo
3440 2073 3596 2143 quod
3630 2073 3744 2129 Eu-

2090 2177 2225 2215 nom
2258 2166 2315 2216 et
2343 2165 2648 2229 Austrum,
2673 2161 3053 2232 Africumque
3111 2160 3385 2232 respiciat
3414 2162 3595 2233 (Ibid).

2162 2269 2405 2338 Thaphet,
2449 2285 2549 2322 ara
2578 2267 2863 2339 Thopbet,
2898 2284 3024 2338 quis
3077 2271 3166 2322 est
3220 2267 3279 2321 in
3312 2266 3459 2322 valle
3490 2266 3593 2321 ﬁlil
3626 2267 3749 2323 ωτι--

2089 2372 2246 2421 nom,
2309 2356 2475 2411 illum
2528 2357 2720 2412 locum
2776 2356 3089 2427 significat,
3138 2355 3235 2427 qui
3291 2354 3443 2410 Siloe
3474 2354 3737 2411 fontibus

2088 2441 2363 2513 irrigatur
2385 2460 2405 2504 ;
2437 2447 2493 2497 et
2522 2448 2610 2498 est
2669 2442 3107 2497 amoenissimus
3140 2446 3314 2513 atque
3368 2457 3737 2512 nemorosus,

2087 2529 2377 2602 hodieque
2428 2530 2729 2586 hortorum
2782 2531 2998 2602 przebet
3063 2530 3319 2586 delicias.
3374 2530 3473 2586 llic
3540 2535 3736 2588 autem

2086 2618 2427 2690 gentilitatis
2453 2636 2612 2674 error
2642 2636 2845 2674 omnes
2904 2618 3231 2690 provincias
3283 2620 3605 2691 occupavit,
3660 2624 3726 2675 ut

2087 2708 2157 2762 ad
2188 2707 2378 2778 capita
2408 2708 2655 2763 fontium
2687 2707 2966 2779 lucosque
2996 2708 3429 2764 amoenissimos
3460 2708 3728 2765 victimas

2095 2796 2497 2863 immolarent,
2528 2801 2584 2852 et
2606 2798 2799 2853 omnis
2831 2813 3016 2868 pravae
3071 2796 3506 2868 superstitionis
3536 2796 3738 2868 religio

2085 2890 2429 2940 servaretur.
2464 2885 2772 2956 Thopheth
2805 2886 3007 2958 lingua
3043 2886 3280 2941 Hebraea
3306 2886 3733 2957 interpretatur

2085 2972 2331 3029 latitudo
2366 2993 2377 3029 :
2409 2974 2815 3047 scriptumque
2865 2976 3050 3029 fertur
3094 2974 3154 3029 in
3204 2974 3353 3030 libro
3400 2976 3573 3030 Josue
3629 2972 3732 3030 ﬁlii

2085 3063 2317 3131 Nun,de
2348 3064 2454 3118 hoc
2482 3063 2608 3119 loco
2641 3065 2739 3135 qui
2771 3064 2930 3119 300
2961 3068 3050 3118 cst
3080 3063 3141 3117 in
3172 3062 3320 3117 valle
3342 3062 3447 3117 ﬁlii
3476 3064 3724 3131 Ennom,

2085 3154 2141 3205 et
2174 3152 2445 3208 llebraice
2476 3152 2689 3207 dicitur
2746 3168 2809 3222 ge
2864 3155 3093 3206 Ennom.
3150 3152 3223 3206 Ge
3257 3152 3473 3222 quippe
3521 3151 3730 3226 φάραγ-

2083 3259 2172 3310 γα,
2208 3240 2315 3295 hoc
2348 3246 2437 3295 est
2470 3242 2707 3307 vallem;
2742 3245 2798 3295 et
2827 3241 3037 3295 Ennom
3082 3239 3173 3294 vel
3204 3239 3461 3293 hominis
3492 3255 3726 3308 nomen,

2080 3327 2167 3382 vel
2200 3331 2440 3398 gratiam
2470 3333 2657 3383 sonat.
2692 3329 3070 3399 Traduntque
3124 3327 3346 3383 Hebraei
3402 3344 3470 3383 ex
3500 3326 3609 3382 hoc
3640 3327 3729 3382 loc

2081 3417 2432 3488 appellatam
2458 3417 2980 3488 Gebennam,quod
3008 3416 3227 3472 scilicet
3250 3416 3442 3471 omnis
3472 3415 3726 3487 populus

2078 3506 2411 3560 Iudaeorum
2444 3505 2524 3559 ibi
2584 3505 2840 3575 perierit,
2912 3505 3213 3559 offendens
3249 3509 3451 3559 Deum.
3514 3505 3575 3557 In
3607 3520 3726 3574 quo

2079 3593 2203 3649 loco
2258 3594 2433 3649 etiam
2467 3593 2615 3647 filios
2646 3610 2786 3647 suos
2818 3593 2875 3646 in
2930 3594 3065 3665 igne
3096 3592 3271 3647 idolis
3328 3591 3727 3645 consecrarint

2080 3682 2200 3737 sive
2255 3682 2661 3737 holocaustum
2696 3681 3034 3750 obtulerint,
3067 3681 3219 3751 quod
3255 3695 3369 3734 non
3395 3678 3733 3749 praeceperit

2078 3770 2181 3839 eis,
2216 3786 2319 3825 nec
2347 3770 2466 3824 ulla
2495 3770 2640 3839 legis
2664 3770 2913 3839 jusserit
2944 3768 3244 3823 sanctione
3274 3768 3489 3837 (Jercm.
3534 3768 3658 3835 v11).

2156 3882 2325 3949 Tyrus
2383 3883 2438 3931 et
2497 3876 2661 3930 Sidon
2732 3877 2787 3929 in
2844 3874 3131 3930 thnicis
3187 3873 3380 3929 littore
3436 3871 3731 3944 principes

2077 3967 2407 4023 civitates...
2444 3982 2693 4034 quarum
2727 3964 3011 4035 Carthago
3068 3962 3297 4018 colonia
3326 3964 3544 4031 (Jerem.
3578 3960 3730 4030 xxv).

2154 4073 2340 4137 Vallis,
2374 4087 2476 4126 seu
2508 4070 2756 4124 Torrens
2816 4070 3142 4141 spinarum,
3198 4073 3287 4125 est
3343 4068 3507 4123 locus
3557 4068 3731 4137 juxta

2079 4160 2373 4216 Liviadem
2404 4164 2567 4213 trans
2596 4175 2754 4213 mare
2779 4158 3265 4227 Mortuum,sexto
3297 4158 3368 4212 ab
3401 4172 3469 4210 ea
3499 4154 3727 4209 distans

2080 4248 2373 4318 milliario,
2409 4248 2508 4302 ubi
2540 4248 2835 4318 quondam
2869 4263 3003 4301 cum
3037 4245 3370 4301 Madianitis
3414 4242 3698 4299 fornicatu

2077 4342 2167 4394 est
2197 4338 2371 4394 Israel
2404 4337 2536 4408 (Joel
2568 4336 2677 4407 ιιι).
