  <div class='ocr_page' id='page_1' title='image "/cluster/home/n/w/nwhite01/storage/ocr_20150623/23/hvd.32044052772480/499.png"; bbox 0 0 4084 6170; ppageno 0'>
   <div class='ocr_carea' id='block_1_1' title="bbox 1572 253 2521 329">
    <p class='ocr_par' dir='ltr' id='par_1_1' title="bbox 1572 253 2521 329">
     <span class='ocr_line' id='line_1_1' title="bbox 1572 253 2521 329; baseline -0.007 -7"><span class='ocrx_word' id='word_1_1' title='bbox 1572 260 1640 322; x_wconf 88' lang='lat' dir='ltr'><strong>S.</strong></span> <span class='ocrx_word' id='word_1_2' title='bbox 1682 257 2015 329; x_wconf 74' lang='lat' dir='ltr'><strong>EUSEBII:</strong></span> <span class='ocrx_word' id='word_1_3' title='bbox 2032 253 2521 324; x_wconf 65' lang='lat' dir='ltr'><strong>HlERONYMl.‘</strong></span> 
     </span>
    </p>
   </div>
   <div class='ocr_carea' id='block_1_2' title="bbox 332 371 3749 436">
    <p class='ocr_par' dir='ltr' id='par_1_2' title="bbox 332 371 3749 436">
     <span class='ocr_line' id='line_1_2' title="bbox 332 371 3749 436; baseline -0.008 -8"><span class='ocrx_word' id='word_1_4' title='bbox 332 371 3749 436; x_wconf 51' lang='lat' dir='ltr'><strong>W—</strong></span> 
     </span>
    </p>
   </div>
   <div class='ocr_carea' id='block_1_3' title="bbox 889 410 3399 436">
    <p class='ocr_par' dir='ltr' id='par_1_3' title="bbox 889 410 3399 436">
     <span class='ocr_line' id='line_1_3' title="bbox 889 410 3399 429; baseline 0 -10"><span class='ocrx_word' id='word_1_5' title='bbox 889 410 2775 429; x_wconf 39' lang='lat'><strong>___——_——————————-———_————7*</strong></span> <span class='ocrx_word' id='word_1_6' title='bbox 2808 410 2835 411; x_wconf 38' lang='grc' dir='ltr'><strong>έν</strong></span> <span class='ocrx_word' id='word_1_7' title='bbox 3066 410 3075 416; x_wconf 76' lang='grc' dir='ltr'>ν</span> <span class='ocrx_word' id='word_1_8' title='bbox 3156 410 3161 411; x_wconf 53' lang='grc' dir='ltr'><em>ν</em></span> <span class='ocrx_word' id='word_1_9' title='bbox 3260 410 3269 417; x_wconf 75' lang='grc' dir='ltr'><strong><em>ο</em></strong></span> <span class='ocrx_word' id='word_1_10' title='bbox 3389 410 3399 415; x_wconf 85' lang='grc'><strong><em>-</em></strong></span> 
     </span>
     <span class='ocr_line' id='line_1_4' title="bbox 889 427 3268 436; baseline 0.001 -2"><span class='ocrx_word' id='word_1_11' title='bbox 889 427 895 434; x_wconf 64' lang='grc' dir='ltr'>υ</span> <span class='ocrx_word' id='word_1_12' title='bbox 3257 429 3268 436; x_wconf 75' lang='grc' dir='ltr'><strong><em>ο</em></strong></span> 
     </span>
    </p>
   </div>
   <div class='ocr_carea' id='block_1_4' title="bbox 612 448 619 455">
    <p class='ocr_par' dir='ltr' id='par_1_4' title="bbox 612 448 619 455">
     <span class='ocr_line' id='line_1_5' title="bbox 612 448 619 455; baseline 0 0"><span class='ocrx_word' id='word_1_13' title='bbox 612 448 619 455; x_wconf 77' lang='grc' dir='ltr'><em>ι</em></span> 
     </span>
    </p>
   </div>
   <div class='ocr_carea' id='block_1_5' title="bbox 449 388 3289 420">
    <p class='ocr_par' dir='ltr' id='par_1_5' title="bbox 449 388 3289 420">
     <span class='ocr_line' id='line_1_6' title="bbox 449 388 3289 420; baseline -0.004 0"><span class='ocrx_word' id='word_1_14' title='bbox 449 388 3289 420; x_wconf 58' lang='lat' dir='ltr'><strong>m</strong></span> 
     </span>
    </p>
   </div>
   <div class='ocr_carea' id='block_1_6' title="bbox 1038 452 3047 643">
    <p class='ocr_par' dir='ltr' id='par_1_6' title="bbox 1038 452 3047 643">
     <span class='ocr_line' id='line_1_7' title="bbox 1038 452 3047 643; baseline -0.002 -22"><span class='ocrx_word' id='word_1_15' title='bbox 1038 521 1161 621; x_wconf 93' lang='lat' dir='ltr'><strong>s.</strong></span> <span class='ocrx_word' id='word_1_16' title='bbox 1256 516 1935 643; x_wconf 68' lang='lat' dir='ltr'><strong>ausam:</strong></span> <span class='ocrx_word' id='word_1_17' title='bbox 2028 452 3047 617; x_wconf 68' lang='lat' dir='ltr'><strong>mancum:</strong></span> 
     </span>
    </p>
   </div>
   <div class='ocr_carea' id='block_1_7' title="bbox 1479 751 2599 820">
    <p class='ocr_par' dir='ltr' id='par_1_7' title="bbox 1479 751 2599 820">
     <span class='ocr_line' id='line_1_8' title="bbox 1479 751 2599 820; baseline -0.007 0"><span class='ocrx_word' id='word_1_18' title='bbox 1479 755 2054 820; x_wconf 82' lang='lat' dir='ltr'><strong>STRIDONENSIS</strong></span> <span class='ocrx_word' id='word_1_19' title='bbox 2096 751 2599 815; x_wconf 81' lang='lat' dir='ltr'><strong>PRESBYTERI</strong></span> 
     </span>
    </p>
   </div>
   <div class='ocr_carea' id='block_1_8' title="bbox 726 842 3712 1145">
    <p class='ocr_par' dir='ltr' id='par_1_8' title="bbox 726 842 3712 1145">
     <span class='ocr_line' id='line_1_9' title="bbox 726 842 3712 1145; baseline -0.007 -61"><span class='ocrx_word' id='word_1_20' title='bbox 726 936 1044 1084; x_wconf 81' lang='lat' dir='ltr'><strong>LIBER</strong></span> <span class='ocrx_word' id='word_1_21' title='bbox 1099 932 1860 1085; x_wconf 78' lang='lat' dir='ltr'><strong>HEBBAICARUM</strong></span> <span class='ocrx_word' id='word_1_22' title='bbox 1927 925 2641 1139; x_wconf 67' lang='lat' dir='ltr'><strong>omnium:</strong></span> <span class='ocrx_word' id='word_1_23' title='bbox 2701 864 2802 1073; x_wconf 89' lang='lat' dir='ltr'><strong>IN</strong></span> <span class='ocrx_word' id='word_1_24' title='bbox 2866 921 3353 1071; x_wconf 70' lang='lat' dir='ltr'><strong>unum.</strong></span> <span class='ocrx_word' id='word_1_25' title='bbox 3483 842 3487 847; x_wconf 69' lang='grc'><strong>’</strong></span> <span class='ocrx_word' id='word_1_26' title='bbox 3704 944 3712 955; x_wconf 92' lang='grc'><strong>·</strong></span> 
     </span>
    </p>
   </div>
   <div class='ocr_carea' id='block_1_9' title="bbox 1735 1309 2349 1404">
    <p class='ocr_par' dir='ltr' id='par_1_9' title="bbox 1735 1309 2349 1404">
     <span class='ocr_line' id='line_1_10' title="bbox 1735 1309 2349 1404; baseline -0.007 0"><span class='ocrx_word' id='word_1_27' title='bbox 1735 1309 2349 1404; x_wconf 74' lang='grc' dir='ltr'><strong>ΡΒᾹΞΡΑΤΙΟ.</strong></span> 
     </span>
    </p>
   </div>
   <div class='ocr_carea' id='block_1_10' title="bbox 416 1621 3757 1704">
    <p class='ocr_par' dir='ltr' id='par_1_10' title="bbox 416 1621 3757 1704">
     <span class='ocr_line' id='line_1_11' title="bbox 416 1621 3757 1704; baseline -0.004 -11"><span class='ocrx_word' id='word_1_28' title='bbox 416 1634 769 1693; x_wconf 73' lang='lat'><strong>801-802</strong></span> <span class='ocrx_word' id='word_1_29' title='bbox 800 1631 908 1699; x_wconf 90' lang='lat' dir='ltr'><strong>Qui</strong></span> <span class='ocrx_word' id='word_1_30' title='bbox 937 1631 998 1687; x_wconf 91' lang='lat' dir='ltr'><strong>in</strong></span> <span class='ocrx_word' id='word_1_31' title='bbox 1029 1629 1332 1704; x_wconf 82' lang='lat' dir='ltr'><strong>principiis</strong></span> <span class='ocrx_word' id='word_1_32' title='bbox 1387 1628 1671 1685; x_wconf 89' lang='lat' dir='ltr'><strong>librorum</strong></span> <span class='ocrx_word' id='word_1_33' title='bbox 1714 1626 1997 1683; x_wconf 84' lang='lat' dir='ltr'><strong>debebam</strong></span> <span class='ocrx_word' id='word_1_34' title='bbox 2027 1626 2085 1693; x_wconf 81' lang='grc' dir='ltr'><strong>Α</strong></span> <span class='ocrx_word' id='word_1_35' title='bbox 2184 1626 2274 1681; x_wconf 90' lang='lat' dir='ltr'><strong>Me</strong></span> <span class='ocrx_word' id='word_1_36' title='bbox 2301 1641 2435 1681; x_wconf 89' lang='lat' dir='ltr'><strong>vero</strong></span> <span class='ocrx_word' id='word_1_37' title='bbox 2465 1622 2667 1699; x_wconf 83' lang='lat' dir='ltr'><strong>procul</strong></span> <span class='ocrx_word' id='word_1_38' title='bbox 2696 1623 2770 1681; x_wconf 88' lang='lat' dir='ltr'><strong>ad</strong></span> <span class='ocrx_word' id='word_1_39' title='bbox 2802 1623 3069 1691; x_wconf 82' lang='lat' dir='ltr'><strong>urbibus,</strong></span> <span class='ocrx_word' id='word_1_40' title='bbox 3101 1622 3247 1689; x_wconf 83' lang='lat' dir='ltr'><strong>foro,</strong></span> <span class='ocrx_word' id='word_1_41' title='bbox 3276 1621 3505 1693; x_wconf 81' lang='lat' dir='ltr'><strong>litibus,</strong></span> <span class='ocrx_word' id='word_1_42' title='bbox 3561 1621 3757 1679; x_wconf 83' lang='lat' dir='ltr'><strong>turbis</strong></span> 
     </span>
    </p>
   </div>
   <div class='ocr_carea' id='block_1_11' title="bbox 345 1714 2001 1793">
    <p class='ocr_par' dir='ltr' id='par_1_11' title="bbox 345 1714 2001 1793">
     <span class='ocr_line' id='line_1_12' title="bbox 345 1714 2001 1793; baseline -0.006 -14"><span class='ocrx_word' id='word_1_43' title='bbox 345 1722 605 1781; x_wconf 78' lang='lat' dir='ltr'><strong>secuturi</strong></span> <span class='ocrx_word' id='word_1_44' title='bbox 630 1722 822 1793; x_wconf 89' lang='lat' dir='ltr'><strong>operis</strong></span> <span class='ocrx_word' id='word_1_45' title='bbox 855 1724 1206 1793; x_wconf 88' lang='lat' dir='ltr'><strong>argumenta</strong></span> <span class='ocrx_word' id='word_1_46' title='bbox 1242 1732 1585 1790; x_wconf 86' lang='lat' dir='ltr'><strong>proponere,</strong></span> <span class='ocrx_word' id='word_1_47' title='bbox 1634 1731 1808 1788; x_wconf 89' lang='lat' dir='ltr'><strong>cogor</strong></span> <span class='ocrx_word' id='word_1_48' title='bbox 1836 1714 2001 1788; x_wconf 90' lang='lat' dir='ltr'><strong>prius</strong></span> 
     </span>
    </p>
   </div>
   <div class='ocr_carea' id='block_1_12' title="bbox 348 1804 2000 1884">
    <p class='ocr_par' dir='ltr' id='par_1_12' title="bbox 348 1804 2000 1884">
     <span class='ocr_line' id='line_1_13' title="bbox 348 1804 2000 1884; baseline -0.007 -14"><span class='ocrx_word' id='word_1_49' title='bbox 348 1810 705 1884; x_wconf 86' lang='lat' dir='ltr'><strong>respondere</strong></span> <span class='ocrx_word' id='word_1_50' title='bbox 728 1806 1335 1874; x_wconf 86' lang='lat' dir='ltr'><strong>maledictis,Terentii</strong></span> <span class='ocrx_word' id='word_1_51' title='bbox 1357 1805 1658 1879; x_wconf 83' lang='lat' dir='ltr'><strong>quippiam</strong></span> <span class='ocrx_word' id='word_1_52' title='bbox 1680 1804 2000 1869; x_wconf 84' lang='lat' dir='ltr'><strong>sustinens,</strong></span> 
     </span>
    </p>
   </div>
   <div class='ocr_carea' id='block_1_13' title="bbox 353 1892 2002 1973">
    <p class='ocr_par' dir='ltr' id='par_1_13' title="bbox 353 1892 2002 1973">
     <span class='ocr_line' id='line_1_14' title="bbox 353 1892 2002 1973; baseline -0.006 -17"><span class='ocrx_word' id='word_1_53' title='bbox 353 1899 457 1973; x_wconf 86' lang='lat' dir='ltr'><strong>qui</strong></span> <span class='ocrx_word' id='word_1_54' title='bbox 485 1896 907 1955; x_wconf 71' lang='lat' dir='ltr'><strong>comoediarum</strong></span> <span class='ocrx_word' id='word_1_55' title='bbox 935 1894 1208 1968; x_wconf 90' lang='lat' dir='ltr'><strong>prologos</strong></span> <span class='ocrx_word' id='word_1_56' title='bbox 1263 1896 1285 1929; x_wconf 79' lang='grc'>²</span> <span class='ocrx_word' id='word_1_57' title='bbox 1346 1895 1405 1949; x_wconf 91' lang='lat' dir='ltr'><strong>in</strong></span> <span class='ocrx_word' id='word_1_58' title='bbox 1463 1893 1861 1950; x_wconf 86' lang='lat' dir='ltr'><strong>defensionem</strong></span> <span class='ocrx_word' id='word_1_59' title='bbox 1912 1892 2002 1948; x_wconf 91' lang='lat' dir='ltr'><strong>sui</strong></span> 
     </span>
    </p>
   </div>
   <div class='ocr_carea' id='block_1_14' title="bbox 353 1973 2007 2058">
    <p class='ocr_par' dir='ltr' id='par_1_14' title="bbox 353 1973 2007 2058">
     <span class='ocr_line' id='line_1_15' title="bbox 353 1973 2007 2058; baseline -0.006 -12"><span class='ocrx_word' id='word_1_60' title='bbox 353 1973 547 2047; x_wconf 82' lang='lat' dir='ltr'><strong>scenis</strong></span> <span class='ocrx_word' id='word_1_61' title='bbox 587 1986 781 2043; x_wconf 80' lang='lat' dir='ltr'><strong>dabat.</strong></span> <span class='ocrx_word' id='word_1_62' title='bbox 814 1985 1071 2058; x_wconf 86' lang='lat' dir='ltr'><strong>Urgebat</strong></span> <span class='ocrx_word' id='word_1_63' title='bbox 1118 1983 1276 2040; x_wconf 90' lang='lat' dir='ltr'><strong>enim</strong></span> <span class='ocrx_word' id='word_1_64' title='bbox 1336 1999 1471 2039; x_wconf 92' lang='lat' dir='ltr'><strong>eum</strong></span> <span class='ocrx_word' id='word_1_65' title='bbox 1511 1981 1758 2038; x_wconf 90' lang='lat' dir='ltr'><strong>Luscius</strong></span> <span class='ocrx_word' id='word_1_66' title='bbox 1798 1982 2007 2037; x_wconf 88' lang='lat' dir='ltr'><strong>Lanui-</strong></span> 
     </span>
    </p>
   </div>
   <div class='ocr_carea' id='block_1_15' title="bbox 352 2069 2002 2144">
    <p class='ocr_par' dir='ltr' id='par_1_15' title="bbox 352 2069 2002 2144">
     <span class='ocr_line' id='line_1_16' title="bbox 352 2069 2002 2144; baseline -0.006 -10"><span class='ocrx_word' id='word_1_67' title='bbox 352 2093 470 2134; x_wconf 82' lang='lat' dir='ltr'><strong>nus</strong></span> <span class='ocrx_word' id='word_1_68' title='bbox 497 2077 540 2142; x_wconf 80' lang='grc'><strong>³,</strong></span> <span class='ocrx_word' id='word_1_69' title='bbox 568 2078 767 2131; x_wconf 90' lang='lat' dir='ltr'><strong>nostro</strong></span> <span class='ocrx_word' id='word_1_70' title='bbox 797 2073 1006 2130; x_wconf 89' lang='lat' dir='ltr'><strong>Luscio</strong></span> <span class='ocrx_word' id='word_1_71' title='bbox 1031 2072 1266 2144; x_wconf 86' lang='lat' dir='ltr'><strong>similis,</strong></span> <span class='ocrx_word' id='word_1_72' title='bbox 1295 2076 1352 2128; x_wconf 90' lang='lat' dir='ltr'><strong>et</strong></span> <span class='ocrx_word' id='word_1_73' title='bbox 1372 2070 1540 2144; x_wconf 90' lang='lat' dir='ltr'><strong>quasi</strong></span> <span class='ocrx_word' id='word_1_74' title='bbox 1563 2070 1783 2144; x_wconf 89' lang='lat' dir='ltr'><strong>publici</strong></span> <span class='ocrx_word' id='word_1_75' title='bbox 1812 2069 2002 2125; x_wconf 82' lang='lat' dir='ltr'><strong>aerarii</strong></span> 
     </span>
    </p>
   </div>
   <div class='ocr_carea' id='block_1_16' title="bbox 356 2159 2009 2239">
    <p class='ocr_par' dir='ltr' id='par_1_16' title="bbox 356 2159 2009 2239">
     <span class='ocr_line' id='line_1_17' title="bbox 356 2159 2009 2239; baseline -0.005 -17"><span class='ocrx_word' id='word_1_76' title='bbox 356 2167 592 2239; x_wconf 88' lang='lat' dir='ltr'><strong>poetam</strong></span> <span class='ocrx_word' id='word_1_77' title='bbox 623 2164 811 2219; x_wconf 77' lang='lat' dir='ltr'><strong>iurem</strong></span> <span class='ocrx_word' id='word_1_78' title='bbox 845 2161 1291 2217; x_wconf 81' lang='lat' dir='ltr'><strong>criminabatur.</strong></span> <span class='ocrx_word' id='word_1_79' title='bbox 1329 2161 1443 2215; x_wconf 82' lang='lat' dir='ltr'><strong>Hoc</strong></span> <span class='ocrx_word' id='word_1_80' title='bbox 1472 2159 1629 2214; x_wconf 91' lang='lat' dir='ltr'><strong>idem</strong></span> <span class='ocrx_word' id='word_1_81' title='bbox 1677 2175 1890 2230; x_wconf 89' lang='lat' dir='ltr'><strong>passus</strong></span> <span class='ocrx_word' id='word_1_82' title='bbox 1919 2161 2009 2214; x_wconf 89' lang='lat' dir='ltr'><strong>est</strong></span> 
     </span>
    </p>
   </div>
   <div class='ocr_carea' id='block_1_17' title="bbox 358 2247 2007 2318">
    <p class='ocr_par' dir='ltr' id='par_1_17' title="bbox 358 2247 2007 2318">
     <span class='ocr_line' id='line_1_18' title="bbox 358 2247 2007 2318; baseline -0.007 -6"><span class='ocrx_word' id='word_1_83' title='bbox 358 2255 434 2312; x_wconf 85' lang='lat' dir='ltr'><strong>ab</strong></span> <span class='ocrx_word' id='word_1_84' title='bbox 463 2251 693 2310; x_wconf 66' lang='lat' dir='ltr'><strong>aemulis</strong></span> <span class='ocrx_word' id='word_1_85' title='bbox 721 2255 778 2308; x_wconf 91' lang='lat' dir='ltr'><strong>et</strong></span> <span class='ocrx_word' id='word_1_86' title='bbox 807 2251 1166 2306; x_wconf 84' lang='lat' dir='ltr'><strong>Mantuanus</strong></span> <span class='ocrx_word' id='word_1_87' title='bbox 1195 2253 1377 2317; x_wconf 90' lang='lat' dir='ltr'><strong>vates,</strong></span> <span class='ocrx_word' id='word_1_88' title='bbox 1431 2252 1496 2304; x_wconf 92' lang='lat' dir='ltr'><strong>ut</strong></span> <span class='ocrx_word' id='word_1_89' title='bbox 1542 2265 1677 2304; x_wconf 90' lang='lat' dir='ltr'><strong>cum</strong></span> <span class='ocrx_word' id='word_1_90' title='bbox 1720 2247 2007 2318; x_wconf 90' lang='lat' dir='ltr'><strong>quosdam</strong></span> 
     </span>
    </p>
   </div>
   <div class='ocr_carea' id='block_1_18' title="bbox 352 2334 2011 2407">
    <p class='ocr_par' dir='ltr' id='par_1_18' title="bbox 352 2334 2011 2407">
     <span class='ocr_line' id='line_1_19' title="bbox 352 2334 2011 2407; baseline -0.007 -6"><span class='ocrx_word' id='word_1_91' title='bbox 352 2359 563 2401; x_wconf 76' lang='lat' dir='ltr'><strong>versus</strong></span> <span class='ocrx_word' id='word_1_92' title='bbox 584 2339 818 2397; x_wconf 84' lang='lat' dir='ltr'><strong>Homeri</strong></span> <span class='ocrx_word' id='word_1_93' title='bbox 848 2337 1253 2395; x_wconf 86' lang='lat' dir='ltr'><strong>transtulisset</strong></span> <span class='ocrx_word' id='word_1_94' title='bbox 1276 2337 1349 2392; x_wconf 91' lang='lat' dir='ltr'><strong>ad</strong></span> <span class='ocrx_word' id='word_1_95' title='bbox 1379 2336 1644 2405; x_wconf 86' lang='lat' dir='ltr'><strong>verbum,</strong></span> <span class='ocrx_word' id='word_1_96' title='bbox 1667 2334 2011 2407; x_wconf 89' lang='lat' dir='ltr'><strong>compilator</strong></span> 
     </span>
    </p>
   </div>
   <div class='ocr_carea' id='block_1_19' title="bbox 355 2424 2010 2497">
    <p class='ocr_par' dir='ltr' id='par_1_19' title="bbox 355 2424 2010 2497">
     <span class='ocr_line' id='line_1_20' title="bbox 355 2424 2010 2497; baseline -0.008 -7"><span class='ocrx_word' id='word_1_97' title='bbox 355 2437 617 2490; x_wconf 75' lang='lat' dir='ltr'><strong>veterum</strong></span> <span class='ocrx_word' id='word_1_98' title='bbox 650 2428 961 2484; x_wconf 87' lang='lat' dir='ltr'><strong>diceretur.</strong></span> <span class='ocrx_word' id='word_1_99' title='bbox 993 2427 1218 2491; x_wconf 85' lang='lat' dir='ltr'><strong>Quibus</strong></span> <span class='ocrx_word' id='word_1_100' title='bbox 1250 2424 1348 2481; x_wconf 91' lang='lat' dir='ltr'><strong>ille</strong></span> <span class='ocrx_word' id='word_1_101' title='bbox 1397 2425 1716 2497; x_wconf 85' lang='lat' dir='ltr'><strong>respondit,</strong></span> <span class='ocrx_word' id='word_1_102' title='bbox 1764 2439 2010 2495; x_wconf 88' lang='lat' dir='ltr'><strong>magna-</strong></span> 
     </span>
    </p>
   </div>
   <div class='ocr_carea' id='block_1_20' title="bbox 359 2513 2013 2584">
    <p class='ocr_par' dir='ltr' id='par_1_20' title="bbox 359 2513 2013 2584">
     <span class='ocr_line' id='line_1_21' title="bbox 359 2513 2013 2584; baseline -0.006 -6"><span class='ocrx_word' id='word_1_103' title='bbox 359 2537 492 2578; x_wconf 86' lang='lat' dir='ltr'><strong>rum</strong></span> <span class='ocrx_word' id='word_1_104' title='bbox 523 2534 655 2574; x_wconf 86' lang='lat' dir='ltr'><strong>esse</strong></span> <span class='ocrx_word' id='word_1_105' title='bbox 691 2517 928 2580; x_wconf 88' lang='lat' dir='ltr'><strong>virium,</strong></span> <span class='ocrx_word' id='word_1_106' title='bbox 993 2515 1217 2571; x_wconf 90' lang='lat' dir='ltr'><strong>clavam</strong></span> <span class='ocrx_word' id='word_1_107' title='bbox 1275 2513 1510 2570; x_wconf 84' lang='lat' dir='ltr'><strong>Herculi</strong></span> <span class='ocrx_word' id='word_1_108' title='bbox 1570 2517 1909 2584; x_wconf 82' lang='lat' dir='ltr'><strong>extorquere</strong></span> <span class='ocrx_word' id='word_1_109' title='bbox 1940 2513 2013 2568; x_wconf 91' lang='lat' dir='ltr'><strong>de</strong></span> 
     </span>
    </p>
   </div>
   <div class='ocr_carea' id='block_1_21' title="bbox 358 2600 2014 2674">
    <p class='ocr_par' dir='ltr' id='par_1_21' title="bbox 358 2600 2014 2674">
     <span class='ocr_line' id='line_1_22' title="bbox 358 2600 2014 2674; baseline -0.006 -9"><span class='ocrx_word' id='word_1_110' title='bbox 358 2624 562 2666; x_wconf 81' lang='lat' dir='ltr'><strong>manu.</strong></span> <span class='ocrx_word' id='word_1_111' title='bbox 624 2606 737 2661; x_wconf 90' lang='lat' dir='ltr'><strong>Sed</strong></span> <span class='ocrx_word' id='word_1_112' title='bbox 794 2609 852 2661; x_wconf 91' lang='lat' dir='ltr'><strong>et</strong></span> <span class='ocrx_word' id='word_1_113' title='bbox 909 2603 1160 2672; x_wconf 86' lang='lat' dir='ltr'><strong>Tullius,</strong></span> <span class='ocrx_word' id='word_1_114' title='bbox 1202 2603 1302 2674; x_wconf 92' lang='lat' dir='ltr'><strong>qui</strong></span> <span class='ocrx_word' id='word_1_115' title='bbox 1368 2602 1427 2657; x_wconf 92' lang='lat' dir='ltr'><strong>in</strong></span> <span class='ocrx_word' id='word_1_116' title='bbox 1480 2618 1611 2657; x_wconf 90' lang='lat' dir='ltr'><strong>arce</strong></span> <span class='ocrx_word' id='word_1_117' title='bbox 1666 2600 2014 2673; x_wconf 74' lang='lat' dir='ltr'><strong>eloquentiae</strong></span> 
     </span>
    </p>
   </div>
   <div class='ocr_carea' id='block_1_22' title="bbox 364 2688 2012 2761">
    <p class='ocr_par' dir='ltr' id='par_1_22' title="bbox 364 2688 2012 2761">
     <span class='ocr_line' id='line_1_23' title="bbox 364 2688 2012 2761; baseline -0.007 -8"><span class='ocrx_word' id='word_1_118' title='bbox 364 2697 638 2754; x_wconf 67' lang='lat' dir='ltr'><strong>Romanis</strong></span> <span class='ocrx_word' id='word_1_119' title='bbox 663 2693 846 2758; x_wconf 79' lang='lat' dir='ltr'><strong>stetit,</strong></span> <span class='ocrx_word' id='word_1_120' title='bbox 900 2709 999 2749; x_wconf 83' lang='lat' dir='ltr'><strong>rex</strong></span> <span class='ocrx_word' id='word_1_121' title='bbox 1047 2697 1369 2759; x_wconf 91' lang='lat' dir='ltr'><strong>oratorum,</strong></span> <span class='ocrx_word' id='word_1_122' title='bbox 1427 2695 1485 2746; x_wconf 90' lang='lat' dir='ltr'><strong>et</strong></span> <span class='ocrx_word' id='word_1_123' title='bbox 1540 2689 1753 2745; x_wconf 81' lang='lat' dir='ltr'><strong>Latinae</strong></span> <span class='ocrx_word' id='word_1_124' title='bbox 1801 2688 2012 2761; x_wconf 61' lang='lat' dir='ltr'><strong>lingua</strong></span> 
     </span>
    </p>
   </div>
   <div class='ocr_carea' id='block_1_23' title="bbox 368 2777 2013 2855">
    <p class='ocr_par' dir='ltr' id='par_1_23' title="bbox 368 2777 2013 2855">
     <span class='ocr_line' id='line_1_24' title="bbox 368 2777 2013 2855; baseline -0.006 -13"><span class='ocrx_word' id='word_1_125' title='bbox 368 2784 715 2850; x_wconf 84' lang='lat' dir='ltr'><strong>illustrator,</strong></span> <span class='ocrx_word' id='word_1_126' title='bbox 749 2782 1207 2855; x_wconf 82' lang='lat' dir='ltr'><strong>repetudanrum</strong></span> <span class='ocrx_word' id='word_1_127' title='bbox 1230 2784 1541 2836; x_wconf 89' lang='lat' dir='ltr'><strong>accusatur</strong></span> <span class='ocrx_word' id='word_1_128' title='bbox 1565 2796 1597 2834; x_wconf 91' lang='lat' dir='ltr'><strong>a</strong></span> <span class='ocrx_word' id='word_1_129' title='bbox 1626 2777 1857 2833; x_wconf 80' lang='lat' dir='ltr'><strong>Graecis.</strong></span> <span class='ocrx_word' id='word_1_130' title='bbox 1889 2778 2013 2832; x_wconf 90' lang='lat' dir='ltr'><strong>Non</strong></span> 
     </span>
    </p>
   </div>
   <div class='ocr_carea' id='block_1_24' title="bbox 366 2866 2013 2944">
    <p class='ocr_par' dir='ltr' id='par_1_24' title="bbox 366 2866 2013 2944">
     <span class='ocr_line' id='line_1_25' title="bbox 366 2866 2013 2944; baseline -0.006 -14"><span class='ocrx_word' id='word_1_131' title='bbox 366 2872 756 2944; x_wconf 82' lang='lat' dir='ltr'><strong>mirumergo</strong></span> <span class='ocrx_word' id='word_1_132' title='bbox 787 2870 838 2927; x_wconf 92' lang='lat' dir='ltr'><strong>si</strong></span> <span class='ocrx_word' id='word_1_133' title='bbox 892 2873 1096 2926; x_wconf 91' lang='lat' dir='ltr'><strong>contra</strong></span> <span class='ocrx_word' id='word_1_134' title='bbox 1147 2885 1241 2924; x_wconf 91' lang='lat' dir='ltr'><strong>me</strong></span> <span class='ocrx_word' id='word_1_135' title='bbox 1297 2884 1543 2940; x_wconf 89' lang='lat' dir='ltr'><strong>parvum</strong></span> <span class='ocrx_word' id='word_1_136' title='bbox 1592 2866 2013 2923; x_wconf 88' lang='lat' dir='ltr'><strong>homunculum</strong></span> 
     </span>
    </p>
   </div>
   <div class='ocr_carea' id='block_1_25' title="bbox 2109 1710 3767 1785">
    <p class='ocr_par' dir='ltr' id='par_1_25' title="bbox 2109 1710 3767 1785">
     <span class='ocr_line' id='line_1_26' title="bbox 2109 1710 3767 1785; baseline -0.003 -15"><span class='ocrx_word' id='word_1_137' title='bbox 2109 1718 2421 1780; x_wconf 90' lang='lat' dir='ltr'><strong>remotum,</strong></span> <span class='ocrx_word' id='word_1_138' title='bbox 2451 1713 2535 1770; x_wconf 90' lang='lat' dir='ltr'><strong>sic</strong></span> <span class='ocrx_word' id='word_1_139' title='bbox 2556 1729 2791 1785; x_wconf 89' lang='lat' dir='ltr'><strong>quoque</strong></span> <span class='ocrx_word' id='word_1_140' title='bbox 2810 1712 2898 1785; x_wconf 89' lang='lat' dir='ltr'><strong>(ut</strong></span> <span class='ocrx_word' id='word_1_141' title='bbox 2927 1710 3326 1778; x_wconf 85' lang='lat' dir='ltr'><strong>Quintilianus</strong></span> <span class='ocrx_word' id='word_1_142' title='bbox 3345 1711 3450 1783; x_wconf 83' lang='lat' dir='ltr'><strong>ait)</strong></span> <span class='ocrx_word' id='word_1_143' title='bbox 3476 1710 3767 1772; x_wconf 72' lang='lat' dir='ltr'><strong>latentem</strong></span> 
     </span>
    </p>
   </div>
   <div class='ocr_carea' id='block_1_26' title="bbox 2109 1800 3386 1871">
    <p class='ocr_par' dir='ltr' id='par_1_26' title="bbox 2109 1800 3386 1871">
     <span class='ocr_line' id='line_1_27' title="bbox 2109 1800 3386 1871; baseline -0.003 -11"><span class='ocrx_word' id='word_1_144' title='bbox 2109 1803 2330 1860; x_wconf 90' lang='lat' dir='ltr'><strong>invenit</strong></span> <span class='ocrx_word' id='word_1_145' title='bbox 2358 1802 2594 1865; x_wconf 85' lang='lat' dir='ltr'><strong>invidia.</strong></span> <span class='ocrx_word' id='word_1_146' title='bbox 2627 1801 2788 1858; x_wconf 86' lang='lat' dir='ltr'><strong>Unde</strong></span> <span class='ocrx_word' id='word_1_147' title='bbox 2818 1800 3093 1857; x_wconf 88' lang='lat' dir='ltr'><strong>lectorem</strong></span> <span class='ocrx_word' id='word_1_148' title='bbox 3123 1800 3386 1871; x_wconf 87' lang='lat' dir='ltr'><strong>obsecro,</strong></span> 
     </span>
    </p>
   </div>
   <div class='ocr_carea' id='block_1_27' title="bbox 2240 1924 3573 2008">
    <p class='ocr_par' dir='ltr' id='par_1_27' title="bbox 2240 1924 3573 2008">
     <span class='ocr_line' id='line_1_28' title="bbox 2240 1924 3573 2008; baseline 0 -14"><span class='ocrx_word' id='word_1_149' title='bbox 2240 1981 2252 1993; x_wconf 93' lang='lat'><strong>.</strong></span> <span class='ocrx_word' id='word_1_150' title='bbox 2293 1983 2304 1994; x_wconf 92' lang='lat'><strong>.</strong></span> <span class='ocrx_word' id='word_1_151' title='bbox 2345 1983 2357 1994; x_wconf 93' lang='lat'><strong>.</strong></span> <span class='ocrx_word' id='word_1_152' title='bbox 2399 1982 2411 1993; x_wconf 90' lang='lat'><strong>.</strong></span> <span class='ocrx_word' id='word_1_153' title='bbox 2450 1982 2461 1993; x_wconf 91' lang='lat'><strong>.</strong></span> <span class='ocrx_word' id='word_1_154' title='bbox 2493 1944 2537 1993; x_wconf 87' lang='lat' dir='ltr'><strong>si</strong></span> <span class='ocrx_word' id='word_1_155' title='bbox 2568 1944 2688 2008; x_wconf 83' lang='lat' dir='ltr'><strong>quis</strong></span> <span class='ocrx_word' id='word_1_156' title='bbox 2719 1946 2897 1993; x_wconf 88' lang='lat' dir='ltr'><strong>tamen</strong></span> <span class='ocrx_word' id='word_1_157' title='bbox 2924 1943 3040 1994; x_wconf 77' lang='lat' dir='ltr'><strong>haec</strong></span> <span class='ocrx_word' id='word_1_158' title='bbox 3066 1945 3089 1979; x_wconf 66' lang='grc' dir='ltr'><strong>ι</strong></span> <span class='ocrx_word' id='word_1_159' title='bbox 3116 1956 3346 2008; x_wconf 88' lang='lat' dir='ltr'><strong>quoque,</strong></span> <span class='ocrx_word' id='word_1_160' title='bbox 3380 1944 3425 1993; x_wconf 92' lang='lat' dir='ltr'><strong>si</strong></span> <span class='ocrx_word' id='word_1_161' title='bbox 3454 1924 3573 2007; x_wconf 84' lang='lat' dir='ltr'><strong>quis</strong></span> 
     </span>
    </p>
   </div>
   <div class='ocr_carea' id='block_1_28' title="bbox 2236 2006 3137 2071">
    <p class='ocr_par' dir='ltr' id='par_1_28' title="bbox 2236 2006 3137 2071">
     <span class='ocr_line' id='line_1_29' title="bbox 2236 2006 3137 2071; baseline -0.001 -14"><span class='ocrx_word' id='word_1_162' title='bbox 2236 2008 2432 2071; x_wconf 87' lang='lat' dir='ltr'><strong>Captus</strong></span> <span class='ocrx_word' id='word_1_163' title='bbox 2462 2006 2642 2057; x_wconf 85' lang='lat' dir='ltr'><strong>amore</strong></span> <span class='ocrx_word' id='word_1_164' title='bbox 2670 2006 2827 2071; x_wconf 83' lang='lat' dir='ltr'><strong>leget.</strong></span> <span class='ocrx_word' id='word_1_165' title='bbox 2864 2040 2880 2055; x_wconf 91' lang='lat'><strong>.</strong></span> <span class='ocrx_word' id='word_1_166' title='bbox 2917 2043 2929 2056; x_wconf 94' lang='lat'><strong>.</strong></span> <span class='ocrx_word' id='word_1_167' title='bbox 2969 2042 2983 2055; x_wconf 92' lang='lat'><strong>.</strong></span> <span class='ocrx_word' id='word_1_168' title='bbox 3021 2044 3033 2056; x_wconf 94' lang='lat'><strong>.</strong></span> <span class='ocrx_word' id='word_1_169' title='bbox 3070 2040 3087 2056; x_wconf 91' lang='lat'><strong>.</strong></span> <span class='ocrx_word' id='word_1_170' title='bbox 3123 2006 3137 2056; x_wconf 89' lang='lat'><strong>.</strong></span> 
     </span>
    </p>
   </div>
   <div class='ocr_carea' id='block_1_29' title="bbox 2115 2155 3759 2233">
    <p class='ocr_par' dir='ltr' id='par_1_29' title="bbox 2115 2155 3759 2233">
     <span class='ocr_line' id='line_1_30' title="bbox 2115 2155 3759 2233; baseline 0.002 -20"><span class='ocrx_word' id='word_1_171' title='bbox 2115 2160 2181 2213; x_wconf 91' lang='lat' dir='ltr'><strong>ut</strong></span> <span class='ocrx_word' id='word_1_172' title='bbox 2258 2156 2317 2212; x_wconf 90' lang='lat' dir='ltr'><strong>in</strong></span> <span class='ocrx_word' id='word_1_173' title='bbox 2403 2155 2571 2212; x_wconf 91' lang='lat' dir='ltr'><strong>libris</strong></span> <span class='ocrx_word' id='word_1_174' title='bbox 2652 2158 3044 2213; x_wconf 82' lang='lat' dir='ltr'><strong>Hebraicarum</strong></span> <span class='ocrx_word' id='word_1_175' title='bbox 3127 2158 3522 2226; x_wconf 71' lang='lat' dir='ltr'><strong>Quwstionum,</strong></span> <span class='ocrx_word' id='word_1_176' title='bbox 3610 2175 3759 2233; x_wconf 86' lang='lat' dir='ltr'><strong>quos</strong></span> 
     </span>
    </p>
   </div>
   <div class='ocr_carea' id='block_1_30' title="bbox 2116 2236 3759 2321">
    <p class='ocr_par' dir='ltr' id='par_1_30' title="bbox 2116 2236 3759 2321">
     <span class='ocr_line' id='line_1_31' title="bbox 2116 2236 3759 2321; baseline 0.002 -20"><span class='ocrx_word' id='word_1_177' title='bbox 2116 2247 2177 2302; x_wconf 91' lang='lat' dir='ltr'><strong>in</strong></span> <span class='ocrx_word' id='word_1_178' title='bbox 2236 2263 2471 2302; x_wconf 89' lang='lat' dir='ltr'><strong>omnem</strong></span> <span class='ocrx_word' id='word_1_179' title='bbox 2527 2246 2888 2318; x_wconf 88' lang='lat' dir='ltr'><strong>Scripturam</strong></span> <span class='ocrx_word' id='word_1_180' title='bbox 2946 2251 3212 2303; x_wconf 90' lang='lat' dir='ltr'><strong>sanctam</strong></span> <span class='ocrx_word' id='word_1_181' title='bbox 3292 2236 3563 2321; x_wconf 76' lang='lat' dir='ltr'><strong>disposui</strong></span> <span class='ocrx_word' id='word_1_182' title='bbox 3614 2250 3759 2309; x_wconf 81' lang='lat' dir='ltr'><strong>scri-</strong></span> 
     </span>
    </p>
   </div>
   <div class='ocr_carea' id='block_1_31' title="bbox 2117 2334 3763 2407">
    <p class='ocr_par' dir='ltr' id='par_1_31' title="bbox 2117 2334 3763 2407">
     <span class='ocr_line' id='line_1_32' title="bbox 2117 2334 3763 2407; baseline 0.004 -16"><span class='ocrx_word' id='word_1_183' title='bbox 2117 2335 2271 2402; x_wconf 87' lang='lat' dir='ltr'><strong>bere,</strong></span> <span class='ocrx_word' id='word_1_184' title='bbox 2305 2351 2421 2391; x_wconf 89' lang='lat' dir='ltr'><strong>non</strong></span> <span class='ocrx_word' id='word_1_185' title='bbox 2451 2338 2672 2407; x_wconf 78' lang='lat' dir='ltr'><strong>quaerat</strong></span> <span class='ocrx_word' id='word_1_186' title='bbox 2710 2334 3126 2406; x_wconf 90' lang='lat' dir='ltr'><strong>eloquentiam,</strong></span> <span class='ocrx_word' id='word_1_187' title='bbox 3171 2351 3287 2391; x_wconf 91' lang='lat' dir='ltr'><strong>non</strong></span> <span class='ocrx_word' id='word_1_188' title='bbox 3317 2341 3615 2394; x_wconf 86' lang='lat' dir='ltr'><strong>oratorum</strong></span> <span class='ocrx_word' id='word_1_189' title='bbox 3678 2340 3763 2397; x_wconf 66' lang='lat' dir='ltr'><strong>ie-</strong></span> 
     </span>
    </p>
   </div>
   <div class='ocr_carea' id='block_1_32' title="bbox 2119 2423 3763 2498">
    <p class='ocr_par' dir='ltr' id='par_1_32' title="bbox 2119 2423 3763 2498">
     <span class='ocr_line' id='line_1_33' title="bbox 2119 2423 3763 2498; baseline 0.002 -19"><span class='ocrx_word' id='word_1_190' title='bbox 2119 2439 2357 2497; x_wconf 91' lang='lat' dir='ltr'><strong>porem;</strong></span> <span class='ocrx_word' id='word_1_191' title='bbox 2404 2423 2505 2478; x_wconf 90' lang='lat' dir='ltr'><strong>sed</strong></span> <span class='ocrx_word' id='word_1_192' title='bbox 2563 2424 2755 2496; x_wconf 84' lang='lat' dir='ltr'><strong>magis</strong></span> <span class='ocrx_word' id='word_1_193' title='bbox 2809 2424 3066 2479; x_wconf 88' lang='lat' dir='ltr'><strong>inimicis</strong></span> <span class='ocrx_word' id='word_1_194' title='bbox 3122 2441 3225 2496; x_wconf 90' lang='lat' dir='ltr'><strong>pro</strong></span> <span class='ocrx_word' id='word_1_195' title='bbox 3285 2425 3455 2483; x_wconf 84' lang='lat' dir='ltr'><strong>nobis</strong></span> <span class='ocrx_word' id='word_1_196' title='bbox 3502 2426 3631 2498; x_wconf 83' lang='lat' dir='ltr'><strong>ipse</strong></span> <span class='ocrx_word' id='word_1_197' title='bbox 3675 2444 3763 2483; x_wconf 85' lang='lat' dir='ltr'><strong>re-</strong></span> 
     </span>
    </p>
   </div>
   <div class='ocr_carea' id='block_1_33' title="bbox 2120 2510 3766 2584">
    <p class='ocr_par' dir='ltr' id='par_1_33' title="bbox 2120 2510 3766 2584">
     <span class='ocr_line' id='line_1_34' title="bbox 2120 2510 3766 2584; baseline 0.002 -16"><span class='ocrx_word' id='word_1_198' title='bbox 2120 2511 2425 2584; x_wconf 87' lang='lat' dir='ltr'><strong>spondeat,</strong></span> <span class='ocrx_word' id='word_1_199' title='bbox 2482 2512 2638 2567; x_wconf 91' lang='lat' dir='ltr'><strong>Novo</strong></span> <span class='ocrx_word' id='word_1_200' title='bbox 2698 2510 2857 2583; x_wconf 91' lang='lat' dir='ltr'><strong>operi</strong></span> <span class='ocrx_word' id='word_1_201' title='bbox 2913 2512 3140 2568; x_wconf 85' lang='lat' dir='ltr'><strong>veniam</strong></span> <span class='ocrx_word' id='word_1_202' title='bbox 3199 2515 3653 2572; x_wconf 69' lang='lat' dir='ltr'><strong>concedendam.</strong></span> <span class='ocrx_word' id='word_1_203' title='bbox 3694 2516 3766 2574; x_wconf 81' lang='lat' dir='ltr'><strong>Ut</strong></span> 
     </span>
    </p>
   </div>
   <div class='ocr_carea' id='block_1_34' title="bbox 2121 2599 3766 2674">
    <p class='ocr_par' dir='ltr' id='par_1_34' title="bbox 2121 2599 3766 2674">
     <span class='ocr_line' id='line_1_35' title="bbox 2121 2599 3766 2674; baseline 0.004 -19"><span class='ocrx_word' id='word_1_204' title='bbox 2121 2600 2276 2656; x_wconf 91' lang='lat' dir='ltr'><strong>enim</strong></span> <span class='ocrx_word' id='word_1_205' title='bbox 2308 2616 2414 2655; x_wconf 90' lang='lat' dir='ltr'><strong>nos</strong></span> <span class='ocrx_word' id='word_1_206' title='bbox 2464 2599 2744 2656; x_wconf 90' lang='lat' dir='ltr'><strong>humilles</strong></span> <span class='ocrx_word' id='word_1_207' title='bbox 2798 2601 2972 2672; x_wconf 90' lang='lat' dir='ltr'><strong>atque</strong></span> <span class='ocrx_word' id='word_1_208' title='bbox 3028 2600 3392 2674; x_wconf 89' lang='lat' dir='ltr'><strong>pauperculi,</strong></span> <span class='ocrx_word' id='word_1_209' title='bbox 3445 2620 3551 2662; x_wconf 89' lang='lat' dir='ltr'><strong>nec</strong></span> <span class='ocrx_word' id='word_1_210' title='bbox 3588 2604 3766 2662; x_wconf 87' lang='lat' dir='ltr'><strong>habe-</strong></span> 
     </span>
    </p>
   </div>
   <div class='ocr_carea' id='block_1_35' title="bbox 2122 2687 3769 2765">
    <p class='ocr_par' dir='ltr' id='par_1_35' title="bbox 2122 2687 3769 2765">
     <span class='ocr_line' id='line_1_36' title="bbox 2122 2687 3769 2765; baseline 0.004 -20"><span class='ocrx_word' id='word_1_211' title='bbox 2122 2706 2256 2745; x_wconf 88' lang='lat' dir='ltr'><strong>mus</strong></span> <span class='ocrx_word' id='word_1_212' title='bbox 2287 2688 2542 2758; x_wconf 89' lang='lat' dir='ltr'><strong>divitias,</strong></span> <span class='ocrx_word' id='word_1_213' title='bbox 2576 2705 2681 2744; x_wconf 90' lang='lat' dir='ltr'><strong>nec</strong></span> <span class='ocrx_word' id='word_1_214' title='bbox 2710 2687 2937 2746; x_wconf 88' lang='lat' dir='ltr'><strong>oblatas</strong></span> <span class='ocrx_word' id='word_1_215' title='bbox 2984 2689 3301 2762; x_wconf 85' lang='lat' dir='ltr'><strong>dignamur</strong></span> <span class='ocrx_word' id='word_1_216' title='bbox 3337 2692 3644 2765; x_wconf 11' lang='lat' dir='ltr'><strong>acciperes:</strong></span> <span class='ocrx_word' id='word_1_217' title='bbox 3686 2695 3769 2752; x_wconf 82' lang='lat' dir='ltr'><strong>ita</strong></span> 
     </span>
    </p>
   </div>
   <div class='ocr_carea' id='block_1_36' title="bbox 2122 2777 3771 2854">
    <p class='ocr_par' dir='ltr' id='par_1_36' title="bbox 2122 2777 3771 2854">
     <span class='ocr_line' id='line_1_37' title="bbox 2122 2777 3771 2854; baseline 0.004 -19"><span class='ocrx_word' id='word_1_218' title='bbox 2122 2782 2180 2835; x_wconf 88' lang='lat' dir='ltr'><strong>et</strong></span> <span class='ocrx_word' id='word_1_219' title='bbox 2207 2777 2295 2833; x_wconf 92' lang='lat' dir='ltr'><strong>illi</strong></span> <span class='ocrx_word' id='word_1_220' title='bbox 2351 2777 2637 2844; x_wconf 87' lang='lat' dir='ltr'><strong>noverint,</strong></span> <span class='ocrx_word' id='word_1_221' title='bbox 2694 2794 2811 2833; x_wconf 90' lang='lat' dir='ltr'><strong>non</strong></span> <span class='ocrx_word' id='word_1_222' title='bbox 2841 2794 3013 2850; x_wconf 82' lang='lat' dir='ltr'><strong>posse</strong></span> <span class='ocrx_word' id='word_1_223' title='bbox 3058 2795 3121 2835; x_wconf 92' lang='lat' dir='ltr'><strong>se</strong></span> <span class='ocrx_word' id='word_1_224' title='bbox 3178 2779 3409 2836; x_wconf 11' lang='lat' dir='ltr'><strong>notitiai</strong></span> <span class='ocrx_word' id='word_1_225' title='bbox 3435 2781 3771 2854; x_wconf 75' lang='lat' dir='ltr'><strong>Scriptura-</strong></span> 
     </span>
    </p>
   </div>
   <div class='ocr_carea' id='block_1_37' title="bbox 2123 2866 3772 2936">
    <p class='ocr_par' dir='ltr' id='par_1_37' title="bbox 2123 2866 3772 2936">
     <span class='ocr_line' id='line_1_38' title="bbox 2123 2866 3772 2936; baseline 0.002 -14"><span class='ocrx_word' id='word_1_226' title='bbox 2123 2866 2344 2935; x_wconf 86' lang='lat' dir='ltr'><strong>rum,id</strong></span> <span class='ocrx_word' id='word_1_227' title='bbox 2375 2872 2484 2934; x_wconf 90' lang='lat' dir='ltr'><strong>est,</strong></span> <span class='ocrx_word' id='word_1_228' title='bbox 2503 2868 2859 2923; x_wconf 62' lang='lat'><strong>808-304</strong></span> <span class='ocrx_word' id='word_1_229' title='bbox 2879 2866 3116 2923; x_wconf 89' lang='lat' dir='ltr'><strong>divitias</strong></span> <span class='ocrx_word' id='word_1_230' title='bbox 3137 2867 3373 2936; x_wconf 86' lang='lat' dir='ltr'><strong>Christi,</strong></span> <span class='ocrx_word' id='word_1_231' title='bbox 3392 2885 3527 2927; x_wconf 87' lang='lat' dir='ltr'><strong>cum</strong></span> <span class='ocrx_word' id='word_1_232' title='bbox 3559 2871 3772 2931; x_wconf 86' lang='lat' dir='ltr'><strong>mundi</strong></span> 
     </span>
    </p>
   </div>
   <div class='ocr_carea' id='block_1_38' title="bbox 365 2954 3772 3063">
    <p class='ocr_par' dir='ltr' id='par_1_38' title="bbox 365 2954 3772 3063">
     <span class='ocr_line' id='line_1_39' title="bbox 365 2954 3772 3063; baseline -0.001 -45"><span class='ocrx_word' id='word_1_233' title='bbox 365 2960 687 3020; x_wconf 70' lang='lat' dir='ltr'><strong>immundae</strong></span> <span class='ocrx_word' id='word_1_234' title='bbox 719 2976 855 3016; x_wconf 90' lang='lat' dir='ltr'><strong>sues</strong></span> <span class='ocrx_word' id='word_1_235' title='bbox 886 2957 1226 3030; x_wconf 85' lang='lat' dir='ltr'><strong>grunniant,</strong></span> <span class='ocrx_word' id='word_1_236' title='bbox 1260 2961 1318 3013; x_wconf 88' lang='lat' dir='ltr'><strong>et</strong></span> <span class='ocrx_word' id='word_1_237' title='bbox 1369 2955 1617 3054; x_wconf 76' lang='lat' dir='ltr'><strong>pedibus</strong></span> <span class='ocrx_word' id='word_1_238' title='bbox 1669 2955 2017 3054; x_wconf 83' lang='lat' dir='ltr'><strong>margaritas</strong></span> <span class='ocrx_word' id='word_1_239' title='bbox 2046 2998 2095 3063; x_wconf 78' lang='grc' dir='ltr'><strong>Β</strong></span> <span class='ocrx_word' id='word_1_240' title='bbox 2123 2955 2343 3027; x_wconf 91' lang='lat' dir='ltr'><strong>pariter</strong></span> <span class='ocrx_word' id='word_1_241' title='bbox 2371 2955 2392 2988; x_wconf 81' lang='grc'>⁸</span> <span class='ocrx_word' id='word_1_242' title='bbox 2422 2955 2635 3012; x_wconf 90' lang='lat' dir='ltr'><strong>habere</strong></span> <span class='ocrx_word' id='word_1_243' title='bbox 2666 2954 2908 3063; x_wconf 64' lang='lat' dir='ltr'><strong>divitiis.</strong></span> <span class='ocrx_word' id='word_1_244' title='bbox 2967 2954 3159 3011; x_wconf 92' lang='lat' dir='ltr'><strong>Studii</strong></span> <span class='ocrx_word' id='word_1_245' title='bbox 3205 2971 3344 3029; x_wconf 77' lang='lat' dir='ltr'><strong>ergo</strong></span> <span class='ocrx_word' id='word_1_246' title='bbox 3400 2959 3586 3016; x_wconf 89' lang='lat' dir='ltr'><strong>nostri</strong></span> <span class='ocrx_word' id='word_1_247' title='bbox 3637 2959 3772 3026; x_wconf 81' lang='lat' dir='ltr'><strong>erit,</strong></span> 
     </span>
    </p>
   </div>
   <div class='ocr_carea' id='block_1_39' title="bbox 376 3041 3775 3120">
    <p class='ocr_par' dir='ltr' id='par_1_39' title="bbox 376 3041 3775 3120">
     <span class='ocr_line' id='line_1_40' title="bbox 376 3041 3775 3120; baseline 0.001 -15"><span class='ocrx_word' id='word_1_248' title='bbox 376 3045 741 3112; x_wconf 86' lang='lat' dir='ltr'><strong>oonculcent,</strong></span> <span class='ocrx_word' id='word_1_249' title='bbox 792 3062 926 3102; x_wconf 89' lang='lat' dir='ltr'><strong>cum</strong></span> <span class='ocrx_word' id='word_1_250' title='bbox 978 3045 1260 3101; x_wconf 87' lang='lat' dir='ltr'><strong>adversus</strong></span> <span class='ocrx_word' id='word_1_251' title='bbox 1310 3041 1687 3099; x_wconf 88' lang='lat' dir='ltr'><strong>doctissimos</strong></span> <span class='ocrx_word' id='word_1_252' title='bbox 1730 3042 1907 3106; x_wconf 89' lang='lat' dir='ltr'><strong>viros,</strong></span> <span class='ocrx_word' id='word_1_253' title='bbox 1964 3046 2021 3098; x_wconf 93' lang='lat' dir='ltr'><strong>et</strong></span> <span class='ocrx_word' id='word_1_254' title='bbox 2047 3041 2095 3063; x_wconf 80' lang='lat'>”</span> <span class='ocrx_word' id='word_1_255' title='bbox 2129 3043 2217 3100; x_wconf 84' lang='lat' dir='ltr'><strong>vel</strong></span> <span class='ocrx_word' id='word_1_256' title='bbox 2247 3060 2471 3110; x_wconf 89' lang='lat' dir='ltr'><strong>eorum,</strong></span> <span class='ocrx_word' id='word_1_257' title='bbox 2505 3043 2606 3116; x_wconf 92' lang='lat' dir='ltr'><strong>qui</strong></span> <span class='ocrx_word' id='word_1_258' title='bbox 2636 3044 2706 3100; x_wconf 91' lang='lat' dir='ltr'><strong>de</strong></span> <span class='ocrx_word' id='word_1_259' title='bbox 2737 3042 2904 3100; x_wconf 90' lang='lat' dir='ltr'><strong>libris</strong></span> <span class='ocrx_word' id='word_1_260' title='bbox 2934 3043 3230 3101; x_wconf 87' lang='lat' dir='ltr'><strong>Hebraicis</strong></span> <span class='ocrx_word' id='word_1_261' title='bbox 3258 3045 3420 3103; x_wconf 85' lang='lat' dir='ltr'><strong>varia</strong></span> <span class='ocrx_word' id='word_1_262' title='bbox 3456 3047 3775 3120; x_wconf 66' lang='lat' dir='ltr'><strong>suspican-</strong></span> 
     </span>
    </p>
   </div>
   <div class='ocr_carea' id='block_1_40' title="bbox 371 3129 2021 3211">
    <p class='ocr_par' dir='ltr' id='par_1_40' title="bbox 371 3129 2021 3211">
     <span class='ocr_line' id='line_1_41' title="bbox 371 3129 2021 3211; baseline -0.004 -20"><span class='ocrx_word' id='word_1_263' title='bbox 371 3134 475 3211; x_wconf 80' lang='lat' dir='ltr'><strong>qui</strong></span> <span class='ocrx_word' id='word_1_264' title='bbox 506 3133 693 3206; x_wconf 82' lang='lat' dir='ltr'><strong>gloria</strong></span> <span class='ocrx_word' id='word_1_265' title='bbox 720 3133 1001 3188; x_wconf 81' lang='lat' dir='ltr'><strong>invidiam</strong></span> <span class='ocrx_word' id='word_1_266' title='bbox 1033 3147 1311 3203; x_wconf 88' lang='lat' dir='ltr'><strong>superare</strong></span> <span class='ocrx_word' id='word_1_267' title='bbox 1335 3129 1831 3196; x_wconf 88' lang='lat' dir='ltr'><strong>debuerant,livor</strong></span> <span class='ocrx_word' id='word_1_268' title='bbox 1859 3146 2021 3186; x_wconf 88' lang='lat' dir='ltr'><strong>exar-</strong></span> 
     </span>
    </p>
   </div>
   <div class='ocr_carea' id='block_1_41' title="bbox 373 3216 2024 3290">
    <p class='ocr_par' dir='ltr' id='par_1_41' title="bbox 373 3216 2024 3290">
     <span class='ocr_line' id='line_1_42' title="bbox 373 3216 2024 3290; baseline -0.002 -12"><span class='ocrx_word' id='word_1_269' title='bbox 373 3220 538 3280; x_wconf 78' lang='lat' dir='ltr'><strong>serit.</strong></span> <span class='ocrx_word' id='word_1_270' title='bbox 576 3221 796 3276; x_wconf 78' lang='lat' dir='ltr'><strong>Verum</strong></span> <span class='ocrx_word' id='word_1_271' title='bbox 843 3219 953 3276; x_wconf 90' lang='lat' dir='ltr'><strong>hoc</strong></span> <span class='ocrx_word' id='word_1_272' title='bbox 1000 3218 1119 3274; x_wconf 91' lang='lat' dir='ltr'><strong>illis</strong></span> <span class='ocrx_word' id='word_1_273' title='bbox 1172 3218 1379 3274; x_wconf 92' lang='lat' dir='ltr'><strong>merito</strong></span> <span class='ocrx_word' id='word_1_274' title='bbox 1419 3216 1648 3289; x_wconf 81' lang='lat' dir='ltr'><strong>accidit,</strong></span> <span class='ocrx_word' id='word_1_275' title='bbox 1683 3235 1933 3290; x_wconf 90' lang='lat' dir='ltr'><strong>quorum</strong></span> <span class='ocrx_word' id='word_1_276' title='bbox 1964 3219 2024 3275; x_wconf 92' lang='lat' dir='ltr'><strong>in</strong></span> 
     </span>
    </p>
   </div>
   <div class='ocr_carea' id='block_1_42' title="bbox 377 3305 2029 3379">
    <p class='ocr_par' dir='ltr' id='par_1_42' title="bbox 377 3305 2029 3379">
     <span class='ocr_line' id='line_1_43' title="bbox 377 3305 2029 3379; baseline -0.002 -12"><span class='ocrx_word' id='word_1_277' title='bbox 377 3308 649 3375; x_wconf 79' lang='lat' dir='ltr'><strong>theatris,</strong></span> <span class='ocrx_word' id='word_1_278' title='bbox 706 3307 888 3376; x_wconf 90' lang='lat' dir='ltr'><strong>curia,</strong></span> <span class='ocrx_word' id='word_1_279' title='bbox 921 3306 1216 3376; x_wconf 87' lang='lat' dir='ltr'><strong>concione,</strong></span> <span class='ocrx_word' id='word_1_280' title='bbox 1279 3324 1383 3379; x_wconf 88' lang='lat' dir='ltr'><strong>pro</strong></span> <span class='ocrx_word' id='word_1_281' title='bbox 1426 3305 1645 3363; x_wconf 83' lang='lat' dir='ltr'><strong>rostris</strong></span> <span class='ocrx_word' id='word_1_282' title='bbox 1696 3305 2029 3379; x_wconf 86' lang='lat' dir='ltr'><strong>eloquentia</strong></span> 
     </span>
    </p>
   </div>
   <div class='ocr_carea' id='block_1_43' title="bbox 385 3394 2027 3470">
    <p class='ocr_par' dir='ltr' id='par_1_43' title="bbox 385 3394 2027 3470">
     <span class='ocr_line' id='line_1_44' title="bbox 385 3394 2027 3470; baseline -0.002 -15"><span class='ocrx_word' id='word_1_283' title='bbox 385 3395 753 3470; x_wconf 77' lang='lat' dir='ltr'><strong>pertonabat.</strong></span> <span class='ocrx_word' id='word_1_284' title='bbox 796 3396 1040 3469; x_wconf 90' lang='lat' dir='ltr'><strong>Semper</strong></span> <span class='ocrx_word' id='word_1_285' title='bbox 1080 3395 1235 3451; x_wconf 89' lang='lat' dir='ltr'><strong>enim</strong></span> <span class='ocrx_word' id='word_1_286' title='bbox 1286 3395 1343 3449; x_wconf 90' lang='lat' dir='ltr'><strong>in</strong></span> <span class='ocrx_word' id='word_1_287' title='bbox 1400 3394 1707 3467; x_wconf 89' lang='lat' dir='ltr'><strong>propatulo</strong></span> <span class='ocrx_word' id='word_1_288' title='bbox 1750 3395 2027 3452; x_wconf 86' lang='lat' dir='ltr'><strong>fortitudo</strong></span> 
     </span>
    </p>
   </div>
   <div class='ocr_carea' id='block_1_44' title="bbox 391 3484 861 3552">
    <p class='ocr_par' dir='ltr' id='par_1_44' title="bbox 391 3484 861 3552">
     <span class='ocr_line' id='line_1_45' title="bbox 391 3484 861 3552; baseline -0.013 -6"><span class='ocrx_word' id='word_1_289' title='bbox 391 3484 642 3546; x_wconf 71' lang='lat' dir='ltr'><strong>lmulos</strong></span> <span class='ocrx_word' id='word_1_290' title='bbox 664 3484 861 3552; x_wconf 87' lang='lat' dir='ltr'><strong>habet,</strong></span> 
     </span>
    </p>
   </div>
   <div class='ocr_carea' id='block_1_45' title="bbox 651 3608 1765 3673">
    <p class='ocr_par' dir='ltr' id='par_1_45' title="bbox 651 3608 1765 3673">
     <span class='ocr_line' id='line_1_46' title="bbox 651 3608 1765 3673; baseline 0.001 -15"><span class='ocrx_word' id='word_1_291' title='bbox 651 3609 972 3673; x_wconf 83' lang='lat' dir='ltr'><strong>Feriuntque</strong></span> <span class='ocrx_word' id='word_1_292' title='bbox 1001 3622 1240 3673; x_wconf 81' lang='lat' dir='ltr'><strong>summos</strong></span> <span class='ocrx_word' id='word_1_293' title='bbox 1267 3608 1511 3673; x_wconf 75' lang='lat' dir='ltr'><strong>Fulmina</strong></span> <span class='ocrx_word' id='word_1_294' title='bbox 1539 3614 1765 3673; x_wconf 88' lang='lat' dir='ltr'><strong>montes.</strong></span> 
     </span>
    </p>
   </div>
   <div class='ocr_carea' id='block_1_46' title="bbox 1089 3671 1843 3734">
    <p class='ocr_par' dir='ltr' id='par_1_46' title="bbox 1089 3671 1843 3734">
     <span class='ocr_line' id='line_1_47' title="bbox 1089 3671 1843 3734; baseline 0 -14"><span class='ocrx_word' id='word_1_295' title='bbox 1089 3672 1238 3734; x_wconf 69' lang='lat' dir='ltr'><strong>(Hos.</strong></span> <span class='ocrx_word' id='word_1_296' title='bbox 1261 3672 1431 3721; x_wconf 79' lang='lat' dir='ltr'><strong>Carm.</strong></span> <span class='ocrx_word' id='word_1_297' title='bbox 1462 3685 1515 3731; x_wconf 82' lang='grc' dir='ltr'><strong>ιι,</strong></span> <span class='ocrx_word' id='word_1_298' title='bbox 1548 3671 1649 3721; x_wconf 88' lang='lat' dir='ltr'><strong>ode</strong></span> <span class='ocrx_word' id='word_1_299' title='bbox 1678 3686 1712 3720; x_wconf 73' lang='grc' dir='ltr'><strong>χ</strong></span> <span class='ocrx_word' id='word_1_300' title='bbox 1746 3672 1843 3734; x_wconf 82' lang='grc'><strong>19).</strong></span> 
     </span>
    </p>
   </div>
   <div class='ocr_carea' id='block_1_47' title="bbox 455 3804 2025 3877">
    <p class='ocr_par' dir='ltr' id='par_1_47' title="bbox 455 3804 2025 3877">
     <span class='ocr_line' id='line_1_48' title="bbox 455 3804 2025 3877; baseline 0.002 -18"><span class='ocrx_word' id='word_1_301' title='bbox 455 3805 485 3877; x_wconf 21' lang='grc' dir='ltr'>¹Α</span> <span class='ocrx_word' id='word_1_302' title='bbox 502 3805 727 3877; x_wconf 15' lang='grc' dir='ltr'><strong>ᾲΤΟῐυῑΙζ</strong></span> <span class='ocrx_word' id='word_1_303' title='bbox 746 3804 1145 3877; x_wconf 28' lang='grc' dir='ltr'><strong>Ιπιιορλιὶωυηι</strong></span> <span class='ocrx_word' id='word_1_304' title='bbox 1167 3805 1468 3877; x_wconf 85' lang='lat' dir='ltr'><strong>exegimus</strong></span> <span class='ocrx_word' id='word_1_305' title='bbox 1489 3805 1562 3860; x_wconf 93' lang='lat' dir='ltr'><strong>ad</strong></span> <span class='ocrx_word' id='word_1_306' title='bbox 1593 3804 1852 3877; x_wconf 89' lang='lat' dir='ltr'><strong>quinque</strong></span> <span class='ocrx_word' id='word_1_307' title='bbox 1881 3821 2025 3877; x_wconf 76' lang='lat' dir='ltr'><strong>mss.</strong></span> 
     </span>
    </p>
   </div>
   <div class='ocr_carea' id='block_1_48' title="bbox 385 3822 2026 3949">
    <p class='ocr_par' dir='ltr' id='par_1_48' title="bbox 385 3822 2026 3949">
     <span class='ocr_line' id='line_1_49' title="bbox 458 3822 2025 3930; baseline 0.001 -70"><span class='ocrx_word' id='word_1_308' title='bbox 458 3822 471 3838; x_wconf 82' lang='grc' dir='ltr'>ι</span> <span class='ocrx_word' id='word_1_309' title='bbox 512 3822 725 3861; x_wconf 77' lang='lat' dir='ltr'><strong>1&#39;me</strong></span> <span class='ocrx_word' id='word_1_310' title='bbox 747 3822 903 3861; x_wconf 91' lang='lat' dir='ltr'><strong>nunc</strong></span> <span class='ocrx_word' id='word_1_311' title='bbox 926 3822 1145 3862; x_wconf 78' lang='lat' dir='ltr'><strong>norum</strong></span> <span class='ocrx_word' id='word_1_312' title='bbox 1167 3822 1468 3930; x_wconf 64' lang='lat' dir='ltr'><strong>exegimus</strong></span> <span class='ocrx_word' id='word_1_313' title='bbox 1489 3822 1562 3860; x_wconf 89' lang='lat' dir='ltr'><strong>au</strong></span> <span class='ocrx_word' id='word_1_314' title='bbox 1593 3822 1852 3877; x_wconf 80' lang='lat' dir='ltr'><strong>quinque</strong></span> <span class='ocrx_word' id='word_1_315' title='bbox 1881 3822 2025 3862; x_wconf 76' lang='lat' dir='ltr'><strong>mss.</strong></span> 
     </span>
     <span class='ocr_line' id='line_1_50' title="bbox 385 3875 2026 3949; baseline 0 -18"><span class='ocrx_word' id='word_1_316' title='bbox 385 3875 617 3931; x_wconf 83' lang='lat' dir='ltr'><strong>codices</strong></span> <span class='ocrx_word' id='word_1_317' title='bbox 647 3892 662 3930; x_wconf 87' lang='lat'><strong>:</strong></span> <span class='ocrx_word' id='word_1_318' title='bbox 697 3875 846 3932; x_wconf 89' lang='lat' dir='ltr'><strong>duos</strong></span> <span class='ocrx_word' id='word_1_319' title='bbox 872 3875 1208 3949; x_wconf 82' lang='lat' dir='ltr'><strong>Vaticauos,</strong></span> <span class='ocrx_word' id='word_1_320' title='bbox 1238 3877 1379 3949; x_wconf 4' lang='lat' dir='ltr'><strong>opim</strong></span> <span class='ocrx_word' id='word_1_321' title='bbox 1420 3875 1740 3949; x_wconf 68' lang='lat' dir='ltr'><strong>Sueuorum</strong></span> <span class='ocrx_word' id='word_1_322' title='bbox 1773 3876 2026 3949; x_wconf 80' lang='lat' dir='ltr'><strong>Reginae,</strong></span> 
     </span>
    </p>
   </div>
   <div class='ocr_carea' id='block_1_49' title="bbox 418 3946 2023 4019">
    <p class='ocr_par' dir='ltr' id='par_1_49' title="bbox 418 3946 2023 4019">
     <span class='ocr_line' id='line_1_51' title="bbox 418 3946 2023 4019; baseline 0.002 -18"><span class='ocrx_word' id='word_1_323' title='bbox 418 3963 496 4019; x_wconf 56' lang='lat' dir='ltr'><strong>rm</strong></span> <span class='ocrx_word' id='word_1_324' title='bbox 521 3949 750 4019; x_wconf 87' lang='lat' dir='ltr'><strong>notatos</strong></span> <span class='ocrx_word' id='word_1_325' title='bbox 782 3947 1045 4019; x_wconf 87' lang='lat' dir='ltr'><strong>numeris</strong></span> <span class='ocrx_word' id='word_1_326' title='bbox 1064 3947 1132 4002; x_wconf 90' lang='lat'>39</span> <span class='ocrx_word' id='word_1_327' title='bbox 1153 3952 1211 4003; x_wconf 91' lang='lat' dir='ltr'><strong>et</strong></span> <span class='ocrx_word' id='word_1_328' title='bbox 1228 3948 1483 4009; x_wconf 73' lang='lat' dir='ltr'><strong>2l35;tum</strong></span> <span class='ocrx_word' id='word_1_329' title='bbox 1508 3946 1690 4019; x_wconf 84' lang='lat' dir='ltr'><strong>alium</strong></span> <span class='ocrx_word' id='word_1_330' title='bbox 1713 3946 2023 4019; x_wconf 32' lang='lat' dir='ltr'><strong>antiq’uiss.</strong></span> 
     </span>
    </p>
   </div>
   <div class='ocr_carea' id='block_1_50' title="bbox 384 4014 2028 4088">
    <p class='ocr_par' dir='ltr' id='par_1_50' title="bbox 384 4014 2028 4088">
     <span class='ocr_line' id='line_1_52' title="bbox 384 4014 2028 4088; baseline 0.002 -17"><span class='ocrx_word' id='word_1_331' title='bbox 384 4014 731 4085; x_wconf 84' lang='lat' dir='ltr'><strong>Palatinum,</strong></span> <span class='ocrx_word' id='word_1_332' title='bbox 787 4018 849 4074; x_wconf 92' lang='lat' dir='ltr'><strong>in</strong></span> <span class='ocrx_word' id='word_1_333' title='bbox 900 4018 1101 4075; x_wconf 89' lang='lat' dir='ltr'><strong>eadem</strong></span> <span class='ocrx_word' id='word_1_334' title='bbox 1132 4019 1409 4074; x_wconf 87' lang='lat' dir='ltr'><strong>Vaticana</strong></span> <span class='ocrx_word' id='word_1_335' title='bbox 1466 4018 1821 4074; x_wconf 88' lang='lat' dir='ltr'><strong>bibliotheca</strong></span> <span class='ocrx_word' id='word_1_336' title='bbox 1856 4014 1978 4075; x_wconf 78' lang='grc'><strong>’183</strong></span> <span class='ocrx_word' id='word_1_337' title='bbox 2013 4062 2028 4088; x_wconf 88' lang='grc'><strong><em>,</em></strong></span> 
     </span>
    </p>
   </div>
   <div class='ocr_carea' id='block_1_51' title="bbox 376 4088 2028 4159">
    <p class='ocr_par' dir='ltr' id='par_1_51' title="bbox 376 4088 2028 4159">
     <span class='ocr_line' id='line_1_53' title="bbox 376 4088 2028 4159; baseline 0.002 -16"><span class='ocrx_word' id='word_1_338' title='bbox 376 4091 555 4159; x_wconf 88' lang='lat' dir='ltr'><strong>atque</strong></span> <span class='ocrx_word' id='word_1_339' title='bbox 584 4103 770 4143; x_wconf 91' lang='lat' dir='ltr'><strong>unum</strong></span> <span class='ocrx_word' id='word_1_340' title='bbox 792 4088 1284 4146; x_wconf 90' lang='lat' dir='ltr'><strong>Mediolanensem</strong></span> <span class='ocrx_word' id='word_1_341' title='bbox 1302 4089 1361 4144; x_wconf 90' lang='lat' dir='ltr'><strong>in</strong></span> <span class='ocrx_word' id='word_1_342' title='bbox 1385 4089 1776 4146; x_wconf 80' lang='lat' dir='ltr'><strong>Ambrosiana</strong></span> <span class='ocrx_word' id='word_1_343' title='bbox 1806 4090 1916 4145; x_wconf 91' lang='lat' dir='ltr'><strong>sub</strong></span> <span class='ocrx_word' id='word_1_344' title='bbox 1939 4090 2028 4147; x_wconf 90' lang='lat' dir='ltr'><strong>lit-</strong></span> 
     </span>
    </p>
   </div>
   <div class='ocr_carea' id='block_1_52' title="bbox 370 4160 2023 4232">
    <p class='ocr_par' dir='ltr' id='par_1_52' title="bbox 370 4160 2023 4232">
     <span class='ocr_line' id='line_1_54' title="bbox 370 4160 2023 4232; baseline 0.001 -18"><span class='ocrx_word' id='word_1_345' title='bbox 370 4161 498 4215; x_wconf 76' lang='lat' dir='ltr'><strong>tera</strong></span> <span class='ocrx_word' id='word_1_346' title='bbox 527 4175 585 4224; x_wconf 83' lang='grc' dir='ltr'><strong>ι),</strong></span> <span class='ocrx_word' id='word_1_347' title='bbox 618 4175 784 4216; x_wconf 90' lang='lat' dir='ltr'><strong>num.</strong></span> <span class='ocrx_word' id='word_1_348' title='bbox 815 4160 924 4229; x_wconf 89' lang='lat'><strong>88;</strong></span> <span class='ocrx_word' id='word_1_349' title='bbox 976 4161 1224 4232; x_wconf 85' lang='lat' dir='ltr'><strong>denique</strong></span> <span class='ocrx_word' id='word_1_350' title='bbox 1275 4164 1564 4229; x_wconf 91' lang='lat' dir='ltr'><strong>nostrum,</strong></span> <span class='ocrx_word' id='word_1_351' title='bbox 1630 4176 1817 4232; x_wconf 84' lang='lat' dir='ltr'><strong>quem</strong></span> <span class='ocrx_word' id='word_1_352' title='bbox 1864 4162 2023 4216; x_wconf 91' lang='lat' dir='ltr'><strong>domi</strong></span> 
     </span>
    </p>
   </div>
   <div class='ocr_carea' id='block_1_53' title="bbox 384 4230 2022 4303">
    <p class='ocr_par' dir='ltr' id='par_1_53' title="bbox 384 4230 2022 4303">
     <span class='ocr_line' id='line_1_55' title="bbox 384 4230 2022 4303; baseline 0 -17"><span class='ocrx_word' id='word_1_353' title='bbox 384 4246 782 4303; x_wconf 57' lang='lat' dir='ltr'><strong>«cenamus,</strong></span> <span class='ocrx_word' id='word_1_354' title='bbox 814 4248 932 4287; x_wconf 86' lang='lat' dir='ltr'><strong>non</strong></span> <span class='ocrx_word' id='word_1_355' title='bbox 969 4230 1146 4287; x_wconf 78' lang='lat' dir='ltr'><strong>illum</strong></span> <span class='ocrx_word' id='word_1_356' title='bbox 1167 4232 1403 4303; x_wconf 88' lang='lat' dir='ltr'><strong>quidem</strong></span> <span class='ocrx_word' id='word_1_357' title='bbox 1436 4231 1846 4303; x_wconf 69' lang='lat' dir='ltr'><strong>remotissimae</strong></span> <span class='ocrx_word' id='word_1_358' title='bbox 1874 4232 2022 4287; x_wconf 82' lang='lat' dir='ltr'><strong>anti-</strong></span> 
     </span>
    </p>
   </div>
   <div class='ocr_carea' id='block_1_54' title="bbox 378 4300 2012 4375">
    <p class='ocr_par' dir='ltr' id='par_1_54' title="bbox 378 4300 2012 4375">
     <span class='ocr_line' id='line_1_56' title="bbox 378 4300 2012 4375; baseline 0.001 -19"><span class='ocrx_word' id='word_1_359' title='bbox 378 4300 639 4375; x_wconf 79' lang='lat' dir='ltr'><strong>quitatis,</strong></span> <span class='ocrx_word' id='word_1_360' title='bbox 664 4302 765 4358; x_wconf 90' lang='lat' dir='ltr'><strong>sed</strong></span> <span class='ocrx_word' id='word_1_361' title='bbox 797 4302 1031 4375; x_wconf 77' lang='lat' dir='ltr'><strong>optimae</strong></span> <span class='ocrx_word' id='word_1_362' title='bbox 1061 4300 1242 4357; x_wconf 81' lang='lat' dir='ltr'><strong>ferme</strong></span> <span class='ocrx_word' id='word_1_363' title='bbox 1284 4320 1423 4375; x_wconf 62' lang='lat' dir='ltr'><strong>prae.</strong></span> <span class='ocrx_word' id='word_1_364' title='bbox 1463 4301 1684 4375; x_wconf 77' lang='lat' dir='ltr'><strong>caeteris</strong></span> <span class='ocrx_word' id='word_1_365' title='bbox 1718 4304 2012 4375; x_wconf 44' lang='lat' dir='ltr'><strong>notantu-</strong></span> 
     </span>
    </p>
   </div>
   <div class='ocr_carea' id='block_1_55' title="bbox 366 4360 2089 4444">
    <p class='ocr_par' dir='ltr' id='par_1_55' title="bbox 366 4360 2089 4444">
     <span class='ocr_line' id='line_1_57' title="bbox 366 4360 2089 4444; baseline -0.002 -16"><span class='ocrx_word' id='word_1_366' title='bbox 366 4360 648 4428; x_wconf 68' lang='lat' dir='ltr'><strong>shribitur</strong></span> <span class='ocrx_word' id='word_1_367' title='bbox 677 4360 872 4428; x_wconf 77' lang='lat' dir='ltr'><strong>autem</strong></span> <span class='ocrx_word' id='word_1_368' title='bbox 904 4374 963 4429; x_wconf 92' lang='lat' dir='ltr'><strong>in</strong></span> <span class='ocrx_word' id='word_1_369' title='bbox 996 4379 1198 4429; x_wconf 89' lang='lat' dir='ltr'><strong>nostro</strong></span> <span class='ocrx_word' id='word_1_370' title='bbox 1229 4360 1309 4428; x_wconf 45' lang='lat' dir='ltr'><strong>ad.</strong></span> <span class='ocrx_word' id='word_1_371' title='bbox 1333 4360 1490 4428; x_wconf 84' lang='lat' dir='ltr'><strong>hunc</strong></span> <span class='ocrx_word' id='word_1_372' title='bbox 1520 4372 2019 4444; x_wconf 88' lang='lat' dir='ltr'><strong>modum:Sophro-</strong></span> <span class='ocrx_word' id='word_1_373' title='bbox 2047 4360 2089 4425; x_wconf 87' lang='lat' dir='ltr'>C</span> 
     </span>
    </p>
   </div>
   <div class='ocr_carea' id='block_1_56' title="bbox 362 4444 2017 4516">
    <p class='ocr_par' dir='ltr' id='par_1_56' title="bbox 362 4444 2017 4516">
     <span class='ocr_line' id='line_1_58' title="bbox 362 4444 2017 4516; baseline -0.001 -17"><span class='ocrx_word' id='word_1_374' title='bbox 362 4446 453 4499; x_wconf 68' lang='grc' dir='ltr'><strong>τιἰί</strong></span> <span class='ocrx_word' id='word_1_375' title='bbox 478 4444 703 4499; x_wconf 86' lang='lat' dir='ltr'><strong>Eusebii</strong></span> <span class='ocrx_word' id='word_1_376' title='bbox 730 4445 1050 4516; x_wconf 82' lang='lat' dir='ltr'><strong>Hieronymi</strong></span> <span class='ocrx_word' id='word_1_377' title='bbox 1105 4447 1166 4499; x_wconf 87' lang='lat' dir='ltr'><strong>in</strong></span> <span class='ocrx_word' id='word_1_378' title='bbox 1195 4445 1365 4499; x_wconf 83' lang='lat' dir='ltr'><strong>libros</strong></span> <span class='ocrx_word' id='word_1_379' title='bbox 1421 4445 1812 4500; x_wconf 81' lang='lat' dir='ltr'><strong>Hebraicarum</strong></span> <span class='ocrx_word' id='word_1_380' title='bbox 1861 4445 2017 4513; x_wconf 75' lang='lat' dir='ltr'><strong>Qua:-</strong></span> 
     </span>
    </p>
   </div>
   <div class='ocr_carea' id='block_1_57' title="bbox 359 4515 2014 4585">
    <p class='ocr_par' dir='ltr' id='par_1_57' title="bbox 359 4515 2014 4585">
     <span class='ocr_line' id='line_1_59' title="bbox 359 4515 2014 4585; baseline 0.001 -15"><span class='ocrx_word' id='word_1_381' title='bbox 359 4516 603 4570; x_wconf 80' lang='lat' dir='ltr'><strong>stionum</strong></span> <span class='ocrx_word' id='word_1_382' title='bbox 630 4519 759 4570; x_wconf 82' lang='lat' dir='ltr'><strong>ante</strong></span> <span class='ocrx_word' id='word_1_383' title='bbox 784 4531 841 4571; x_wconf 86' lang='lat' dir='ltr'><strong>se</strong></span> <span class='ocrx_word' id='word_1_384' title='bbox 868 4515 1145 4570; x_wconf 82' lang='lat' dir='ltr'><strong>inauditos</strong></span> <span class='ocrx_word' id='word_1_385' title='bbox 1199 4520 1313 4570; x_wconf 85' lang='lat' dir='ltr'><strong>tam</strong></span> <span class='ocrx_word' id='word_1_386' title='bbox 1360 4516 1568 4571; x_wconf 60' lang='lat' dir='ltr'><strong>Graecis</strong></span> <span class='ocrx_word' id='word_1_387' title='bbox 1605 4531 1771 4585; x_wconf 88' lang='lat' dir='ltr'><strong>quam</strong></span> <span class='ocrx_word' id='word_1_388' title='bbox 1802 4516 2014 4572; x_wconf 81' lang='lat' dir='ltr'><strong>Latinis</strong></span> 
     </span>
    </p>
   </div>
   <div class='ocr_carea' id='block_1_58' title="bbox 365 4585 2011 4712">
    <p class='ocr_par' dir='ltr' id='par_1_58' title="bbox 365 4585 2011 4712">
     <span class='ocr_line' id='line_1_60' title="bbox 365 4585 2011 4658; baseline 0 -16"><span class='ocrx_word' id='word_1_389' title='bbox 365 4585 641 4650; x_wconf 80' lang='lat' dir='ltr'><strong>omnibus,</strong></span> <span class='ocrx_word' id='word_1_390' title='bbox 674 4586 873 4654; x_wconf 80' lang='lat' dir='ltr'><strong>incipit</strong></span> <span class='ocrx_word' id='word_1_391' title='bbox 937 4586 1173 4654; x_wconf 84' lang='lat' dir='ltr'><strong>rotogus.</strong></span> <span class='ocrx_word' id='word_1_392' title='bbox 1211 4586 1270 4641; x_wconf 88' lang='lat' dir='ltr'><strong>In</strong></span> <span class='ocrx_word' id='word_1_393' title='bbox 1300 4586 1528 4658; x_wconf 79' lang='lat' dir='ltr'><strong>Reginae</strong></span> <span class='ocrx_word' id='word_1_394' title='bbox 1557 4585 1735 4640; x_wconf 89' lang='lat' dir='ltr'><strong>altero</strong></span> <span class='ocrx_word' id='word_1_395' title='bbox 1771 4602 1783 4640; x_wconf 95' lang='lat'>:</span> <span class='ocrx_word' id='word_1_396' title='bbox 1812 4588 2011 4658; x_wconf 84' lang='lat' dir='ltr'><strong>Incipit</strong></span> 
     </span>
     <span class='ocr_line' id='line_1_61' title="bbox 365 4603 1898 4712; baseline 0 0"><span class='ocrx_word' id='word_1_397' title='bbox 365 4657 537 4712; x_wconf 86' lang='lat' dir='ltr'><strong>brevis</strong></span> <span class='ocrx_word' id='word_1_398' title='bbox 560 4656 837 4712; x_wconf 86' lang='lat' dir='ltr'><strong>adnotatio</strong></span> <span class='ocrx_word' id='word_1_399' title='bbox 865 4603 1186 4712; x_wconf 70' lang='lat' dir='ltr'><strong>Hpieronumi</strong></span> <span class='ocrx_word' id='word_1_400' title='bbox 1212 4658 1273 4712; x_wconf 87' lang='lat' dir='ltr'><strong>in</strong></span> <span class='ocrx_word' id='word_1_401' title='bbox 1304 4656 1567 4712; x_wconf 83' lang='lat' dir='ltr'><strong>Genesim.</strong></span> <span class='ocrx_word' id='word_1_402' title='bbox 1608 4656 1898 4712; x_wconf 68' lang='lat' dir='ltr'><strong>Praefatio.</strong></span> 
     </span>
    </p>
   </div>
   <div class='ocr_carea' id='block_1_59' title="bbox 361 4656 1898 4730">
    <p class='ocr_par' dir='ltr' id='par_1_59' title="bbox 361 4656 1898 4730">
     <span class='ocr_line' id='line_1_62' title="bbox 361 4656 1898 4730; baseline 0 -18"><span class='ocrx_word' id='word_1_403' title='bbox 361 4657 537 4730; x_wconf 82' lang='lat' dir='ltr'><strong>brevis</strong></span> <span class='ocrx_word' id='word_1_404' title='bbox 560 4656 837 4730; x_wconf 85' lang='lat' dir='ltr'><strong>adnotatio</strong></span> <span class='ocrx_word' id='word_1_405' title='bbox 865 4656 1186 4730; x_wconf 76' lang='lat' dir='ltr'><strong>Hieronymi</strong></span> <span class='ocrx_word' id='word_1_406' title='bbox 1212 4658 1273 4712; x_wconf 88' lang='lat' dir='ltr'><strong>in</strong></span> <span class='ocrx_word' id='word_1_407' title='bbox 1304 4656 1586 4730; x_wconf 66' lang='lat' dir='ltr'><strong>Genesim._</strong></span> <span class='ocrx_word' id='word_1_408' title='bbox 1608 4656 1898 4730; x_wconf 68' lang='lat' dir='ltr'><strong>Praefatio.</strong></span> 
     </span>
    </p>
   </div>
   <div class='ocr_carea' id='block_1_60' title="bbox 427 4727 2010 4800">
    <p class='ocr_par' dir='ltr' id='par_1_60' title="bbox 427 4727 2010 4800">
     <span class='ocr_line' id='line_1_63' title="bbox 427 4727 2010 4800; baseline 0 -17"><span class='ocrx_word' id='word_1_409' title='bbox 427 4729 591 4800; x_wconf 59' lang='lat' dir='ltr'><strong>“Qui</strong></span> <span class='ocrx_word' id='word_1_410' title='bbox 625 4728 1019 4800; x_wconf 63' lang='lat' dir='ltr'><strong>comoediarum</strong></span> <span class='ocrx_word' id='word_1_411' title='bbox 1045 4729 1323 4800; x_wconf 83' lang='lat' dir='ltr'><strong>Protogos.</strong></span> <span class='ocrx_word' id='word_1_412' title='bbox 1356 4727 1666 4800; x_wconf 82' lang='lat' dir='ltr'><strong>Terentius</strong></span> <span class='ocrx_word' id='word_1_413' title='bbox 1697 4727 2010 4800; x_wconf 84' lang='lat' dir='ltr'><strong>respondet</strong></span> 
     </span>
    </p>
   </div>
   <div class='ocr_carea' id='block_1_61' title="bbox 356 4798 2008 4872">
    <p class='ocr_par' dir='ltr' id='par_1_61' title="bbox 356 4798 2008 4872">
     <span class='ocr_line' id='line_1_64' title="bbox 356 4798 2008 4872; baseline -0.001 -17"><span class='ocrx_word' id='word_1_414' title='bbox 356 4798 693 4856; x_wconf 83' lang='lat' dir='ltr'><strong>maledictis</strong></span> <span class='ocrx_word' id='word_1_415' title='bbox 723 4799 933 4855; x_wconf 89' lang='lat' dir='ltr'><strong>veteris</strong></span> <span class='ocrx_word' id='word_1_416' title='bbox 964 4804 1144 4872; x_wconf 66' lang='lat' dir='ltr'><strong>poetae</strong></span> <span class='ocrx_word' id='word_1_417' title='bbox 1174 4798 1235 4853; x_wconf 88' lang='lat' dir='ltr'><strong>in</strong></span> <span class='ocrx_word' id='word_1_418' title='bbox 1261 4798 1508 4872; x_wconf 85' lang='lat' dir='ltr'><strong>Prologo</strong></span> <span class='ocrx_word' id='word_1_419' title='bbox 1542 4798 1880 4867; x_wconf 27' lang='lat' dir='ltr'><strong>Andriavet</strong></span> <span class='ocrx_word' id='word_1_420' title='bbox 1909 4816 2008 4872; x_wconf 85' lang='lat' dir='ltr'><strong>ar-</strong></span> 
     </span>
    </p>
   </div>
   <div class='ocr_carea' id='block_1_62' title="bbox 397 4816 2003 4942">
    <p class='ocr_par' dir='ltr' id='par_1_62' title="bbox 397 4816 2003 4942">
     <span class='ocr_line' id='line_1_65' title="bbox 397 4816 2003 4925; baseline -0.001 -70"><span class='ocrx_word' id='word_1_421' title='bbox 397 4816 693 4856; x_wconf 78' lang='lat' dir='ltr'><strong>iaieaicus</strong></span> <span class='ocrx_word' id='word_1_422' title='bbox 723 4816 933 4855; x_wconf 80' lang='lat' dir='ltr'><strong>veteris</strong></span> <span class='ocrx_word' id='word_1_423' title='bbox 963 4816 1144 4925; x_wconf 61' lang='lat' dir='ltr'><strong>80ers;</strong></span> <span class='ocrx_word' id='word_1_424' title='bbox 1174 4817 1235 4853; x_wconf 80' lang='lat' dir='ltr'><strong>ll]</strong></span> <span class='ocrx_word' id='word_1_425' title='bbox 1261 4816 1508 4872; x_wconf 67' lang='lat' dir='ltr'><strong>rrowgo</strong></span> <span class='ocrx_word' id='word_1_426' title='bbox 1542 4816 1789 4867; x_wconf 56' lang='lat' dir='ltr'><strong>nuarum,</strong></span> <span class='ocrx_word' id='word_1_427' title='bbox 1823 4816 1880 4854; x_wconf 79' lang='lat' dir='ltr'><strong>et</strong></span> <span class='ocrx_word' id='word_1_428' title='bbox 1909 4816 2003 4854; x_wconf 89' lang='lat' dir='ltr'><strong>ar-</strong></span> 
     </span>
     <span class='ocr_line' id='line_1_66' title="bbox 397 4869 2003 4942; baseline -0.001 -16"><span class='ocrx_word' id='word_1_429' title='bbox 397 4876 709 4926; x_wconf 88' lang='lat' dir='ltr'><strong>umentum</strong></span> <span class='ocrx_word' id='word_1_430' title='bbox 767 4872 959 4927; x_wconf 81' lang='lat' dir='ltr'><strong>Comoe</strong></span> <span class='ocrx_word' id='word_1_431' title='bbox 1008 4870 1070 4924; x_wconf 68' lang='lat' dir='ltr'><strong>ia:</strong></span> <span class='ocrx_word' id='word_1_432' title='bbox 1128 4871 1186 4925; x_wconf 91' lang='lat' dir='ltr'><strong>in</strong></span> <span class='ocrx_word' id='word_1_433' title='bbox 1243 4869 1435 4942; x_wconf 87' lang='lat' dir='ltr'><strong>prima</strong></span> <span class='ocrx_word' id='word_1_434' title='bbox 1489 4886 1663 4925; x_wconf 83' lang='lat' dir='ltr'><strong>scena</strong></span> <span class='ocrx_word' id='word_1_435' title='bbox 1710 4870 2003 4941; x_wconf 90' lang='lat' dir='ltr'><strong>proponit.</strong></span> 
     </span>
    </p>
   </div>
   <div class='ocr_carea' id='block_1_63' title="bbox 416 4959 648 4997">
    <p class='ocr_par' dir='ltr' id='par_1_63' title="bbox 416 4959 648 4997">
     <span class='ocr_line' id='line_1_67' title="bbox 416 4959 648 4997; baseline 0 0"><span class='ocrx_word' id='word_1_436' title='bbox 416 4959 648 4997; x_wconf 74' lang='lat' dir='ltr'><strong>ARTIAN.</strong></span> 
     </span>
    </p>
   </div>
   <div class='ocr_carea' id='block_1_64' title="bbox 422 5009 2006 5083">
    <p class='ocr_par' dir='ltr' id='par_1_64' title="bbox 422 5009 2006 5083">
     <span class='ocr_line' id='line_1_68' title="bbox 422 5009 2006 5083; baseline -0.001 -15"><span class='ocrx_word' id='word_1_437' title='bbox 422 5013 446 5048; x_wconf 83' lang='grc'><strong><em>³</em></strong></span> <span class='ocrx_word' id='word_1_438' title='bbox 474 5014 570 5069; x_wconf 90' lang='lat' dir='ltr'><strong>Sic</strong></span> <span class='ocrx_word' id='word_1_439' title='bbox 592 5014 785 5068; x_wconf 80' lang='lat' dir='ltr'><strong>terunt</strong></span> <span class='ocrx_word' id='word_1_440' title='bbox 809 5029 953 5069; x_wconf 91' lang='lat' dir='ltr'><strong>mss.</strong></span> <span class='ocrx_word' id='word_1_441' title='bbox 975 5010 1160 5068; x_wconf 90' lang='lat' dir='ltr'><strong>nostri</strong></span> <span class='ocrx_word' id='word_1_442' title='bbox 1183 5009 1634 5082; x_wconf 89' lang='lat' dir='ltr'><strong>omnes,aliique</strong></span> <span class='ocrx_word' id='word_1_443' title='bbox 1659 5027 1836 5083; x_wconf 90' lang='lat' dir='ltr'><strong>penes</strong></span> <span class='ocrx_word' id='word_1_444' title='bbox 1858 5012 2006 5067; x_wconf 91' lang='lat' dir='ltr'><strong>Mar-</strong></span> 
     </span>
    </p>
   </div>
   <div class='ocr_carea' id='block_1_65' title="bbox 350 5082 2003 5153">
    <p class='ocr_par' dir='ltr' id='par_1_65' title="bbox 350 5082 2003 5153">
     <span class='ocr_line' id='line_1_69' title="bbox 350 5082 2003 5153; baseline 0 -15"><span class='ocrx_word' id='word_1_445' title='bbox 350 5082 520 5153; x_wconf 84' lang='lat' dir='ltr'><strong>tian.,</strong></span> <span class='ocrx_word' id='word_1_446' title='bbox 551 5089 678 5139; x_wconf 90' lang='lat' dir='ltr'><strong>tum</strong></span> <span class='ocrx_word' id='word_1_447' title='bbox 708 5088 875 5140; x_wconf 89' lang='lat' dir='ltr'><strong>vetus</strong></span> <span class='ocrx_word' id='word_1_448' title='bbox 922 5083 1059 5139; x_wconf 91' lang='lat' dir='ltr'><strong>edit.</strong></span> <span class='ocrx_word' id='word_1_449' title='bbox 1121 5099 1217 5138; x_wconf 89' lang='lat' dir='ltr'><strong>an.</strong></span> <span class='ocrx_word' id='word_1_450' title='bbox 1278 5082 1438 5152; x_wconf 78' lang='grc'><strong>4496,</strong></span> <span class='ocrx_word' id='word_1_451' title='bbox 1484 5099 1561 5153; x_wconf 87' lang='lat' dir='ltr'><strong>ac</strong></span> <span class='ocrx_word' id='word_1_452' title='bbox 1609 5083 1849 5137; x_wconf 92' lang='lat' dir='ltr'><strong>demum</strong></span> <span class='ocrx_word' id='word_1_453' title='bbox 1878 5084 2003 5153; x_wconf 90' lang='lat' dir='ltr'><strong>ipse</strong></span> 
     </span>
    </p>
   </div>
   <div class='ocr_carea' id='block_1_66' title="bbox 2129 3131 3778 3205">
    <p class='ocr_par' dir='ltr' id='par_1_66' title="bbox 2129 3131 3778 3205">
     <span class='ocr_line' id='line_1_70' title="bbox 2129 3131 3778 3205; baseline 0.005 -18"><span class='ocrx_word' id='word_1_454' title='bbox 2129 3134 2246 3200; x_wconf 90' lang='lat' dir='ltr'><strong>tur,</strong></span> <span class='ocrx_word' id='word_1_455' title='bbox 2277 3147 2501 3188; x_wconf 88' lang='lat' dir='ltr'><strong>errores</strong></span> <span class='ocrx_word' id='word_1_456' title='bbox 2547 3132 2854 3188; x_wconf 84' lang='lat' dir='ltr'><strong>refellere:</strong></span> <span class='ocrx_word' id='word_1_457' title='bbox 2912 3131 3002 3188; x_wconf 86' lang='lat' dir='ltr'><strong>vel</strong></span> <span class='ocrx_word' id='word_1_458' title='bbox 3058 3149 3128 3189; x_wconf 89' lang='lat' dir='ltr'><strong>ea</strong></span> <span class='ocrx_word' id='word_1_459' title='bbox 3156 3149 3284 3205; x_wconf 80' lang='lat' dir='ltr'><strong>quae</strong></span> <span class='ocrx_word' id='word_1_460' title='bbox 3343 3134 3404 3199; x_wconf 88' lang='lat' dir='ltr'><strong>in</strong></span> <span class='ocrx_word' id='word_1_461' title='bbox 3464 3136 3778 3197; x_wconf 78' lang='lat' dir='ltr'><strong>Latiniset</strong></span> 
     </span>
    </p>
   </div>
   <div class='ocr_carea' id='block_1_67' title="bbox 2134 3220 3779 3292">
    <p class='ocr_par' dir='ltr' id='par_1_67' title="bbox 2134 3220 3779 3292">
     <span class='ocr_line' id='line_1_71' title="bbox 2134 3220 3779 3292; baseline 0.005 -15"><span class='ocrx_word' id='word_1_462' title='bbox 2134 3220 2348 3278; x_wconf 83' lang='lat' dir='ltr'><strong>Graecis</strong></span> <span class='ocrx_word' id='word_1_463' title='bbox 2377 3220 2678 3277; x_wconf 89' lang='lat' dir='ltr'><strong>codicibus</strong></span> <span class='ocrx_word' id='word_1_464' title='bbox 2707 3224 2930 3278; x_wconf 82' lang='lat' dir='ltr'><strong>scatere</strong></span> <span class='ocrx_word' id='word_1_465' title='bbox 2957 3221 3252 3292; x_wconf 87' lang='lat' dir='ltr'><strong>videntur,</strong></span> <span class='ocrx_word' id='word_1_466' title='bbox 3284 3223 3616 3282; x_wconf 82' lang='lat' dir='ltr'><strong>auctoritati</strong></span> <span class='ocrx_word' id='word_1_467' title='bbox 3656 3242 3779 3285; x_wconf 74' lang='lat' dir='ltr'><strong>sul:</strong></span> 
     </span>
    </p>
   </div>
   <div class='ocr_carea' id='block_1_68' title="bbox 2136 3308 3776 3382">
    <p class='ocr_par' dir='ltr' id='par_1_68' title="bbox 2136 3308 3776 3382">
     <span class='ocr_line' id='line_1_72' title="bbox 2136 3308 3776 3382; baseline 0.002 -17"><span class='ocrx_word' id='word_1_468' title='bbox 2136 3308 2414 3378; x_wconf 89' lang='lat' dir='ltr'><strong>reddere;</strong></span> <span class='ocrx_word' id='word_1_469' title='bbox 2463 3308 2845 3381; x_wconf 79' lang='lat' dir='ltr'><strong>etymologiae</strong></span> <span class='ocrx_word' id='word_1_470' title='bbox 2900 3324 3132 3382; x_wconf 90' lang='lat' dir='ltr'><strong>quoque</strong></span> <span class='ocrx_word' id='word_1_471' title='bbox 3189 3325 3407 3379; x_wconf 90' lang='lat' dir='ltr'><strong>rerum,</strong></span> <span class='ocrx_word' id='word_1_472' title='bbox 3467 3312 3776 3371; x_wconf 87' lang='lat' dir='ltr'><strong>nominum</strong></span> 
     </span>
    </p>
   </div>
   <div class='ocr_carea' id='block_1_69' title="bbox 2137 3396 3781 3470">
    <p class='ocr_par' dir='ltr' id='par_1_69' title="bbox 2137 3396 3781 3470">
     <span class='ocr_line' id='line_1_73' title="bbox 2137 3396 3781 3470; baseline 0.004 -17"><span class='ocrx_word' id='word_1_473' title='bbox 2137 3401 2314 3470; x_wconf 91' lang='lat' dir='ltr'><strong>atque</strong></span> <span class='ocrx_word' id='word_1_474' title='bbox 2338 3396 2665 3470; x_wconf 86' lang='lat' dir='ltr'><strong>regionum,</strong></span> <span class='ocrx_word' id='word_1_475' title='bbox 2699 3413 2826 3468; x_wconf 78' lang='lat' dir='ltr'><strong>quae</strong></span> <span class='ocrx_word' id='word_1_476' title='bbox 2856 3396 2917 3452; x_wconf 91' lang='lat' dir='ltr'><strong>in</strong></span> <span class='ocrx_word' id='word_1_477' title='bbox 2949 3401 3149 3454; x_wconf 89' lang='lat' dir='ltr'><strong>nostro</strong></span> <span class='ocrx_word' id='word_1_478' title='bbox 3168 3414 3441 3467; x_wconf 84' lang='lat' dir='ltr'><strong>sermone</strong></span> <span class='ocrx_word' id='word_1_479' title='bbox 3470 3416 3586 3457; x_wconf 85' lang='lat' dir='ltr'><strong>non</strong></span> <span class='ocrx_word' id='word_1_480' title='bbox 3626 3416 3781 3462; x_wconf 66' lang='lat' dir='ltr'><strong>rm</strong></span> 
     </span>
    </p>
   </div>
   <div class='ocr_carea' id='block_1_70' title="bbox 2138 3484 3781 3562">
    <p class='ocr_par' dir='ltr' id='par_1_70' title="bbox 2138 3484 3781 3562">
     <span class='ocr_line' id='line_1_74' title="bbox 2138 3484 3781 3562; baseline 0.003 -21"><span class='ocrx_word' id='word_1_481' title='bbox 2138 3490 2301 3555; x_wconf 91' lang='lat' dir='ltr'><strong>nant,</strong></span> <span class='ocrx_word' id='word_1_482' title='bbox 2333 3484 2654 3542; x_wconf 86' lang='lat' dir='ltr'><strong>vernaculae</strong></span> <span class='ocrx_word' id='word_1_483' title='bbox 2683 3484 2895 3558; x_wconf 86' lang='lat' dir='ltr'><strong>linguae</strong></span> <span class='ocrx_word' id='word_1_484' title='bbox 2926 3485 3234 3558; x_wconf 84' lang='lat' dir='ltr'><strong>explanare</strong></span> <span class='ocrx_word' id='word_1_485' title='bbox 3285 3487 3529 3544; x_wconf 87' lang='lat' dir='ltr'><strong>ratione.</strong></span> <span class='ocrx_word' id='word_1_486' title='bbox 3552 3490 3635 3549; x_wconf 77' lang='lat' dir='ltr'><strong>Et</strong></span> <span class='ocrx_word' id='word_1_487' title='bbox 3664 3506 3781 3562; x_wconf 83' lang='lat' dir='ltr'><strong>quo</strong></span> 
     </span>
    </p>
   </div>
   <div class='ocr_carea' id='block_1_71' title="bbox 2139 3572 3783 3648">
    <p class='ocr_par' dir='ltr' id='par_1_71' title="bbox 2139 3572 3783 3648">
     <span class='ocr_line' id='line_1_75' title="bbox 2139 3572 3783 3648; baseline 0.002 -17"><span class='ocrx_word' id='word_1_488' title='bbox 2139 3575 2369 3632; x_wconf 79' lang='lat' dir='ltr'><strong>facilius</strong></span> <span class='ocrx_word' id='word_1_489' title='bbox 2399 3572 2727 3630; x_wconf 87' lang='lat' dir='ltr'><strong>emendatio</strong></span> <span class='ocrx_word' id='word_1_490' title='bbox 2766 3578 3170 3647; x_wconf 80' lang='lat' dir='ltr'><strong>cognoscatur,</strong></span> <span class='ocrx_word' id='word_1_491' title='bbox 3220 3575 3347 3648; x_wconf 86' lang='lat' dir='ltr'><strong>ipsa</strong></span> <span class='ocrx_word' id='word_1_492' title='bbox 3380 3575 3689 3648; x_wconf 82' lang='lat' dir='ltr'><strong>primum,</strong></span> <span class='ocrx_word' id='word_1_493' title='bbox 3718 3583 3783 3634; x_wconf 80' lang='lat' dir='ltr'><strong>ut</strong></span> 
     </span>
    </p>
   </div>
   <div class='ocr_carea' id='block_1_72' title="bbox 2139 3663 3781 3738">
    <p class='ocr_par' dir='ltr' id='par_1_72' title="bbox 2139 3663 3781 3738">
     <span class='ocr_line' id='line_1_76' title="bbox 2139 3663 3781 3738; baseline 0.005 -17"><span class='ocrx_word' id='word_1_494' title='bbox 2139 3665 2295 3738; x_wconf 91' lang='lat' dir='ltr'><strong>apud</strong></span> <span class='ocrx_word' id='word_1_495' title='bbox 2324 3680 2431 3719; x_wconf 90' lang='lat' dir='ltr'><strong>nos</strong></span> <span class='ocrx_word' id='word_1_496' title='bbox 2471 3666 2613 3719; x_wconf 88' lang='lat' dir='ltr'><strong>sunt</strong></span> <span class='ocrx_word' id='word_1_497' title='bbox 2665 3665 2707 3729; x_wconf 72' lang='grc' dir='ltr'><strong>δ,</strong></span> <span class='ocrx_word' id='word_1_498' title='bbox 2767 3663 3102 3721; x_wconf 88' lang='lat' dir='ltr'><strong>testimonia</strong></span> <span class='ocrx_word' id='word_1_499' title='bbox 3156 3680 3544 3737; x_wconf 79' lang='lat' dir='ltr'><strong>poponemus,</strong></span> <span class='ocrx_word' id='word_1_500' title='bbox 3603 3671 3663 3729; x_wconf 72' lang='lat' dir='ltr'><strong>et</strong></span> <span class='ocrx_word' id='word_1_501' title='bbox 3715 3684 3781 3729; x_wconf 75' lang='lat' dir='ltr'><strong>ex</strong></span> 
     </span>
    </p>
   </div>
   <div class='ocr_carea' id='block_1_73' title="bbox 2138 3802 3781 3881">
    <p class='ocr_par' dir='ltr' id='par_1_73' title="bbox 2138 3802 3781 3881">
     <span class='ocr_line' id='line_1_77' title="bbox 2138 3802 3781 3881; baseline 0.005 -21"><span class='ocrx_word' id='word_1_502' title='bbox 2138 3802 2469 3881; x_wconf 81' lang='lat' dir='ltr'><strong>Hieronymi</strong></span> <span class='ocrx_word' id='word_1_503' title='bbox 2499 3803 2675 3881; x_wconf 61' lang='lat' dir='ltr'><strong>fuerit</strong></span> <span class='ocrx_word' id='word_1_504' title='bbox 2698 3804 3036 3881; x_wconf 66' lang='lat' dir='ltr'><strong>aemuluset</strong></span> <span class='ocrx_word' id='word_1_505' title='bbox 3060 3807 3326 3881; x_wconf 84' lang='lat' dir='ltr'><strong>Luscius,_</strong></span> <span class='ocrx_word' id='word_1_506' title='bbox 3340 3808 3576 3881; x_wconf 88' lang='lat' dir='ltr'><strong>quando</strong></span> <span class='ocrx_word' id='word_1_507' title='bbox 3606 3809 3781 3868; x_wconf 82' lang='lat' dir='ltr'><strong>hasce</strong></span> 
     </span>
    </p>
   </div>
   <div class='ocr_carea' id='block_1_74' title="bbox 2135 3875 3772 3953">
    <p class='ocr_par' dir='ltr' id='par_1_74' title="bbox 2135 3875 3772 3953">
     <span class='ocr_line' id='line_1_78' title="bbox 2135 3875 3772 3953; baseline 0.004 -22"><span class='ocrx_word' id='word_1_508' title='bbox 2135 3875 2814 3953; x_wconf 61' lang='lat' dir='ltr'><strong>Wstiouesﬂebraieas</strong></span> <span class='ocrx_word' id='word_1_509' title='bbox 2831 3876 3141 3953; x_wconf 86' lang='lat' dir='ltr'><strong>sc_ribebat,</strong></span> <span class='ocrx_word' id='word_1_510' title='bbox 3176 3875 3449 3953; x_wconf 72' lang='lat' dir='ltr'><strong>nondum</strong></span> <span class='ocrx_word' id='word_1_511' title='bbox 3482 3885 3772 3953; x_wconf 72' lang='lat' dir='ltr'><strong>apparet;</strong></span> 
     </span>
    </p>
   </div>
   <div class='ocr_carea' id='block_1_75' title="bbox 2136 3947 3774 4074">
    <p class='ocr_par' dir='ltr' id='par_1_75' title="bbox 2136 3947 3774 4074">
     <span class='ocr_line' id='line_1_79' title="bbox 2136 3947 3774 4074; baseline 0.003 -71"><span class='ocrx_word' id='word_1_512' title='bbox 2136 3954 2275 4020; x_wconf 85' lang='lat' dir='ltr'><strong>quia</strong></span> <span class='ocrx_word' id='word_1_513' title='bbox 2303 3950 2445 4003; x_wconf 89' lang='lat' dir='ltr'><strong>tunc</strong></span> <span class='ocrx_word' id='word_1_514' title='bbox 2476 3947 2760 4074; x_wconf 52' lang='lat' dir='ltr'><strong>temgoris</strong></span> <span class='ocrx_word' id='word_1_515' title='bbox 2779 3948 3027 4003; x_wconf 82' lang='lat' dir='ltr'><strong>Rufinus</strong></span> <span class='ocrx_word' id='word_1_516' title='bbox 3049 3949 3350 4022; x_wconf 71' lang='lat' dir='ltr'><strong>presbyter</strong></span> <span class='ocrx_word' id='word_1_517' title='bbox 3372 3947 3774 4008; x_wconf 64' lang='lat' dir='ltr'><strong>nihil&#39;dissidii</strong></span> 
     </span>
     <span class='ocr_line' id='line_1_80' title="bbox 2136 4018 3772 4074; baseline 0 0"><span class='ocrx_word' id='word_1_518' title='bbox 2136 4018 2343 4074; x_wconf 91' lang='lat' dir='ltr'><strong>habuit</strong></span> <span class='ocrx_word' id='word_1_519' title='bbox 2400 4034 2535 4073; x_wconf 91' lang='lat' dir='ltr'><strong>cum</strong></span> <span class='ocrx_word' id='word_1_520' title='bbox 2645 4018 2942 4074; x_wconf 88' lang='lat' dir='ltr'><strong>ieronvmo</strong></span> <span class='ocrx_word' id='word_1_521' title='bbox 2997 4023 3234 4074; x_wconf 87' lang='lat' dir='ltr'><strong>nronter</strong></span> <span class='ocrx_word' id='word_1_522' title='bbox 3280 4020 3615 4074; x_wconf 68' lang='lat' dir='ltr'><strong>Oricenem.</strong></span> <span class='ocrx_word' id='word_1_523' title='bbox 3673 4023 3772 4074; x_wconf 85' lang='lat' dir='ltr'><strong>ani</strong></span> 
     </span>
    </p>
   </div>
   <div class='ocr_carea' id='block_1_76' title="bbox 2136 4018 3773 4144">
    <p class='ocr_par' dir='ltr' id='par_1_76' title="bbox 2136 4018 3773 4144">
     <span class='ocr_line' id='line_1_81' title="bbox 2136 4018 3773 4095; baseline 0.003 -21"><span class='ocrx_word' id='word_1_524' title='bbox 2136 4018 2343 4075; x_wconf 82' lang='lat' dir='ltr'><strong>habuit</strong></span> <span class='ocrx_word' id='word_1_525' title='bbox 2400 4034 2535 4073; x_wconf 90' lang='lat' dir='ltr'><strong>cum</strong></span> <span class='ocrx_word' id='word_1_526' title='bbox 2593 4018 2804 4077; x_wconf 86' lang='lat' dir='ltr'><strong>Hieron</strong></span> <span class='ocrx_word' id='word_1_527' title='bbox 2847 4035 2942 4075; x_wconf 92' lang='lat' dir='ltr'><strong>mo</strong></span> <span class='ocrx_word' id='word_1_528' title='bbox 2997 4018 3243 4092; x_wconf 70' lang='lat' dir='ltr'><strong>propter</strong></span> <span class='ocrx_word' id='word_1_529' title='bbox 3280 4020 3374 4076; x_wconf 89' lang='lat' dir='ltr'><strong>Ori</strong></span> <span class='ocrx_word' id='word_1_530' title='bbox 3420 4038 3615 4089; x_wconf 83' lang='lat' dir='ltr'><strong>onem.</strong></span> <span class='ocrx_word' id='word_1_531' title='bbox 3673 4023 3773 4095; x_wconf 90' lang='lat' dir='ltr'><strong>qui</strong></span> 
     </span>
     <span class='ocr_line' id='line_1_82' title="bbox 2136 4037 3773 4144; baseline 0 0"><span class='ocrx_word' id='word_1_532' title='bbox 2136 4089 2326 4144; x_wconf 90' lang='lat' dir='ltr'><strong>adhuc</strong></span> <span class='ocrx_word' id='word_1_533' title='bbox 2358 4089 2503 4144; x_wconf 89' lang='lat' dir='ltr'><strong>bene</strong></span> <span class='ocrx_word' id='word_1_534' title='bbox 2531 4089 2693 4144; x_wconf 89' lang='lat' dir='ltr'><strong>audit</strong></span> <span class='ocrx_word' id='word_1_535' title='bbox 2724 4091 2780 4144; x_wconf 77' lang='lat' dir='ltr'><strong>in</strong></span> <span class='ocrx_word' id='word_1_536' title='bbox 2809 4037 2920 4144; x_wconf 61' lang='lat' dir='ltr'><strong>hac</strong></span> <span class='ocrx_word' id='word_1_537' title='bbox 2949 4091 3311 4144; x_wconf 63' lang='lat' dir='ltr'><strong>Praefatione.</strong></span> <span class='ocrx_word' id='word_1_538' title='bbox 3365 4037 3560 4144; x_wconf 61' lang='lat' dir='ltr'><strong>gods}:</strong></span> <span class='ocrx_word' id='word_1_539' title='bbox 3607 4093 3773 4144; x_wconf 77' lang='lat' dir='ltr'><strong>dani-</strong></span> 
     </span>
    </p>
   </div>
   <div class='ocr_carea' id='block_1_77' title="bbox 2134 4089 3777 4153">
    <p class='ocr_par' dir='ltr' id='par_1_77' title="bbox 2134 4089 3777 4153">
     <span class='ocr_line' id='line_1_83' title="bbox 2134 4089 3777 4153; baseline 0.002 -7"><span class='ocrx_word' id='word_1_540' title='bbox 2134 4089 2326 4146; x_wconf 90' lang='lat' dir='ltr'><strong>adhuc</strong></span> <span class='ocrx_word' id='word_1_541' title='bbox 2358 4089 2503 4144; x_wconf 89' lang='lat' dir='ltr'><strong>bene</strong></span> <span class='ocrx_word' id='word_1_542' title='bbox 2531 4089 2693 4144; x_wconf 89' lang='lat' dir='ltr'><strong>audit</strong></span> <span class='ocrx_word' id='word_1_543' title='bbox 2724 4091 2780 4144; x_wconf 77' lang='lat' dir='ltr'><strong>in</strong></span> <span class='ocrx_word' id='word_1_544' title='bbox 2812 4089 2920 4145; x_wconf 87' lang='lat' dir='ltr'><strong>hac</strong></span> <span class='ocrx_word' id='word_1_545' title='bbox 2949 4089 3311 4153; x_wconf 65' lang='lat' dir='ltr'><strong>Prefatione.</strong></span> <span class='ocrx_word' id='word_1_546' title='bbox 3365 4089 3560 4150; x_wconf 81' lang='lat' dir='ltr'><strong>Codex</strong></span> <span class='ocrx_word' id='word_1_547' title='bbox 3607 4089 3777 4153; x_wconf 74' lang='lat' dir='ltr'><strong>deni-</strong></span> 
     </span>
    </p>
   </div>
   <div class='ocr_carea' id='block_1_78' title="bbox 2134 4158 3777 4234">
    <p class='ocr_par' dir='ltr' id='par_1_78' title="bbox 2134 4158 3777 4234">
     <span class='ocr_line' id='line_1_84' title="bbox 2134 4158 3777 4234; baseline 0.004 -19"><span class='ocrx_word' id='word_1_548' title='bbox 2134 4158 2654 4234; x_wconf 80' lang='lat' dir='ltr'><strong>que__Corbeieusis_</strong></span> <span class='ocrx_word' id='word_1_549' title='bbox 2696 4160 3149 4234; x_wconf 85' lang='lat' dir='ltr'><strong>antiquissimus</strong></span> <span class='ocrx_word' id='word_1_550' title='bbox 3178 4158 3359 4219; x_wconf 82' lang='lat' dir='ltr'><strong>alium</strong></span> <span class='ocrx_word' id='word_1_551' title='bbox 3391 4180 3508 4234; x_wconf 65' lang='lat' dir='ltr'><strong>pra:</strong></span> <span class='ocrx_word' id='word_1_552' title='bbox 3564 4182 3631 4221; x_wconf 88' lang='lat' dir='ltr'><strong>se</strong></span> <span class='ocrx_word' id='word_1_553' title='bbox 3667 4166 3777 4222; x_wconf 87' lang='lat' dir='ltr'><strong>fert</strong></span> 
     </span>
    </p>
   </div>
   <div class='ocr_carea' id='block_1_79' title="bbox 2134 4230 3771 4314">
    <p class='ocr_par' dir='ltr' id='par_1_79' title="bbox 2134 4230 3771 4314">
     <span class='ocr_line' id='line_1_85' title="bbox 2134 4230 3771 4314; baseline 0.004 -28"><span class='ocrx_word' id='word_1_554' title='bbox 2134 4230 2514 4314; x_wconf 71' lang='lat' dir='ltr'><strong>intellectum,</strong></span> <span class='ocrx_word' id='word_1_555' title='bbox 2544 4230 2686 4314; x_wconf 84' lang='lat' dir='ltr'><strong>legit</strong></span> <span class='ocrx_word' id='word_1_556' title='bbox 2714 4230 2872 4314; x_wconf 74' lang='lat' dir='ltr'><strong>enim</strong></span> <span class='ocrx_word' id='word_1_557' title='bbox 2906 4249 2918 4287; x_wconf 90' lang='lat'><strong>:</strong></span> <span class='ocrx_word' id='word_1_558' title='bbox 2957 4233 3191 4314; x_wconf 46' lang='lat' dir='ltr'><strong>timebat</strong></span> <span class='ocrx_word' id='word_1_559' title='bbox 3233 4250 3354 4289; x_wconf 82' lang='lat' dir='ltr'><strong>eum</strong></span> <span class='ocrx_word' id='word_1_560' title='bbox 3385 4230 3584 4292; x_wconf 74' lang='lat' dir='ltr'><strong>lucius</strong></span> <span class='ocrx_word' id='word_1_561' title='bbox 3610 4237 3771 4293; x_wconf 86' lang='lat' dir='ltr'><strong>Lavi-</strong></span> 
     </span>
    </p>
   </div>
   <div class='ocr_carea' id='block_1_80' title="bbox 2131 4302 3379 4371">
    <p class='ocr_par' dir='ltr' id='par_1_80' title="bbox 2131 4302 3379 4371">
     <span class='ocr_line' id='line_1_86' title="bbox 2131 4302 3379 4371; baseline 0.001 -11"><span class='ocrx_word' id='word_1_562' title='bbox 2131 4306 2226 4360; x_wconf 81' lang='lat' dir='ltr'><strong>nio</strong></span> <span class='ocrx_word' id='word_1_563' title='bbox 2252 4305 2436 4358; x_wconf 79' lang='lat' dir='ltr'><strong>nostra</strong></span> <span class='ocrx_word' id='word_1_564' title='bbox 2466 4302 2659 4358; x_wconf 81' lang='lat' dir='ltr'><strong>Luscio</strong></span> <span class='ocrx_word' id='word_1_565' title='bbox 2681 4304 2904 4371; x_wconf 69' lang='lat' dir='ltr'><strong>similis,</strong></span> <span class='ocrx_word' id='word_1_566' title='bbox 2934 4302 3049 4359; x_wconf 79' lang='lat' dir='ltr'><strong>etc.</strong></span> <span class='ocrx_word' id='word_1_567' title='bbox 3089 4304 3379 4361; x_wconf 62' lang='lat' dir='ltr'><strong>Maurum.</strong></span> 
     </span>
    </p>
   </div>
   <div class='ocr_carea' id='block_1_81' title="bbox 2195 4374 3777 4443">
    <p class='ocr_par' dir='ltr' id='par_1_81' title="bbox 2195 4374 3777 4443">
     <span class='ocr_line' id='line_1_87' title="bbox 2195 4374 3777 4443; baseline 0.007 -14"><span class='ocrx_word' id='word_1_568' title='bbox 2195 4376 2218 4408; x_wconf 67' lang='grc' dir='ltr'><strong>’δ</strong></span> <span class='ocrx_word' id='word_1_569' title='bbox 2245 4374 2308 4429; x_wconf 90' lang='lat' dir='ltr'><strong>Si</strong></span> <span class='ocrx_word' id='word_1_570' title='bbox 2335 4381 2516 4428; x_wconf 85' lang='lat' dir='ltr'><strong>tamen</strong></span> <span class='ocrx_word' id='word_1_571' title='bbox 2570 4375 2709 4443; x_wconf 53' lang='lat' dir='ltr'><strong>hmo,</strong></span> <span class='ocrx_word' id='word_1_572' title='bbox 2741 4378 2850 4429; x_wconf 79' lang='lat' dir='ltr'><strong>etc.</strong></span> <span class='ocrx_word' id='word_1_573' title='bbox 2910 4374 3165 4443; x_wconf 88' lang='lat' dir='ltr'><strong>Maronis</strong></span> <span class='ocrx_word' id='word_1_574' title='bbox 3221 4392 3459 4435; x_wconf 83' lang='lat' dir='ltr'><strong>carmen</strong></span> <span class='ocrx_word' id='word_1_575' title='bbox 3506 4393 3577 4435; x_wconf 77' lang='lat' dir='ltr'><strong>ex</strong></span> <span class='ocrx_word' id='word_1_576' title='bbox 3604 4378 3777 4440; x_wconf 73' lang='lat' dir='ltr'><strong>Groun-</strong></span> 
     </span>
    </p>
   </div>
   <div class='ocr_carea' id='block_1_82' title="bbox 2124 4444 3767 4521">
    <p class='ocr_par' dir='ltr' id='par_1_82' title="bbox 2124 4444 3767 4521">
     <span class='ocr_line' id='line_1_88' title="bbox 2124 4444 3767 4521; baseline 0.005 -23"><span class='ocrx_word' id='word_1_577' title='bbox 2124 4444 2789 4521; x_wconf 35' lang='lat' dir='ltr'><strong>gicis,.quod_in_tegrum</strong></span> <span class='ocrx_word' id='word_1_578' title='bbox 2822 4462 2937 4501; x_wconf 91' lang='lat' dir='ltr'><strong>non</strong></span> <span class='ocrx_word' id='word_1_579' title='bbox 2958 4444 3173 4521; x_wconf 77' lang='lat' dir='ltr'><strong>legunt</strong></span> <span class='ocrx_word' id='word_1_580' title='bbox 3191 4453 3412 4505; x_wconf 87' lang='lat' dir='ltr'><strong>veteres</strong></span> <span class='ocrx_word' id='word_1_581' title='bbox 3428 4448 3729 4521; x_wconf 73' lang='lat' dir='ltr'><strong>editiones</strong></span> <span class='ocrx_word' id='word_1_582' title='bbox 3753 4468 3767 4521; x_wconf 87' lang='lat'><strong>;</strong></span> 
     </span>
    </p>
   </div>
   <div class='ocr_carea' id='block_1_83' title="bbox 2125 4514 3772 4591">
    <p class='ocr_par' dir='ltr' id='par_1_83' title="bbox 2125 4514 3772 4591">
     <span class='ocr_line' id='line_1_89' title="bbox 2125 4514 3772 4591; baseline 0.004 -20"><span class='ocrx_word' id='word_1_583' title='bbox 2125 4514 2351 4591; x_wconf 68' lang='lat' dir='ltr'><strong>qamvis</strong></span> <span class='ocrx_word' id='word_1_584' title='bbox 2382 4514 2665 4591; x_wconf 65' lang='lat' dir='ltr'><strong>scriptum</strong></span> <span class='ocrx_word' id='word_1_585' title='bbox 2698 4515 2926 4591; x_wconf 71' lang='lat' dir='ltr'><strong>legatur</strong></span> <span class='ocrx_word' id='word_1_586' title='bbox 2955 4516 3013 4571; x_wconf 93' lang='lat' dir='ltr'><strong>in</strong></span> <span class='ocrx_word' id='word_1_587' title='bbox 3027 4514 3189 4573; x_wconf 57' lang='lat' dir='ltr'><strong>&#39;mss.</strong></span> <span class='ocrx_word' id='word_1_588' title='bbox 3221 4517 3673 4591; x_wconf 83' lang='lat' dir='ltr'><strong>exemplaribus,</strong></span> <span class='ocrx_word' id='word_1_589' title='bbox 3707 4514 3772 4577; x_wconf 75' lang='lat' dir='ltr'><strong>ut</strong></span> 
     </span>
    </p>
   </div>
   <div class='ocr_carea' id='block_1_84' title="bbox 2122 4585 3747 4643">
    <p class='ocr_par' dir='ltr' id='par_1_84' title="bbox 2122 4585 3747 4643">
     <span class='ocr_line' id='line_1_90' title="bbox 2122 4585 3747 4643; baseline 0.001 -1"><span class='ocrx_word' id='word_1_590' title='bbox 2122 4585 2159 4642; x_wconf 64' lang='grc' dir='ltr'><strong>εἰ</strong></span> <span class='ocrx_word' id='word_1_591' title='bbox 2184 4586 2352 4641; x_wconf 90' lang='lat' dir='ltr'><strong>nobis</strong></span> <span class='ocrx_word' id='word_1_592' title='bbox 2392 4585 2618 4642; x_wconf 79' lang='lat' dir='ltr'><strong>editum</strong></span> <span class='ocrx_word' id='word_1_593' title='bbox 2644 4585 3064 4643; x_wconf 50' lang='lat' dir='ltr'><strong>esthaa&#39;rrAN.</strong></span> <span class='ocrx_word' id='word_1_594' title='bbox 3386 4585 3407 4591; x_wconf 82' lang='grc'><em>’</em></span> <span class='ocrx_word' id='word_1_595' title='bbox 3596 4613 3603 4619; x_wconf 85' lang='grc'><strong>-</strong></span> <span class='ocrx_word' id='word_1_596' title='bbox 3657 4585 3670 4591; x_wconf 87' lang='grc'><strong>’</strong></span> <span class='ocrx_word' id='word_1_597' title='bbox 3740 4607 3747 4613; x_wconf 91' lang='grc'>·</span> 
     </span>
    </p>
   </div>
   <div class='ocr_carea' id='block_1_85' title="bbox 2190 4657 3766 4743">
    <p class='ocr_par' dir='ltr' id='par_1_85' title="bbox 2190 4657 3766 4743">
     <span class='ocr_line' id='line_1_91' title="bbox 2190 4657 3766 4743; baseline 0.006 -34"><span class='ocrx_word' id='word_1_598' title='bbox 2190 4688 2259 4743; x_wconf 55' lang='grc' dir='ltr'><strong>ἶ</strong></span> <span class='ocrx_word' id='word_1_599' title='bbox 2289 4657 2416 4743; x_wconf 66' lang='lat' dir='ltr'><strong>l‘ion</strong></span> <span class='ocrx_word' id='word_1_600' title='bbox 2447 4673 2516 4712; x_wconf 83' lang='lat' dir='ltr'><strong>ex</strong></span> <span class='ocrx_word' id='word_1_601' title='bbox 2544 4657 2859 4740; x_wconf 81' lang='lat' dir='ltr'><strong>Georgicis,</strong></span> <span class='ocrx_word' id='word_1_602' title='bbox 2897 4663 2962 4714; x_wconf 90' lang='lat' dir='ltr'><strong>ut</strong></span> <span class='ocrx_word' id='word_1_603' title='bbox 2979 4658 3393 4743; x_wconf 50' lang='lat' dir='ltr'><strong>nbiartianaius</strong></span> <span class='ocrx_word' id='word_1_604' title='bbox 3434 4666 3629 4743; x_wconf 69' lang='lat' dir='ltr'><strong>putat,</strong></span> <span class='ocrx_word' id='word_1_605' title='bbox 3661 4662 3766 4718; x_wconf 89' lang='lat' dir='ltr'><strong>sed</strong></span> 
     </span>
    </p>
   </div>
   <div class='ocr_carea' id='block_1_86' title="bbox 2117 4727 3763 4804">
    <p class='ocr_par' dir='ltr' id='par_1_86' title="bbox 2117 4727 3763 4804">
     <span class='ocr_line' id='line_1_92' title="bbox 2117 4727 3763 4804; baseline 0.005 -22"><span class='ocrx_word' id='word_1_606' title='bbox 2117 4745 2188 4804; x_wconf 56' lang='lat' dir='ltr'><strong>ea</strong></span> <span class='ocrx_word' id='word_1_607' title='bbox 2215 4727 2428 4804; x_wconf 77' lang='lat' dir='ltr'><strong>Ecloga</strong></span> <span class='ocrx_word' id='word_1_608' title='bbox 2455 4745 2537 4804; x_wconf 76' lang='lat' dir='ltr'><strong>v1,</strong></span> <span class='ocrx_word' id='word_1_609' title='bbox 2567 4728 2661 4804; x_wconf 84' lang='lat' dir='ltr'><strong>cui</strong></span> <span class='ocrx_word' id='word_1_610' title='bbox 2700 4727 2919 4784; x_wconf 73' lang='lat' dir='ltr'><strong>nomen</strong></span> <span class='ocrx_word' id='word_1_611' title='bbox 2979 4729 3231 4799; x_wconf 90' lang='lat' dir='ltr'><strong>Silenus,</strong></span> <span class='ocrx_word' id='word_1_612' title='bbox 3269 4727 3518 4804; x_wconf 82' lang='lat' dir='ltr'><strong>_Virgilii</strong></span> <span class='ocrx_word' id='word_1_613' title='bbox 3559 4727 3763 4791; x_wconf 78' lang='lat' dir='ltr'><strong>versus</strong></span> 
     </span>
    </p>
   </div>
   <div class='ocr_carea' id='block_1_87' title="bbox 2118 4799 3762 4877">
    <p class='ocr_par' dir='ltr' id='par_1_87' title="bbox 2118 4799 3762 4877">
     <span class='ocr_line' id='line_1_93' title="bbox 2118 4799 3762 4877; baseline 0.004 -23"><span class='ocrx_word' id='word_1_614' title='bbox 2118 4799 2450 4877; x_wconf 37' lang='lat' dir='ltr'><strong>hic_est.’ln</strong></span> <span class='ocrx_word' id='word_1_615' title='bbox 2482 4800 2778 4872; x_wconf 89' lang='lat' dir='ltr'><strong>plerisque</strong></span> <span class='ocrx_word' id='word_1_616' title='bbox 2808 4805 3004 4856; x_wconf 90' lang='lat' dir='ltr'><strong>autem</strong></span> <span class='ocrx_word' id='word_1_617' title='bbox 3036 4818 3182 4858; x_wconf 88' lang='lat' dir='ltr'><strong>mss.</strong></span> <span class='ocrx_word' id='word_1_618' title='bbox 3224 4799 3484 4859; x_wconf 74' lang='lat' dir='ltr'><strong>Alterum</strong></span> <span class='ocrx_word' id='word_1_619' title='bbox 3530 4808 3583 4860; x_wconf 88' lang='lat' dir='ltr'><strong>si</strong></span> <span class='ocrx_word' id='word_1_620' title='bbox 3641 4806 3762 4877; x_wconf 80' lang='lat' dir='ltr'><strong>quis</strong></span> 
     </span>
    </p>
   </div>
   <div class='ocr_carea' id='block_1_88' title="bbox 2117 4870 3773 4926">
    <p class='ocr_par' dir='ltr' id='par_1_88' title="bbox 2117 4870 3773 4926">
     <span class='ocr_line' id='line_1_94' title="bbox 2117 4870 3773 4926; baseline -0.002 0"><span class='ocrx_word' id='word_1_621' title='bbox 2117 4870 2505 4926; x_wconf 87' lang='lat' dir='ltr'><strong>desideratur.</strong></span> <span class='ocrx_word' id='word_1_622' title='bbox 2686 4870 2701 4872; x_wconf 66' lang='grc'>’</span> <span class='ocrx_word' id='word_1_623' title='bbox 3604 4894 3609 4899; x_wconf 61' lang='grc' dir='ltr'><strong>ο</strong></span> <span class='ocrx_word' id='word_1_624' title='bbox 3647 4870 3667 4877; x_wconf 86' lang='grc'><strong><em>“</em></strong></span> <span class='ocrx_word' id='word_1_625' title='bbox 3768 4892 3773 4895; x_wconf 46' lang='grc' dir='ltr'>ι</span> 
     </span>
    </p>
   </div>
   <div class='ocr_carea' id='block_1_89' title="bbox 2186 4940 3758 5013">
    <p class='ocr_par' dir='ltr' id='par_1_89' title="bbox 2186 4940 3758 5013">
     <span class='ocr_line' id='line_1_95' title="bbox 2186 4940 3758 5013; baseline 0.005 -18"><span class='ocrx_word' id='word_1_626' title='bbox 2186 4942 2208 4976; x_wconf 76' lang='grc'>⁸</span> <span class='ocrx_word' id='word_1_627' title='bbox 2240 4941 2374 5013; x_wconf 68' lang='lat' dir='ltr'><strong>Cum</strong></span> <span class='ocrx_word' id='word_1_628' title='bbox 2399 4940 2600 5013; x_wconf 78' lang='lat' dir='ltr'><strong>mundi</strong></span> <span class='ocrx_word' id='word_1_629' title='bbox 2618 4942 2854 5013; x_wconf 79' lang='lat' dir='ltr'><strong>pariter,</strong></span> <span class='ocrx_word' id='word_1_630' title='bbox 2884 4946 2994 4997; x_wconf 90' lang='lat' dir='ltr'><strong>etc.</strong></span> <span class='ocrx_word' id='word_1_631' title='bbox 3027 4942 3319 4998; x_wconf 87' lang='lat' dir='ltr'><strong>Nonnulli</strong></span> <span class='ocrx_word' id='word_1_632' title='bbox 3352 4960 3496 5001; x_wconf 87' lang='lat' dir='ltr'><strong>mss.</strong></span> <span class='ocrx_word' id='word_1_633' title='bbox 3531 4945 3758 5003; x_wconf 87' lang='lat' dir='ltr'><strong>codices</strong></span> 
     </span>
    </p>
   </div>
   <div class='ocr_carea' id='block_1_90' title="bbox 2154 5011 3757 5086">
    <p class='ocr_par' dir='ltr' id='par_1_90' title="bbox 2154 5011 3757 5086">
     <span class='ocr_line' id='line_1_96' title="bbox 2154 5011 3757 5086; baseline 0.003 -17"><span class='ocrx_word' id='word_1_634' title='bbox 2154 5012 2206 5069; x_wconf 92' lang='lat' dir='ltr'><strong>ic</strong></span> <span class='ocrx_word' id='word_1_635' title='bbox 2239 5012 2460 5086; x_wconf 85' lang='lat' dir='ltr'><strong>legunt,</strong></span> <span class='ocrx_word' id='word_1_636' title='bbox 2495 5011 2629 5066; x_wconf 70' lang='lat' dir='ltr'><strong>Cum</strong></span> <span class='ocrx_word' id='word_1_637' title='bbox 2656 5015 2776 5068; x_wconf 83' lang='lat' dir='ltr'><strong>suis</strong></span> <span class='ocrx_word' id='word_1_638' title='bbox 2801 5014 3015 5084; x_wconf 82' lang='lat' dir='ltr'><strong>pariter</strong></span> <span class='ocrx_word' id='word_1_639' title='bbox 3070 5014 3274 5070; x_wconf 81' lang='lat' dir='ltr'><strong>habere</strong></span> <span class='ocrx_word' id='word_1_640' title='bbox 3327 5015 3557 5073; x_wconf 73' lang='lat' dir='ltr'><strong>divitiis.</strong></span> <span class='ocrx_word' id='word_1_641' title='bbox 3600 5018 3757 5074; x_wconf 74' lang='lat' dir='ltr'><strong>MAR-</strong></span> 
     </span>
    </p>
   </div>
   <div class='ocr_carea' id='block_1_91' title="bbox 2111 5101 2264 5145">
    <p class='ocr_par' dir='ltr' id='par_1_91' title="bbox 2111 5101 2264 5145">
     <span class='ocr_line' id='line_1_97' title="bbox 2111 5101 2264 5145; baseline -0.026 -3"><span class='ocrx_word' id='word_1_642' title='bbox 2111 5101 2264 5145; x_wconf 82' lang='grc' dir='ltr'><strong>ΤῙΑΝ.</strong></span> 
     </span>
    </p>
   </div>
   <div class='ocr_carea' id='block_1_92' title="bbox 2854 4091 3311 4161">
    <p class='ocr_par' dir='ltr' id='par_1_92' title="bbox 2854 4091 3311 4161">
     <span class='ocr_line' id='line_1_98' title="bbox 2854 4091 3311 4161; baseline 0.007 -17"><span class='ocrx_word' id='word_1_643' title='bbox 2854 4106 2920 4145; x_wconf 86' lang='lat' dir='ltr'><strong>ac</strong></span> <span class='ocrx_word' id='word_1_644' title='bbox 2949 4091 3311 4161; x_wconf 63' lang='lat' dir='ltr'><strong>Praefatione,</strong></span> 
     </span>
    </p>
   </div>
   <div class='ocr_carea' id='block_1_93' title="bbox 350 5152 2002 5226">
    <p class='ocr_par' dir='ltr' id='par_1_93' title="bbox 350 5152 2002 5226">
     <span class='ocr_line' id='line_1_99' title="bbox 350 5152 2002 5226; baseline 0.001 -19"><span class='ocrx_word' id='word_1_645' title='bbox 350 5152 507 5226; x_wconf 59' lang='lat' dir='ltr'><strong>iiier.</strong></span> <span class='ocrx_word' id='word_1_646' title='bbox 538 5154 697 5226; x_wconf 85' lang='lat' dir='ltr'><strong>alibi,</strong></span> <span class='ocrx_word' id='word_1_647' title='bbox 730 5155 831 5226; x_wconf 90' lang='lat' dir='ltr'><strong>qui</strong></span> <span class='ocrx_word' id='word_1_648' title='bbox 861 5159 920 5211; x_wconf 93' lang='lat' dir='ltr'><strong>et</strong></span> <span class='ocrx_word' id='word_1_649' title='bbox 947 5156 1285 5226; x_wconf 8' lang='lat' dir='ltr'><strong>Lamiarum,</strong></span> <span class='ocrx_word' id='word_1_650' title='bbox 1325 5152 1603 5226; x_wconf 80' lang='lat' dir='ltr'><strong>aemulum</strong></span> <span class='ocrx_word' id='word_1_651' title='bbox 1661 5170 1837 5226; x_wconf 88' lang='lat' dir='ltr'><strong>suum</strong></span> <span class='ocrx_word' id='word_1_652' title='bbox 1871 5152 2002 5209; x_wconf 85' lang='lat' dir='ltr'><strong>aliis</strong></span> 
     </span>
    </p>
   </div>
   <div class='ocr_carea' id='block_1_94' title="bbox 350 5222 1998 5294">
    <p class='ocr_par' dir='ltr' id='par_1_94' title="bbox 350 5222 1998 5294">
     <span class='ocr_line' id='line_1_100' title="bbox 350 5222 1998 5294; baseline 0.002 -17"><span class='ocrx_word' id='word_1_653' title='bbox 350 5222 415 5278; x_wconf 89' lang='lat' dir='ltr'><strong>in</strong></span> <span class='ocrx_word' id='word_1_654' title='bbox 464 5222 607 5279; x_wconf 91' lang='lat' dir='ltr'><strong>locis</strong></span> <span class='ocrx_word' id='word_1_655' title='bbox 665 5222 1062 5294; x_wconf 76' lang='lat' dir='ltr'><strong>cognominat.</strong></span> <span class='ocrx_word' id='word_1_656' title='bbox 1122 5224 1390 5281; x_wconf 89' lang='lat' dir='ltr'><strong>Martian.</strong></span> <span class='ocrx_word' id='word_1_657' title='bbox 1450 5224 1668 5294; x_wconf 90' lang='lat' dir='ltr'><strong>aliique</strong></span> <span class='ocrx_word' id='word_1_658' title='bbox 1723 5225 1998 5294; x_wconf 88' lang='lat' dir='ltr'><strong>editores,</strong></span> 
     </span>
    </p>
   </div>
   <div class='ocr_carea' id='block_1_95' title="bbox 351 5242 1747 5369">
    <p class='ocr_par' dir='ltr' id='par_1_95' title="bbox 351 5242 1747 5369">
     <span class='ocr_line' id='line_1_101' title="bbox 351 5242 1747 5282; baseline 0.001 -5"><span class='ocrx_word' id='word_1_659' title='bbox 351 5242 415 5278; x_wconf 85' lang='lat' dir='ltr'><strong>1n</strong></span> <span class='ocrx_word' id='word_1_660' title='bbox 464 5242 607 5279; x_wconf 80' lang='lat'><strong>10018</strong></span> <span class='ocrx_word' id='word_1_661' title='bbox 665 5242 731 5279; x_wconf 90' lang='lat' dir='ltr'><strong>co</strong></span> <span class='ocrx_word' id='word_1_662' title='bbox 778 5242 1062 5282; x_wconf 79' lang='lat' dir='ltr'><strong>nominat.</strong></span> <span class='ocrx_word' id='word_1_663' title='bbox 1122 5242 1390 5281; x_wconf 78' lang='lat' dir='ltr'><strong>martian.</strong></span> <span class='ocrx_word' id='word_1_664' title='bbox 1450 5242 1548 5280; x_wconf 85' lang='lat' dir='ltr'><strong>am</strong></span> <span class='ocrx_word' id='word_1_665' title='bbox 1598 5242 1668 5279; x_wconf 89' lang='lat' dir='ltr'><strong>ue</strong></span> <span class='ocrx_word' id='word_1_666' title='bbox 1723 5242 1747 5279; x_wconf 87' lang='lat' dir='ltr'><strong>e</strong></span> 
     </span>
     <span class='ocr_line' id='line_1_102' title="bbox 351 5242 1747 5369; baseline -0.002 -17"><span class='ocrx_word' id='word_1_667' title='bbox 351 5296 635 5352; x_wconf 81' lang='lat' dir='ltr'><strong>Lavinius.</strong></span> <span class='ocrx_word' id='word_1_668' title='bbox 669 5242 798 5351; x_wconf 53' lang='lat' dir='ltr'><strong>Vigl.</strong></span> <span class='ocrx_word' id='word_1_669' title='bbox 834 5296 1342 5369; x_wconf 25' lang='lat' dir='ltr'><strong>prologtTerentii</strong></span> <span class='ocrx_word' id='word_1_670' title='bbox 1370 5296 1429 5350; x_wconf 90' lang='lat' dir='ltr'><strong>in</strong></span> <span class='ocrx_word' id='word_1_671' title='bbox 1460 5242 1747 5369; x_wconf 49' lang='lat' dir='ltr'><strong>Angriam.</strong></span> 
     </span>
    </p>
   </div>
   <div class='ocr_carea' id='block_1_96' title="bbox 422 5366 1994 5437">
    <p class='ocr_par' dir='ltr' id='par_1_96' title="bbox 422 5366 1994 5437">
     <span class='ocr_line' id='line_1_103' title="bbox 422 5366 1994 5437; baseline 0.001 -18"><span class='ocrx_word' id='word_1_672' title='bbox 422 5396 490 5437; x_wconf 53' lang='grc' dir='ltr'><strong>-έ</strong></span> <span class='ocrx_word' id='word_1_673' title='bbox 514 5369 739 5420; x_wconf 85' lang='lat' dir='ltr'><strong>Luscius</strong></span> <span class='ocrx_word' id='word_1_674' title='bbox 757 5366 1035 5422; x_wconf 61' lang='lat' dir='ltr'><strong>Lauinius.</strong></span> <span class='ocrx_word' id='word_1_675' title='bbox 1062 5368 1124 5421; x_wconf 91' lang='lat' dir='ltr'><strong>In</strong></span> <span class='ocrx_word' id='word_1_676' title='bbox 1149 5367 1371 5437; x_wconf 86' lang='lat' dir='ltr'><strong>aliquot</strong></span> <span class='ocrx_word' id='word_1_677' title='bbox 1392 5366 1821 5437; x_wconf 83' lang='lat' dir='ltr'><strong>exemplaribus</strong></span> <span class='ocrx_word' id='word_1_678' title='bbox 1852 5384 1994 5421; x_wconf 86' lang='lat' dir='ltr'><strong>mss.</strong></span> 
     </span>
    </p>
   </div>
   <div class='ocr_carea' id='block_1_97' title="bbox 2174 5154 3756 5232">
    <p class='ocr_par' dir='ltr' id='par_1_97' title="bbox 2174 5154 3756 5232">
     <span class='ocr_line' id='line_1_104' title="bbox 2174 5154 3756 5232; baseline 0.005 -23"><span class='ocrx_word' id='word_1_679' title='bbox 2174 5154 2524 5232; x_wconf 66' lang='lat' dir='ltr'><strong>Nosterms.</strong></span> <span class='ocrx_word' id='word_1_680' title='bbox 2570 5154 2704 5209; x_wconf 84' lang='lat' dir='ltr'><strong>Cum</strong></span> <span class='ocrx_word' id='word_1_681' title='bbox 2762 5154 2979 5224; x_wconf 85' lang='lat' dir='ltr'><strong>mundi,</strong></span> <span class='ocrx_word' id='word_1_682' title='bbox 3038 5155 3124 5211; x_wconf 79' lang='lat' dir='ltr'><strong>vel</strong></span> <span class='ocrx_word' id='word_1_683' title='bbox 3178 5171 3322 5229; x_wconf 88' lang='lat' dir='ltr'><strong>cum,</strong></span> <span class='ocrx_word' id='word_1_684' title='bbox 3377 5161 3497 5215; x_wconf 84' lang='lat' dir='ltr'><strong>suis</strong></span> <span class='ocrx_word' id='word_1_685' title='bbox 3548 5162 3756 5232; x_wconf 83' lang='lat' dir='ltr'><strong>pariter</strong></span> 
     </span>
    </p>
   </div>
   <div class='ocr_carea' id='block_1_98' title="bbox 2113 5224 2575 5281">
    <p class='ocr_par' dir='ltr' id='par_1_98' title="bbox 2113 5224 2575 5281">
     <span class='ocr_line' id='line_1_105' title="bbox 2113 5224 2575 5281; baseline 0.002 -2"><span class='ocrx_word' id='word_1_686' title='bbox 2113 5226 2312 5281; x_wconf 83' lang='lat' dir='ltr'><strong>habere</strong></span> <span class='ocrx_word' id='word_1_687' title='bbox 2338 5224 2575 5281; x_wconf 85' lang='lat' dir='ltr'><strong>divitiis.</strong></span> 
     </span>
    </p>
   </div>
   <div class='ocr_carea' id='block_1_99' title="bbox 2181 5295 3751 5366">
    <p class='ocr_par' dir='ltr' id='par_1_99' title="bbox 2181 5295 3751 5366">
     <span class='ocr_line' id='line_1_106' title="bbox 2181 5295 3751 5366; baseline 0.003 -16"><span class='ocrx_word' id='word_1_688' title='bbox 2181 5297 2202 5331; x_wconf 83' lang='grc'>⁶</span> <span class='ocrx_word' id='word_1_689' title='bbox 2229 5295 2389 5351; x_wconf 88' lang='lat' dir='ltr'><strong>Alter</strong></span> <span class='ocrx_word' id='word_1_690' title='bbox 2417 5296 2646 5366; x_wconf 58' lang='lat' dir='ltr'><strong>Regina</strong></span> <span class='ocrx_word' id='word_1_691' title='bbox 2680 5312 2788 5351; x_wconf 91' lang='lat' dir='ltr'><strong>ms.</strong></span> <span class='ocrx_word' id='word_1_692' title='bbox 2824 5297 3008 5353; x_wconf 86' lang='lat' dir='ltr'><strong>ferme</strong></span> <span class='ocrx_word' id='word_1_693' title='bbox 3038 5314 3173 5353; x_wconf 89' lang='lat' dir='ltr'><strong>eum</strong></span> <span class='ocrx_word' id='word_1_694' title='bbox 3202 5301 3422 5366; x_wconf 88' lang='lat' dir='ltr'><strong>nostro,</strong></span> <span class='ocrx_word' id='word_1_695' title='bbox 3454 5305 3513 5356; x_wconf 91' lang='lat' dir='ltr'><strong>et</strong></span> <span class='ocrx_word' id='word_1_696' title='bbox 3544 5299 3751 5357; x_wconf 76' lang='lat' dir='ltr'><strong>Palati-</strong></span> 
     </span>
    </p>
   </div>
   <div class='ocr_carea' id='block_1_100' title="bbox 2110 5366 3824 5439">
    <p class='ocr_par' dir='ltr' id='par_1_100' title="bbox 2110 5366 3824 5439">
     <span class='ocr_line' id='line_1_107' title="bbox 2110 5366 3824 5439; baseline 0.005 -19"><span class='ocrx_word' id='word_1_697' title='bbox 2110 5383 2204 5429; x_wconf 76' lang='lat' dir='ltr'><strong>no.</strong></span> <span class='ocrx_word' id='word_1_698' title='bbox 2237 5372 2295 5421; x_wconf 90' lang='lat' dir='ltr'><strong>et</strong></span> <span class='ocrx_word' id='word_1_699' title='bbox 2321 5367 2494 5421; x_wconf 83' lang='lat' dir='ltr'><strong>veteri</strong></span> <span class='ocrx_word' id='word_1_700' title='bbox 2527 5366 2796 5437; x_wconf 82' lang='lat' dir='ltr'><strong>editione,</strong></span> <span class='ocrx_word' id='word_1_701' title='bbox 2829 5368 2983 5438; x_wconf 84' lang='lat' dir='ltr'><strong>Apud</strong></span> <span class='ocrx_word' id='word_1_702' title='bbox 3007 5373 3217 5425; x_wconf 81' lang='lat' dir='ltr'><strong>nostros</strong></span> <span class='ocrx_word' id='word_1_703' title='bbox 3244 5375 3391 5439; x_wconf 82' lang='lat' dir='ltr'><strong>sunt,</strong></span> <span class='ocrx_word' id='word_1_704' title='bbox 3422 5373 3752 5428; x_wconf 79' lang='lat' dir='ltr'><strong>testimonio-</strong></span> <span class='ocrx_word' id='word_1_705' title='bbox 3812 5370 3824 5378; x_wconf 81' lang='grc'><em>”</em></span> 
     </span>
    </p>
   </div>
   <div class='ocr_carea' id='block_1_101' title="bbox 349 5434 3818 5516">
    <p class='ocr_par' dir='ltr' id='par_1_101' title="bbox 349 5434 3818 5516">
     <span class='ocr_line' id='line_1_108' title="bbox 349 5434 3818 5516; baseline 0.002 -24"><span class='ocrx_word' id='word_1_706' title='bbox 349 5434 603 5516; x_wconf 69' lang='lat' dir='ltr'><strong>legimus</strong></span> <span class='ocrx_word' id='word_1_707' title='bbox 649 5434 1284 5516; x_wconf 78' lang='lat' dir='ltr'><strong>Lucius_Larvinus,_vel</strong></span> <span class='ocrx_word' id='word_1_708' title='bbox 1318 5434 1621 5516; x_wconf 70' lang='lat' dir='ltr'><strong>Lanuinus,</strong></span> <span class='ocrx_word' id='word_1_709' title='bbox 1660 5438 1996 5516; x_wconf 68' lang='lat' dir='ltr'><strong>Lanuvinus.</strong></span> <span class='ocrx_word' id='word_1_710' title='bbox 2108 5440 2208 5516; x_wconf 79' lang='lat' dir='ltr'><strong>uia</strong></span> <span class='ocrx_word' id='word_1_711' title='bbox 2235 5453 2614 5516; x_wconf 77' lang='lat' dir='ltr'><strong>proponemus,</strong></span> <span class='ocrx_word' id='word_1_712' title='bbox 2647 5454 2715 5493; x_wconf 68' lang='lat' dir='ltr'><strong>ea:</strong></span> <span class='ocrx_word' id='word_1_713' title='bbox 2769 5434 3057 5516; x_wconf 69' lang='lat' dir='ltr'><strong>scitatione</strong></span> <span class='ocrx_word' id='word_1_714' title='bbox 3113 5456 3325 5516; x_wconf 11' lang='lat' dir='ltr'><strong>eorum,</strong></span> <span class='ocrx_word' id='word_1_715' title='bbox 3362 5434 3481 5512; x_wconf 68' lang='lat' dir='ltr'><strong>quae</strong></span> <span class='ocrx_word' id='word_1_716' title='bbox 3506 5458 3750 5516; x_wconf 13' lang='lat' dir='ltr'><strong>Vsequuu-</strong></span> <span class='ocrx_word' id='word_1_717' title='bbox 3809 5451 3818 5461; x_wconf 91' lang='lat'><strong>&#39;</strong></span> 
     </span>
    </p>
   </div>
   <div class='ocr_carea' id='block_1_102' title="bbox 347 5455 3752 5581">
    <p class='ocr_par' dir='ltr' id='par_1_102' title="bbox 347 5455 3752 5581">
     <span class='ocr_line' id='line_1_109' title="bbox 349 5455 3750 5516; baseline 0.002 -25"><span class='ocrx_word' id='word_1_718' title='bbox 349 5455 603 5507; x_wconf 68' lang='lat' dir='ltr'><strong>tegimus</strong></span> <span class='ocrx_word' id='word_1_719' title='bbox 649 5455 847 5492; x_wconf 66' lang='lat' dir='ltr'><strong>humus</strong></span> <span class='ocrx_word' id='word_1_720' title='bbox 877 5455 1165 5507; x_wconf 77' lang='lat' dir='ltr'><strong>Larmnus,</strong></span> <span class='ocrx_word' id='word_1_721' title='bbox 1198 5455 1284 5491; x_wconf 78' lang='lat' dir='ltr'><strong>vel</strong></span> <span class='ocrx_word' id='word_1_722' title='bbox 1318 5455 1621 5507; x_wconf 74' lang='lat' dir='ltr'><strong>Lanulnus,</strong></span> <span class='ocrx_word' id='word_1_723' title='bbox 1660 5455 1996 5493; x_wconf 71' lang='lat' dir='ltr'><strong>Lanuvinus.</strong></span> <span class='ocrx_word' id='word_1_724' title='bbox 2108 5455 2208 5491; x_wconf 85' lang='lat' dir='ltr'><strong>ma</strong></span> <span class='ocrx_word' id='word_1_725' title='bbox 2235 5455 2333 5509; x_wconf 81' lang='lat' dir='ltr'><strong>pro</strong></span> <span class='ocrx_word' id='word_1_726' title='bbox 2374 5455 2614 5504; x_wconf 80' lang='lat' dir='ltr'><strong>onemus,</strong></span> <span class='ocrx_word' id='word_1_727' title='bbox 2647 5455 2715 5493; x_wconf 67' lang='lat' dir='ltr'><strong>ea:</strong></span> <span class='ocrx_word' id='word_1_728' title='bbox 2769 5455 3057 5495; x_wconf 81' lang='lat' dir='ltr'><strong>couanone</strong></span> <span class='ocrx_word' id='word_1_729' title='bbox 3113 5456 3307 5497; x_wconf 84' lang='lat' dir='ltr'><strong>eorum</strong></span> <span class='ocrx_word' id='word_1_730' title='bbox 3362 5459 3481 5512; x_wconf 70' lang='lat' dir='ltr'><strong>quae</strong></span> <span class='ocrx_word' id='word_1_731' title='bbox 3518 5458 3750 5516; x_wconf 77' lang='lat' dir='ltr'><strong>sequun-</strong></span> 
     </span>
     <span class='ocr_line' id='line_1_110' title="bbox 347 5455 3752 5581; baseline 0.003 -19"><span class='ocrx_word' id='word_1_732' title='bbox 347 5507 516 5581; x_wconf 53' lang='lat' dir='ltr'><strong>épud</strong></span> <span class='ocrx_word' id='word_1_733' title='bbox 550 5508 976 5581; x_wconf 67' lang='lat' dir='ltr'><strong>Grammaticos</strong></span> <span class='ocrx_word' id='word_1_734' title='bbox 1000 5507 1321 5581; x_wconf 82' lang='lat' dir='ltr'><strong>scriptores</strong></span> <span class='ocrx_word' id='word_1_735' title='bbox 1346 5513 1520 5581; x_wconf 76' lang='lat' dir='ltr'><strong>vetus</strong></span> <span class='ocrx_word' id='word_1_736' title='bbox 1553 5508 1997 5581; x_wconf 69' lang='lat' dir='ltr'><strong>poetammulus</strong></span> <span class='ocrx_word' id='word_1_737' title='bbox 2109 5512 2267 5563; x_wconf 87' lang='lat' dir='ltr'><strong>tur...</strong></span> <span class='ocrx_word' id='word_1_738' title='bbox 2327 5455 2547 5579; x_wconf 57' lang='lat' dir='ltr'><strong>(hoster</strong></span> <span class='ocrx_word' id='word_1_739' title='bbox 2617 5510 3001 5581; x_wconf 84' lang='lat' dir='ltr'><strong>sequentur)...</strong></span> <span class='ocrx_word' id='word_1_740' title='bbox 3072 5516 3167 5567; x_wconf 85' lang='lat' dir='ltr'><strong>aut</strong></span> <span class='ocrx_word' id='word_1_741' title='bbox 3243 5513 3408 5570; x_wconf 80' lang='lat' dir='ltr'><strong>aliter</strong></span> <span class='ocrx_word' id='word_1_742' title='bbox 3463 5515 3554 5579; x_wconf 85' lang='lat' dir='ltr'><strong>sit,</strong></span> <span class='ocrx_word' id='word_1_743' title='bbox 3606 5514 3752 5571; x_wconf 80' lang='lat' dir='ltr'><strong>indi-</strong></span> 
     </span>
    </p>
   </div>
   <div class='ocr_carea' id='block_1_103' title="bbox 348 5577 3827 5647">
    <p class='ocr_par' dir='ltr' id='par_1_103' title="bbox 348 5577 3827 5647">
     <span class='ocr_line' id='line_1_111' title="bbox 348 5577 3827 5647; baseline -0.009 -10"><span class='ocrx_word' id='word_1_744' title='bbox 348 5577 599 5637; x_wconf 79' lang='lat' dir='ltr'><strong>Terentii</strong></span> <span class='ocrx_word' id='word_1_745' title='bbox 631 5577 844 5636; x_wconf 90' lang='lat' dir='ltr'><strong>dicitur</strong></span> <span class='ocrx_word' id='word_1_746' title='bbox 873 5579 1092 5647; x_wconf 87' lang='lat' dir='ltr'><strong>Lucius,</strong></span> <span class='ocrx_word' id='word_1_747' title='bbox 1128 5577 1272 5634; x_wconf 54' lang='lat' dir='ltr'><strong>&#39;non</strong></span> <span class='ocrx_word' id='word_1_748' title='bbox 1334 5577 1578 5635; x_wconf 47' lang='lat' dir='ltr'><strong>Luscz‘us‘.</strong></span> <span class='ocrx_word' id='word_1_749' title='bbox 1630 5579 1770 5644; x_wconf 90' lang='lat' dir='ltr'><strong>Qnis</strong></span> <span class='ocrx_word' id='word_1_750' title='bbox 1801 5584 1995 5637; x_wconf 90' lang='lat' dir='ltr'><strong>autem</strong></span> <span class='ocrx_word' id='word_1_751' title='bbox 2103 5581 2306 5636; x_wconf 81' lang='lat' dir='ltr'><strong>cautia.</strong></span> <span class='ocrx_word' id='word_1_752' title='bbox 2337 5577 2341 5579; x_wconf 71' lang='grc'><strong><em>’</em></strong></span> <span class='ocrx_word' id='word_1_753' title='bbox 2683 5577 2699 5581; x_wconf 88' lang='grc'><strong><em>“</em></strong></span> <span class='ocrx_word' id='word_1_754' title='bbox 2916 5577 2922 5581; x_wconf 87' lang='grc'><em>’</em></span> <span class='ocrx_word' id='word_1_755' title='bbox 3541 5577 3555 5593; x_wconf 52' lang='grc' dir='ltr'><em>ν·</em></span> <span class='ocrx_word' id='word_1_756' title='bbox 3722 5608 3731 5613; x_wconf 80' lang='grc'><em>,</em></span> <span class='ocrx_word' id='word_1_757' title='bbox 3782 5602 3789 5609; x_wconf 88' lang='grc'><strong>.</strong></span> <span class='ocrx_word' id='word_1_758' title='bbox 3818 5600 3827 5605; x_wconf 88' lang='grc'><strong>-</strong></span> 
     </span>
    </p>
   </div>
  </div>
