4084 6170
1264 301 1503 366 LIBER
1546 300 1785 365 HEBR.
1827 297 2131 374 QUEST.
2176 297 2257 361 IN
2301 296 2580 361 GENES.

3503 292 3634 372 θρα

216 433 468 510 πρώτης,
499 439 559 492 et
587 433 969 503 Theodotion,
1012 432 1066 489 ὲν
1106 433 1369 510 πρώτοις,
1402 437 1558 508 quod
1590 441 1646 492 et
1671 436 1868 508 ipsum

1999 449 2160 506 super
2214 433 2420 489 Adam.
2451 454 2479 484 »
2513 435 2623 488 Pro
2651 430 2856 502 extasi,
2887 429 2945 488 id
2973 434 3081 498 est,
3115 436 3330 492 mentis
3359 451 3628 505 excessu,

220 542 338 583 non
370 527 660 595 orientem,
703 525 805 581 sed
846 527 1187 597 principium
1244 526 1555 597 signiﬁcat.
1613 527 1692 580 Ex
1758 541 1872 596 quo

217 614 709 672 manifestissime
767 615 1184 686 comprobatur
1241 617 1280 680 ¹,
1340 615 1493 686 quod
1528 615 1872 686 priusquam

217 704 434 762 caelum
467 708 525 759 et
553 707 766 759 terram
818 704 973 760 Deus
1039 704 1278 773 faceret,
1339 703 1678 775 paradisum
1739 707 1875 758 ante

219 793 583 859 condiderat,
616 792 770 848 sicut
799 797 855 848 et
878 793 1092 864 legitur
1114 793 1173 847 in
1210 793 1442 848 Hebrao
1478 810 1489 847 :
1526 793 1875 847 Plantaverat

216 886 406 939 autem
435 883 846 937 DominusDeus
888 881 1211 953 paradisum
1269 883 1329 936 in
1385 882 1532 937 Eden
1580 899 1614 936 a
1657 883 1875 953 princi-

213 988 333 1044 pio.

292 1062 477 1134 (Vers.
511 1061 625 1132 11.)
660 1083 686 1108 ‹‹
722 1061 942 1116 Nomen
975 1061 1076 1115 uni
1108 1059 1346 1116 Phison.
1384 1083 1410 1110 ››
1443 1060 1608 1116 Hunc
1637 1076 1765 1116 esse
1789 1062 1875 1115 In-

217 1150 332 1206 diae
365 1149 609 1204 ﬂuvium
641 1152 882 1221 Gangen
913 1153 1143 1220 putant.

295 1239 460 1295 308
489 1239 672 1310 (Vers.
707 1238 822 1305 12.)
855 1259 882 1288 ‹‹
915 1237 1022 1293 Ubi
1055 1238 1158 1308 (Al.
1197 1238 1303 1307 Ibi)
1345 1242 1434 1293 est
1485 1237 1873 1294 carbunculus

218 1332 278 1383 et
305 1327 457 1400 lapis
487 1326 782 1399 prasinus.
818 1347 846 1376 »
900 1330 1012 1381 Pro
1065 1326 1398 1382 carbunculo
1428 1335 1483 1382 et
1529 1327 1708 1398 lapide
1743 1344 1873 1398 pra-

215 1419 364 1484 sino,
398 1411 655 1489 βδέλλιον
688 1418 746 1470 et
774 1409 947 1489 ὄνυχα
977 1417 998 1449 ³
1027 1414 1124 1470 alii
1158 1414 1604 1471 transtulerunt.

294 1505 477 1577 (Vers.
502 1505 613 1575 15.)
646 1527 674 1554 ‹‹
709 1501 778 1560 Et
799 1504 1055 1576 sumpsit
1071 1504 1356 1559 Dominus
1377 1505 1530 1560 Deus
1555 1504 1872 1573 hominem,

220 1597 277 1649 et
309 1592 506 1664 posuit
535 1607 669 1646 eum
702 1590 762 1645 in
794 1590 1067 1662 paradiso
1097 1590 1432 1662 voluptatis.
1497 1615 1523 1639 ››
1569 1596 1679 1647 Pro
1709 1593 1875 1647 volu-

220 1685 404 1753 ptate,
428 1680 487 1735 in
523 1681 757 1735 Hebraeo
787 1679 963 1735 habet
1025 1697 1190 1734 EDEN.
1228 1680 1340 1751 Ipsi
1383 1680 1563 1752 igitur
1592 1698 1746 1736 nunc
1776 1686 1875 1736 Se—

217 1769 534 1842 ptuaginta
562 1786 708 1824 span
739 1767 1106 1840 interpretati
1139 1773 1279 1824 sunt
1323 1769 1672 1840 voluptatem.
1708 1771 1872 1842 Sym-

220 1858 470 1914 machus
501 1874 635 1913 vero
666 1857 767 1929 qui
802 1858 1099 1912 florentem
1163 1856 1337 1929 paulo
1368 1863 1502 1913 ante
1533 1859 1873 1930 paradisum

220 1946 629 2014 transtulerat,
689 1946 783 2001 hic
814 1946 1011 2018 posuit
1069 1943 1120 1998 ἐν
1150 1949 1228 2016 τῷ
1285 1943 1594 2020 παραδείσῳ
1651 1953 1749 2014 τῆς
1781 1947 1874 2000 ἀκ-

217 2042 324 2104 τῆς
356 2038 400 2104 ³,
433 2036 587 2106 quod
618 2039 674 2090 et
703 2034 899 2107 ipsum
922 2037 1288 2090 amaznitatem
1316 2040 1372 2091 et
1392 2037 1617 2092 delicias
1649 2054 1809 2092 sona.

299 2124 491 2196 (Vers,
518 2124 629 2190 17.)
663 2144 690 2172 ‹‹
721 2123 784 2178 In
816 2139 1165 2194 quacunque
1203 2128 1398 2180 autem
1431 2125 1524 2180 die
1554 2126 1876 2181 comederis

218 2231 297 2270 ex
327 2229 418 2278 eo,
446 2216 629 2267 morte
660 2212 926 2268 morieris
957 2213 995 2266 ‘.
1034 2233 1060 2259 »
1089 2212 1295 2268 Melius
1337 2213 1758 2284 interpretatus
1787 2219 1876 2270 est

220 2300 619 2374 Symmachus
649 2299 870 2366 dicens,
900 2301 1148 2356 mortalis
1177 2303 1306 2356 eris.

295 2389 484 2460 (Vers.
544 2389 659 2459 21.)
693 2411 720 2436 ››
753 2390 823 2444 Et
871 2388 1032 2444 misit
1062 2389 1347 2446 Dominus
1406 2390 1560 2446 Deus
1600 2391 1876 2447 exstasim

221 2516 422 2588 ferme
460 2513 801 2588 adverbium
857 2515 1290 2588 contentiosum
1358 2515 1486 2588 ejus
1544 2516 1881 2588 interpretis

219 2585 533 2660 ingenium
562 2585 752 2658 magis
784 2587 974 2641 refert.
1007 2587 1098 2640 Sic
1125 2586 1301 2660 habet
1329 2587 1626 2658 antiquior
1648 2585 1879 2660 Reginae

220 2657 378 2713 liber
425 2675 437 2712 :
498 2658 638 2711 ΑΗΟ
675 2657 684 2658 “
723 2661 1078 2730 ᾼΡΧΗΘῌΝ.
1144 2657 1290 2713 alter
1346 2657 1615 2730 corrupte
1678 2676 1690 2712 :
1735 2657 1885 2714 ἈΗΟ

221 2732 579 2782 APXNHHN.
617 2728 1203 2799 DeniquepPalatinus
1238 2746 1250 2784 :
1287 2731 1424 2780 ΑΗΟ
1473 2728 1788 2783 ΔΡΧΝΕΕΝ
1850 2747 1880 2785 e

220 2799 446 2873 quibus
475 2800 698 2854 excudo
731 2797 832 2873 ἀτὲὸ
866 2797 1124 2873 ἀρχῆθεν.

299 2871 316 2904 ¹
351 2873 434 2926 Ea:
486 2887 587 2942 quo
673 2871 1117 2942 manifestissime
1192 2871 1583 2942 comprobatur.
1645 2872 1722 2927 Ex
1777 2872 1886 2928 hoc

220 2943 356 2999 loco
388 2941 880 3014 argumentantur
899 2941 1083 2997 critici
1107 2941 1418 3014 scriptures
1451 2960 1656 3014 parum
1692 2945 1887 2999 mode-

221 3015 328 3085 sti,
363 3012 645 3085 aiuutque
666 3012 1092 3085 Hieronymum
1116 3012 1419 3085 indulgere
1451 3012 1664 3070 fabulis
1688 3015 1884 3070 Judai-

226 3084 337 3142 cis.
373 3085 483 3140 Sed
515 3083 586 3139 de
617 3083 712 3139 his
743 3101 808 3139 ac
838 3083 1132 3140 similibus
1162 3083 1308 3156 locis
1339 3085 1492 3156 ,vide
1546 3085 1886 3156 prolixiores

1984 523 2042 578 in
2079 523 2311 578 llebueo
2343 522 2590 578 habetur
2607 539 2915 578 THARDEMA
2937 522 3384 596 (nnﬁn),quod
3417 526 3626 600 Aquila

1982 610 2310 686 καταφορὰν,
2352 611 2739 683 Symmachus
2789 609 2976 684 κάρον,
3035 611 3094 666 id
3151 616 3258 680 est,
3319 631 3546 682 gravem
3575 619 3625 671 et

1981 699 2318 772 pro/undam
2343 716 2588 771 soporem
2619 700 2979 772 interpretati
3003 705 3144 756 sunt
3171 701 3210 756 ⁸.
3245 702 3506 775 Denique
3536 721 3625 759 se-

1985 789 2228 860 quitur:
2263 791 2327 844 Et
2353 789 2631 844 dormivit.
2668 789 2928 860 Idipsum
2971 789 3208 845 verbum
3257 795 3315 846 et
3367 790 3426 846 in
3482 792 3630 848 Jona

1985 879 2052 946 (1,
2085 878 2139 947 5)
2168 877 2464 932 stertentis
2498 893 2706 932 somno
2736 878 2995 948 positum
3027 883 3134 934 est.

2058 964 2242 1036 (Vers.
2273 966 2386 1033 23.)
2425 989 2445 1015 ‹ι
2482 967 2598 1021 Hoc
2629 982 2785 1021 nunc
2811 983 2876 1022 os
2932 983 3001 1022 ex
3055 967 3290 1024 ossibus
3348 969 3516 1035 meis,
3577 973 3634 1024 et

1984 1071 2117 1110 caro
2149 1056 2221 1110 de
2237 1071 2408 1110 carne
2431 1071 2560 1110 mea
2595 1071 2607 1109 :
2644 1055 2761 1110 haec
2791 1055 3092 1110 vocabitur
3113 1056 3630 1129 mulier,quoniam

1983 1160 2050 1199 ex
2104 1143 2226 1199 viro
2285 1149 2522 1216 sumpta
2551 1148 2657 1199 cst.
2688 1166 2715 1192 ››
2747 1144 2873 1199 Non
2904 1143 3133 1199 videtur
3166 1145 3224 1200 in
3257 1146 3452 1201 Graeco
3483 1151 3539 1202 et
3569 1148 3629 1201 in

1985 1232 2210 1300 Latino,
2243 1249 2470 1299 sonare,
2497 1250 2600 1288 cur
2631 1232 2839 1288 mulier
2867 1232 3211 1305 appelletur,
3245 1235 3386 1306 quia
3414 1251 3483 1291 ex
3504 1235 3644 1290 viro.

1983 1327 2220 1393 sumpta
2249 1322 2360 1378 sit:
2397 1323 2496 1378 sed
2545 1321 2899 1394 etymologia
2956 1321 3016 1377 in
3075 1323 3313 1379 Hebraeo
3360 1340 3632 1380 sermone

1984 1415 2265 1466 servatur.
2302 1411 2398 1465 Vir
2429 1412 2644 1484 quippe
2675 1414 2912 1466 vocatur
2970 1411 3020 1466 is
3078 1413 3264 1483 (tam),
3326 1417 3382 1468 et
3425 1413 3636 1470 mulier

1984 1516 2106 1555 ISSA
2137 1501 2366 1572 (nam).
2401 1501 2572 1555 Recte
2603 1499 2787 1570 igitur
2817 1499 2888 1554 ab
2923 1516 2993 1565 IS,
3048 1499 3342 1572 appellata
3371 1505 3460 1557 est
3503 1518 3633 1557 mu-

1985 1588 2093 1644 lier
2115 1605 2257 1644 ISSA.
2283 1589 2444 1644 Unde
2462 1593 2518 1644 et
2546 1588 2932 1660 Symmachus
2955 1587 3196 1660 pulchre
3226 1589 3644 1662 etymologiam

1985 1677 2162 1733 etiam
2195 1677 2255 1732 in
2287 1678 2481 1732 Graeco
2526 1676 2709 1732 voluit
2735 1677 3033 1732 custodire
3063 1677 3263 1734 dicens
3297 1693 3309 1731 :
3345 1678 3478 1733 Haec
3535 1695 3636 1734 vo-

1987 1765 2213 1821 cabitur
2243 1762 2447 1839 ἀνδρὶς,
2481 1768 2502 1800 ²
2528 1763 2611 1818 ὅτι
2643 1765 2747 1818 ἀπὸ
2781 1761 2975 1840 ἀνδρὸς
3028 1761 3265 1842 ἐλήφθη.
3307 1767 3471 1832 Quod
3530 1785 3636 1824 nos

1984 1855 2181 1910 Latine
2213 1871 2530 1926 possumus
2560 1854 2751 1910 dicere
2787 1871 2798 1909 :
2834 1876 2861 1903 ‹‹
2899 1853 3028 1908 Haec
3057 1854 3358 1910 vocabitur
3415 1855 3635 1928 virago,

1988 1943 2127 2015 quia
2155 1961 2224 1998 ex
2252 1943 2375 1998 viro
2408 1947 2648 2014 sumpta
2677 1946 2787 1997 est.
2828 1964 2856 1992 ››
2892 1946 3069 1998 Porro
3103 1943 3425 2000 Theodotio
3457 1944 3634 2002 aliam

1982 2031 2394 2104 etymologiam
2426 2031 2761 2102 suspicatus
2791 2034 2898 2096 est,
2933 2031 3134 2086 dicens
3179 2047 3190 2085 :
3235 2054 3262 2079 ‹‹
3312 2033 3438 2087 Haec
3470 2035 3631 2090 809

1982 2121 2286 2177 vocabitur
2313 2121 2639 2192 assumptio
2674 2137 2686 2174 :
2721 2119 2861 2191 quia
2915 2136 2982 2174 ex
3022 2120 3145 2175 viro
3194 2126 3432 2192 sumpta
3459 2125 3568 2177 est.
3606 2144 3634 2171 ››

1984 2214 2184 2266 Potest
2213 2211 2428 2282 quippe
2449 2225 2572 2266 ISSA
2601 2210 2787 2280 (nit-1N)
2818 2209 3143 2264 secundum
3169 2208 3508 2266 varietatem
3541 2227 3629 2266 ac-

1987 2303 2190 2355 centus
2222 2301 2242 2333 ⁷
2281 2303 2338 2354 et
2365 2300 2668 2368 assumptio
2699 2296 2970 2369 intelligi.

2059 2391 2218 2460 (Cap.
2254 2388 2348 2443 IIl.
2385 2419 2451 2428 —
2481 2387 2646 2443 Vers.
2689 2387 2762 2457 1.)
2799 2407 2826 2435 ‹‹
2859 2386 3110 2456 Serpens
3163 2388 3358 2441 autem
3391 2390 3516 2442 erat
3544 2403 3636 2442 sa-

2059 2512 2080 2546 ⁵
2113 2513 2232 2566 lluc
2280 2512 2430 2566 refer
2473 2509 2766 2566 Plutarchi
2799 2509 2992 2564 locum
3023 2507 3082 2562 in
3113 2509 3360 2565 Antonio
3386 2510 3456 2566 de
3482 2510 3638 2566 Cleo-

1990 2586 2220 2658 patras
2260 2583 2461 2658 Drusio
2493 2582 2818 2658 laudatum,
2853 2579 3155 2658 υὺίηκάροθ
3217 2585 3275 2658 et
3299 2582 3634 2658 ⁸κᾳιτοιιρορδιν

1992 2647 2171 2726 simul
2229 2655 2537 2726 nominat:
2571 2653 2669 2705 Καὶ
2714 2651 2874 2726 μόνον
2927 2647 3143 2726 cupidus
3186 2651 3247 2704 τὸ
3294 2647 3492 2726 δεῖγμά
3537 2647 3638 2720 ίτῆς

1993 2721 2227 2796 ἀετεττίδος⁸
2269 2721 2390 2796 ἄνευ
2453 2718 2910 2796 σπασμοῖκάρον
2964 2718 3183 2790 ὅπνώδη
3254 2723 3344 2776 καὶ
3390 2718 3636 2796 ⁷κίοιτοιφό-

1994 2798 2086 2872 ρᾲν
2121 2793 2503 2872 ἐφελκόμενον.
2538 2793 2830 2866 solumque
2859 2796 3063 2865 reperit
3117 2810 3359 2849 morsum
3409 2793 3637 2872 aspidis,

1991 2871 2110 2923 sine
2140 2870 2489 2923 convulsione
2517 2883 2761 2938 soporem
2789 2881 3012 2938 gravem
3039 2871 3091 2920 et
3117 2881 3371 2921 somnum
3413 2870 3644 2939 pro/un-

1993 2939 2124 2994 dam
2152 2939 2536 2994 attrahentem.

2065 3011 2086 3044 ⁶
2117 3007 2496 3084 Ἀνδρὶςλθῐο.
2529 3009 2847 3084 confictam
2878 3007 3211 3084 Symmachi
3257 3007 3514 3084 Graecam
3555 3007 3641 3064 le-

1994 3078 2259 3136 ctionem'
2277 3082 2530 3136 retinent
2555 3079 2695 3134 editi
2725 3086 2894 3135 antea
2921 3078 3055 3135 libri
3085 3078 3142 3133 in
3175 3078 3332 3147 hunc
3376 3080 3638 3147 modum,

224 3155 942 3239 nostras__Adnotationes
1001 3161 1058 3211 et
1108 3155 1452 3228 Apologiam
1511 3146 1569 3211 ε’.
1629 3158 1879 3214 doctoris

1999 3150 2128 3239 Ξιξότη
2172 3148 2505 3221 κληθήσεται
2565 3147 2767 3225 ἀνδρὶς,
2827 3149 2909 3203 ὅτι
2968 3150 3026 3204 ἐκ
3079 3153 3175 3202 τοῦ
3233 3146 3432 3239 ἀνδρὸς¹
3472 3146 3639 3218 αὐτῆς

229 3244 436 3298 supra.
471 3227 746 3282 Maurum.

303 3297 376 3338 ἐ-
403 3297 636 3353 Scilicet
663 3315 734 3368 ex
761 3297 1092 3352 Judreorum
1127 3297 1438 3362 sententia,
1463 3314 1640 3368 quam
1673 3299 1887 3355 invexit

232 3374 444 3426 auctor
473 3369 666 3441 quarti
717 3367 849 3423 libri
907 3369 1102 3441 Esdra:
1162 3386 1210 3423 c.
1243 3386 1329 3433 ιιι,
1362 3386 1416 3422 v.
1461 3367 1496 3421 6
1538 3385 1550 3424 :
1584 3370 1882 3439 lnduxisli,

230 3455 364 3497 eum
393 3440 620 3512 (Adam)
664 3443 721 3495 in
753 3440 1030 3512 paradiso,
1081 3456 1238 3511 quem
1287 3441 1632 3510 plantaverat
1661 3441 1887 3498 dextera

234 3517 339 3568 tua
399 3511 690 3584 antequam
718 3514 869 3584 terra
914 3511 1252 3584 adventaret.
1315 3512 1527 3566 Contra
1582 3527 1716 3567 vero
1749 3530 1884 3568 sen-

229 3585 400 3638 tiunt
421 3582 761 3654 interpretes
785 3582 1046 3654 plerique
1075 3598 1279 3654 omnes
1305 3625 1317 3648 ,
1351 3586 1406 3637 et
1427 3598 1566 3636 sane
1592 3585 1882 3640 consitum

233 3652 1008 3728 hortumillumin’Adami
1065 3653 1336 3725 gratiam,
1401 3658 1701 3709 contextus
1761 3657 1886 3728 ipse

235 3723 559 3795 Scriptura
589 3725 968 3795 demonstrat,

313 3795 338 3828 ²
364 3791 574 3866 Aquila
604 3800 798 3852 tamen
834 3791 1158 3870 Σᾳρδὸνυχα
1186 3793 1375 3870 vertit,
1432 3796 1588 3870 quod
1641 3797 1886 3870 fortasse

231 3861 628 3948 Hieronymus
659 3884 763 3948 pro
793 3861 996 3948 eodem
1043 3861 1120 3948 ad
1165 3866 1413 3948 simplex
1441 3861 1614 3940 ὄνυχα
1641 3869 1881 3948 accepit.

303 3938 326 3971 ³
359 3934 832 3994 Hactenus'falso
864 3937 1117 3994 obtinuit
1143 3943 1243 4003 τῆς
1277 3934 1472 4005 ἆλσης,
1523 3934 1676 4009 quod
1710 3934 1884 3994 inter-

229 4014 546 4135 pretantur
573 4013 834 4066 nemoris.
868 4011 939 4064 Et
966 4025 1098 4063 vero
1141 4013 1473 4080 suspectam
1506 4009 1656 4064 hanc
1685 4027 1883 4065 vocem

278 4081 444 4135 abuit
472 4081 744 4135 Drusius.
769 4097 942 4135 auem
979 4080 1268 4135 immerito
1303 4080 1673 4135 reprehendit
1704 4082 1883 4135 Mont-

278 4081 444 4136 abuit
472 4081 744 4148 Drusius,
769 4097 942 4152 quem
979 4080 1268 4152 immerito
1295 4080 1887 4152 reprehenditMont-

231 4152 567 4208 fauconius.
601 4155 674 4207 At
706 4151 822 4206 non
852 4151 1338 4224 tamen_sic_satis
1370 4151 1614 4224 feliciter
1641 4151 1886 4224 ille_opi-

229 4227 410 4295 natus
466 4229 558 4279 est
584 4223 986 4295 reponendum
1019 4218 1310 4290 ἀλοσύνης.
1371 4223 1487 4295 Vox
1526 4227 1680 4279 certe
1712 4218 1885 4292 ἅλᾱης

229 4293 419 4376 plane
475 4293 878 4376 commentitia
937 4299 1074 4376 est",
1122 4298 1178 4348 et
1233 4294 1446 4376 Graecis
1503 4295 1886 4376 scriptoribus

228 4361 451 4437 ignota,
484 4374 539 4422 et
563 4365 854 4437 siquidem
887 4383 989 4437 pro
1018 4361 1186 4425 ἄλσος
1219 4365 1520 4437 accipitur,
1554 4361 1733 4421 δι’τοῦ
1788 4363 1883 4419 ἄλ-

228 4455 361 4497 σθ’-ις
393 4437 772 4493 scribendum
814 4440 987 4502 esset,
1021 4437 1270 4492 necdum
1306 4442 1499 4491 tamen
1521 4454 1589 4491 ex
1619 4453 1686 4491 ea
1715 4437 1887 4493 inter-

227 4508 620 4605 pretationem
643 4510 1021 4605 Aamcentitatis,
1083 4524 1150 4562 ac
1205 4507 1532 4605 deliciarum
1591 4513 1888 4605 utcupﬂq‘ue
1917 4541 1964 4605 Β

227 4578 427 4635 valeas
458 4581 796 4635 extundere.
830 4579 1042 4634 Contra
1069 4596 1178 4650 vox
1205 4578 1424 4650 Ἀκτῇς,
1458 4595 1633 4650 quam
1667 4578 1885 4636 substi-

226 4651 483 4719 tuimus,
514 4652 730 4707 nedum
762 4650 996 4716 Graecis,
1033 4649 1255 4705 Latinis
1286 4649 1520 4722 quoque
1549 4651 1884 4707 auctoribus

226 4726 556 4794 usurpatur
584 4739 689 4794 pro
719 4737 933 4794 amoeno
962 4737 1172 4794 secessu
1200 4739 1211 4786 ;
1264 4722 1520 4794 maxime
1575 4723 1648 4776 ad
1704 4724 1885 4778 maris

221 4791 426 4866 littus,
456 4810 553 4866 seu
584 4791 845 4866 _propter
876 4792 1105 4860 ﬂuvios,
1166 4791 1370 4863 quales
1426 4796 1566 4866 sunt
1608 4798 1880 4864 quatuor,

220 4879 386 4936 quos
413 4862 642 4922 hic-loci
675 4862 983 4936 scriptura!
999 4862 1437 4936 commemorat.
1472 4862 1885 4936 Graec—amem:

222 4933 340 5007 plar
371 4933 629 5007 invenire
655 4940 743 4992 est
762 4933 821 4991 in
855 4934 1079 4991 Lexicis
1104 4934 1484 5007 innumera,e
1506 4934 1729 4990 Latinis
1750 4953 1883 4992 vero

221 5005 540 5063 uotissima
564 5007 665 5062 illa
693 5011 832 5063 sunt
858 5005 1150 5062 Ciceronis
1181 5006 1240 5060 in
1270 5005 1508 5061 Verrem
1564 5024 1641 5060 v11
1672 5009 1744 5061 25
1774 5024 1788 5063 :
1823 5011 1881 5063 In

222 5086 350 5205 ἕω
379 5094 506 5206 {itm
564 5079 903 5134 mulierculis
949 5077 1165 5149 jaccbat
1219 5077 1403 5133 ebrius
1434 5095 1453 5131 :
1494 5081 1551 5131 et
1592 5077 1793 5150 Virgil.
1827 5097 1882 5135 v1

293 5165 391 5205 ne:

293 5165 391 5205 ne:

297 5226 374 5275 At
401 5220 604 5292 procul
638 5221 695 5275 in
729 5220 852 5276 sola
881 5223 1114 5276 secretas
1145 5219 1402 5274 Troades
1432 5223 1578 5292 acta,
1610 5224 1720 5276 etc.

221 5291 338 5348 Sed
371 5291 529 5363 quod
557 5292 916 5363 praecipuum
949 5295 1036 5363 est
1081 5294 1520 5363 argumentum,
1554 5291 1636 5345 ita
1689 5294 1884 5362 praefe-

223 5366 368 5418 runt
388 5361 620 5432 Ἄκτῆῖς,
647 5361 898 5434 quatuor
929 5361 1148 5434 quiqus
1163 5361 1399 5434 utimur
1430 5379 1573 5434 mss.
1607 5381 1636 5417 e
1667 5361 1881 5434 quibus

220 5450 386 5490 unus
415 5432 892 5490 tantum—vitiosa
920 5432 1202 5503 scriptura
1232 5433 1459 5487 abludit
1489 5432 1650 5500 Ἀκθῆ
1663 5432 1707 5493 ςῖ

295 5507 322 5539 ‘
350 5505 513 5562 Unus
545 5505 777 5578 Reginae
811 5506 1273 5578 ms.morie-mini
1295 5505 1465 5578 juxta
1491 5505 1667 5578 "L‘iX.
1703 5511 1880 5562 Porro

220 5574 712 5647 Symmachus'in
747 5577 978 5634 Catenis
1009 5575 1204 5646 Regiis
1235 5593 1269 5630 a
1299 5574 1712 5633 'Montl'aucon.
1747 5578 1878 5634 lau-

217 5644 408 5720 datis,
438 5649 634 5721 θνητος
656 5644 772 5720 ἓσῃ.

1996 3219 2229 3299 ἐξιήνρθη,
2267 3219 2376 3299 hoc
2405 3219 2968 3299 est,rllazc'voc_aoilur
3011 3222 3181 3299 vi_ra,_
3213 3219 3343 3299 quia
3380 3221 3478 3299 ac.
3521 3223 3640 3299 _viro

1993 3291 2124 3364 ejus'
2138 3291 2350 3364 sumpta
2381 3299 2480 3349 est.
2515 3294 2733 3348 Partim
2764 3295 2944 3364 igitur
2991 3309 3021 3347 e
3051 3291 3433 3364 Septuaginta
3457 3292 3640 3348 Inter-

1996 3369 2226 3436 pretum
2258 3365 2662 3430 translatione,
2699 3365 2910 3436 partim
2932 3380 3027 3436 ex,
3066 3381 3134 3419 ea
3162 3380 3341 3436 quam
3373 3364 3639 3436 Symma-

1995 3434 2142 3491 chus
2198 3437 2477 3502 ediderat,
2532 3434 2870 3506 corruptam
2930 3435 3273 3505 hujusmodi
3306 3434 3640 3506 lectionem

1993 3511 2252 3563 Graecam
2285 3505 2725 3578 repraesentant
2759 3511 3035 3561 Erasmus
3066 3511 3122 3561 et
3177 3505 3490 3578 Marianus.
3525 3506 3641 3578 Nos

1994 3579 2310 3649 genuinam
2341 3577 2712 3634 restituimus
2743 3579 2812 3632 ad
2845 3579 3020 3632 ﬁdem
3052 3577 3316 3632 omnium
3347 3577 3640 3647 exempla-

1995 3649 2148 3704 rium
2179 3666 2321 3704 mss.
2355 3649 2706 3720 Hieronymi.
2752 3649 3034 3704 Maurum.

2065 3753 2134 3762 -———
2167 3721 2449 3802 Legerant
2477 3716 2695 3802 veteres
2717 3721 2968 3802 editores
2979 3734 3134 3802 μωρᾷ.
3154 3716 3519 3802 Μᾶτιὶᾳῐιξεᾳε
3542 3733 3640 3802 su-

1995 3807 2101 3862 pra
2133 3780 2404 3862 meﬁtum
2436 3792 2704 3862 castigat,
2756 3788 2888 3862 ᾳβτη
2943 3780 3277 3862 κλήθῄσεται
3310 3782 3508 3862 ψάνδρὶς
3557 3780 3640 3862 iis;

1997 3858 2056 3937 ξκ
2111 3865 2206 3914 τοῦ
2261 3858 2451 3937 ἀνδρὸς
2510 3858 2696 3937 qui:qu
2762 3858 2994 3937 ἐᾎῄφθη.
3047 3860 3217 3937 ΔΟμ-ίιθ
3270 3858 3639 3937 Symmachi

1995 3930 2394 4004 interpretatio
2425 3933 2665 3988 totidem
2695 3930 2908 4002 verbis,
2951 3934 3094 4004 teste
3127 3930 3519 4004 Montfaucon.
3581 3930 3639 3984 in

1997 4000 2228 4060 Catenis
2269 4022 2410 4059 mss.
2447 4005 2695 4059 habetur
2723 4004 2780 4058 in
2815 4000 2939 4058 loco
2993 4001 3091 4074 qui
3123 4000 3463 4074 Apollinarii
3512 4018 3654 4074 esse-

1996 4077 2228 4163 dicitur:
2245 4075 2732 4163 _Nostriequidem
2754 4090 3046 4163 mss.rcum
3079 4073 3642 4163 imp‘ressa‘lectione

1995 4147 2370 4204 consentiunt
2400 4164 2413 4202 :
2447 4139 2675 4219 tantum
2709 4164 2863 4202 unus
2893 4145 3125 4219 Regina:
3168 4139 3450 4219 Ἀνδρηὶς,
3476 4146 3639 4219 quod

1998 4221 2329 4295 virilitatem
2343 4223 2531 4283 sonat,
2563 4218 2740 4295 habet
2770 4236 2871 4290 pro
2901 4215 3113 4287 Ἀνδρὶς
3145 4218 3264 4295 ιένα
3295 4215 3636 4295 aut‘virago.

2066 4293 2084 4324 ⁷
2119 4291 2426 4346 Secundum
2455 4285 2789 4345 varietatem‘
2827 4285 3097 4344 accentus.
3158 4286 3292 4350 Quae
3350 4285 3426 4341 sit
3455 4285 3640 4341 diver-

1997 4361 2140 4417 sitas
2172 4362 2270 4416 illa
2299 4366 2669 4428 accentuum,
2716 4361 2846 4416 vide
2875 4360 3027 4414 infra
3055 4360 3380 4414 Comment.
3444 4357 3504 4411 in
3537 4357 3636 4411 lib.

1997 4435 2154 4489 Hebr.
2185 4435 2401 4488 Nomin.
2436 4433 2534 4487 ubi
2593 4433 2960 4487 ostendimus
2987 4429 3326 4485 varietatem
3366 4433 3640 4484 accentus

1996 4505 2055 4559 in
2088 4505 2323 4559 nomine
2352 4506 2604 4558 Damesec
2632 4508 2689 4558 et
2718 4504 2904 4566 Sabee,
2938 4500 3082 4557 nihil
3115 4499 3271 4555 aliud
3303 4517 3431 4556 esse
3461 4517 3638 4571 quam

1995 4575 2283 4632 diversam
2308 4575 2845 4646 pronuntiationem
2868 4574 3152 4646 littera-7w
3172 4574 3282 4626 sin.
3319 4572 3464 4646 _llinc_
3484 4571 3640 4626 enim

1993 4647 2177 4719 liquet
2208 4642 2418 4702 nomen
2442 4659 2581 4705 mss
2609 4648 2954 4719 issa,sonare
2974 4645 3262 4719 mulierem
3283 4642 3330 4697 si
3355 4643 3638 4719 scriptum

1995 4714 2223 4790 legatur
2242 4734 2374 4772 cum
2405 4731 2459 4776 Ψ
2487 4720 2626 4790 scin,
2659 4714 2778 4790 siVe
2825 4718 2986 4790 schin
3018 4734 3030 4781 ;
3058 4714 3396 4790 _signilicare
3438 4718 3634 4768 autem

1992 4784 2439 4860 assumpiiouem,
2487 4788 2534 4842 si
2568 4789 2891 4843 derivatum
2926 4788 3100 4843 fuerit
3129 4784 3483 4860 vocabulum
3514 4794 3635 4860 me

1995 4864 2126 4927 issu,
2151 4853 2188 4914 εἰ
2212 4860 2385 4915 verbo
2417 4870 2545 4918 ne:
2575 4876 2766 4930 nassa,
2826 4861 2994 4930 cujus
3109 4857 3302 4930 media
3333 4855 3526 4930 littera
3557 4853 3637 4930 le-

1993 4933 2151 5007 gitur
2182 4948 2314 5007 cum
2365 4929 2641 5002 punctulo
2665 4926 2949 5007 _s_inistr6_._
2970 4931 3118 5007 (sena
3150 4927 3534 5007 igitu-ryiram
3566 4926 3639 4980 si-

1993 4998 2260 5076 gnificat,
2294 4998 2403 5076 issu
2432 5000 3120 5076 assumptionem.\lel,_ut
3135 5013 3268 5052 cum
3295 4998 3640 5076 Hieronymo

1994 5066 2281 5144 dicamus,
2314 5073 2420 5128 issu
2451 5088 2586 5127 cum
2616 5066 2711 5127 Sin
2749 5071 2993 5144 stridulo
3028 5071 3392 5144 Hebraeorum
3425 5066 3640 5144 intelli-

2034 5147 2152 5201 itur
2182 5139 2340 5211 vira;
2377 5161 2509 5198 cum
2543 5160 2688 5198 sono
2718 5148 2913 5197 autem
2947 5141 3128 5198 Graeci
3157 5140 3362 5208 Sigma,
3397 5155 3497 5193 seu
3535 5139 3638 5193 He-

2034 5165 2152 5201 ιιυῐ·
2182 5165 2340 5211 vim;
2377 5165 2509 5198 cum
2543 5165 2688 5198 SODO
2718 5165 2913 5197 auwux
2947 5165 3128 5198 unum
3157 5165 3362 5208 azyma,
3397 5165 3497 5193 acu
3535 5165 3638 5193 nu-

1992 5165 2128 5274 Erzei
2163 5215 2408 5282 Samech,
2442 5215 2644 5270 eadem
2677 5232 2784 5268 vox
2816 5216 2926 5268 issa
2955 5213 3375 5283 interpretatur
3428 5226 3640 5265 assum-

1988 5291 2122 5362 ptio.
2159 5289 2374 5362 Conl'er
2421 5286 2530 5341 ista
2560 5303 2693 5341 cum
2721 5285 2797 5362 i_is
2829 5302 2954 5362 qua:
2999 5283 3637 5362 leguntur‘Comment.

1995 5352 2326 5432 Hieronymi
2363 5358 2418 5411 in
2452 5374 2577 5428 cap.
2602 5375 2686 5432 _xn
2721 5352 3107 5432 Ecclesiastis,
3131 5353 3235 5432 ubi
3269 5352 3340 5406 de
3369 5352 3529 5407 varia
3559 5353 3642 5408 in-

1988 5425 2403 5502 terpretatione
2457 5425 2726 5502 nominis
2767 5440 2910 5487 173w
2984 5425 3160 5495 soked,
3247 5441 3313 5479 ex
3367 5431 3638 5480 accentus

1989 5500 2266 5560 varietate
2297 5501 2638 5571 disputavit.
2675 5500 2958 5553 MARTIAN.
3101 5568 3110 5571 Α
3241 5567 3249 5571 _
3308 5569 3313 5571 _
3466 5568 3476 5571 _
3600 5561 3608 5570 ,

2059 5604 2127 5613 -
2162 5572 2323 5626 Haud
2351 5565 2472 5626 scio
2493 5571 2632 5642 quid
2664 5574 2938 5642 accentus
2955 5568 3191 5642 nomine
3236 5565 3482 5642 intelligi
3503 5565 3640 5633 velit

1988 5646 2396 5714 Hieronymus,
2429 5637 2584 5715 quod
2606 5641 2764 5698 enim
2787 5641 2958 5713 vulgo
2981 5640 3252 5704 creditur,
3275 5641 3332 5694 et
3362 5637 3630 5703 Martian.
