4084 6170
439 325 566 404 ω.

439 556 500 613 in
531 555 768 611 Hebraeo
795 555 1049 610 habetur
1073 572 1231 610 auom
1262 556 1450 626 (mw)
1484 556 1522 621 ',
1556 554 1709 625 quod
1767 551 1976 622 Aquila
2028 554 2085 604 et

437 644 797 702 Theodotion
827 647 1131 716 πανοῦργον
1184 643 1544 715 interpretati
1579 649 1714 697 sunt
1775 659 1786 695 :
1844 640 1951 694 hoc
1997 643 2086 694 est

437 750 673 807 nequam
703 737 758 789 et
789 733 1146 804 versipellem.
1183 733 1367 804 Magis
1399 732 1595 803 itaque
1652 747 1718 787 ex
1751 731 1860 785 hoc
1907 729 2082 784 verbo

437 823 724 882 calliditas
753 825 810 878 et
837 822 1094 885 versutia
1135 837 1314 893 quam
1374 820 1662 892 sapientia
1717 820 2081 876 demonstra-

437 917 555 969 tur.

509 1001 694 1072 (Vers.
734 1002 817 1070 8.)
853 1022 880 1050 α
914 1001 981 1055 Et
1011 999 1326 1055 audierunt
1365 1015 1561 1054 vocem
1594 998 1824 1054 Domini
1848 997 1945 1052 Dei
1966 1013 2082 1051 am-

436 1090 696 1148 bulantis
728 1089 786 1144 in
819 1089 1088 1161 paradiso
1120 1090 1191 1143 ad
1251 1091 1576 1160 vesperam.
1616 1109 1643 1136 ››
1686 1088 1747 1142 In
1792 1086 2083 1158 plerisque

436 1179 736 1237 codicibus
768 1179 1129 1242 Latinorum,
1171 1195 1275 1249 pro
1323 1195 1388 1233 eo
1421 1178 1574 1248 quod
1625 1176 1717 1231 hic
1775 1175 2084 1247 posuimus

433 1272 512 1326 ad
558 1272 979 1341 vesperam,post
1007 1267 1294 1322 meridiem
1345 1267 1521 1322 habet
1600 1265 1739 1336 quia
1764 1265 1825 1318 τὸ
1849 1261 2080 1316 δειλινὸν

435 1361 701 1417 Graacum
733 1374 1064 1414 sermonem
1097 1358 1167 1411 ad
1193 1357 1434 1412 verbum
1464 1357 1782 1410 transferre
1812 1372 1924 1410 non
1958 1371 2086 1426 pos-

435 1465 643 1506 sumus
677 1465 688 1503 :
723 1464 824 1519 pro
855 1462 970 1517 quo
1002 1445 1061 1499 in
1095 1445 1332 1500 Hebraeo
1366 1445 1648 1515 scriptum
1683 1448 1770 1498 est
1828 1447 1867 1507 ²,
1905 1460 2085 1498 usus

433 1555 574 1596 ΑιοΜ
603 1541 764 1605 (min
809 1520 986 1606 rmS),
1021 1535 1174 1606 quod
1208 1533 1420 1605 Aquila
1451 1533 1866 1605 interpretatus
1922 1541 2008 1588 est
2030 1530 2080 1585 ἐν

431 1630 511 1697 τῷ
543 1626 726 1696 ἀνέμῳ
750 1630 851 1692 τῆς
885 1623 1098 1697 ἡμέρας
1155 1623 1210 1676 id
1255 1627 1364 1690 est,
1424 1624 1484 1676 in
1541 1630 1694 1676 vento
1749 1622 1880 1677 dici.
1915 1623 2081 1694 Sym-

433 1715 682 1770 machus
720 1730 850 1768 vcro
885 1709 973 1765 διὰ
1005 1710 1310 1782 πνεύματος
1343 1711 1582 1784 ἡμέρας,
1613 1711 1668 1764 id
1703 1717 1811 1776 est,
1844 1728 1942 1783 per
1969 1713 2082 1781 spi-

435 1805 608 1860 ritum
643 1803 775 1858 diei.
836 1802 1006 1857 Porro
1046 1800 1408 1856 Theodotion
1468 1799 1836 1855 manifestius
1896 1799 1945 1852 ἐν
2005 1803 2164 1895 τῴΒ

435 1891 701 1964 πνεύματι
728 1887 880 1963 πρὸς
917 1889 1207 1961 κατάψυξιν
1259 1892 1280 1923 ³
1335 1895 1436 1957 τῆς
1492 1888 1725 1963 ἡμέρας,
1787 1894 1852 1944 ut
1907 1889 2084 1944 meri-

437 1983 612 2039 diano
642 1979 833 2037 calore
863 1983 1177 2046 transacto,
1213 1977 1576 2051 refrigerium
1617 1995 1771 2033 aurae
1803 1977 2082 2049 spirantis

436 2071 788 2129 ostenderet.

469 2195 472 2198 η
507 2160 694 2230 (Vers.
725 2158 840 2229 Μ.)
867 2181 889 2207 ι
952 2158 1152 2228 Super
1181 2161 1382 2228 pectus
1415 2161 1605 2222 tuum,
1641 2161 1696 2212 et
1723 2161 2076 2212 ventremtu-

443 2265 543 2307 um
576 2246 934 2305 ambulabis.
965 2268 992 2296 »
1026 2246 1298 2301 Ventrem
1331 2246 1715 2318 Septuaginta
1739 2245 2083 2316 interpretes

436 2338 830 2396 addiderunt:
865 2335 1218 2392 czeterum'in
1251 2336 1483 2390 Hebraeo
1509 2338 1693 2407 pectus
1721 2340 1952 2393 tantum
1985 2339 2083 2395 ha-

433 2429 568 2486 bet:
604 2431 670 2483 ut
700 2425 1078 2482 calliditatem
1101 2429 1158 2480 et
1185 2424 1473 2480 versutias
1504 2425 1923 2497 cogitationum
1954 2429 2082 2499 ejus

436 2516 689 2592 aperiret
714 2533 726 2571 :
752 2515 908 2587 quod
940 2529 1146 2569 omnes
1163 2528 1401 2586 gressus
1419 2515 1547 2584 ejus
1571 2514 1837 2586 nequitia:
1859 2523 2076 2586 essent,

433 2610 493 2670 et
522 2604 776 2662 fraudes.
809 2603 918 2659 Sed
951 2606 1008 2658 et
1035 2602 1094 2658 id
1154 2603 1309 2674 quod
1368 2603 1635 2672 sequitur
1684 2620 1698 2658 :
1757 2627 1784 2653 «
1842 2605 2079 2662 Terram

434 2693 821 2752 manducabis
852 2693 892 2760 ‘,
923 2714 952 2740 »
985 2709 1088 2765 pro
1137 2696 1290 2747 terra
1337 2709 1526 2747 APHAR
1573 2695 1733 2761 (πεπυ)
1791 2694 2074 2767 scriptum

433 2788 541 2853 est,
574 2783 729 2857 quod
763 2798 870 2837 nos
901 2780 1154 2836 favillam
1186 2784 1243 2836 et
1300 2781 1593 2854 pulverem
1639 2798 1958 2854 possumus
1986 2785 2078 2839 di-

438 2890 587 2932 cere.

504 2963 821 3036 (Vers.15.)
859 2984 880 3009 ι
918 2963 1044 3034 Ipse
1074 2959 1328 3016 servabit
1384 2964 1561 3032 caput
1589 2965 1779 3028 tuum,
1842 2965 1902 3018 tu
1963 2979 2083 3019 ser-

431 3053 600 3110 vabis
629 3052 759 3123 ejus
789 3050 1148 3107 caleaneum.
1198 3072 1226 3097 »
1284 3047 1487 3104 Melius
1547 3048 1723 3104 habet
1783 3051 2013 3106 llebrzeo
2067 3069 2079 3106 :

441 3164 464 3191 α
499 3143 628 3215 Ipse
658 3143 916 3196 conteret
944 3142 1120 3211 caput
1145 3141 1336 3205 tuum,
1370 3141 1428 3192 et
1483 3140 1540 3192 et
1567 3141 1628 3193 tu
1663 3143 1925 3195 conteres
1954 3141 2082 3212 ejus

440 3199 781 3286 calcaneum
807 3246 820 3296 ;
855 3227 993 3299 quia
1022 3231 1078 3282 et
1106 3225 1288 3282 nostri
1319 3242 1557 3299 gressus
1589 3228 2025 3299 praepediuntur
2050 3247 2085 3286 a
2112 3199 2154 3265 C

441 3316 682 3373 colubro
717 3333 729 3371 :
762 3321 821 3372 et
848 3315 1134 3371 Dominus
1165 3319 1423 3370 conteret
1469 3315 1747 3371 Satanam
1778 3318 1889 3372 sub
1923 3318 2082 3390 pedi-

437 3407 553 3462 bus
578 3404 796 3463 nostris
820 3403 1106 3459 velociter.

512 3496 694 3568 (Vers.
731 3495 840 3565 16.)
874 3495 890 3529 ¹
923 3492 1321 3566 Multiplicans
1365 3492 1770 3566 multiplicabo
1800 3495 2075 3553 tristitias

435 3583 573 3641 tuas
604 3587 660 3639 et
688 3583 942 3656 gemitus
973 3585 1122 3638 tuos.
1161 3605 1187 3631 »
1220 3587 1328 3636 Pro
1361 3581 1598 3638 tristitia
1627 3586 1683 3638 et
1739 3584 1983 3656 gemitu,
2020 3585 2081 3641 in

440 3673 674 3730 Hebraeo
705 3673 922 3728 dolores
953 3674 1001 3726 et
1029 3680 1312 3742 conceptus
1343 3671 1540 3728 habet.

539 3785 565 3811 «
599 3763 670 3818 Et
698 3762 769 3818 ad
804 3760 993 3815 virum
1026 3759 1322 3816 conversio
1353 3763 1474 3814 tua.
1509 3781 1539 3808 »
1583 3763 1692 3814 Pro
1723 3761 2095 3816 conversione

449 3851 608 3911 810
634 3850 868 3924 Aquila,
927 3852 1236 3906 societatem
1271 3867 1283 3904 :
1315 3849 1726 3921 Symmachus,
1783 3853 2090 3922 appetitum

449 3942 538 3999 vel
570 3944 835 4013 impetum
861 3937 1308 3996 transtulerunt.

483 4054 800 4122 utat,innui
822 4057 1106 4126 punctum
1131 4053 1494 4110 diacriticum
1510 4053 1773 4110 alterutri
1806 4071 2092 4110 cornuum

465 4129 731 4208 ittermp
761 4126 1128 4208 impositum,
1170 4126 1666 4208 quemadmodum
1709 4131 1762 4208 et
1812 4126 2092 4208 recentio-

455 4215 550 4282 res
573 4198 752 4282 hujus
781 4196 996 4282 linguae
1053 4196 1319 4282 magistri
1359 4196 1750 4282 distinguunt,
1803 4197 2006 4282 multis
2031 4211 2098 4282 ex

443 4272 574 4345 ipso
610 4267 841 4345 Hieron.
874 4267 1462 4345 udducti9:exemplis
1505 4267 1769 4345 _Clericus
1801 4270 2098 4345 redarguit

444 4337 618 4421 falsi;
641 4341 756 4421 qui.
773 4357 981 4421 rursus
1003 4339 1248 4421 lineolas
1268 4337 1517 4410 intelligi
1540 4340 1816 4421 opinatur
1846 4337 2096 4421 vocabu-

441 4415 517 4492 lis
548 4410 759 4492 divepsi
790 4411 1160 4492 significatus
1177 4416 1358 4492 atque
1390 4410 1831 4492 enuntiationi‘s,
1883 4411 2094 4492 iisdem

444 4490 642 4564 tamen
675 4481 884 4564 litteris
915 4481 1225 4564 descriptis
1268 4481 1596 4564 impositas,
1619 4481 1856 4564 "quales
1906 4483 2098 4564 in‘Sa-

1680 332 1745 392 S'.
1781 320 2113 390 EUSEBII‘
2139 322 2612 400 HIEBDNYMI.

439 464 690 540 pientior
720 463 955 522 cunctis
970 463 1174 522 bestiis
1195 481 1372 538 super
1399 466 1676 521 terram.»
1699 467 1809 518 Pro
1830 460 2092 533 sapiente
2120 460 2174 530 Α

2275 465 2456 531 (Vers.
2491 467 2576 521 17.
2611 489 2638 517 ‹‹
2669 465 2974 524 Maledicta
3001 473 3155 525 terra
3178 467 3237 525 in
3269 463 3546 542 operibus
3566 466 3692 524 tuis
3717 467 3764 523 ⁸.
3818 489 3847 518 n

2195 554 2382 626 Opera
2405 556 2498 611 hic
2532 573 2644 612 non
2677 556 2832 613 ruris
2855 557 3103 625 colendi,
3124 564 3191 614 ut
3215 559 3478 631 plerique
3508 560 3850 631 putant,se‘d

2193 648 2428 716 peccata
2457 646 2866 717 significantur
2894 649 2914 681 ⁸
2948 665 2960 702 :
2999 653 3065 702 ut
3091 648 3150 703 in
3204 648 3443 703 Hebraeo
3473 648 3745 704 habetur.
3775 649 3849 703 Et

2193 733 2405 805 Aquila
2435 751 2548 790 non
2579 735 2893 802 discordat,
2929 737 3126 792 dicens
3162 753 3173 792 :
3208 761 3237 786 «
3271 737 3579 793 Maledicta
3626 736 3850 793 humus

2193 827 2429 895 propter
2455 829 2528 879 te.
2567 848 2587 878 ι
2626 826 2692 880 Et
2723 825 3081 882 Theodotion
3116 843 3128 880 :
3193 850 3220 875 «
3279 825 3582 882 Maledicta
3637 828 3847 882 adama

2195 911 2253 966 in
2287 913 2752 985 transgressione
2782 920 2903 969 tua.
2942 940 2962 962 ιι

2264 1002 2444 1071 (Vers.
2477 1005 2633 1069 20.)«
2659 1005 2728 1058 Et
2756 1005 2978 1059 vocavit
3007 1005 3190 1060 Adam
3211 1023 3423 1061 nomen
3444 1005 3663 1067 uxoris.
3701 1022 3839 1072 suae,

2193 1089 2370 1145 vitam
2417 1091 2517 1162 qui
2569 1092 2697 1164 ipsa
2751 1097 2808 1148 et
2869 1097 3054 1148 mater
3109 1094 3373 1149 omnium
3432 1094 3780 1151 viventium.
3818 1116 3836 1144 ι

2193 1181 2379 1243 Quare
2400 1197 2504 1234 EVA
2536 1181 2712 1251 (mn),
2739 1180 2793 1235 id
2824 1186 2913 1236 est
2942 1183 2960 1215 ⁷
2990 1184 3123 1249 vita,
3148 1181 3225 1237 sit
3267 1182 3574 1254 appellata,
3605 1185 3847 1240 demon-

2194 1272 2359 1335 strat,
2396 1285 2460 1323 eo
2493 1270 2645 1340 quod
2681 1269 2759 1324 sit
2812 1280 2989 1326 maler
3043 1274 3291 1326 omnium
3351 1275 3665 1328 vizentzum.
3729 1274 3846 1330 Evn

2195 1357 2414 1428 quippe
2436 1358 2786 1413 transfertur
2814 1358 2874 1413 in
2906 1362 3100 1416 vitam.

2267 1447 2447 1516 (Vers.
2479 1447 2594 1518 34.)
2625 1468 2653 1494 ι(
2686 1448 2753 1501 Et
2810 1448 2977 1518 ejecit
3003 1448 3210 1514 Adam,
3271 1454 3326 1505 et
3385 1450 3649 1508 habitare
3713 1453 3849 1509 fecit

2199 1538 2405 1588 contra
2433 1533 2772 1606 paradisum
2805 1534 3141 1607 voluptatis.
3175 1540 3242 1592 Et
3272 1539 3478 1593 statuit
3526 1538 3847 1598 Cherubim

2193 1629 2252 1678 et
2282 1625 2616 1679 ﬂammeam
2651 1623 3034 1695 romphmam,
3093 1641 3218 1697 quae
3266 1628 3511 1683 vertitur
3568 1630 3642 1684 ad
3675 1636 3847 1687 custo

2195 1712 2471 1768 diendam
2501 1713 2654 1767 viam
2676 1712 2818 1784 ligni
2847 1714 2999 1768 vitze.
3036 1735 3062 1763 »
3097 1714 3264 1771 Alius
3298 1715 3486 1772 multo
3518 1735 3736 1775 sensus
3767 1724 3851 1775 est

2195 1802 2253 1856 in
2287 1801 2520 1856 Hebraeo
2554 1817 2732 1873 quam
2763 1802 2856 1857 hic
2891 1802 3239 1875 intelligitur
3267 1805 3312 1861 ⁸.
3345 1807 3442 1860 Ait
3469 1807 3628 1862 enim
3662 1825 3676 1862 :
3717 1831 3748 1856 »
3779 1809 3848 1864 Et

2194 1890 2365 1962 ejecit
2397 1891 2604 1956 Adam,
2644 1913 2670 1939 ››
2703 1891 2860 1945 haud
2893 1891 3141 1947 dubium
3172 1893 3315 1964 quin
3348 1895 3631 1951 Dominus
3665 1914 3680 1952 :
3719 1921 3748 1946 ‹‹
3781 1898 3846 1952 Et

2193 1979 2456 2035 habitare
2486 1978 2620 2034 fecit
2639 1995 2709 2033 an
2722 1983 2774 2034 te
2797 1980 3135 2051 paradisum
3161 1981 3476 2054 voluptatis
3505 1983 3843 2053 Cherubim,

2191 2071 2249 2124 et
2277 2068 2614 2123 ﬂammeum
2646 2067 2927 2140 gladium,
2962 2069 3062 2140 qui
3094 2073 3432 2136 verteretur,
3487 2077 3544 2128 et
3583 2073 3846 2129 custodi-

2193 2160 2279 2212 ret
2305 2156 2458 2211 viam
2483 2155 2621 2228 ligni
2647 2156 2792 2211 vitae.
2831 2178 2858 2204 η
2890 2157 3014 2213 Non
3038 2158 3194 2229 quod
3217 2157 3413 2230 ipsum
3444 2160 3840 2233 Adam,quem

2193 2246 2441 2317 ejecerat
2471 2249 2644 2311 Deus,
2700 2243 2964 2300 habitare
3014 2246 3212 2302 fecerit
3265 2251 3467 2304 contra
3496 2249 3841 2320 paradisum

2190 2333 2504 2406 voluptatis
2530 2351 2542 2388 :
2576 2333 2677 2388 sed
2706 2334 2860 2404 quod
2896 2333 2996 2389 illo
3026 2335 3211 2404 ejecto
3240 2339 3375 2392 ante
3400 2336 3552 2393 tores
3583 2337 3842 2409 paradisi

2191 2422 2528 2489 Cherubim,
2559 2427 2616 2477 et
2644 2422 2986 2478 ﬂammeum
3043 2423 3305 2496 gladium
3353 2427 3616 2497 posuerit
3643 2429 3719 2482 ad
3747 2444 3842 2483 cu-

2189 2512 2564 2572 stodiendum
2593 2512 2852 2586 paradisi
2882 2513 3340 2582 vestibulum,ne
3368 2515 3501 2587 quis
3525 2522 3732 2588 posset
3759 2517 3843 2572 in-

2192 2607 2365 2658 trare.

2263 2693 2421 2764 (Cap.
2464 2691 2558 2746 IV.
2590 2721 2658 2731 --
2702 2690 2867 2746 Vers.
2914 2692 3043 2762 1.)«
3074 2693 3142 2747 Et
3191 2693 3454 2767 concepit
3509 2701 3563 2750 et
3622 2696 3847 2768 peperit

2191 2781 2350 2846 Cain,
2380 2784 2436 2836 et
2473 2780 2638 2846 dixit,
2671 2779 2951 2851 acquisivi
2985 2780 3104 2836 sive
3133 2782 3367 2854 possedi
3407 2782 3714 2840 hominem
3750 2801 3848 2858 per

2195 2872 2396 2928 Deum.
2431 2891 2458 2920 »
2491 2869 2631 2926 Cain
2663 2870 2816 2958 (Vp),
2849 2869 3180 2941 acquisitio,
3237 2871 3358 2928 sive
3412 2873 3713 2944 possessio
3761 2873 3847 2929 in-

2193 2962 2562 3030 terpretatur,
2605 2958 2661 3012 id
2693 2961 2782 3013 est
2833 2963 3044 3026 κτῆσις,
3105 2960 3260 3016 unde
3316 2964 3372 3016 et
3426 2960 3843 3034 etymologiam

2192 3046 2380 3118 ipsius
2411 3045 2742 3117 exprimens
2771 3045 2872 3114 ait,
2901 3063 3125 3102 cmrrm
3154 3049 3385 3138 (τῇπερ),
3418 3049 3477 3106 id
3507 3055 3616 3117 est,
3649 3073 3679 3100 ‹‹
3713 3054 3853 3108 Pos-

2193 3134 2317 3190 sedi
2347 3135 2644 3190 hominem
2679 3150 2780 3206 per
2808 3135 3014 3190 Deum.
3049 3158 3076 3186 »

2267 3223 2452 3294 (Vers.
2488 3223 2564 3294 4.)
2599 3246 2626 3272 ‹‹
2657 3223 2723 3278 Et
2750 3223 3001 3295 respexit
3031 3223 3186 3280 Deus
3219 3241 3396 3298 super
3429 3226 3597 3289 Abel.
3654 3234 3718 3284 et
3748 3247 3847 3286 su-

2194 3329 2297 3385 per
2327 3328 2572 3367 munera
2601 3313 2729 3383 ejus
2764 3329 2776 3367 :
2811 3329 2987 3382 super
3015 3312 3153 3370 Cain
3185 3318 3383 3370 autem
3415 3321 3472 3371 et
3509 3333 3694 3389 super
3748 3336 3842 3374 sa-

2194 3401 2416 3458 criﬁcta’
2441 3402 2569 3471 ejus
2599 3417 2714 3455 non
2747 3401 3017 3472 respexit,
3066 3405 3125 3456 et
3172 3403 3552 3460 contristatus
3583 3409 3674 3461 est
3703 3408 3842 3464 Cain

2193 3491 2380 3546 valde.
2419 3513 2439 3540 η
2475 3489 2634 3545 Unde
2666 3489 2814 3545 scire
2843 3493 3070 3561 poterat
3097 3490 3260 3558 Cain,
3294 3493 3448 3563 quod
3488 3493 3688 3549 fratris
3720 3512 3850 3550 mu-

2198 3597 2339 3636 nera
2368 3579 2724 3651 suscepisset
2745 3580 2917 3645 Deus,
2949 3584 3007 3634 et
3037 3596 3144 3635 sua
3177 3581 3580 3652 repudiasset:
3606 3582 3724 3638 nisi
3749 3584 3850 3639 illa

2196 3669 2597 3741 interpretatio
2625 3685 2760 3723 vera
2805 3672 2895 3723 est
2933 3670 2974 3738 θ,
3033 3685 3212 3740 quam
3269 3669 3631 3726 Theodotion
3691 3673 3843 3729 8|]

2200 3761 2396 3832 posuit
2430 3775 2442 3812 :
2481 3781 2501 3806 α
2539 3758 2607 3812 Et
2649 3757 3040 3812 inﬂammavit
3071 3757 3352 3814 Dominus
3381 3775 3559 3831 super
3595 3761 3774 3827 Abel,
3804 3765 3857 3816 et

2201 3864 2380 3920 super
2410 3844 2762 3902 sacrificium
2796 3846 2922 3915 ejus
2951 3861 2962 3900 :
2999 3862 3177 3917 super
3227 3845 3366 3902 Cain
3397 3863 3551 3915 vero,
3584 3853 3645 3904 et
3674 3866 3857 3922 super

2203 3933 2554 3993 sacrificium
2607 3935 2734 4003 ejus
2766 3951 2882 3988 non
2914 3934 3318 3990 inﬂammavit.
3354 3957 3381 3985 ››
3415 3937 3619 4009 Ignem
3650 3942 3851 3994 autem

2273 4050 2577 4131 3__Pala_t.in.‘
2607 4048 2880 4131 xstipﬁtv:
2946 4049 3206 4131 Reginae_
3235 4050 3760 4131 alteruxzqupdétv,
3789 4069 3858 4108 ex

2205 4122 2421 4196 quibus
2453 4121 2597 4196 licet
2616 4120 2906 4196 correptis
2935 4120 3172 4177 vocibus
3191 4122 3328 4177 boni
3361 4120 3862 4196 aliquid'criticus

2207 4191 2498 4250 nonnemo
2527 4191 2738 4246 eliciat.

2276 4267 2298 4299 ⁴
2317 4264 2497 4318 Addit
2527 4263 2772 4318 Palatin.
2808 4263 3068 4318 Omnibus
3097 4263 3288 4319 diebus
3316 4266 3448 4322 vitae
3477 4269 3609 4321 tuae.

2276 4334 2627 4409 £5Illeledicte
2659 4343 2807 4409 terra
2857 4337 2924 4409 in;
2965 4336 3396 4409 operibttatuis.
3457 4336 3856 4409 Quamplures

2209 4406 2586 4482 mss._legunt
2614 4405 2673 4459 iu
2735 4404 3040 4482 singulari,
3071 4407 3371 4482 maledicta
3406 4411 3561 4482 terra
3609 4404 3672 4462 ὑί
3703 4426 3866 4482 opere

2211 4485 2322 4534 tuo.
2357 4475 2524 4532 Hunc
2573 4475 2760 4530 locum
2797 4475 3232 4546 reprehendunt
3285 4477 3498 4546 Critici,
3561 4496 3670 4535 nos
3729 4475 3865 4535 vero

445 4556 710 4635 marilico
741 4555 938 4635 codice
970 4547 1191 4635 passim
1239 4547 1587 4635 occurrunt.
1619 4547 1854 4635 Videtur
1899 4558 2092 4635 autem
2127 4571 2176 4635 Β
2209 4566 2345 4606 eum
2375 4548 2742 4604 defendimus
2773 4548 2925 4602 infra
2955 4547 3015 4603 in
3045 4548 3210 4606 Notis
3242 4548 3678 4621 prolixioribus.
3717 4555 3869 4609 Mn-

447 4626 746 4700 proposito
799 4626 858 4679 in
896 4623 1023 4700 loco
1082 4624 1444 4700 diﬂ‘erentem
1505 4623 1694 4700 ipsam
1712 4623 2093 4700 _scripturam
2127 4623 2171 4635 ὐ
2204 4638 2356 4700 Tum.

446 4695 756 4769 utriusque
787 4697 942 4752 vocis
972 4709 1133 4758 mea,
1154 4699 1211 4751 et
1227 4705 1390 4753 seu»:
1414 4695 1687 4769 denotare
1712 4696 2094 4769 Hieronymus

443 4767 722 4834 voluisse,
754 4785 886 4824 cum
921 4769 1075 4823 enim
1109 4786 1141 4822 a
1193 4779 1316 4826 aut:
1374 4782 1483 4819 vox
1541 4767 1739 4822 isthaec
1788 4767 2098 4822 deducitur

445 4841 786 4926 absquejod
819 4839 1132 4926 scribitur":
1160 4836 1855 4926 tametsihfec’pusquam
1879 4839 2092 4923 habea-

444 4920 544 4972 tur
570 4907 631 4968 iu
663 4907 828 4968 sacro
857 4915 1037 4966 textu.
1073 4914 1356 4965 Caeterum
1382 4907 1512 4963 vide
1543 4907 2006 4966 Commentarios
2035 4910 2095 4965 in

445 5003 572 5060 cap.
608 5001 683 5040 xu
715 4983 1095 5050 Ecclesiastes,
1127 4986 1184 5037 et
1216 4981 1274 5035 in
1305 4997 1432 5052 cap.
1468 4997 1483 5033 ι
1515 4981 1796 5060 Ieremia.

570 5068 629 5122 In
659 5065 876 5121 Hebraeo
916 5065 1147 5119 habetur
1177 5062 1358 5117 Aram.
1396 5058 1772 5132 Antiquiores
1805 5077 1948 5116 mss.
2010 5077 2098 5116 co-

447 5138 608 5194 dices
639 5137 724 5192 sic
754 5135 955 5206 legunt
985 5153 999 5191 :
1033 5135 1134 5190 sed
1185 5132 1586 5206 indifferenter
1641 5149 1800 5206 arum
1855 5136 1912 5187 et
1941 5149 2096 5188 arom

450 5209 626 5265 scribi
661 5203 870 5280 potest,
903 5207 1042 5279 quia
1074 5206 1229 5278 apud
1263 5203 1499 5280 Latinos
1549 5204 1900 5274 exeriptores
1951 5219 1986 5257 u
2043 5208 2102 5280 et

449 5297 480 5334 o
509 5277 843 5351 promiscue
876 5277 1255 5351 usurpentur.
1305 5277 1423 5351 Non
1443 5283 1531 5351 est
1559 5291 1754 5351 servos,
1797 5279 1852 5329 ct
1880 5290 1991 5351 710i}
2021 5278 2103 5351 est

448 5345 637 5404 servus
668 5351 868 5404 eodem
892 5345 1068 5406 sensu
1104 5347 1314 5420 saepius
1349 5345 1560 5418 legitur
1593 5347 1647 5401 in
1681 5345 2100 5402 vetustissimis

453 5420 908 5490 exemplaribus.
944 5426 1226 5475 MAR'I‘IAN.

522 5501 544 5535 ²
569 5500 808 5556 Codices
838 5501 1042 5561 nostri.
1077 5500 1174 5571 qui
1213 5498 1488 5554 llebraica
1540 5499 1711 5553 verba
1743 5499 1956 5571 Graecis
1988 5497 2099 5552 ele-

453 5573 690 5635 mentis,
727 5588 836 5626 non
877 5570 1110 5636 Latinis,
1174 5571 1517 5640 plerumque
1549 5571 1818 5636 efferunt,
1853 5570 1947 5625 hic
1985 5575 2100 5621 .\.\-

454 5647 588 5698 P011
645 5647 812 5698 Alte.“
871 5643 1108 5710 habent,
1160 5641 1662 5711 quemadmodum
1720 5643 1776 5696 in
1825 5641 2102 5698 Hebraico

453 5713 780 5790 Hexaplari.

2275 4693 2296 4727 ⁸
2327 4695 2515 4766 Antea
2545 4695 2670 4766 erat
2695 4683 3032 4766 signiﬁcant.
3084 4690 3316 4766 _Legeri_t
3373 4708 3544 4766 porro
3574 4693 3864 4766 Hierony-

2207 4781 2362 4832 mus,
2395 4762 2536 4833 quin
2591 4762 2767 4818 etiam
2822 4763 3031 4832 Aquila
3075 4761 3342 4818 fortassis
3372 4761 3429 4819 et
3473 4761 3868 4828 Theodotioh.

2205 4846 2426 4922 111w:
2457 4850 2591 4889 cum
2631 4846 2661 4894 Ἶ
2696 4833 2886 4889 littera
2917 4851 3018 4906 pro
3051 4847 3104 4902 -τ,
3149 4852 3276 4906 qua:
3303 4833 3581 4894 facillime
3620 4837 3780 4893 inter
3805 4853 3870 4892 se

2207 4926 2666 4982 commutantur.

2280 4998 2299 5078 ξ
2331 4993 2603 5078 Χοευιεὶω
2636 4994 2693 5049 id
2723 5001 2802 5049 est
2829 4993 3106 5078 supplent
3132 5010 3276 5050 mss.
3311 4992 3445 5050 libri

2279 5069 2299 5102 ⁸
2330 5067 2454 5122 Duo
2487 5083 2628 5122 mss.
2661 5082 2828 5136 quam
2857 5065 2963 5120 hz'c'
2976 5066 3197 5135 legitur.

2279 5140 2300 5173 ο
2333 5139 2462 5212 Haec
2480 5142 2632 5212 certe
2664 5135 2958 5212 plerisque
2989 5137 3122 5212 aliis
3150 5136 3874 5212 autiquisinterpretihus

2213 5209 2507 5284 sententia
2545 5207 2877 5284 perspasit.’
2903 5209 3052 5275 Quin
3125 5207 3311 5284 etiam
3363 5207 3614 5284 ethnici:
3638 5209 3874 5284 aliquot

2212 5281 2524 5352 scriptores
2553 5297 2621 5352 ex
2654 5280 3042 5352 Hebraeorum,
3078 5285 3140 5335 ut
3169 5280 3419 5345 videtur,
3448 5279 3709 5336 fontibus
3739 5279 3874 5339 tra-

2213 5350 2733 5424 dun_t,vetustiores
2753 5350 2946 5424 ignem
2969 5352 3086 5406 aris
3111 5368 3222 5408 non
3247 5353 3660 5424 supposuisse,
3687 5370 3878 5424 quem

2213 5423 2647 5479 scilicetaDeo
2704 5423 2972 5493 precibus
3026 5423 3426 5494 impetrarent.
3486 5423 3750 5491 Servius,
3812 5428 3876 5481 in

2213 5495 2555 5574 £nez‘d._viu
2591 5511 2604 5548 :
2641 5516 2668 5542 ‹‹
2692 5495 2859 5574 apud
2895 5495 3288 5574 majoresaraa
3323 5511 3439 5574 non
3468 5495 3881 5574 incendeban-

2213 5565 2458 5638 tur,rscd
2493 5565 2687 5638 ignem
2705 5565 2973 5638 divinum
2996 5566 3270 5638 precibus
3299 5565 3757 5638 eliciebant,qui
3783 5568 3878 5624 in-

2215 5635 2538 5694 cendebant
2567 5635 2793 5692 altaria.
2847 5659 2868 5690 ι
2921 5635 3147 5694 Similia
3198 5638 3457 5695 referunt
3485 5635 3730 5698 Solinus
3761 5645 3872 5698 Po-

2214 5709 2434 5782 lyhist.,
2467 5725 2517 5766 c.
2553 5709 2639 5778 12,
2673 5711 2731 5766 et
2760 5709 3081 5771 Pausanias
3108 5709 3168 5767 in
3199 5709 3377 5766 Eliac.
