4084 6170
223 297 354 366 εκ
520 323 526 329 ·
618 303 620 307 ’
1277 295 1508 360 LIBER
1553 297 1790 360 HEBR.
1834 297 2142 370 QUES'I‘.
2190 297 2269 359 IN
2317 295 2596 361 GENES.
3520 298 3639 368 θοι

235 433 313 489 ad
344 429 706 488 sacriﬁcium
725 429 1120 486 devorandum
1143 430 1381 487 solitum
1403 432 1598 487 venire
1621 433 1692 486 de
1722 430 1887 504 cmlo,
1914 431 1974 500 Α
1999 433 2372 503 Supertluum
2400 447 2536 503 ergo
2567 434 2656 487 est
2674 432 2716 500 ³,
2749 431 2904 502 quod
2938 431 2995 486 in
3045 433 3544 490 Samaritanorum
3585 438 3644 494 et

224 526 294 579 et
319 521 383 576 in
417 519 785 575 dedicatione
813 519 1019 591 templi
1050 521 1158 576 sub
1193 519 1505 576 Salomone
1531 520 1803 592 legimus,
1835 525 1892 575 et
2001 526 2199 576 nostro
2230 519 2522 576 volumine
2553 519 2857 592 reperitur,
2891 542 2919 570 ‹‹
2951 521 3344 579 Transeamus
3390 523 3448 578 in
3482 539 3642 581 cam-

235 609 480 683 quando
509 607 669 664 Elias
702 608 762 662 in
794 612 991 664 monte
1041 609 1305 664 Carmelo
1355 608 1682 664 construxit
1709 608 1892 663 altare

235 699 322 772 (II
342 699 479 752 Par.
511 714 636 766 vui,
670 698 695 751 1
727 714 740 764 ;
771 698 849 752 III
878 698 1006 767 Reg.
1037 713 1199 767 xvm,
1233 698 1344 767 38).

307 786 500 856 (Vers.
531 786 612 856 6.)
642 807 670 836 ‹‹
705 785 773 841 Et
802 784 947 840 dixit
992 785 1274 841 Dominus
1325 786 1396 840 ad
1442 785 1580 840 Cain
1611 788 1622 820 ¹
1651 803 1662 839 :
1706 786 1893 850 Quare

236 875 496 932 concidit
524 873 725 930 vultus
747 877 886 929 tuus
907 874 934 929 ?
964 874 1167 930 Nonne
1215 874 1267 928 si
1311 877 1464 930 recte
1510 873 1739 943 offeras,
1777 890 1892 929 non

233 969 394 1030 recte
421 967 618 1020 autem
649 962 896 1031 dividas,
933 962 1233 1034 peccasti?
1263 962 1525 1030 Quiesce,
1558 963 1629 1018 ad
1660 968 1716 1018 te
1756 980 1892 1018 con-

234 1054 427 1109 versio
457 1053 607 1123 ejus,
635 1056 692 1107 et
740 1056 804 1107 tu
853 1051 1251 1107 dominaberis
1299 1052 1449 1122 ejus.
1485 1075 1512 1100 »
1543 1052 1895 1108 Necessitate

238 1138 654 1212 compellimur
683 1139 740 1194 in
771 1138 1022 1211 singulis
1067 1138 1294 1194 diutius
1342 1139 1664 1194 immorari.
1700 1139 1894 1210 Siqui-

240 1231 378 1286 dem
409 1233 467 1284 et
492 1244 650 1283 nunc
681 1227 867 1283 multo
895 1227 1046 1282 alius
1081 1228 1138 1283 in
1168 1227 1424 1298 Hebraeo,
1475 1244 1651 1299 quam
1703 1228 1762 1282 in
1795 1229 1894 1284 Se-

240 1318 553 1392 ptuaginta
579 1315 1054 1383 translatoribus,
1090 1331 1302 1372 sensus
1331 1321 1438 1372 est.
1463 1315 1557 1372 Ait
1587 1316 1743 1371 enim
1783 1315 1894 1372 Do—

241 1407 444 1462 minus
476 1407 548 1462 ad
577 1405 716 1462 Cain
742 1423 754 1461 :
790 1427 816 1458 ‹‹
850 1407 1038 1470 Quare
1077 1405 1369 1472 irasceris,
1401 1407 1459 1460 et
1487 1421 1666 1476 quare
1703 1403 1895 1460 conci-

241 1497 331 1553 dit
358 1494 558 1551 vultus
590 1495 779 1550 tuus?
805 1494 1008 1551 Nonne
1039 1494 1089 1550 si
1121 1495 1269 1550 bene
1323 1495 1532 1566 egeris,
1567 1493 1898 1549 dimittetur

240 1585 374 1654 tibi,
406 1585 541 1640 etsi
593 1601 705 1639 non
756 1584 901 1639 bene
952 1583 1160 1655 egeris,
1217 1587 1351 1638 ante
1396 1584 1550 1639 fores
1590 1585 1896 1654 peccatum

243 1679 416 1728 tuum
444 1671 714 1728 sedebit?
743 1676 801 1727 et
829 1672 902 1728 ad
933 1676 990 1727 te
1021 1671 1269 1727 societas
1301 1672 1428 1741 ejus
1453 1690 1466 1738 ;
1502 1672 1602 1728 sed
1627 1678 1686 1726 tu
1709 1671 1898 1743 magis

2003 625 2164 680 pum.
2193 631 2220 656 ››

2073 697 2257 767 (Vers.
2290 698 2398 768 15.)
2431 722 2456 747 α
2495 698 2696 752 Omnis
2736 697 2836 769 qui
2884 698 3158 753 occiderit
3209 699 3367 767 Cain,
3418 705 3643 772 septem

2001 785 2290 840 vindictas
2322 785 2596 841 exsolvet.
2633 808 2660 836 »
2693 787 2802 841 Pro
2832 793 3054 858 septem
3085 787 3381 843 vindictis.
3430 790 3645 861 Aquila

2001 875 2840 947 septemplieiterinterpretatus
2855 881 2943 932 est
2962 885 2982 917 ι
3006 895 3018 931 :
3053 877 3461 948 Symmachus,
3487 881 3649 950 septi-

2002 980 2190 1018 mum:
2229 963 2573 1030 Theodotio,
2602 981 2704 1035 per
2730 964 3136 1020 hebdomadem.
3169 966 3355 1036 Super
3402 983 3517 1038 quo
3549 983 3646 1023 ca-

2004 1051 2189 1124 pitulo
2239 1056 2429 1108 exstat
2476 1051 2730 1124 Epistola
2785 1059 2982 1108 nostra
3035 1054 3106 1108 ad
3158 1054 3502 1126 episcopum
3533 1055 3646 1113 Da-

2005 1157 2255 1197 masum.

2076 1229 2261 1300 (Vers.
2304 1229 2406 1300 l6.)
2441 1252 2467 1278 ‹‹
2502 1229 2572 1284 Et
2611 1228 2894 1286 habitavit
2937 1229 2996 1284 in
3045 1235 3200 1286 terra
3220 1231 3387 1287 Naid.
3421 1253 3450 1282 »
3483 1234 3647 1298 Quod

2003 1319 2383 1390 Septuaginta
2437 1317 2584 1373 Naid
2619 1318 3066 1381 transtulerunt,
3139 1319 3195 1375 in
3228 1320 3466 1376 Hebraeo
3526 1337 3642 1378 non

2003 1408 2418 1477 (11:1)dicitur:
2452 1411 2508 1463 et
2556 1408 2972 1479 interpretatur
3024 1405 3412 1480 σαλευόμενος,
3465 1410 3653 1468 idest

2007 1495 2304 1551 instabilis
2333 1500 2390 1550 et
2419 1495 2734 1566 fluctuans,
2789 1513 2854 1550 ac
2896 1497 3054 1552 sedis
3106 1498 3357 1553 incertae.
3413 1498 3537 1555 Non
3561 1505 3654 1556 est

2006 1584 2186 1657 igitur
2228 1589 2383 1640 terra
2430 1584 2571 1639 Naid
2592 1585 2632 1653 ⁵,
2688 1589 2752 1640 ut
2797 1583 3012 1656 vulgus
3061 1591 3392 1643 nostrorum
3443 1591 3650 1658 putat;

2008 1674 2109 1730 sed
2143 1672 2406 1745 expletur
2438 1673 2725 1728 sententia
2772 1673 2894 1740 Dei,
2941 1675 3095 1743 quod
3148 1673 3264 1730 huc
3304 1679 3482 1747 atque
3511 1675 3652 1731 illuc

241 1761 548 1818 dominare
565 1762 714 1832 ejus.
741 1783 769 1811 »
791 1761 955 1826 Quod
977 1765 1173 1817 autem
1191 1760 1354 1825 dicit,
1381 1760 1491 1816 hoc
1505 1765 1594 1816 est
1617 1778 1629 1815 :
1656 1783 1683 1810 ‹‹
1709 1760 1897 1824 Quare
1929 1792 1975 1857 Β
2008 1779 2192 1835 vagus
2220 1767 2279 1818 et
2309 1762 2591 1834 profugus
2621 1763 2924 1817 oberravit.

245 1850 540 1917 irasceris,
576 1872 604 1902 α
636 1849 943 1905 θιὶηνὶἀίεε
974 1849 1034 1905 in
1067 1849 1306 1904 fratrem
1357 1848 1534 1906 livore
1573 1848 1894 1916 cruciatus,

243 1939 480 1995 vultum
511 1937 761 1994 dimittis
790 1937 849 1992 in
881 1942 1096 1994 terram
1121 1937 1149 1991 ‘I
1172 1960 1199 1988 ‹‹
1228 1938 1430 1993 Nonne
1453 1938 1501 1993 si
1525 1939 1670 1993 bene
1693 1937 1898 1994 feceris

248 2025 580 2082 dimittetur
626 2025 731 2080 tibi
777 2041 950 2080 omne
991 2023 1270 2080 delictum
1321 2029 1585 2081 tuum:»
1644 2025 1785 2094 sive,
1835 2029 1901 2081 ut

248 2115 618 2172 Theodotion
668 2114 749 2169 ait
799 2115 1138 2185 aceeplabile
1184 2116 1332 2170 erit:
1385 2115 1443 2169 id
1494 2120 1618 2170 est:
1680 2131 1900 2170 munus

249 2209 430 2259 tuum
459 2202 796 2274 suscipiam,
831 2207 896 2258 ut
933 2203 1165 2274 suscepi
1198 2203 1392 2259 fratris
1428 2204 1561 2258 tui?
1595 2227 1622 2253 ‹‹
1656 2204 1816 2267 Quod
1851 2201 1900 2258 si

248 2291 410 2348 male
438 2291 644 2364 egeris,
677 2290 833 2346 illico
856 2295 1161 2363 peccatum
1181 2295 1316 2347 aute
1345 2292 1702 2348 vestibulum
1729 2297 1900 2347 tuum

247 2381 500 2439 sedebit.
533 2402 561 2431 »
595 2387 651 2436 et
680 2379 782 2435 tali
809 2379 1063 2451 janitore
1094 2379 1488 2436 comitaberis.
1514 2381 1730 2436 Verum
1765 2381 1902 2452 quia

249 2469 424 2526 liberi
491 2468 717 2524 arbitrii
760 2486 862 2524 es:
897 2485 1106 2524 moneo
1166 2472 1230 2524 ut
1287 2486 1402 2525 non
1460 2469 1566 2525 tibi
1599 2473 1901 2542 peccatum

246 2560 355 2616 sed
388 2562 452 2615 tu
485 2562 722 2630 peccato
745 2557 1086 2613 domineris.
1121 2559 1283 2624 Quod
1317 2561 1512 2614 autem
1561 2575 1624 2613 in
1657 2559 1901 2630 Septua-

249 2647 421 2721 ginta
449 2646 869 2718 interpretibus
901 2646 1037 2702 fecit
1083 2663 1363 2714 errorem,
1409 2647 1552 2702 illud
1605 2652 1730 2703 est:
1766 2648 1904 2720 quia

241 2738 560 2808 peccatum,
595 2734 654 2789 id
687 2739 802 2803 est,
833 2752 1045 2790 ΑΠΑτῆ
1076 2735 1309 2806 (nam!)
1340 2736 1397 2791 in
1447 2736 1684 2792 Hebraeo
1729 2753 1901 2809 gene-

249 2827 337 2881 ris
386 2823 702 2881 masculini
752 2829 843 2880 est
863 2826 904 2890 ²,
947 2823 1007 2879 in
1055 2825 1252 2880 Graeco
1303 2825 1528 2880 femini.
1585 2825 1652 2880 Et
1683 2826 1782 2897 qui
1815 2826 1902 2880 in-

249 2913 553 2986 terpretati
584 2916 744 2979 sunt,
779 2911 1267 2969 masculinoillud
1301 2915 1388 2983 (ut
1419 2918 1540 2970 erat
1561 2914 1619 2970 in
1641 2915 1900 2987 Hebraeo)

249 3018 466 3074 genere
492 3001 939 3058 transtulerunt.

323 3094 517 3160 (Vers.
546 3091 625 3160 8.]
659 3091 813 3146 312
847 3113 872 3139 ‹‹
911 3091 980 3144 Et
1009 3090 1156 3146 dixit
1185 3091 1324 3146 Cain
1371 3093 1440 3147 ad
1491 3091 1632 3147 Abel
1664 3093 1898 3149 fratrem

250 3157 454 3237 suum.
493 3202 520 3228 »
549 3157 913 3234 subauditur
941 3195 1028 3246 ea,
1063 3196 1190 3250 qua:
1223 3179 1454 3236 locutus
1476 3185 1565 3236 est
1595 3181 1896 3241 Dominus.
1931 3157 1974 3224 Ο

331 3323 348 3355 ³
381 3319 546 3376 Unus
577 3321 805 3392 Reginae
839 3338 950 3376 ms.
978 3321 1124 3377 dixit
1155 3323 1415 3378 Dominus
1443 3325 1582 3378 Deus
1606 3323 1675 3378 ad
1722 3325 1859 3380 Cain
1887 3343 1899 3380 :

254 3395 332 3451 ad
366 3393 631 3448 Gracum
656 3389 852 3464 Κύριος
884 3392 910 3444 ὁ
944 3398 1094 3453 Θεος.

331 3475 354 3506 ³
414 3472 472 3526 1η
526 3473 748 3526 ιιεὺνκο
795 3475 1016 3541 generis
1065 3474 1363 3528 maseulim
1420 3480 1523 3528 est.
1581 3473 1784 3529 Nescio
1829 3492 1901 3528 an

255 3543 640 3616 aliquisante
675 3560 778 3598 nos
811 3544 966 3616 hunc
997 3544 1328 3616 Hieronymi
1361 3544 1552 3599 locum
1577 3543 1773 3599 lectori
1807 3561 1902 3600 ex-

260 3613 560 3687 posuerit.
601 3615 880 3687 Observat
929 3614 1108 3686 igitur
1155 3613 1420 3687 sanctus
1461 3617 1683 3687 Doctor,
1711 3685 1720 3687 _
1747 3618 1898 3687 quod

264 3684 460 3739 inulto
492 3685 638 3738 alius
666 3686 722 3740 in
753 3684 1012 3753 Hebraeo,
1046 3703 1221 3757 quam
1256 3687 1313 3740 in
1337 3685 1523 3740 LXXX
1544 3684 1903 3742 translatori-

259 3757 404 3822 bus,
439 3771 646 3811 sensus
676 3757 754 3812 sit
782 3775 795 3825 ;
829 3774 1186 3828 causamque
1220 3758 1434 3812 erroris
1464 3758 1617 3828 apud
1659 3759 1901 3828 Septua-

251 3829 428 3900 ginta
472 3828 722 3900 positam
769 3845 898 3884 esse
946 3828 1089 3883 dicit
1136 3830 1193 3883 in
1240 3845 1378 3884 voce
1432 3828 1669 3883 Hebraea
1715 3841 1901 3891 nmen

251 3898 573 3963 ἐιιιαειιίνει
608 3899 886 3970 ΙιΙιαίιαυΙι,
920 3917 1046 3970 quae
1075 3904 1356 3970 peccatum
1386 3900 1698 3970 signiﬁcat,
1729 3905 1786 3954 et
1815 3907 1903 3956 est

253 3970 490 4042 generis
523 3969 835 4025 masculini
869 3969 1021 4042 apud
1055 3969 1343 4037 Hebraos,
1396 3969 1551 4043 cum_
1576 3969 1812 4043 ἁμαρτία
1842 3972 1899 4026 id

249 4046 362 4114 est,
411 4056 565 4099 error
609 4045 670 4114 et
709 4041 1009 4114 peceatum,
1039 4042 1120 4096 sit
1157 4043 1385 4114 generis
1418 4041 1700 4114 feminini
1739 4043 1894 4114 apud

251 4112 528 4187 Grecos:
563 4113 656 4168 cui
687 4112 1549 4187 nihilominus_verboﬁoipapt£a
1591 4112 1903 4187 respondet

245 4182 565 4239 relativum
600 4184 994 4239 masculinum
1038 4182 1220 4238 αὐτοῦ.
1275 4182 1358 4239 Et
1393 4182 1499 4239 hoc
1530 4182 1898 4255 ipsissimum

253 4260 347 4309 est
381 4256 534 4328 quod
567 4256 736 4328 docet
764 4255 1152 4328 Hieronymus
1175 4255 1410 4328 dicens:
1447 4255 1575 4328 «Et
1595 4255 1693 4328 qui
1727 4256 1902 4312 inter-

254 4325 470 4408 pretati
502 4331 647 4381 sunt
670 4327 903 4408 (nempe
934 4325 1458 4408 LXXLmasculino‘
1483 4325 1658 4407 illud,
1685 4332 1749 4381 ut
1778 4332 1903 4408 erat

249 4396 313 4452 in
349 4396 606 4463 Hebraeo,
638 4396 849 4469 genere
877 4396 1324 4453 transtiilerunt.
1365 4420 1389 4445 η
1421 4398 1696 4461 Quamvis
1743 4399 1898 4453 enim

251 4468 1042 4541 Septuagintatranslatores
1072 4471 1312 4524 verbum
1346 4469 1673 4541 Hebraeum.
1713 4481 1900 4541 mann

2081 1852 2266 1922 (Vers.
2316 1852 2435 1921 25.)
2484 1851 2553 1905 Et
2600 1850 2824 1906 vocavit
2879 1866 3090 1907 nomen
3138 1852 3270 1922 ejus
3317 1852 3474 1910 Seth.
3509 1854 3656 1910 Sus-

2008 1940 2208 1996 citavit
2237 1939 2392 1994 enim
2418 1938 2560 1993 mihi
2586 1939 2739 1994 Deus
2761 1956 2959 1994 semen
2988 1939 3147 1994 aliud
3170 1957 3273 2012 pro
3294 1942 3456 2010 Abel,
3478 1957 3655 2014 quem

2010 2028 2219 2084 occidit
2265 2029 2426 2084 Cain.
2459 2050 2485 2076 ››
2536 2028 2680 2082 SETH
2723 2030 2864 2098 (ne)
2914 2029 3145 2100 proprie
3213 2029 3398 2097 Oémq,
3428 2031 3484 2086 id
3544 2035 3652 2100 est,

2004 2119 2204 2188 positio
2235 2117 2468 2172 dicitur.
2501 2115 2647 2178 Quia
2677 2116 2856 2188 igitur
2890 2121 3163 2187 posuerat
3184 2133 3318 2172 eum
3367 2117 3522 2174 Deus
3551 2134 3656 2190 pro

2010 2205 2171 2272 Abel,
2218 2208 2523 2276 pr0pterea
2571 2221 2728 2270 seru,
2780 2205 2838 2259 id
2884 2210 2993 2272 est,
3054 2207 3251 2276 positio
3306 2206 3652 2279 appellatur.

2011 2294 2272 2365 Denique
2301 2292 2545 2364 Aquila:
2588 2315 2608 2342 ι
2646 2295 2714 2347 Et
2742 2293 2980 2361 vocavit,
3015 2294 3226 2365 inquit,
3274 2311 3486 2350 nomen
3526 2295 3655 2365 ejus

2011 2382 2168 2450 Seth,
2200 2382 2438 2438 dicens:
2492 2381 2638 2447 Quia
2684 2381 2882 2452 posuit
2924 2381 3070 2437 mihi
3123 2383 3273 2438 Deus
3321 2399 3520 2439 semen
3567 2383 3652 2439 al-

2011 2477 2222 2528 terum.
2260 2493 2288 2519 ››

2083 2561 2269 2628 (Vers.
2301 2559 2416 2629 2G.)
2449 2581 2476 2608 «
2514 2559 2581 2614 Et
2618 2558 2841 2614 vocavit
2890 2576 3101 2615 nomen
3149 2560 3278 2630 ejus
3326 2560 3510 2617 Enos:
3560 2560 3655 2619 hie

2013 2648 2268 2722 speravit
2291 2648 2558 2704 invocare
2583 2663 2794 2703 nomen
2849 2649 3072 2703 Domini
3124 2648 3242 2704 Dei.
3282 2671 3308 2698 n
3354 2650 3654 2714 Quomodo

2011 2755 2168 2794 ADAM
2198 2738 2373 2808 (Dm)
2405 2737 2579 2792 homo
2611 2736 3027 2808 interpretatur
3055 2755 3066 2792 :
3099 2737 3179 2793 ita
3208 2741 3265 2794 et
3292 2755 3436 2794 auos
3456 2739 3654 2811 (imm)

2004 2828 2175 2897 juxta
2201 2825 2448 2881 Ηεὺτωω
2480 2824 2694 2897 linguae
2721 2825 3058 2882 varietatem
3082 2828 3124 2896 ⁷,
3157 2827 3313 2883 homo
3341 2827 3429 2883 vel
3458 2830 3546 2884 vir
3572 2828 3656 2884 di-

2013 2915 2184 2971 citur.
2219 2915 2285 2970 Et
2315 2912 2557 2985 pulchre
2611 2913 2750 2985 quia
2795 2914 2905 2971 hoc
2955 2915 3304 2971 vocabulum
3348 2915 3556 2972 habuit
3583 2918 3655 2974 de

2013 3019 2079 3058 eo
2121 3004 2410 3074 scriptum
2456 3007 2565 3069 est,
2609 3022 2629 3049 ει
2679 3003 2843 3058 Tunc
2892 3003 3128 3059 initium
3189 3003 3298 3058 fuit
3346 3003 3656 3062 invocandi

2016 3109 2229 3148 nomen
2280 3091 2534 3158 Demini,
2586 3089 2724 3146 licet
2771 3091 3032 3163 plerique
3076 3092 3447 3148 Hebraeorum
3496 3093 3657 3150 aliud

2012 3181 2391 3247 arbitrentur,
2444 3179 2598 3251 quod
2649 3181 2822 3234 tunc'l
2870 3181 3126 3252 primum
3165 3180 3225 3235 in
3277 3181 3516 3237 nomine
3544 3181 3657 3237 Do-

2013 3323 2398 3394 interpretum
2433 3325 2638 3393 praeter
2667 3321 2959 3394 Aquilam)
2991 3327 3206 3378 exstant
3229 3323 3392 3378 verba
3422 3323 3558 3379 Cain
3587 3321 3658 3381 ad

2015 3395 2142 3450 Abel
2171 3393 2186 3460 ξ
2218 3394 2310 3449 sed
2341 3410 2510 3466 neque
2539 3393 2684 3464 apud
2712 3393 2984 3449 Hebraeos.
3025 3395 3218 3466 Verum
3249 3397 3412 3450 aiunt
3432 3397 3488 3449 in
3521 3410 3657 3466 apo-

2012 3467 2214 3536 crypha
2243 3481 2372 3520 esse.
2408 3465 2683 3519 Habentur
2710 3468 2906 3536 autem,
2938 3465 3081 3535 apud
3127 3465 3258 3520 LXX
3302 3470 3464 3536 atque
3492 3465 3657 3524 etiam

2013 3535 2476 3592 inSamaritano.
2513 3537 2655 3590 Item
2682 3540 2841 3590 notat
2861 3535 3106 3590 alterum
3132 3535 3654 3606 quoque’scholion

2013 3625 2079 3664 ex
2110 3607 2355 3678 Origene
2387 3606 2538 3678 apud
2574 3606 2965 3678 Montfaucon,
2997 3607 3055 3660 in
3091 3606 3326 3678 Hexapl.

2083 3679 2104 3710 ⁴
2138 3676 2341 3732 Recole
2372 3677 2554 3748 Epist.
2580 3677 2637 3730 in
2659 3682 2858 3731 nostra
2882 3677 3224 3748 recnnsione
3246 3676 3406 3748 367ad
3438 3676 3656 3733 Dama-

2013 3766 2145 3803 sum
2178 3751 2386 3814 Quaest.
2422 3747 2471 3813 1,
2506 3753 2561 3801 et
2579 3764 2716 3819 quae
2748 3748 2827 3801 ibi
2859 3747 3296 3819 adnotavimua.
3320 3747 3653 3819 Procop._in

2013 3821 2151 3876 Gen.
2192 3837 2247 3891 p;
2279 3821 2385 3873 86:
2424 3842 2450 3867 «
2482 3817 2729 3891 Quidam
2765 3818 2952 3891 magis
2983 3817 3212 3891 proprie
3243 3818 3424 3873 istum
3459 3817 3653 3891 locum

1971 3951 1977 3955 ,
2013 3889 2495 3972 interpretantur,
2530 3889 2826 3969 dicentes:
2865 3890 3114 3972 .Oportet
3161 3889 3403 3972 Quinum
3438 3889 3655 3972 septies

2014 3960 2204 4034 puniri
2237 3963 2308 4016 ob
2340 3960 2720 4034 commissum
2757 3960 3141 4034 paricidium:
3175 3961 3385 4034 Aquila
3415 3960 3656 4034 sic—red-

2013 4031 2188 4089 didit:
2215 4034 2443 4103 Septies.
2478 4031 2867 4105 Symmachus
2898 4048 3030 4086 vero
3062 4032 3146 4105 sic
3193 4032 3396 4105 vertit:
3449 4033 3657 4105 Septies

2011 4105 2164 4160 dabit
2200 4101 2405 4174 pientis,
2456 4101 2611 4173 quod
2664 4104 2903 4174 quidam
2954 4105 3038 4158 sic
3083 4101 3536 4174 intellexerunt}
3593 4105 3655 4160 In

2013 4172 2231 4248 septem
2267 4172 2744 4248 generationibus
2776 4192 2980 4248 poenas
3007 4174 3239 4245 pendet.
3265 4172 3509 4248 ‘Verum
3541 4174 3656 4230 He-

2012 4244 2204 4302 braeus
2235 4244 2367 4318 post
2397 4244 2716 4318 dictionem
2743 4244 3076 4318 zhterﬁciehs
3106 4249 3399 4318 punctum
3422 4244 3599 4300 locat.
3625 4265 3654 4296 »

2015 4319 2080 4372 Et
2105 4314 2340 4372 rursum
2373 4318 2444 4371 ad
2478 4333 2626 4371 vers.
2659 4317 2748 4382 24,
2784 4333 2839 4387 p.
2872 4317 2980 4372 90:
3025 4340 3050 4364 ‹‹
3097 4314 3206 4371 Sed
3258 4314 3403 4387 nihil
3436 4333 3653 4385 moror,

2013 4390 2131 4445 sive
2163 4390 2316 4460 dona
2345 4388 2600 4460 Spiritus
2631 4385 2839 4460 sancti,
2864 4388 2980 4460 sive
3011 4391 3233 4460 septem
3269 4385 3514 4460 Patrum
3527 4403 3655 4460 per-

2013 4477 2188 4516 sonas
2211 4459 2310 4514 illa
2329 4457 2551 4531 septem
2574 4459 2850 4531 accipias.
2881 4458 2965 4513 Illi
2984 4457 3284 4531 sententiae
3301 4457 3659 4530 astipulatur

248 4524 565 4611 legerintin
597 4541 1134 4611 secundapersona
1164 4557 1345 4595 masc.
1398 4539 1548 4610 sing.
1604 4524 1900 4610 praeteri—ti,
1929 4524 1977 4589 D
2009 4531 2350 4611 Theodotio,
2388 4524 2790 4611 "'p‘rzesentc'm_
2828 4529 3044 4611 locum.
3086 4524 3464 4611 transferens,
3541 4535 3660 4611 [ἐν

249 4609 555 4677 ΙιΙιὶιιαεΙια,
605 4611 662 4666 id
710 4616 800 4667 est
845 4609 1087 4684 ἥξμρτες
1119 4611 1176 4666 in
1199 4629 1319 4684 aor.
1362 4614 1398 4665 2
1425 4609 1676 4684 Δρριξσίξζςίί
1700 4629 1712 4666 :
1763 4628 1896 4684 con-

250 4688 573 4760 sequenter
603 4687 794 4737 tamen
855 4680 1134 4760 addentes
1191 4681 1328 4755 πρὸς
1375 4680 1450 4760 Δσέ
1513 4680 1896 4760 ἡάπςλετροφὴ

249 4751 447 4825 stoici,
490 4755 568 4825 ad
587 4762 652 4825 te,
684 4756 958 4809 conversio
1007 4755 1145 4823 ejus,
1193 4751 1505 4825 peccatum
1543 4751 1898 4825 intelligunt,

248 4824 468 4893 illique
496 4823 800 4880 relativum
834 4822 1222 4880 masculinum
1256 4822 1418 4876 αὐτοῦ
1441 4822 1762 4895 adjungeré
1786 4834 1903 4880 stu-

249 4896 703 4967 dueruntjuxta
732 4896 1037 4951 Hebraeum
1083 4897 1321 4950 afﬁxam
1342 4965 1351 4967 Α
1374 4895 1766 4967 masculinum
1795 4906 1816 4953 Ἰ
1848 4913 1902 4961 o,

251 4966 414 5038 quod
483 4965 795 5038 respondet
846 4967 1086 5022 vocibus
1141 4965 1367 5022 ΙιΙιίιιίιιΙι
1423 4966 1627 5033 robets,
1684 4966 1741 5021 id
1790 4973 1899 5034 est,

245 5040 541 5109 peccatum
568 5039 788 5094 cubans.
824 5038 1112 5093 MAR’I‘IAN.

323 5139 396 5150 —-
430 5110 493 5164 In
523 5109 722 5164 Graeco
772 5126 986 5181 nempe
1019 5113 1115 5181 est
1137 5106 1415 5181 agitate—.61,
1472 5109 1626 5180 quod
1672 5107 1900 5181 generis

247 5180 524 5236 feminini
558 5197 770 5236 nomen
803 5178 1072 5247 est,'Vid.
1100 5178 1418 5234 Martianzei
1441 5178 1898 5234 adnotationem.

293 5261 343 5314 .3
373 5260 561 5316 Vetus
595 5259 877 5324 scholion,
912 5261 1065 5330 quod
1099 5257 1291 5330 Cyrilli
1324 5258 1497 5330 vulgo
1529 5261 1810 5330 credunt,
1827 5260 1896 5330 ad

243 5331 375 5388 hac
430 5331 630 5397 verba,
685 5325 1160 5400 tra-nsemizusgin'
1193 5325 1455 5400 campani
1499 5347 1510 5384 :
1555 5335 1684 5400 1119’
1723 5325 1898 5384 οὐδενί

241 5403 628 5476 ςτῶχ-λο-ιῖτεῖξν
683 5407 853 5476 agi-cat
910 5402 975 5454 τὰ
1036 5399 1252 5476 (Efﬂuet:
1308 5399 1426 5476 ’ἑρρι
1465 5399 1716 5476 ita-rma
1763 5401 1899 5476 πρὸς

245 5467 440 5559 ’Δϐξὶη
475 5469 766 5559 ἀλλ’ὶοιξζδέ
815 5474 938 5547 παρ’
989 5466 1304 5556 Ἐϐρἀοις,”
1336 5468 1548 5558 ἀλλέκέν
1603 5466 1898 5559 ᾲπκοκρξφφ

242 5539 433 5617 madv.
482 5545 634 5617 Παρὰ
679 5541 736 5597 δὲ
772 5539 902 5604 τοῖξ
937 5550 1009 5613 Ο’,
1043 5539 1234 5612 κέἶται,
1280 5539 1394 5617 ἔχει
1443 5539 1500 5596 δὲ
1561 5541 1692 5596 αὐτὰ
1721 5539 1900 5598 έαίδτό

243 5601 672 5692 inexpertam.
722 5601 886 5692 Apud
938 5601 1233 5675 neminem]
1280 5601 1620 5688 rEliquorum
1672 5617 1904 5693 (nempe

2009 4605 2384 4674 septenarium
2413 4599 3144 4674 uglez’seetur.Symmachus
3176 4599 3258 4655 sic
3289 4599 3496 4674 vertit:
3533 4601 3656 4674 Sep-

2011 4672 2176 4728 timus
2203 4688 2396 4744 primas
2424 4672 2593 4744 dabit.
2623 4672 2870 4727 Proinde
2911 4672 3237 4727 Lamachus
3293 4672 3439 4727 forte
3477 4672 3658 4744 septi-

2013 4761 2146 4799 mus
2173 4743 2309 4808 fuit,
2344 4743 2444 4814 qui
2477 4760 2677 4814 poenas
2708 4743 2936 4800 inﬂixit.
2971 4765 2997 4794 ιι

2082 4816 2102 4849 ⁵
2132 4812 2377 4886 Prorius
2407 4812 2622 4886 tamen
2670 4815 2901 4869 videtur
2947 4815 3292 4886 ad'verum,
3349 4812 3511 4879 Naid,
3556 4818 3659 4869 aut

2011 4886 2123 4942 Nod
2152 4903 2252 4957 pro
2281 4885 2416 4940 certi
2450 4885 2557 4939 loci
2591 4887 2827 4941 nomine
2857 4887 2914 4940 in
2949 4885 3249 4957 Scriptura
3278 4887 3652 4957 usurpatum.

2011 4949 2324 5027 losophus,
2373 4958 2637 5025 Antig-uit,
2692 4957 2730 5027 1,
2763 4975 2801 5022 1,
2855 4974 2904 5012 c.
2936 4961 2991 5023 ‘2,
3026 4949 3094 5011 ιιῖ
3121 4963 3152 5027 2
3187 4974 3199 5011 :
3232 4954 3362 5027 lia'ujv
3414 4949 3656 5027 ἱδρύεται

2013 5023 2218 5081 Natus:
2254 5027 2419 5098 τόπον
2475 5023 2616 5081 οῧτω
2647 5025 3009 5098 καλούμενον,
3057 5026 3146 5079 καὶ
3188 5023 3372 5098 αῷτόθι
3419 5023 3656 5078 πόιεῖται

2009 5100 2109 5166 τήν
2142 5097 2479 5165 κατοίκησιν,
2514 5101 2654 5156 Cain
2684 5097 2860 5154 Naida
2887 5098 3163 5153 condidit:
3199 5097 3255 5152 id
3299 5097 3407 5152 loci
3453 5112 3657 5154 nomen

2012 5176 2112 5238 est,
2135 5178 2296 5241 atque
2324 5170 2456 5241 illic
2474 5171 2726 5226 habitare
2755 5171 3172 5225 eorstiluitetc.

2080 5244 2101 5276 ⁶
2135 5240 2295 5296 Unus
2325 5240 2554 5312 Regina:
2587 5258 2701 5296 ms.
2739 5242 2960 5296 Hebreae
2986 5241 3189 5310 linguae
3210 5241 3528 5312 ueritatem.

2081 5315 2100 5346 τ
2132 5313 2232 5367 Est
2260 5310 2504 5366 enim-in
2545 5313 2779 5367 Hebraeo
2809 5325 2900 5377 TN,
2937 5317 3086 5366 tunc.
3118 5311 3252 5366 LXX
3272 5311 3420 5366 facta
3438 5310 3653 5367 littera-

2009 5401 2140 5439 rum
2176 5382 2482 5438 metathesi
2516 5395 2583 5473 "x
2615 5382 2836 5455 legunt,
2873 5381 3052 5447 οὗτος,
3085 5382 3191 5437 hic.
3219 5382 3499 5437 Craterum
3531 5382 3653 5439 sive

2010 5473 2081 5527 de
2113 5471 2239 5543 ipso
2271 5470 2481 5543 Enoso,
2508 5469 2626 5526 sive
2659 5472 2730 5526 de
2761 5473 2888 5542 ejus
2914 5476 3079 5527 aetate
3131 5469 3546 5543 intelligendus
3575 5470 3653 5528 sit

2011 5541 2173 5598 locus
2205 5541 2332 5615 iste,
2360 5542 2574 5598 mirum
2609 5541 2958 5615 quantuma
2986 5541 3649 5615 Judaeorum’opinione,

2011 5617 2186 5690 atque
2213 5613 2365 5673 inter
2385 5630 2448 5673 se
2465 5612 2687 5673 veteres
2708 5614 3018 5674 Christiani
3060 5614 3256 5675 Patres
3273 5612 3650 5690 dissentiant.
