4084 6170
551 339 669 401 995

1803 340 1870 404 S.
1914 337 2226 405 EUSEBll
2273 340 2718 404 HIERONYMI

549 471 695 526 mini
728 475 785 526 et
830 470 985 527 318
1026 469 1086 526 in
1140 468 1526 530 similitudine
1576 477 1704 546 ejus
1756 476 2036 531 fabricata
2089 477 2194 546 [Αἰ.
2229 475 2483 543 Aannis
2536 474 2746 530 vixisse
2793 475 2948 530 314
2994 473 3074 530 sit
3119 473 3327 544 dictus”,
3378 473 3517 530 nulli
3557 474 3773 532 dubium
3807 479 3871 534 est

549 559 843 634 fabricati]
875 560 995 616 sint
1024 560 1200 617 idola.

622 649 784 722 (Cap.
819 649 886 706 V.
912 680 985 691 —
1006 649 1171 705 Vers.
1203 654 1285 720 2.(
1315 675 1342 701 «
1374 652 1578 708 Virum
1609 658 1666 708 et
1715 652 2025 708 mulierem
2073 653 2205 707 fecit

550 755 671 808 eos,
723 741 780 794 ct
827 738 1123 794 benedixit
1164 755 1283 810 eos,
1337 745 1394 796 et
1439 742 1663 796 vocavit
1727 757 1939 797 nomen
1997 758 2198 796 eorum

544 829 755 896 Adam,
849 826 908 882 id
956 831 1064 892 est,
1133 827 1330 884 homo.
1364 848 1390 880 ο
1428 830 1694 886 Hominis
1743 836 1937 885 autem
1989 846 2199 885 nomen

547 917 666 968 tam
718 913 839 967 viro
870 929 1048 984 quam
1080 914 1311 969 femina:
1344 917 1668 972 conveanit.

619 1000 804 1072 (Vers.
839 1002 916 1072 3.)
951 1024 978 1050 ‹‹
1012 1001 1169 1057 Vixit
1198 1007 1394 1058 autem
1433 1005 1619 1059 Adam
1672 1007 1956 1060 ducentos
2003 1009 2061 1060 et
2089 1004 2199 1059 tri-

545 1089 740 1161 ginta1
771 1107 976 1161 annos,
1011 1096 1069 1145 et
1101 1092 1304 1164 genuit
1350 1093 1423 1148 ad
1477 1093 1794 1166 imaginem
1836 1099 1892 1148 et
1931 1094 2205 1149 similitu-

547 1177 744 1234 dinem
777 1195 966 1249 suam,
1001 1185 1056 1234 et
1084 1181 1310 1235 vocavit
1339 1198 1553 1237 nomen
1585 1184 1714 1252 ejus
1748 1183 1907 1239 Seth.
1944 1204 1970 1231 ››
2003 1183 2200 1237 Scien-

543 1267 685 1323 dum
718 1269 871 1339 quod
906 1285 1094 1340 usque
1124 1269 1194 1324 ad
1231 1269 1540 1340 diluvium,
1575 1272 1672 1325 ubi
1705 1271 1762 1325 in
1796 1271 2015 1327 nostris
2046 1271 2202 1326 codi-

540 1356 728 1426 cibus,
760 1357 1113 1412 ducentorum
1147 1362 1202 1412 et
1234 1359 1392 1429 quod
1463 1360 1716 1415 excurrit
1763 1376 2053 1414 annorum
2094 1376 2200 1431 ge-

541 1445 742 1500 nuisse
775 1446 909 1516 quis
940 1445 1174 1514 dicitur,
1213 1445 1270 1500 in
1305 1447 1538 1502 Hebraeo
1589 1447 1801 1503 habeat
1845 1457 2061 1503 centum
2091 1465 2195 1502 (m-

539 1550 656 1602 nos,
689 1538 747 1588 et
775 1534 1033 1606 reliquos
1049 1541 1522 1606 quisequuntur.

537 1665 540 1668 .
613 1621 800 1690 (Vers.
857 1623 991 1693 4.)‹‹
1041 1623 1303 1677 Fuerunt
1349 1627 1545 1678 autem
1596 1623 1719 1679 dies
1769 1626 1983 1694 Adam,
2036 1628 2195 1696 post-

539 1726 716 1780 quam
745 1711 949 1782 genuit
982 1711 1142 1780 Seth,
1178 1711 1529 1783 septingenti
1565 1713 1722 1768 anni.
1762 1736 1788 1761 ››
1816 1714 1967 1778 Quia
1996 1715 2054 1769 in
2087 1714 2194 1768 du-

537 1798 720 1853 centis
749 1804 1057 1867 erraverat,
1109 1805 1538 1870 consequenter
1589 1801 1683 1856 hic
1732 1802 1930 1873 posuit
1961 1802 2184 1873 septin-

539 1890 760 1957 gentos,
795 1903 930 1941 cum
964 1887 1023 1942 in
1053 1887 1288 1943 Hebraeo
1324 1887 1415 1943 hic
1473 1889 1756 1945 habeatur
1800 1890 2192 1961 octingentos,

537 1979 594 2029 et
622 1992 800 2047 supra
828 1978 1085 2031 centum.

606 2064 792 2135 (Vers.
823 2064 934 2129 25.)
983 2087 1010 2113 ‹‹
1065 2066 1132 2119 Et
1173 2065 1315 2121 vixit
1358 2066 1688 2123 Mathusala
1735 2067 1906 2123 annis
1951 2072 2189 2123 centum

536 2153 842 2224 sexaginta
870 2157 1115 2226 septem,
1149 2158 1207 2208 et
1235 2155 1437 2226 genuit
1468 2156 1740 2212 Lamech.
1776 2158 1844 2211 Et
1892 2157 2034 2212 vixit
2072 2161 2187 2213 Ma-

534 2241 788 2312 thusala,
822 2247 1136 2314 postquam
1167 2243 1372 2314 genuit
1430 2245 1702 2314 Lamech,
1760 2262 1944 2301 annos
1992 2246 2184 2302 octin—

542 2334 749 2404 gentos
781 2331 951 2396 duos,
979 2334 1036 2387 et
1063 2331 1268 2402 genuit
1316 2331 1471 2389 ﬁlios
1521 2337 1579 2388 et
1625 2333 1798 2390 ﬁlias.
1852 2335 1922 2390 Et
1953 2336 2190 2390 fuerunt

542 2436 752 2478 omnes
783 2419 909 2476 dies
936 2420 1300 2490 Mathusalae,
1331 2437 1482 2493 quos
1528 2422 1688 2493 vixit,
1741 2424 1876 2478 anni
1927 2427 2186 2496 nongent

533 2509 834 2581 sexaginta
872 2524 1102 2578 novem,
1132 2514 1189 2564 et
1219 2514 1489 2567 mortuus
1536 2515 1646 2568 est.
1674 2534 1701 2561 ››
1754 2512 2000 2567 Famosa
2021 2528 2184 2584 quaa-

529 2598 641 2654 stio
662 2599 702 2668 ²,
737 2601 792 2652 et
823 2597 1216 2669 disputatione
1256 2600 1522 2655 omnium
1554 2599 1946 2656 Ecclesiarum
1990 2602 2177 2656 venti-

529 2687 666 2757 lata,
700 2686 856 2758 quod
879 2687 1048 2756 juxta
1097 2686 1436 2760 diligentem
1483 2688 1981 2762 supputationem,
2035 2706 2178 2760 qua-

525 2774 847 2830 tuordecim
879 2791 1065 2831 annos
1095 2780 1228 2848 post
1269 2775 1556 2832 diluvium
1608 2776 1939 2833 Mathusala
1960 2777 2175 2834 vixisse

527 2865 826 2920 referatur.
862 2864 1090 2919 Etenim
1121 2881 1256 2920 cum
1308 2870 1460 2921 esset
1512 2865 1845 2922 Mathusala
1883 2884 2170 2922 annorum

525 2958 759 3008 centum
790 2954 1093 3025 sexaginta
1124 2957 1346 3025 septem
1379 2955 1585 3026 genuit
1616 2953 1888 3010 Lamech.
1915 2956 2170 3012 Rursum

527 3041 800 3111 Lamecb,
854 3057 987 3097 cum
1035 3046 1190 3097 esset
1242 3059 1529 3097 annorum
1584 3047 1819 3098 centum
1877 3044 2172 3115 octoginta

523 3134 681 3200 octo,
715 3129 918 3202 genuit
947 3129 1084 3184 Noe.
1127 3131 1194 3184 Et
1247 3131 1396 3185 ﬁunt
1447 3129 1623 3185 simul
1678 3148 1862 3202 usque
1912 3133 1984 3186 ad
2026 3132 2180 3188 diem

2316 563 2759 634 quatuordecim
2789 580 2922 619 eum
2983 581 3169 619 annos
3216 563 3424 620 vixisse
3459 567 3582 635 post
3620 563 3870 625 diluvium.

2315 651 2383 704 Et
2413 653 2705 722 quomodo
2733 669 2935 707 verum
2968 657 3076 720 est,
3111 653 3265 725 quod
3297 657 3423 708 octo
3465 656 3677 708 tantum
3713 653 3870 709 anime

2312 738 2372 793 in
2401 757 2533 796 arca
2566 739 2734 795 salvae
2770 741 2929 796 factze
2963 741 3148 797 sunt?
3172 742 3368 799 Restat
3387 757 3540 813 ergo,
3563 745 3626 796 ut
3647 742 3868 812 quomodo

2313 828 2370 882 in
2398 828 2710 900 plerisque,
2745 829 2826 884 ita
2855 834 2911 885 et
2941 830 2998 885 in
3031 831 3139 886 hoc
3165 831 3243 886 sit
3270 847 3430 887 error
3460 829 3519 884 in
3561 846 3785 885 numero.
3807 831 3871 885 Si-

2312 917 2550 988 quidem
2582 922 2638 972 et
2676 921 2735 972 in
2784 918 3042 975 Hebraeis
3090 924 3148 975 et
3196 917 3869 988 Samaritanorum'libris,

2311 1004 2396 1060 ita
2425 1006 2708 1078 scriptum
2739 1007 2927 1079 reperi
2953 1025 2965 1062 :
2999 1031 3026 1058 ‹‹
3057 1009 3126 1062 Et
3173 1009 3312 1063 vixit
3353 1006 3669 1063 Mathusala
3693 1011 3868 1063 centum

2311 1095 2608 1167 octoginta
2628 1100 2851 1168 septem
2877 1097 3070 1164 annis,
3092 1101 3145 1152 et
3164 1095 3408 1168 gennuit
3429 1095 3682 1152 Lamech.
3708 1095 3870 1149 Etvixit

2310 1183 2658 1252 Mathusala,
2694 1193 3002 1256 postquam
3027 1185 3230 1256 genuit
3252 1185 3524 1254 Lamech,
3548 1184 3873 1256 septingentos

2309 1271 2602 1344 octoginta
2633 1273 2778 1328 duos
2809 1290 2995 1328 annos
3025 1277 3081 1328 et
3125 1275 3330 1346 genuit
3377 1273 3525 1329 ﬁlios
3572 1277 3625 1328 et
3666 1272 3805 1327 ﬁlias.
3827 1272 3871 1326 Et

2309 1361 2545 1416 fuerunt
2573 1378 2776 1417 omnes
2799 1361 2922 1416 dies
2945 1362 3309 1430 Mathusalae,
3338 1363 3476 1418 anni
3497 1362 3748 1435 nongenti
3765 1376 3873 1416 sen-

2307 1451 2472 1521 ginta
2503 1465 2707 1505 novem
2739 1455 2796 1505 et
2826 1456 3095 1507 mortuus
3125 1456 3232 1507 est.
3269 1451 3338 1507 Et
3368 1451 3509 1506 vixit
3540 1449 3757 1506 Lamech
3781 1466 3871 1504 cen-

2307 1542 2434 1592 tum
2465 1538 2761 1609 octoginta
2787 1539 3019 1594 duobus
3048 1540 3237 1610 annis,
3263 1544 3321 1594 et
3350 1540 3553 1610 genuit
3575 1538 3701 1596 Noe.
3722 1536 3871 1591 »Adie

2305 1643 2442 1698 ergo
2474 1627 2792 1682 nativitatis
2825 1627 3190 1693 Mathusalae,
3245 1643 3434 1698 usque
3477 1628 3547 1682 ad
3599 1626 3736 1682 diem
3759 1630 3872 1679 ortus

2304 1716 2440 1785 Noe,
2476 1720 2612 1770 sunt
2645 1717 2779 1770 anni
2815 1716 3055 1771 trecenti
3085 1716 3391 1789 sexaginta
3414 1732 3616 1771 novem
3641 1733 3652 1770 :
3675 1713 3752 1769 his
3770 1713 3872 1768 adde

2305 1810 2606 1860 sexcentos
2650 1822 2834 1861 annos
2882 1805 3031 1861 Noe:
3081 1805 3301 1876 quiain
3353 1804 3747 1860 sexcentesimo
3783 1803 3871 1857 vita

2305 1894 2433 1964 ejus
2465 1910 2617 1949 anno
2651 1895 2867 1949 factum
2899 1898 2988 1949 est
3017 1893 3343 1949 diluvium:
3399 1898 3570 1965 atque
3617 1892 3690 1946 ita
3730 1891 3794 1957 ﬁt,
3831 1895 3872 1944 ut

2301 1983 2746 2054 nongentesimo
2766 1983 3125 2055 sexagesimo
3159 1999 3315 2038 nono
3329 1982 3459 2038 vitae
3481 1999 3596 2038 sua:
3619 1978 3873 2036 Mathusala

2301 2076 2569 2126 mortuus
2605 2072 2702 2136 sit,
2753 2087 2818 2127 eo
2868 2089 3041 2142 anno,
3089 2088 3204 2144 quo
3256 2071 3435 2144 cmpit
3481 2086 3607 2126 esse
3635 2067 3870 2124 diluvium.

2371 2161 2554 2232 (Vers.
2587 2161 2703 2232 29.)
2743 2181 2768 2213 α
2801 2162 2867 2216 Et
2894 2161 3119 2217 vocavit
3151 2177 3371 2216 nomen
3402 2160 3528 2231 ejus
3557 2159 3685 2224 Noe,
3705 2157 3870 2212 dicens:

2298 2247 2414 2302 Iste
2444 2248 2808 2319 requiescere
2838 2265 2945 2304 nos
2994 2248 3168 2304 faciet
3218 2249 3295 2304 ab
3340 2248 3615 2320 operibus
3642 2243 3832 2302 nostris.
3855 2264 3873 2290 ιν

2301 2335 2420 2393 Non
2447 2337 2584 2408 (ru),
2617 2339 2833 2407 requies
2862 2337 3302 2408 interpretatur.
3338 2337 3427 2392 Ab
3459 2352 3524 2392 eo
3553 2334 3731 2408 igitur,
3765 2330 3874 2404 quod

2298 2425 2406 2480 sub
2431 2424 2528 2481 illo
2555 2425 2755 2481 omnia
2776 2429 2926 2482 retro
2949 2441 3126 2497 opera
3141 2425 3496 2497 quieverunt
3519 2441 3618 2497 per
3632 2422 3870 2487 diluvium,

2297 2512 2628 2586 appellatus
2659 2518 2749 2569 est
2781 2514 3035 2586 requies.

2369 2601 2531 2672 (Cap.
2565 2601 2658 2656 VI.
2693 2633 2758 2643 —
2790 2601 2952 2657 Vers.
2986 2601 3065 2672 2.)
3102 2623 3122 2649 α
3158 2600 3445 2658 Videntes
3478 2605 3661 2657 autem
3699 2597 3782 2653 ﬁlii
3807 2592 3871 2651 Dei

2296 2689 2446 2746 ﬁlias
2478 2689 2807 2757 hominum,
2843 2689 2982 2761 quia
3003 2690 3164 2744 bonas
3187 2695 3350 2747 sunt.
3382 2714 3408 2740 ››
3431 2690 3679 2747 Verbum
3698 2682 3872 2743 Hebrai-

2294 2795 2428 2833 cum
2460 2795 2631 2832 ELOIM
2664 2763 2923 2850 (amba),
2957 2778 3296 2834 communis
3325 2784 3417 2835 est
3447 2778 3663 2835 numeri
3685 2795 3697 2843 ;
3718 2775 3872 2830 etDeus

2293 2867 2507 2939 quippe
2539 2872 2596 2922 et
2625 2866 2707 2922 dii
2748 2867 3020 2922 similiter
3063 2866 3473 2938 appellantur:
3529 2869 3740 2938 propter
3763 2857 3870 2934 quod

2290 2955 2502 3027 Aquila
2531 2955 2743 3028 plurali
2781 2971 3044 3026 numero,
3079 2955 3222 3025 ﬁlios
3256 2956 3490 3013 deorum
3518 2971 3685 3011 ausus
3712 2955 3783 3007 est
3810 2947 3869 3002 di-

2292 3061 2439 3112 cere,
2474 3045 2613 3100 deos
2646 3044 2978 3117 intelligens
3027 3049 3288 3115 sanctos,
3344 3046 3465 3101 sive
3508 3042 3739 3116 angelos.
3773 3040 3871 3095 Dm

2291 3135 2440 3189 enim
2484 3135 2628 3188 stetit
2668 3135 2731 3188 in
2782 3149 3065 3204 synagoga
3108 3132 3376 3189 deorum:
3432 3136 3491 3189 in
3536 3132 3697 3188 medio
3741 3131 3871 3183 autem

527 3217 848 3274 nativitatis
879 3218 1016 3288 Noe,
1043 3217 1326 3273 annivita:
1351 3218 1711 3288 Mathusalze,
1738 3220 1980 3275 trecenti
2005 3221 2178 3290 quin-
2207 3214 2248 3280 C
2287 3221 2409 3276 deos
2447 3221 2713 3278 discernit
2743 3221 2848 3294 [ΑΙ.
2879 3221 3167 3293 dijudicat]
3202 3223 3379 3293 (Psal.
3429 3239 3606 3290 mum,
3653 3221 3713 3292 1).
3756 3214 3870 3272 Unde

528 3307 806 3380 quaginta
827 3305 1107 3378 quinque.
1142 3307 1573 3362 Sexcentesimo
1606 3312 1800 3364 autem
1857 3325 2009 3364 anno
2042 3310 2169 3366 vitae

525 3396 665 3466 Noe,
699 3394 990 3450 diluvium
1025 3395 1243 3449 factum
1275 3399 1383 3451 est.
1416 3397 1496 3450 Ac
1529 3412 1631 3468 per
1663 3396 1789 3465 hoc,
1816 3396 2018 3452 habita
2048 3414 2160 3470 sup

524 3483 822 3556 putatione
844 3500 946 3555 per
970 3487 1183 3555 partes,
1210 3483 1654 3554 nongentesimo
1679 3485 2170 3558 quinquagesimo

524 3573 729 3646 quinto
777 3589 931 3628 anno
980 3572 1325 3643 Mathusala,
1372 3572 1657 3628 diluvium
1711 3573 1890 3630 fuisse
1931 3575 2175 3630 convin-

522 3662 692 3718 citur.
717 3661 862 3717 Cum
880 3666 1072 3717 autem
1095 3678 1276 3732 supra
1306 3662 1624 3734 nongentis
1646 3661 1949 3734 sexaginta
1971 3679 2178 3719 novem

522 3806 601 3860 Ex
628 3805 869 3874 Judaeis,
902 3805 1003 3875 qui
1055 3805 1122 3877 in
1161 3803 1378 3859 malam
1430 3808 1655 3877 partem
1701 3804 2180 3877 interpretantur,

522 3877 1020 3946 nominandigcum
1040 3876 1252 3946 primis
1275 3879 1417 3946 sunt
1435 3876 2182 3946 ParaphrastesChaldmus

566 3893 864 3930 ommanai
889 3893 1020 3929 cum
1082 3893 1252 3930 rimis
1275 3893 1340 3929 su
1352 3893 1417 3929 nr.
1435 3893 1857 3946 rarapuraSLes
1877 3893 2181 3933 unanimus

566 3945 624 4000 ui
655 3947 834 4000 Rabbi
866 3893 1178 4000 Jonatbam
1202 3945 1514 4001 Ben-Uziel
1539 3947 1775 4015 dicitur,
1803 3952 1858 4002 et
1879 3948 2181 4005 Chaldaeus

573 4015 794 4086 nkelos,
831 4015 1089 4090 itemque
1117 4017 1527 4090 Maimonides,
1565 4019 1621 4073 S.
1657 4018 1925 4090 Cyrillus,
1979 4019 2080 4076 lib.
2125 4037 2180 4074 1x

519 4095 715 4162 contra
742 4087 1055 4162 lulianum,
1091 4092 1234 4162 sect.
1270 4091 1319 4158 1,
1341 4089 1562 4162 scribit
1607 4106 1642 4162 a
1692 4087 1885 4162 Moyse
1912 4087 2180 4145 indicari

522 4159 780 4233 Enosum
805 4158 876 4213 ab
895 4157 1238 4233 hominibus
1261 4160 1351 4215 sui
1377 4160 1656 4232 temporis
1679 4157 1855 4216 deu'm
1885 4161 2062 4233 fuisse
2084 4179 2180 4233 ap-

520 4229 801 4303 pellatum
856 4234 996 4303 tum;
1027 4231 1266 4303 honoris
1316 4229 1515 4298 causa,
1561 4247 1697 4285 cum
1755 4233 1827 4287 ob
1880 4229 2175 4302 pietatem,

521 4301 703 4391 quam
724 4318 850 4391 ρῳ
875 4301 1302 4391 βρ-Γθινρριιιηε.
1323 4319 1469 4391 ⁸νεξῐιο
1501 4303 1820 4391 Augustin.
1872 4301 1982 4391 lib,
2006 4321 2074 4391 xv

521 4374 684 4445 Ciuit.
719 4374 834 4445 Dei,
868 4388 996 4442 cap.
1051 4375 1136 4440 18,
1189 4374 1272 4428 sic
1320 4374 1778 4445 interpretatur:
1816 4395 1844 4422 «
1879 4374 2023 4438 Quid
2060 4375 2174 4431 sibi

518 4444 645 4498 vult
693 4444 978 4515 :Speijavit
1028 4445 1284 4500 invocare
1328 4461 1528 4500 nomen
1577 4445 1808 4515 Domini
1871 4446 2011 4500 Dei?
2062 4446 2175 4502 nisi

521 4516 667 4586 quia,
702 4513 1008 4586 prophetia
1053 4519 1159 4584 est,
1184 4515 1543 4570 exoriturum
1577 4513 1880 4586 populum,
1934 4515 2034 4586 qui
2085 4535 2176 4573 se-

2290 3315 2347 3364 et
2399 3311 2789 3382 Symmachus
2843 3309 3179 3366 istiusmodi
3230 3327 3480 3367 sensum
3531 3325 3772 3382 sequens,
3815 3302 3869 3357 ait

2293 3422 2318 3448 ‹‹
2383 3398 2657 3455 Videntes
2710 3399 2814 3454 ﬁlii
2869 3398 3236 3472 potentium‘
3267 3400 3393 3456 ﬁlia
3451 3399 3795 3465 hominum,»
3830 3393 3868 3445 et

2293 3489 2540 3545 relicua.

2365 3507 2660 3649 [(13:11:23)
2696 3598 2723 3627 ί(
2753 3577 2823 3632 Et
2870 3575 3012 3631 dixit
3061 3577 3358 3636 Dominus
3406 3578 3595 3635 Deus:
3642 3575 3750 3630 Non
3775 3583 3866 3642 per-

2293 3667 2588 3722 manebitis
2618 3665 2862 3737 spiritus
2894 3682 3061 3722 meus
3082 3667 3141 3722 in
3169 3665 3517 3725 hominibus
3539 3664 3729 3724 istisin
3753 3662 3869 3714 eter-

2293 3808 2446 3863 unde
2469 3811 2557 3862 est
2585 3806 2644 3861 in
2676 3806 2849 3880 aliam
2884 3823 2986 3880 per
3011 3807 3362 3880 interpretes
3385 3809 3535 3865 facta
3553 3800 3868 3880 translatqun

2291 3881 2359 3952 Et
2387 3884 2602 3948 tamen,
2636 3879 2838 3952 eodem
2872 3869 3183 3952 referente;
3209 3902 3241 3952 «ν
3281 3881 3343 3936 In
3395 3880 3732 3952 quibusdam
3755 3869 3869 3952 gadi-

2291 3951 2474 4016 cibus,
2507 3943 2716 4004 Graacis
2749 3949 2956 4016 tribus,
2983 3967 3098 4006 uno
3125 3943 3332 4006 Latino
3364 3943 3430 4006 et
3451 3969 3565 4007 uno
3586 3950 3742 4005 etiam
3767 3943 3869 4016 Syro

2290 4022 2443 4077 inter
2462 4013 2533 4076 se
2564 4013 3081 4091 consentientibus,
3115 4021 3392 4079 inventus
3421 4028 3510 4079 est
3547 4013 3867 4077 Mathusalem

2289 4110 2387 4148 sex
2419 4093 2588 4147 annis
2610 4096 2741 4146 ante
2771 4091 3057 4147 diluvium
3088 4092 3272 4148 fuisse
3305 4095 3678 4149 defunctus.»

2358 4165 2379 4197 ³
2408 4163 2567 4218 Alios
2597 4163 2655 4216 in
2702 4163 3068 4218 Samaritano
3117 4164 3318 4220 codice
3367 4166 3440 4221 de
3488 4157 3792 4220 Mathusale
3829 4154 3868 4205 et

2288 4234 2558 4309 Lamechi
2588 4238 2754 4289 aetate
2775 4251 2960 4309 annos
2981 4241 3320 4309 enumerat,
3334 4235 3589 4309 legitque
3610 4227 3867 4309 Eusebinﬁ

2289 4322 2404 4375 qua
2420 4307 2490 4360 de
2513 4321 2689 4360 causa
2715 4305 3010 4360 memorize
3029 4306 3261 4377 lapsum
3283 4282 3626 4377 lliettaonjymo
3649 4291 3870 4377 impingit

2287 4369 2569 4432 Seldenus
2599 4369 3698 4445 PrmfatinlMarm'or.Arundel.Verum
3723 4369 3867 4443 multo

2286 4453 2375 4503 est
2395 4446 2804 4516 verosimilius,
2850 4447 3145 4503 diversum
3187 4450 3261 4504 ab
3303 4446 3869 4516 illoEusebiiSamglj-

2285 4524 2488 4574 tanum
2523 4505 2820 4590 exemplar
2845 4519 2902 4574 S.
2937 4519 3232 4574 doctorem
3264 4521 3447 4577 fuisse
3497 4505 3869 4590 nactum.-Vid6

519 4579 783 4663 cundum
806 4579 1361 4663 electionem'gratiae
1383 4579 1675 4663 invocaret
1699 4579 2173 4663 nomenDomini
2207 4579 2252 4642 D
2284 4590 2519 4663 Bedam,
2553 4589 2667 4663 lib._
2688 4579 2757 4644 de
2788 4591 3224 4663 sex__(Etatibus,
3254 4597 3312 4648 et
3343 4583 3871 4663 FreculpbumLexoj

519 4656 706 4712 Dei?»
738 4655 955 4730 Omitto
1003 4655 1248 4730 aliorum
1300 4657 1639 4727 sententias,
1689 4674 1836 4730 quas
1884 4659 2011 4730 ejus
2060 4659 2171 4717 loci

520 4730 871 4800 interpretes
901 4726 1164 4800 laudant.

591 4803 605 4836 ¹
641 4797 941 4854 Palatinus
973 4799 1123 4864 cod.,
1155 4798 1246 4853 cui
1279 4797 1421 4854 alter
1444 4813 1474 4853 e
1506 4799 1736 4855 duobus
1770 4800 1999 4871 Regium.
2031 4818 2167 4858 con-

516 4876 708 4936 sonat,
740 4872 996 4926 ducentos
1028 4880 1080 4925 et
1110 4871 1330 4937 viginti.
1363 4871 1494 4934 Quae
1531 4887 1698 4942 porro
1750 4887 1929 4927 causa
1970 4873 2168 4941 fuerit,

519 4961 624 4999 cur
653 4948 891 4998 centum
924 4958 1109 4997 annos
1141 4942 1423 4996 adderent
1461 4942 1843 5013 Septuaginta
1875 4943 2027 4998 aetati
2061 4949 2167 5000 Pa-

516 5014 929 5081 triarcharum,
979 5018 1294 5085 antequam
1345 5013 1618 5068 dicantur
1662 5014 1960 5086 genuisse,
2004 5015 2165 5085 igno-

529 5092 711 5142 ratur.

586 5160 607 5192 ²
639 5158 696 5212 S.
733 5170 965 5227 quoque
996 5156 1387 5226 Augustinus,
1420 5155 1521 5212 lib.
1554 5173 1624 5209 xv
1652 5155 1718 5209 de
1750 5153 1913 5209 Cz‘vz‘t.
1947 5157 2063 5220 Dei,
2109 5174 2162 5215 c.

522 5229 620 5299 13:
655 5228 1022 5295 Quzestionem
1051 5227 1486 5299 ﬁnnosissimam
1519 5227 1668 5282 hanc
1693 5230 1865 5299 vocat
1895 5231 1951 5299 et
1985 5227 2086 5299 lib.
2124 5246 2162 5283 11

515 5298 579 5352 de
606 5300 812 5370 Peccat.
847 5300 991 5370 orig.
1033 5297 1106 5353 iis
1140 5299 1510 5368 adnumerat,
1535 5315 1663 5370 quae
1689 5297 1968 5370 ignorari,
2003 5298 2163 5355 salva

518 5370 631 5424 ﬁde
661 5367 1015 5440 Christiana,
1046 5377 1311 5440 possunt.
1345 5370 1453 5425 Sed
1492 5367 1679 5434 nulla,
1715 5367 1779 5421 ut
1801 5368 2162 5438 vides,juxta

520 5439 929 5512 Hebraeumuet
979 5439 1282 5512 vulgatam
1330 5440 1646 5496 difﬁcultas
1693 5444 1820 5512 est:
1866 5440 2160 5511 siquidem

515 5511 644 5583 ipso
675 5509 874 5583 diluvii
910 5527 1064 5564 anno
1094 5509 1425 5567 'del‘unctus
1473 5511 1800 5583 Mathusala
1847 5509 2156 5583 reperitur.

567 5583 744 5657 ptime
769 5580 906 5657 adcr
931 5585 1313 5657 notatum_est
1336 5584 1662 5657 Augustino
1691 5582 1816 5638 loco
1842 5580 2016 5657 modo
2035 5583 2161 5641 lau-

515 5651 646 5726 dato
672 5654 743 5715 de
767 5651 926 5712 Οίυίι.
959 5653 1064 5711 Dei
1083 5671 1105 5720 ,-
1127 5675 1156 5706 «
1186 5654 1252 5715 Ei
1281 5651 1477 5728 potius
1522 5655 1740 5728 linguae
1773 5655 2154 5728 credendum,

2279 4662 2430 4717 vicn.
2467 4655 2514 4716 ιζ
2544 4678 2562 4714 1
2612 4659 2846 4733 (ξῘιι-οῐι.9
2881 4660 2980 4716 lib.
3033 4679 3071 4716 1.
3105 4655 3232 4733 cap'.
3282 4665 3370 4731 16,
3414 4655 3868 4732 Hieronymiana'n

2279 4733 2494 4787 hancce
2524 4731 2855 4803 pericopem
2892 4731 3309 4790 describentes.
3628 4731 3638 4732 ί
3685 4798 3701 4803 _
3789 4775 3792 4777 λ

2348 4805 2369 4837 ⁴
2397 4798 2592 4877 Graece
2621 4798 2795 4877 est—in
2843 4803 3072 4877 catenis
3105 4821 3247 4860 mss.
3301 4821 3479 4877 penes
3523 4798 3866 4877 Montfauc'o'u.

2275 4877 2382 4927 τῶν
2419 4870 2868 4957 δυναστευόνῖων.
2901 4875 3099 4946 Neque
3134 4860 3513 4957 pOPIZO‘hujus
3542 4876 3625 4929 eSt
3661 4860 3869 4957 heir-X5.

2279 4950 2466 5002 terum
2488 4946 2879 5019 quorumdam
2899 4932 3624 5019 sententiamimpu'gnare,
3643 4954 3751 5019 quae
3764 4932 3864 5019 fert.

2275 5002 2550 5098 Angelos,
2585 5016 2804 5098 quibus
2829 5017 3002 5098 bene,
3023 5018 3303 5098 aut_male
3325 5002 3531 5098 agendi
3562 5002 3868 5098 facultaﬂf

2276 5075 2452 5158 retifr,
2489 5075 2739 5160 feminas
2773 5075 3324 5160 deperiissejisque
3345 5075 3580 5160 j‘unctos
3605 5075 3865 5160 connubjPi

2275 5155 2454 5230 quam
2502 5158 2758 5215 fabulam
2809 5155 3015 5230 auctor
3063 5156 3162 5214 libi
3227 5155 3456 5216 Henoch
3525 5155 3756 5213 creditur
3781 5158 3866 5230 '39-

2272 5214 2783 5302 v‘exisserJamdiu
2815 5229 2916 5285 illa
2947 5231 3190 5298 obtinet,
3228 5214 3864 5302 quae'plurimpruafl‘gfg

2272 5281 2459 5358 ira;
2473 5281 2926 5372 ξεεξῐιιεῑδῖιᾱίιξ
2952 5281 3212 5358 sese}.
3232 5281 3556 5358 πρτίῑιέοτν-ιῑιθιίί
3582 5297 3684 5372 ne,
3733 5281 3864 5372 seu

2273 5356 2534 5449 posti—eros
2549 5356 2848 5449 deputari:
2885 5356 3040 5444 quos
3061 5356 3379 5449 sario—torum
3408 5374 3595 5449 liberos
3617 5356 3860 5449 ipSeﬁiﬁ'

2271 5431 2394 5513 ron,
2434 5443 2604 5516 paulo
2637 5443 2789 5498 intra
2818 5431 3000 5506 vocat,
3038 5447 3271 5500 nomine
3303 5461 3434 5499 vero
3465 5431 3693 5513 ﬁliarum
3720 5431 3861 5484 Ιιοπιτ·

2267 5533 2422 5584 num,
2454 5520 2621 5570 natas
2655 5530 2723 5568 ex
2755 5516 3005 5585 posteris
3035 5517 3198 5572 Cain.

2336 5605 2356 5639 δ
2387 5602 2748 5666 Scilicet'm’
2781 5588 2876 5672 Νι),
2907 5605 3022 5662 Non
3043 5604 3353 5664 contendet.
