4058 6172
171 297 198 360 ἱῗ
217 273 336 354 .997

1261 263 1494 329 LIBER
1538 263 1775 328 HEBR.
1821 266 2126 339 QUEST.
2170 267 2252 329 IN
2298 265 2576 331 GENES.

3501 273 3625 338 998

183 439 186 442 -
216 419 378 472 num,
409 401 554 475 quia
602 413 808 458 carnes
858 406 1015 460 sunt.
1053 424 1080 449 »
1137 403 1200 454 In
1251 402 1484 455 Aebrwo
1531 402 1680 456 3l5
1715 400 1862 455 scri-
1894 403 1945 466 Α
1977 403 2212 456 Hebraeo
2241 401 2456 457 dicitur
2479 417 2491 455 :
2518 425 2545 451 ‹‹
2578 400 2696 456 Noe
2724 399 2814 454 vir
2834 400 3057 471 justus,
3091 403 3380 472 perfectus
3410 405 3619 461 eratin

211 497 376 567 ptum
409 496 534 547 est:
570 514 599 540 «
629 491 754 546 Non
779 489 1074 560 judicabit
1103 489 1347 562 spiritus
1398 505 1563 543 meus
1597 490 1864 544 homines

177 569 356 637 ’istos
389 581 448 635 in
482 579 931 652 sempiternum,
964 578 1105 650 quia
1153 594 1285 633 caro
1337 581 1517 644 sunt;
1553 599 1579 626 ››
1613 576 1722 632 hoc
1753 582 1862 643 est,

209 671 350 743 quia
377 667 605 741 fragilis
654 672 744 722 est
793 667 853 721 in
903 666 1142 721 homine
1199 665 1476 730 conditio,
1516 681 1631 720 non
1661 681 1760 720 eos
1792 666 1862 719 ad

211 763 460 814 aeternos
490 757 732 812 servabo
767 755 1102 810 cruciatus:
1139 755 1241 809 sed
1274 753 1369 808 hic
1413 752 1528 808 illis
1562 753 1862 808 restituam

211 847 370 920 quod
402 848 720 900 merentur.
749 844 894 915 Ergo
920 859 1034 898 non
1058 843 1447 908 severitatem,
1473 847 1535 896 ut
1557 841 1617 896 in
1649 843 1866 896 nostris

214 934 516 990 codicibus
545 933 780 1005 legitur,
813 933 914 987 sed
947 931 1317 988 clementiam
1350 931 1448 986 Dei
1497 934 1684 996 sonat,
1724 931 1865 984 dum

217 1027 488 1096 peccator
537 1022 632 1077 hic
679 1038 782 1092 pro
838 1038 944 1076 suo
989 1020 1206 1076 scelere
1253 1019 1542 1074 visitatur.
1603 1019 1765 1073 Unde
1812 1021 1870 1072 et

215 1113 403 1168 iratus
452 1111 608 1166 Deus
665 1109 929 1180 loquitur
985 1111 1055 1164 ad
1116 1109 1442 1180 quosdam:
1493 1108 1605 1162 Non
1637 1107 1867 1162 visitabo

213 1201 368 1270 filias
396 1215 609 1268 eorum,
644 1214 766 1252 cum
795 1198 1004 1267 fuerint
1027 1199 1340 1267 fornicatzc,
1368 1201 1420 1250 et
1438 1211 1660 1266 sponsas
1681 1211 1869 1249 eorum

215 1305 337 1342 cum
366 1287 808 1343 adulteraverint
835 1285 993 1356 (Osce
1044 1303 1117 1353 vn,
1177 1285 1287 1353 Μ).
1348 1285 1414 1337 Et
1473 1284 1527 1336 in
1561 1281 1672 1337 alio
1704 1282 1864 1338 loco:

223 1375 462 1430 l’isitabo
506 1377 564 1428 in
620 1376 771 1444 virga
821 1375 1140 1445 iniquitates
1191 1388 1401 1441 eorum,
1452 1375 1500 1426 et
1551 1373 1610 1425 in
1638 1371 1870 1443 ﬂagellis

215 1472 435 1531 peccata
484 1479 672 1518 eorum
705 1481 723 1516 :
787 1466 1154 1518 verumtamen
1193 1459 1628 1515 miscricordiam
1693 1475 1871 1514 meam

215 1568 332 1607 nan
368 1551 616 1624 auferam
645 1551 714 1604 ab
743 1551 824 1604 eis
857 1549 1030 1620 (Psal.
1087 1566 1354 1604 LXXXVIII.
1410 1549 1498 1616 33,
1549 1549 1660 1619 34).
1697 1547 1869 1602 Porro

217 1656 294 1696 ne
325 1640 614 1696 videretur
644 1639 704 1693 in
737 1656 802 1694 eo
835 1655 962 1695 esse
993 1637 1274 1704 crudelis,
1306 1639 1460 1709 quod
1492 1636 1871 1709 peccantibus

1974 490 2446 558 generationibus
2479 489 2641 544 suis:
2679 506 2814 544 cum
2845 488 2960 544 Deo
2991 491 3329 546 ambulabat
3357 494 3464 564 [Αἱ.
3490 510 3616 548 am-

1975 577 2160 647 bulat]
2193 579 2307 633 Noe
2334 597 2346 645 ;
2382 600 2410 628 ››
2445 578 2554 634 hoc
2583 582 2672 634 est
2702 578 2860 633 illius
2886 578 3131 649 vestigia
3162 581 3532 650 sequebatur.

2045 670 2231 737 (Vers.
2266 667 2376 732 l4.)
2399 691 2423 714 «
2463 671 2568 722 Fac
2590 666 2692 720 tibi
2727 683 2919 722 arcam
2953 666 3217 738 delignis
3249 669 3618 738 quadratis.»

1975 755 2083 809 Pro
2115 755 2416 825 quadratis
2447 754 2642 827 lignis,
2691 755 3022 810 bituminala
3088 754 3339 827 legimus
3393 757 3452 812 in
3513 758 3623 814 He-

1975 843 2128 898 braeo
2158 845 2199 898 ε.

2049 931 2232 1002 (Vers.
2263 933 2369 1002 16.)
2394 955 2420 980 ‹‹
2453 931 2784 1002 Colligiens,
2815 931 2988 987 facies
3012 949 3231 1000 arcam,
3256 937 3313 988 et
3342 933 3400 989 in
3427 935 3626 991 cubito

1978 1021 2418 1076 consummabis
2441 1037 2565 1075 eam
2596 1022 2865 1091 desuper.
2895 1042 2923 1070 »
2961 1021 3066 1075 Pro
3097 1037 3162 1076 eo
3188 1024 3340 1093 quod
3373 1027 3483 1088 est,
3506 1024 3624 1078 col-

1978 1110 2155 1176 ligens
2185 1111 2353 1178 facies
2383 1126 2588 1171 arcam,
2627 1110 2681 1162 in
2714 1110 2946 1164 tlebrzeo
2996 1109 3190 1177 habet,
3250 1111 3627 1167 meridianum

1975 1199 2145 1267 facies
2166 1213 2312 1252 arca:
2339 1198 2380 1263 ³,
2414 1197 2568 1267 quod
2633 1197 3000 1252 manifestius
3059 1197 3478 1269 interpretatus
3539 1205 3629 1256 est

1977 1286 2386 1354 Symmachus,
2419 1286 2638 1351 dicens,
2675 1282 2944 1361 διαφανὲς,
3007 1285 3112 1340 hoc
3171 1292 3280 1354 est,
3311 1287 3622 1343 dilucidum

1978 1375 2148 1445 facies
2178 1391 2339 1441 arcae,
2377 1374 2570 1429 volens
2599 1376 2910 1431 fenestram
2937 1374 3200 1446 intelligi.

2058 1467 2216 1534 (Cap.
2248 1463 2396 1517 VIII.
2429 1494 2497 1503 ——
2521 1462 2685 1518 Vers.
2720 1463 2810 1533 2.)
2846 1485 2871 1511 ‹‹
2903 1463 3207 1533 thuievit
3227 1481 3398 1535 aqua,
3432 1469 3488 1521 et
3537 1481 3628 1520 re-

1979 1552 2149 1607 velati
2181 1557 2322 1607 sunt
2351 1552 2540 1606 fontes
2571 1553 2790 1624 abyssi,
2824 1557 2880 1606 et
2930 1556 3229 1606 cataracta:
3279 1553 3426 1608 coeli.
3464 1577 3490 1601 ι)
3526 1553 3633 1609 Pro

1986 1641 2251 1696 revelatis
2301 1643 2580 1706 fontibus,
2643 1641 2874 1695 clausos
2938 1645 2994 1695 et
3051 1641 3375 1708 obturatas,
3426 1658 3634 1698 omnes

211 1729 411 1784 locum
437 1727 816 1834 ‘pmnitentizs
876 1744 990 1782 non
1045 1727 1324 1826 dedisset,
1383 1725 1595 1825 adjecit
1629 1744 1640 1780 :
1696 1748 1722 1774 ‹‹
1757 1725 1868 1780 Sed
1906 1769 1953 1834 Β
1987 1732 2330 1803 interpretes
2361 1730 2806 1786 transtulerunt.
2833 1732 2899 1783 Et
2929 1745 3031 1800 pro
3063 1745 3128 1783 eo
3160 1730 3313 1800 quod
3341 1730 3634 1801 sequitur:

211 1821 387 1874 erunt
419 1817 544 1872 dies
569 1832 772 1872 eorum
806 1821 1039 1872 centum
1073 1815 1276 1887 viginti
1313 1814 1472 1871 anni.
1503 1837 1528 1860 η
1584 1819 1702 1869 Hoc
1765 1817 1872 1882 est,

212 1906 525 1962 habebunt
555 1908 790 1960 centum
847 1903 1051 1975 viginti
1077 1920 1262 1958 annos
1276 1904 1347 1958 ad
1380 1904 1668 1974 a‘gendam
1692 1901 1878 1974 ι)ωηί-

215 1994 493 2051 tentiam.
525 1993 651 2049 Non
682 1993 863 2065 igitur
891 1992 1154 2048 humana
1181 1993 1318 2059 vita,
1353 1996 1417 2047 ut
1460 1990 1628 2046 multi
1661 1994 1882 2056 errant,

215 2083 282 2146 in
316 2086 553 2138 centum
583 2082 789 2154 viginti
823 2098 1006 2137 annos
1029 2085 1328 2137 contracta
1349 2084 1476 2136 est:
1512 2081 1612 2135 sed
1647 2096 1891 2152 genera-

217 2172 370 2228 tioni
401 2170 508 2239 illi,
545 2176 780 2226 centum
809 2169 1015 2243 viginti
1043 2169 1181 2226 anni
1213 2171 1284 2225 ad
1319 2169 1724 2242 pmnitentiam
1767 2169 1886 2223 dati

230 2264 395 2317 sunt.
441 2261 742 2332 Siquidem
801 2259 1151 2325 invenimus,
1212 2260 1366 2330 quod
1418 2263 1555 2329 post
1599 2257 1886 2313 diluvium

233 2349 540 2407 Abraham
569 2349 772 2405 vixerit
801 2365 986 2404 annos
1018 2353 1253 2404 centum
1294 2347 1663 2420 septuaginta
1719 2347 1889 2417 quin-

237 2455 380 2512 que,
403 2442 462 2494 et
489 2437 678 2493 caeteri
712 2436 965 2508 amplius
997 2437 1267 2492 ducentis
1297 2441 1354 2491 et
1385 2435 1658 2491 trecentis
1696 2433 1888 2490 annis.

241 2528 393 2593 Quia
423 2543 559 2583 vero
590 2526 992 2599 paenitentiam
1026 2542 1194 2598 agere
1225 2529 1721 2596 contempserunt,
1783 2539 1892 2578 no-

232 2616 356 2673 luit
387 2620 538 2672 Deus
569 2620 803 2688 tempus
838 2619 1168 2686 exspectare
1186 2615 1483 2670 decretum
1509 2631 1520 2668 :
1560 2613 1658 2668 sed
1687 2611 1889 2684 viginti

236 2721 532 2763 annorum
566 2705 774 2777 spatiis
801 2703 1122 2775 amputatis
1152 2703 1381 2759 induxit
1410 2703 1697 2757 diluvium
1738 2717 1890 2757 anno

239 2794 565 2852 centesimo
595 2793 833 2865 agendae
863 2792 1208 2863 pueniteniice
1240 2793 1553 2848 destinato.

313 2883 500 2955 (Vers.
531 2883 584 2938 ἆ.
623 2885 639 2953 )
669 2905 696 2931 ‹‹
727 2881 1002 2954 Gigantes
1032 2887 1226 2937 autem
1261 2886 1426 2937 erant
1455 2897 1631 2953 super
1677 2885 1891 2935 terram

238 2976 300 3030 in
334 2972 544 3028 diebus
566 2971 704 3040 illis,
732 2977 786 3026 et
808 2975 938 3042 post
966 2971 1086 3026 haec
1104 2971 1396 3042 quomodo
1419 2970 1896 3042 ingrediebantur

235 3062 349 3118 ﬁlii
382 3062 484 3116 Dei
516 3061 588 3116 ad
623 3059 773 3116 tilias
806 3059 1136 3125 hominum,
1170 3065 1226 3114 et
1255 3060 1614 3132 generabant
1643 3059 1749 3114 eis.
1803 3057 1893 3112 Illi

1996 1843 2016 1868 ε
2043 1820 2302 1875 Cessavit
2323 1838 2474 1891 aqua
2497 1836 2674 1890 super
2695 1823 2932 1884 terram,
2961 1839 2988 1866 »
3011 1821 3068 1872 et
3088 1817 3331 1888 reliqua,
3355 1818 3639 1890 scriptum

1992 1914 2080 1965 est
2106 1927 2118 1964 :
2147 1933 2173 1958 «
2208 1910 2276 1963 Et
2306 1926 2544 1964 reversa:
2577 1912 2719 1963 sunt
2749 1924 2910 1978 aquae
2958 1907 3028 1961 de
3084 1911 3260 1972 terra,
3325 1913 3534 1963 euntes
3586 1913 3644 1964 et

1995 1997 2306 2052 redeuntes
2335 1996 2494 2066 (Ibid.
2528 1996 2603 2066 3).
2633 2018 2658 2043 ››
2684 1999 2853 2060 Nota,
2887 1995 3210 2049 secundum
3233 1995 3642 2061 Ecclesiasten,

1997 2087 2152 2156 quod
2183 2101 2389 2140 omnes
2421 2101 2584 2155 aquai
2632 2088 2807 2154 atque
2855 2088 3162 2151 torrentes,
3223 2099 3326 2154 per
3382 2085 3642 2141 occultas

1996 2191 2173 2230 venas
2203 2174 2272 2228 ad
2305 2173 2609 2228 matricem
2638 2173 2918 2240 abyssum
2979 2171 3100 2242 [Αἰ.
3170 2171 3391 2242 abyssi]
3449 2189 3644 2229 rever-

1998 2267 2198 2318 tantur
2229 2264 2419 2333 (Eccle.
2459 2279 2496 2326 1,
2527 2261 2603 2331 7).

2070 2352 2252 2423 (Vers.
2311 2352 2454 2421 6-8.)
2514 2374 2538 2398 «
2602 2349 2737 2403 Post
2793 2347 3182 2419 quadraginta
3237 2349 3362 2404 dies
3417 2351 3646 2420 aperuit

1998 2442 2116 2496 Noe
2145 2441 2362 2496 ostium
2395 2455 2538 2494 arcze
2570 2439 2721 2510 quod
2753 2436 2903 2501 fecit,
2931 2441 2987 2491 et
3017 2435 3215 2492 emisit
3268 2453 3530 2505 corvum,
3590 2443 3648 2495 et

1999 2546 2271 2602 egressus
2301 2545 2416 2583 non
2447 2527 2618 2582 rediit
2635 2526 2704 2581 ad
2727 2542 2882 2594 eum,
2902 2525 3085 2580 donec
3104 2526 3464 2581 siccarentur
3481 2543 3645 2599 aqua:

2000 2621 2071 2674 de
2103 2624 2274 2674 terra.
2311 2640 2338 2666 ››
2373 2617 2476 2672 Pro
2499 2617 2670 2682 ostio,
2691 2617 2933 2685 fenestra
2952 2614 3172 2686 scripta
3193 2619 3281 2669 est
3302 2615 3359 2669 in
3385 2615 3644 2672 Hebraeo.

2002 2709 2070 2762 Et
2100 2708 2171 2762 de
2202 2722 2368 2761 corvo
2426 2704 2596 2759 aliter
2647 2704 2890 2759 dicitur:
2952 2727 2978 2752 ‹‹
3041 2703 3249 2758 Emisit
3296 2721 3532 2760 corvum
3592 2710 3650 2762 et

2001 2813 2274 2868 egressus
2305 2799 2414 2861 est,
2446 2796 2642 2850 exiens
2672 2798 2729 2848 et
2760 2795 3053 2848 revertens
3082 2793 3103 2825 ⁴
3133 2793 3314 2848 donec
3359 2794 3649 2850 siccaren-

2001 2889 2099 2941 tur
2127 2902 2290 2956 aquzn
2323 2885 2394 2939 de
2419 2889 2590 2938 terra.
2629 2905 2656 2931 ››

2074 2976 2234 3047 (Cap.
2270 2974 2363 3028 IX.
2399 2972 2655 3027 —Vers.
2690 2973 2800 3040 18.)
2837 2992 2863 3020 ‹‹
2896 2972 2965 3026 Et
2995 2975 3161 3026 erant
3208 2969 3315 3025 filii
3346 2971 3486 3038 Noe,
3548 2972 3648 3044 qui

2004 3063 2222 3137 egressi
2250 3065 2388 3118 sunt
2418 3062 2488 3117 de
2519 3076 2674 3126 arca,
2725 3059 2882 3124 Sem,
2939 3059 3140 3125 Cham,
3197 3064 3254 3115 et
3307 3060 3581 3132 Japheth.
3620 3083 3649 3110 »

238 3155 411 3209 erant
432 3150 698 3222 gigantes
727 3167 761 3204 a
792 3150 1004 3206 seculo
1046 3149 1314 3204 homines
1370 3148 1676 3204 nominati.
1739 3172 1760 3200 ι
1826 3149 1889 3202 In
1921 3133 1962 3198 C
2004 3133 2358 3224 Frequenter
2384 3148 2762 3220 Septuaginta
2812 3148 3158 3220 interpretes
3217 3164 3331 3203 non
3389 3148 3647 3205 valentes

237 3241 483 3296 Hebraeo
515 3240 595 3293 ita
628 3238 830 3294 habet:
879 3260 906 3288 «
960 3240 1242 3294 Cadentes
1288 3244 1452 3293 erant
1508 3237 1567 3292 in
1622 3242 1777 3293 terra
1831 3237 1891 3291 in

241 3329 456 3385 diebus
475 3327 615 3392 illis,
643 3349 669 3375 »
697 3327 752 3382 id
776 3331 864 3382 est
882 3345 1244 3383 ANNAPHILIM
1267 3330 1280 3362 ¹
1309 3311 1598 3398 (m‘amn).
1625 3351 1651 3377 ‹‹
1677 3327 1746 3382 Et
1767 3330 1896 3398 post

239 3419 371 3474 haec
399 3420 464 3472 ut
491 3416 970 3488 ingrediebantur
1001 3416 1104 3471 filii
1137 3417 1376 3471 deorum
1405 3416 1476 3470 ad
1513 3415 1665 3470 ﬁlias
1704 3413 1891 3470 homi-

241 3522 416 3573 num,
448 3509 504 3560 et
526 3504 882 3577 generabant
911 3505 1031 3561 eis:
1064 3505 1123 3560 hi
1154 3510 1319 3560 erant
1358 3505 1536 3558 fortes
1590 3521 1624 3558 a
1682 3502 1894 3573 princi-

242 3595 353 3668 pio
393 3593 501 3648 viri
557 3593 864 3649 nominati.
924 3594 1030 3650 Pro
1087 3593 1452 3660 cadentibus,
1514 3592 1633 3648 sive
1691 3592 1895 3664 gigan-

247 3683 442 3745 tibus,
472 3682 722 3738 violentos
755 3683 1166 3755 interpretatus
1214 3686 1302 3737 est
1359 3681 1767 3753 Symmachus.
1826 3681 1897 3735 Et

243 3769 482 3843 angelis
512 3775 703 3826 autem
726 3776 782 3827 et
812 3777 1145 3827 sanctorum
1174 3770 1371 3826 liberis
1400 3770 1894 3826 convenitnomen

241 3859 615 3918 cadentium.

315 3948 506 4019 (Vers.
539 3950 618 4018 9.)
643 3971 669 3996 «
700 3949 815 4004 Noe
846 3949 932 4003 vir
954 3949 1154 4018 justus
1186 3953 1362 4019 atque
1394 3947 1760 4019 perfectusin
1793 3963 1896 4019 ge-

242 4038 554 4094 neratione
585 4053 711 4103 sua,
747 4042 860 4092 Deo
897 4038 1134 4109 placuit.
1171 4060 1197 4086 ››
1249 4037 1562 4108 Signanter
1608 4037 1689 4091 ait
1744 4037 1898 4092 318

246 4127 307 4183 Id
335 4128 691 4198 generatione
717 4143 855 4182 sua:
893 4127 1313 4182 utostenderet
1353 4143 1466 4180 non
1512 4127 1682 4197 juxta
1719 4127 1898 4197 justi-

241 4217 393 4272 tiam
427 4221 928 4270 consummatam:
964 4216 1063 4270 sed
1106 4217 1276 4286 juxta
1330 4215 1720 4286 generationis
1780 4233 1898 4270 sua:

236 4303 544 4376 justitiam
576 4303 758 4359 fuisse
787 4321 916 4359 eum
943 4305 1196 4374 justum.
1234 4304 1299 4358 Et
1356 4303 1462 4358 boc
1493 4310 1581 4360 est
1626 4305 1780 4376 quod
1841 4304 1897 4359 in

2004 3257 2145 3296 nam
2179 3241 2261 3312 (Π)
2294 3238 2568 3305 litteram,
2603 3254 2729 3308 qua:
2760 3236 3052 3308 duplicem
3087 3237 3502 3308 aspirationem
3551 3253 3645 3293 so-

2004 3335 2121 3393 nat,
2156 3329 2214 3382 in
2249 3327 2514 3383 Graecum
2536 3341 2862 3381 sermonem
2893 3329 3134 3393 vertere,
3166 3326 3252 3380 chi
3282 3326 3363 3398 (χ)
3387 3329 3645 3383 Graecam

2007 3418 2256 3474 litteram
2290 3416 2678 3471 addiderunt:
2714 3420 2777 3468 ut
2808 3430 2915 3469 nos
2931 3413 3279 3470 docerentin
3311 3415 3646 3471 istiusmodi

2005 3505 2299 3560 vocabulis
2330 3503 2584 3574 aspirare
2616 3503 2874 3557 debere:
2939 3502 3092 3557 unde
3145 3507 3201 3557 et
3259 3503 3315 3557 in
3376 3505 3647 3575 praesenti

2003 3594 2149 3655 loco,
2181 3593 2351 3646 Cham
2379 3589 2827 3659 transtulerunt,
2863 3607 2964 3662 pro
2997 3606 3062 3644 eo
3093 3591 3247 3660 quod
3279 3597 3368 3646 est
3416 3609 3556 3659 "AM,
3617 3610 3651 3649 a

2006 3699 2121 3754 quo
2153 3686 2209 3736 et
2243 3681 2521 3752 .Egyptus
2552 3694 2738 3749 usque
2767 3677 2936 3732 hodie
2968 3679 2988 3712 ⁵
3011 3678 3414 3750 rEgyptiorum
3448 3678 3649 3751 lingua

2007 3787 2126 3825 11AM
2157 3768 2390 3824 dicitur.

2079 3861 2268 3930 (Vers.
2300 3857 2416 3926 27.)
2449 3879 2476 3904 «
2513 3855 2724 3910 Dilatet
2754 3855 2906 3909 Deus
2937 3853 3168 3924 Japhet,
3222 3857 3280 3909 et
3308 3852 3533 3911 habitet
3590 3856 3650 3911 in

2016 3945 2409 4004 tabernaculis
2461 3946 2606 4000 317
2643 3945 2794 3999 Sem.
2833 3967 2860 3991 ››
2911 3948 2987 3998 De
3045 3944 3200 4009 Sem,
3256 3944 3523 4012 Hebraei;
3582 3946 3655 4002 de

2004 4036 2278 4109 Japheth,
2308 4033 2557 4106 populus
2579 4034 2839 4104 gentium
2864 4032 3139 4087 nascitur.
3163 4032 3306 4096 Quia
3337 4033 3654 4106 igiturlata

2008 4130 2097 4182 est
2166 4123 2477 4179 multitudo
2535 4122 2917 4185 credentium,
3005 4139 3037 4175 a
3114 4121 3442 4186 latitudine,
3523 4140 3651 4194 quae

2007 4230 2254 4270 .MPIIETII
2284 4214 2445 4285 (usi)
2477 4211 2707 4277 dicitur,
2731 4210 2971 4265 latitudo
3004 4227 3214 4265 nomen
3245 4209 3652 4281 accepit.Quod

2011 4309 2205 4359 autem
2240 4301 2352 4357 ait:
2395 4323 2421 4349 ‹‹
2457 4305 2518 4354 Ει
2551 4299 2774 4354 habitet
2803 4299 2862 4352 in
2896 4298 3284 4354 tabernaculis
3307 4299 3466 4366 Sem,
3499 4321 3526 4347 ››
3585 4298 3658 4355 de

321 4431 345 4500 ¹ί
373 4429 433 4483 Id
465 4433 548 4483 est
577 4428 950 4500 Annaphilim.
985 4429 1067 4482 Ita
1097 4427 1299 4500 legunt
1335 4445 1478 4483 mss.
1539 4429 1786 4498 codices,
1847 4434 1904 4485 et
2012 4425 2147 4481 licet
2180 4425 2426 4500 lignum,
2459 4429 2516 4480 et
2537 4423 2606 4478 ad
2642 4422 2994 4500 fluitantium
3018 4438 3196 4500 super
3224 4439 3405 4500 aquas
3425 4421 3658 4494 aptissi-

243 4499 496 4574 quidem
529 4498 890 4574 rectissime;
926 4499 982 4574 in
1015 4498 1253 4574 Hebraeo
1285 4515 1539 4574 namque
1570 4501 1796 4574 positus
1816 4505 1907 4574 est
1936 4503 1982 4567 D
2015 4514 2198 4574 mum:

242 4569 541 4644 articulus
571 4582 609 4626 Π
643 4570 696 4638 h,
722 4586 896 4641 quem
930 4570 1310 4626 Grammatici
1348 4569 1581 4626 vocanti
1617 4572 1904 4644 emphati-

246 4674 416 4724 cum,
444 4643 667 4738 p35;er
699 4659 1061 4738 hanephilirn.
1107 4659 1374 4738 Veteres__
1395 4675 1586 4738 porro,
1649 4643 1729 4738 uti
1769 4658 1908 4715 alibi

248 4734 466 4786 monet.
491 4729 904 4812 hieronymus,
929 4730 1236 4812 "Hebraeum
1262 4741 1300 4786 Π
1326 4734 1396 4798 ll,
1425 4729 1693 4855 legsbant
1722 4747 1832 4812 per.
1853 4749 1906 4798 a,

248 4803 421 4856 unde
449 4800 541 4854 hic
570 4802 928 4857 Annanhzlzm
952 4818 1054 4857 oro
1087 4801 1364 4856 hodierno
1391 4806 1446 4855 et
1553 4802 1907 4857 assorethico

247 4803 421 4856 unde
449 4800 541 4872 hic
570 4800 928 4872 Annaphilim
951 4818 1054 4872 pro
1087 4801 1364 4856 hodierno
1391 4806 1446 4855 et

252 4869 673 4942 hannephilim.
709 4869 997 4927 MARTIASJ.

323 4973 395 4982 ——
424 4946 767 5015 Nosterims.
802 4948 1020 5015 absque
1049 4955 1087 5015 Π
1120 4943 1365 5015 articulo
1392 4943 1622 5015 Niﬁlim.
1659 4943 1905 5015 Martian

236 5015 307 5071 in
329 5013 694 5086 assignanda
712 5016 888 5085 hujus
911 5013 1165 5069 nominis
1187 5014 1658 5086 pronuntiatione
1677 5013 1906 5070 diversa

531 5087 954 5140 assorethicum
992 5085 1234 5151 textum,
1265 5085 1488 5139 fallitur
1513 5101 1654 5150 ;non
1677 5086 1832 5141 enim
1853 5087 1909 5140 in

248 5157 459 5241 prima
488 5157 710 5239 syllaba
741 5157 859 5212 sive
890 5157 948 5241 in
979 5168 1026 5241 ri.
1050 5157 1240 5241 dilfert
1269 5157 1339 5211 ab
1387 5157 1750 5241 Hieronymo,
1811 5158 1911 5241 sed

244 5228 315 5286 in
350 5228 561 5296 altera,
596 5229 714 5283 sive
743 5234 960 5300 puncto
991 5230 1218 5300 Scheva:
1255 5234 1538 5299 quantum
1573 5243 1782 5300 nempe
1821 5235 1911 5283 est

243 5302 414 5356 inter
446 5299 794 5367 llanephilim
832 5306 890 5355 et
921 5299 1285 5370 Anaphilim:
1323 5316 1454 5354 mox
1486 5299 1800 5368 Palatinus,
1862 5309 1911 5355 et

246 5102 448 5167 penes

234 5371 598 5443 generabant
625 5373 694 5424 ab
725 5375 822 5426 eis.

331 5444 356 5476 ¹
388 5442 488 5497 Est
521 5447 718 5497 autem
751 5443 807 5496 in
841 5442 1077 5498 Hebraeo
1109 5451 1214 5504 15:
1243 5452 1365 5504 73v.
1399 5443 1554 5513 quod
1613 5441 1684 5497 de
1741 5442 1914 5512 lignis

240 5516 436 5586 pineis
463 5513 862 5586 interpreteris
889 5533 901 5582 ;
935 5520 1023 5570 est
1064 5515 1218 5569 enim
1243 5523 1380 5586 71571:
1412 5530 1528 5569 una
1559 5531 1627 5570 ex
1656 5520 1912 5585 quatuor

234 5585 566 5713 sgeciebus
599 5585 826 5654 abietis,
861 5601 1037 5657 quam
1073 5585 1340 5653 ltabbini,
1390 5601 1538 5654 quos
1587 5587 1739 5640 inter
1785 5588 1904 5665 On.-

234 5673 274 5713 c
336 5654 456 5713 aloe
485 5661 545 5713 et
581 5656 904 5713 Jonathan.
927 5659 1167 5713 cedrum
1199 5671 1327 5713 esse
1357 5660 1602 5713 nutant:
1636 5656 1759 5713 leve
1800 5671 1904 5713 sci-

225 5673 274 5717 ο

336 5654 456 5716 aloe
485 5661 545 5716 et
581 5654 904 5733 Jonathan,
927 5659 1167 5718 cedrum
1199 5671 1327 5720 esse
1357 5660 1602 5731 putant:
1636 5656 1759 5715 leve
1800 5655 1912 5714 sci-

2285 4501 2452 4551 utant
2479 4511 2611 4550 vero
2638 4492 2905 4549 nonnulli
2931 4492 3145 4567 lectum
3195 4492 3658 4567 abiHjeronymo

2014 4579 2150 4633 13:),
2169 4567 2396 4640 Choper,
2421 4567 2574 4640 quod
2599 4572 2686 4621 est
2704 4565 3136 4640 bitumen_.Quid
3153 4566 3316 4640 quod
3342 4565 3658 4640 Procopius

2016 4641 2182 4694 docet
2211 4636 2338 4695 esse
2362 4636 2419 4694 in
2439 4636 2673 4694 Hebraeo
2702 4654 2771 4692 ex
2791 4637 3001 4693 tabulis
3022 4636 3458 4708 quadrangulari
3476 4636 3658 4708 forma

2015 4712 2274 4767 connexis
2296 4715 2323 4764 ἱ)

2087 4781 2347 4852 δβῑίᾳυε
2377 4781 2448 4836 ad
2508 4780 2664 4852 hunc
2723 4779 2962 4852 modum
3019 4779 3229 4850 Aquila
3285 4770 3654 4852 lasonjtsptvbv

2017 4848 2271 4920 ποιῆσειξ
2304 4857 2370 4918 τῆ
2430 4848 2652 4903 κιοὼτώ
2703 4848 3102 4905 meridianum_
3126 4848 3295 4920 facies
3349 4848 3518 4905 arcae
3548 4848 3654 4904 He-

2019 4926 2209 4980 braeus
2239 4940 2370 4978 vero
2392 4927 2582 4977 textus
2613 4933 2750 4984 m3,
2786 4921 2938 4991 quod
2969 4921 3213 4975 vertitur
3244 4922 3300 4975 in
3339 4922 3655 4991 fenestram.

2091 5006 2111 5038 ⁴
2143 5005 2340 5058 Exiens
2421 5007 2472 5056 et
2557 5009 2844 5056 revertens.
2937 4998 3103 5052 Falso
3158 5000 3215 5053 in
3271 5005 3438 5054 antea
3487 4999 3661 5054 editis

2020 5075 2183 5130 libris
2213 5075 2514 5146 legebatur
2543 5070 2838 5146 particula
2860 5070 3126 5146 negativa
3154 5077 3203 5146 et
3228 5087 3335 5146 non
3369 5072 3658 5146 revertens.

2022 5140 2454 5202 Consule'hunc
2486 5140 2676 5198 locum
2704 5142 2760 5196 in
2793 5140 2954 5195 Notis
3001 5141 3212 5196 nostris
3269 5141 3340 5195 ad
3399 5143 3656 5196 Divinam

2020 5218 2410 5272 Bibliolliecam
2443 5214 2794 5284 Hieronymi,
2827 5213 2946 5266 sive
2979 5217 3098 5266 tom
3151 5213 3170 5268 l
3223 5211 3493 5268 editionis
3556 5229 3658 5268 no-

2023 5295 2176 5344 strai.
2211 5291 2493 5342 MAItTIAN.

2093 5367 2362 5422 l‘V’itiose
2438 5365 2734 5420 Palatinus
2819 5379 2852 5416 a
2919 5378 3022 5433 quo
3076 5367 3125 5418 et
3181 5363 3325 5436 apud
3380 5363 3662 5436 mggptios

2022 5455 2191 5510 usque
2220 5438 2396 5510 hodie,
2431 5443 2539 5492 etc.
2567 5438 2740 5510 Ispar
2772 5449 3007 5510 nempe”
3037 5439 3316 5510 Egyptus
3369 5453 3404 5490 a
3459 5438 3662 5510 Chatti,

2021 5501 2321 5565 Miizraimi
2354 5501 2514 5581 patre
2548 5501 2794 5575 Clidmia,
2830 5501 2926 5558 vel
2949 5501 3360 5581 Climnifi'dicta
3387 5509 3493 5581 est.
3523 5580 3526 5581 ν
3552 5501 3663 5556 He-

2023 5572 2405 5714 ἓῖωἱεβνῗιὶ,
2468 5581 2658 5650 Cham,
2709 5572 3063 5651 et'Coptitis
3116 5572 3452 5658 Τηρφχημῖ,
3509 5580 3661 5632 terra

2083 5669 2233 5714 :amt.
2268 5670 2298 5712 θ
2325 5669 2375 5712 0.

2083 5654 2233 5723 :ami,
2268 5657 2375 5712 etc.
