4084 6170
276 342 431 433 ieci

1332 337 1563 400 LIBER
1605 334 1838 403 HEBR.
1883 328 2190 405 QUEST.
2235 331 2313 392 IN
2360 328 2638 394 GENES.

3522 322 3680 403 10,03

275 491 454 551 quam
485 472 573 530 illi
601 475 812 529 vocant
846 469 1100 544 πέμπτην
1162 465 1463 525 διάλεκτον.
1528 468 1769 525 TIIARSIS
1826 464 1927 521 Jo-

2065 464 2321 520 iaulatim
2353 462 2597 535 antiqua
2622 459 2907 517 vocabula
2936 460 3256 533 perdidere,
3279 462 3336 519 et
3363 474 3490 534 que
3520 475 3678 531 nunc

234 566 239 581 ⁵
273 564 497 637 sephus
527 561 733 617 Cilicas
763 561 1105 627 arbitratur,
1154 560 1182 612 0
1234 558 1610 631 aspirationis
1668 556 1928 611 litteram

236 650 817 725 'vitioseaposteris
860 649 920 705 in
970 668 1000 701 τ
1058 647 1259 704 dicens
1318 647 1501 705 fuisse
1557 647 1926 717 corruptam:

236 744 434 799 ‘unde
462 744 519 797 ct
548 737 889 811 metropolis
931 754 1135 794 eorum
1167 737 1367 792 civitas
1426 737 1616 791 Tarsus
1673 731 1929 806 appella-

273 828 605 898 tur,'Paulo
637 826 899 900 apostolo
958 824 1231 898 gloriosa.
1294 824 1521 881 Cethim
1580 827 1720 879 sunt
1773 820 1930 889 Citii,

238 926 245 931 '
275 938 311 975 a
332 918 547 993 quibus
580 932 768 989 usque
800 914 975 970 hodie
1007 930 1241 987 quoque
1269 915 1411 969 urbs
1451 913 1619 985 Cypri
1652 912 1667 945 ¹
1730 910 1933 966 Citium

246 1004 635 1064 nominatur.
695 1003 850 1061 319
902 1002 1188 1059 Dodanim
1245 1004 1286 1069 ³,
1347 1002 1604 1057 Rhodii:
1655 1000 1737 1057 ita
1774 998 1933 1056 enim

276 1094 665 1169 Septuaginta
722 1092 1077 1165 Interpretes
1133 1092 1580 1148 transtulerunt.
1642 1090 1932 1162 Legamus

273 1182 557 1241 Varronis
586 1182 652 1239 de
679 1181 1121 1253 Antiquitatibus
1148 1181 1354 1248 libros,
1387 1184 1443 1235 et
1473 1179 1717 1236 Sisinnii
1757 1177 1933 1250 Capi-

272 1274 453 1342 tonis,
488 1275 545 1328 et
573 1270 839 1329 Graecum
873 1269 1221 1343 Phlegonta,
1254 1273 1610 1341 caaterosque
1666 1267 1934 1324 eruditis—

275 1362 459 1419 simos
484 1361 679 1417 viros:
712 1365 769 1417 et
798 1358 1133 1415 videbimus
1164 1373 1369 1414 omnes
1401 1373 1549 1431 pene
1578 1355 1824 1423 insulas,
1877 1359 1934 1409 et

274 1451 459 1507 totius
491 1448 649 1505 orbis
676 1447 893 1516 littora,
927 1452 1231 1520 terrasque
1261 1446 1409 1502 mari
1438 1446 1680 1513 vicinas,
1721 1442 1931 1500 Graecis

276 1539 492 1596 accolis
521 1528 836 1611 Occupatas
860 1535 1016 1609 :qui,
1048 1542 1111 1591 ut
1136 1535 1688 1608 supradiximus,ab
1709 1536 1931 1590 Amano

276 1632 335 1684 et
363 1631 552 1685 Tauro
583 1625 905 1694 montibus,
936 1625 1136 1680 omnia
1161 1624 1459 1689 maritima
1494 1623 1620 1679 loca
1652 1638 1837 1694 usque
1858 1621 1931 1677 ad

278 1732 565 1773 oceanum
596 1714 906 1787 possedere
937 1712 1359 1769 Britannicum.

346 1803 532 1879 (Vers.
565 1806 644 1876 6.)
683 1829 703 1854 α
744 1802 876 1858 Filii
908 1802 1113 1871 Cham,
1179 1802 1358 1868 Chus,
1414 1806 1471 1857 et
1523 1799 1817 1870 Mesraim,
1876 1802 1934 1854 et

277 1895 501 1963 Phuth,
523 1893 889 1950 etChanaan.
918 1914 944 1941 ››
977 1890 1135 1947 Chus
1167 1908 1354 1962 usque
1384 1889 1555 1946 hodie
1585 1890 1656 1944 ab
1679 1888 1933 1944 Hebraeis

276 1984 566 2055 Ᾱιίὴίορία
596 1984 1005 2055 nuncupatur:
1032 1980 1328 2051 Mesraim,
1362 1980 1677 2051 zEgyptus;
1717 1977 1930 2046 Phuth,

279 2072 517 2145 Libyes.
550 2072 596 2126 A
623 2087 739 2144 quo
771 2074 829 2125 et
859 2068 1220 2126 Mauritania
1254 2068 1466 2124 fluvius
1494 2083 1682 2140 usque
1712 2067 1770 2121 in
1794 2083 1935 2139 prce-

282 2175 427 2216 sens
456 2159 631 2214 Phuth
662 2158 894 2226 dicitur,
926 2158 1196 2230 omisque
1226 2156 1379 2213 circa
1406 2173 1541 2212 eum
1573 2156 1729 2228 regio
1786 2156 1933 2235 Phu-

281 2251 478 2305 tensis.
513 2247 677 2305 Multi
711 2246 1027 2319 scriptores
1077 2250 1198 2302 tam
1257 2244 1437 2302 Graeci
1493 2261 1672 2317 quam
1726 2244 1931 2310 Latini,

280 2337 469 2409 hujus
500 2337 580 2415 rei
602 2340 782 2393 testes
813 2339 972 2392 sunt.
1001 2336 1188 2402 Quare
1219 2339 1413 2391 autem
1443 2334 1504 2389 in
1536 2350 1654 2389 una
1701 2337 1933 2389 tantum

276 2425 537 2483 climatis
566 2428 755 2499 parte,
787 2425 1099 2495 antiquum
1129 2423 1316 2497 Libyas
1341 2440 1553 2480 nomen
1584 2422 1867 2479 resederit
1889 2422 1931 2503 3,

278 2519 344 2570 et
382 2514 608 2587 reliqua
631 2518 787 2570 terra
816 2518 1022 2569 vocata
1051 2513 1126 2568 sit
1190 2511 1399 2581 Africa,
1469 2512 1758 2568 disserere
1816 2528 1932 2567 non

275 2603 466 2674 hujus
496 2601 605 2659 loci
640 2618 745 2658 nec
772 2601 1056 2675 temporis
1087 2605 1196 2656 est.
1230 2604 1408 2657 Porro
1456 2600 1730 2657 Chanaan
1784 2598 1930 2654 obti-

276 2691 417 2748 nuit
447 2696 682 2758 terram,
715 2707 892 2763 quam
949 2689 1136 2747 Judaei
1194 2689 1468 2760 deinceps
1526 2688 1935 2761 possederunt,

277 2780 485 2853 ejectis
515 2780 880 2836 Chananais.

361 2871 548 2941 (Vers.
578 2871 633 2923 7.
663 2868 682 2940 )
720 2889 741 2918 κ
777 2867 905 2924 Filii
935 2866 1114 2938 Chus,
1174 2867 1347 2938 Saba,
1400 2865 1599 2935 IEvila,
1659 2865 1937 2933 Sabatha,

282 2960 534 3030 Regina,
566 2963 624 3013 et
651 2956 993 3012 Sabathaca.
1028 2980 1051 3009 ι
1090 2954 1244 3011 Saba
1273 2972 1305 3011 a
1336 2972 1451 3027 quo
1481 2954 1682 3019 Sabwi,
1715 2954 1785 3010 de
1808 2953 1936 3027 qui-

278 3050 402 3105 bus
429 3045 711 3119 Virgilius
737 3046 799 3119 (ιι
823 3046 1043 3117 Georg.)
1068 3063 1081 3101 :

823 3144 961 3195 Solis
991 3147 1072 3193 est
1100 3143 1288 3193 thurea
1316 3142 1465 3205 virga
1482 3142 1702 3193 Sabaeis.

284 3230 360 3303 Et
390 3224 530 3283 alibi
562 3227 605 3298 (ι
638 3224 879 3295 Ᾱζηθίιί.)
900 3243 917 3278 ε

827 3350 839 3362 .
873 3351 885 3362 .
916 3350 930 3362 .
967 3350 979 3362 .
1012 3347 1025 3361 .
1058 3316 1380 3375 centumque
1412 3311 1598 3361 Sabaeo

542 3376 718 3426 Thure
743 3376 917 3425 calent
945 3388 1069 3425 arte.

368 3472 567 3543 Evila,
597 3472 809 3541 Getuli,
842 3474 902 3529 in
933 3476 1097 3546 parte
1128 3471 1459 3527 remotioris
1489 3470 1693 3526 Africae
1746 3483 1940 3526 eremo

292 3562 671 3618 cohaerentes.
706 3560 983 3628 Sabatha,
1019 3577 1053 3615 a
1082 3577 1198 3632 quo
1237 3559 1575 3628 Sabatheni,
1629 3559 1729 3631 qui
1790 3576 1942 3614 nunc

296 3649 572 3705 Astabari
600 3650 997 3706 nominantur.
1032 3648 1254 3721 Regma
1308 3664 1440 3703 vero
1506 3652 1564 3703 et
1621 3647 1946 3704 Sabathaca

304 3772 507 3847 μένῳν,
541 3769 749 3847 uilici:
810 3772 903 3847 μὲν
960 3769 1283 3847 Ἐλισα-ίους-
1322 3768 1591 3841 ἐκάλεσεν,
1642 3772 1715 3847 (by
1747 3771 1942 3847 ἦρχεν,

292 3840 525 3918 Αἰολεῖς
576 3840 940 3918 δὲμνδνξεῖεξιο
996 3843 1201 3918 Θαρσῆς
1242 3840 1299 3918 δὲ
1338 3840 1583 3918 expuere;
1637 3840 1944 3918 castam

295 3913 549 3989 ἐκαλεῖῖο
606 3916 668 3968 τὸ
708 3912 939 3989 παλᾳιὸν
998 3916 1032 3983 ἡ
1076 3910 1332 3989 ’Κιλιδείᾳο
1401 3910 1626 3989 ἁημεξφν
1655 3910 1767 3989 ⁵δὲ,
1815 3910 1947 3989 Tap-

294 3989 396 4061 σὸς
442 3986 547 4060 γὰρ
601 3987 729 4061 παρ’
756 3985 967 4061 ἀόῖοῖς
1006 3982 1111 4061 νεῶν
1174 3983 1386 4061 πρλὲῳν
1446 3982 1943 4061 ἡλάξιολλογιρτάτξη

291 4053 551 4131 καλλεῖῖτάι
586 4053 947 4131 Ῠμηίερὸπολες
973 4054 1119 4131 etiam
1172 4057 1233 4110 τὸ
1280 4060 1395 4131 ταῦν
1429 4053 1703 4131 πρὸςντὴν
1740 4053 1947 4124 ’κλῆσιν

296 4128 421 4184 ἀντὶ
449 4132 548 4201 τοῦ
577 4122 727 4201 θῆξέᾱ
763 4122 1238 4201 μεταϐαλλόντων.
1274 4152 1337 4201 Aa,
1371 4130 1417 4183 A
1472 4122 1695 4201 Jovano
1754 4122 1951 4184 autem

291 4198 858 4283 {aphetimﬁlioz'et
909 4200 1202 4283 ipso-tres
1261 4198 1410 4256 ﬁlios
1468 4200 1742 4283 habente,
1791 4204 1954 4255 ortus

296 4272 509 4344 Eiysas
537 4272 776 4344 Elysseis
797 4272 1009 4344 nomen
1033 4272 1491 4344 dedit,7quorum
1518 4272 1629 4326 fuit
1657 4272 1952 4344 princeps:

294 4342 464 4401 nunc
492 4342 631 4397 vero
660 4342 849 4399 {Eoles
877 4342 1187 4399 habentur.
1218 4342 1479 4398 Tharsus
1518 4342 1713 4397 autem
1772 4343 1956 4397 Thar-

292 4415 618 4481 eensibus;
652 4414 737 4470 sic
765 4415 922 4469 enim
953 4413 1093 4470 olim
1125 4412 1531 4486 appellabatur
1550 4413 1771 4486 Cilicia.
1806 4414 1958 4486 Indi-

294 4488 395 4544 cio
426 4490 624 4541 autem
656 4490 763 4556 est,
797 4487 950 4557 quod
992 4486 1133 4540 urbs
1168 4484 1344 4557 apud
1400 4502 1500 4540 eos
1554 4484 1958 4557 celeberrima,

293 4559 637 4628 eademque
666 4556 1006 4629 metropolis
1037 4556 1193 4629 dicta
1234 4556 1311 4610 sit
1368 4557 1607 4629 Tarsus,
1669 4556 1830 4611 theta
1886 4558 1959 4629 ad
1992 4564 2039 4629 D

298 4644 525 4686 nomen
540 4626 902 4683 'variandum
934 4628 1005 4682 ab
1035 4628 1119 4683 eis
1151 4643 1425 4682 converso
1456 4626 1515 4683 in
1546 4633 1667 4682 tau.
1708 4650 1727 4676 υ
1754 4627 1963 4684 Confer

286 4698 634 4827 ‘Egistolam
663 4700 735 4754 37
764 4700 836 4755 ad
869 4698 1206 4755 Marcellam
1239 4716 1403 4754 num.
1436 4700 1527 4766 21,
1577 4703 1634 4755 et
1690 4715 1818 4770 quae
1879 4700 1961 4754 ibi

301 4790 346 4828 a
398 4775 692 4826 notamus.

294 4813 795 4897 ’"i‘iigi‘éi'hic
827 4856 1059 4912 quoque
1087 4839 1410 4912 Josephum
1456 4840 1695 4912 audire:
1728 4839 1962 4912 Χέθιμος

303 4911 376 4967 δὲ
408 4912 611 4995 Χειρὶιμά
652 4911 750 4978 τὴν
796 4907 982 4979 νῆσοί
1012 4907 1191 4995 ἐξεῖχεν,
1230 4907 1461 4995 Ἦύπρος
1495 4910 1624 4995 aii-:1;
1658 4915 1748 4963 νῦν
1780 4907 1964 4964 καιλεῖ-

295 5004 423 5039 ται.
460 4982 738 5039 Chelimus
766 4992 951 5039 autem
1004 4982 1307 5039 Chetimam
1358 4982 1598 5037 insulam
1652 4985 1963 5054 occupavit,

296 5060 437 5129 ipsa
464 5070 589 5110 vero
617 5070 767 5109 nunc
797 5054 1007 5126 Cyprus
1054 5059 1296 5111 vocatur.
1347 5054 1415 5108 Et
1443 5058 1574 5123 post
1604 5052 1819 5124 pauca:
1851 5052 1967 5108 Μία

296 5130 423 5180 τῶν
474 5123 528 5181 ἐν
590 5124 792 5181 Κύπρῳ
832 5122 1047 5179 πολέων
1106 5122 1372 5181 ἳσγύσασα
1435 5124 1534 5181 τὴν
1592 5124 1965 5181 προσηγορίαν

296 5146 423 5180 των
474 5143 528 5181 εν
590 5143 792 5200 λυπρῳ
832 5143 1047 5179 ποΛεων
1112 5143 1372 5198 ισχυσασα
1435 5143 1534 5191 την
1592 5143 1963 5199 προσηγοριαν

299 5195 552 5276 φυλάξαι
582 5194 763 5276 Κέξιος
824 5197 927 5276 είᾲρ
988 5196 1090 5276 ὑπὸ
1122 5201 1252 5276 Δτῶν
1304 5192 1765 5276 ἐξελληνιςαζντων
1799 5196 1963 5276 ᾳυτήν

295 5266 585 5322 inlatrat.
625 5268 740 5324 Una
768 5266 993 5323 urbium
1012 5271 1080 5341 in
1108 5271 1309 5341 Cypro,
1357 5269 1449 5341 cui
1476 5267 1696 5341 accidit,
1717 5337 1728 5341 _
1750 5274 1813 5341 ut
1868 5283 1965 5323 no-

294 5356 443 5398 men
494 5353 656 5394 suum
681 5345 943 5405 servaret,
991 5337 1200 5396 Citium
1219 5340 1531 5409 appellatur
1584 5340 1651 5393 ab
1709 5337 1815 5405 his,
1874 5341 1971 5409 qui

294 5428 442 5469 eam
473 5412 535 5465 in
563 5414 804 5481 formam
852 5412 1093 5468 Graecam
1151 5414 1535 5466 immutarunt.
1595 5410 1969 5465 Martianzeus

290 5484 549 5554 videtur
578 5482 898 5539 credidisse
927 5481 1114 5554 ipsam
1147 5483 1351 5554 urbem
1394 5481 1821 5554 Cypri-Citium,
1885 5483 1969 5554 sic

298 5553 483 5636 anim
513 5554 740 5636 scribit,
792 5552 1367 5636 appellata.m.nVide
1410 5569 1587 5636 supra
1634 5552 1969 5636 Hieronymi

298 5623 539 5683 librum
571 5626 644 5682 de
673 5623 1041 5680 Nominibus.
1078 5626 1140 5681 1n
1170 5623 1615 5679 Commentariis
1656 5623 1715 5679 in
1748 5623 1869 5680 lsaI
1915 5640 1965 5682 ο.

293 5698 508 5761 tam;
539 5718 570 5749 κ
600 5696 684 5757 De
710 5698 884 5769 terra,
916 5696 1130 5769 inquit,
1170 5695 1419 5768 Cethim,
1478 5710 1657 5771 quam
1712 5693 1969 5775 Cyprum

646 5822 913 5890 Panos.
955 5821 1180 5891 XXIII.

2043 570 2147 625 pro
2179 552 2471 608 veteribus
2502 550 2772 622 habeant,
2806 548 3129 623 ignoratur.

2112 642 2293 713 (Vers.
2326 644 2379 696 7.
2414 641 2484 713 )‹‹
2519 639 2646 697 Filii
2679 640 2919 714 Regma,
2950 640 3101 695 Saba
3138 642 3195 695 et
3241 639 3464 695 Dadan.
3488 660 3517 692 ››
3576 636 3684 697 Hic

2040 731 2193 787 Saba
2214 747 2316 803 per
2345 746 2433 787 sm
2462 730 2560 802 (te)
2589 728 2843 785 litteram
2876 727 3171 796 scribitur,
3203 744 3384 801 supra
3410 743 3544 791 vero
3583 742 3687 799 per

2040 836 2260 875 samecu
2292 819 2396 891 (ε),
2431 835 2465 873 a
2498 835 2611 890 quo
2642 817 2898 873 diximus
2937 816 3258 889 appellatos
3286 816 3538 873 Sabaea.
3592 815 3685 871 ln-

2039 910 2396 979 terpretatur
2422 922 2555 963 vero
2587 923 2743 961 nunc
2775 905 2947 972 Saba,
2980 905 3211 971 Arabia,
3261 920 3401 963 nam
3458 903 3519 959 in
3551 918 3687 977 sep-

2041 995 2369 1070 tuagesimo
2383 996 2571 1068 primo
2597 993 2820 1068 psalmo
2841 996 2881 1065 ‘,
2898 994 2997 1051 ubi
3019 1011 3126 1050 nos
3138 993 3448 1062 habemus,
3467 992 3689 1067 «Reges

2041 1086 2196 1143 8‘20
2226 1085 2485 1142 Arabum
2526 1088 2585 1140 et
2639 1084 2842 1140 Saba“
2898 1100 3144 1140 munera
3200 1083 3477 1152 offerent;
3540 1106 3571 1134 »
3628 1081 3690 1136 in

2040 1174 2279 1231 Hebraeo
2320 1174 2604 1245 scriptum
2661 1177 2773 1239 est,
2832 1193 2860 1221 ι(
2942 1172 3126 1244 Reges
3183 1172 3356 1243 Saba,
3394 1176 3452 1245 et
3497 1172 3686 1245 Saba;

2042 1263 2299 1337 primum
2331 1277 2545 1318 nomen
2576 1278 2679 1333 per
2708 1278 2817 1330 sm,
2840 1262 3168 1318 secundum
3191 1277 3295 1333 per
3314 1276 3558 1317 eamea.
3583 1260 3692 1317 Da-

2042 1352 2157 1407 dan
2188 1368 2330 1423 gens
2361 1355 2449 1407 est
2478 1349 2778 1421 (Ethiopian
2809 1350 2868 1405 in
2899 1348 3244 1409 occidentali
3273 1348 3464 1423 plaga.

2112 1439 2297 1511 (Vers.
2331 1439 2427 1509 8.)
2455 1462 2481 1487 «
2513 1440 2579 1493 Et
2610 1438 2766 1495 Chus
2812 1438 3016 1517 genuit
3051 1438 3324 1495 Nemrod.
3374 1438 3489 1494 Iste
3518 1437 3692 1511 ccepit

2041 1544 2171 1585 esse
2201 1532 2407 1600 potens
2440 1528 2499 1582 in
2529 1530 2704 1583 terra.
2741 1548 2768 1575 ››
2800 1527 2870 1581 Et
2900 1530 3031 1600 post
3054 1525 3363 1600 paululum
3390 1544 3403 1583 :

2113 1616 2300 1689 (Vers.
2338 1617 2424 1671 10.
2460 1615 2477 1686 )
2510 1638 2539 1665 ‹‹
2572 1620 2642 1671 Et
2673 1615 2801 1683 fuit,
2835 1614 3045 1688 inquit,
3079 1619 3257 1688 caput
3285 1614 3449 1688 regni
3505 1614 3694 1687 ipsius

2041 1703 2215 1759 Babel
2246 1708 2303 1760 et
2332 1702 2542 1771 Arach,
2576 1708 2632 1760 et
2676 1702 2895 1773 Achad,
2956 1708 3014 1759 et
3067 1703 3365 1759 Chalanne
3422 1703 3483 1758 in
3539 1706 3695 1760 terra

2038 1798 2315 1849 Sennaar.
2351 1784 2673 1861 >>Nemrod,
2698 1792 2857 1849 filius
2887 1792 3063 1861 Chus,
3100 1791 3347 1865 arripuit
3400 1792 3693 1863 insuetum

2043 1882 2271 1954 primus
2292 1883 2346 1937 in
2377 1881 2590 1954 populo
2622 1882 3012 1954 tyrannidem,
3032 1884 3410 1955 regnavitque
3434 1880 3493 1937 in
3515 1874 3696 1954 Baby-

2041 1970 2195 2038 lone,
2228 1988 2356 2044 quae
2388 1972 2460 2026 ab
2493 1987 2580 2037 eo,
2629 1972 2783 2043 quod
2842 1971 2923 2026 ibi
2983 1971 3235 2027 confusae
3294 1974 3435 2027 sunt
3479 1970 3695 2043 linguas

2040 2059 2252 2116 turrim
2285 2059 2721 2127 aediﬁcantium,
2754 2077 2931 2115 BABEL
2951 2060 3109 2132 ('11:)
3170 2058 3481 2132 appellata.
3518 2058 3693 2129 Babel

2042 2147 2199 2202 enim
2222 2147 2642 2220 interpretatur
2671 2148 2935 2219 confusio.
2974 2148 3254 2220 Regnavit
3285 2152 3485 2222 autem
3510 2152 3569 2203 et
3632 2148 3694 2203 in

2041 2235 2254 2303 Arach,
2291 2236 2398 2291 hoc
2428 2236 2602 2292 estin
2631 2236 2847 2307 Edisse,
2880 2240 2937 2292 et
2965 2236 3026 2290 in
3074 2235 3296 2304 Achad,
3358 2254 3486 2309 quae
3538 2252 3697 2291 nunc

2043 2323 2521 2379 diciturNisibis:
2550 2328 2607 2379 et
2631 2323 2689 2379 in
2722 2323 3038 2392 Chalanne,
3086 2341 3215 2397 qua;
3266 2328 3469 2397 postea
3523 2340 3690 2395 verso

2045 2412 2282 2466 nomine
2312 2429 2346 2468 a
2372 2411 2611 2468 Seleuco
2641 2427 2774 2484 rege
2797 2417 2885 2468 est
2918 2412 3073 2468 dicta
3100 2411 3370 2483 Seleucia,
3401 2411 3490 2468 vel
3540 2415 3696 2477 certe

2044 2517 2172 2573 qua:
2206 2516 2362 2556 nunc
2394 2499 2686 2575 Κτησιφών
2719 2499 3049 2573 appellatur
3077 2502 3117 2555 ³.

2117 2588 2301 2659 (Vers.
2330 2588 2419 2645 Η.
2454 2589 2471 2659 )
2503 2611 2531 2638 ‹‹
2565 2588 2646 2645 De
2674 2592 2829 2645 terra
2859 2588 2961 2645 illa
2983 2589 3123 2646 exiit
3149 2591 3356 2659 Assur,
3399 2592 3457 2646 et
3512 2590 3697 2647 aediﬁ-

2046 2677 2197 2732 cavit
2227 2676 2517 2744 Ninivem,
2548 2682 2606 2732 et
2642 2676 2903 2734 Robooth
2953 2677 3265 2735 civitatem.
3317 2700 3346 2728 »
3405 2679 3487 2735 De
3543 2684 3699 2739 terra

2048 2766 2153 2821 hac
2184 2765 2554 2838 Assyriorum
2588 2765 2898 2838 pullulavit
2926 2766 3262 2843 imperium,
3325 2768 3427 2841 qui
3476 2784 3547 2826 ex
3602 2785 3700 2837 no-

2047 2855 2204 2910 mine
2235 2854 2369 2910 Nini
2402 2852 2522 2909 Beli
2563 2854 2692 2921 filii,
2746 2855 2964 2913 Ninum
3023 2857 3433 2923 condiderunt,
3493 2857 3699 2915 urbem

2048 2959 2348 3016 magnam,
2381 2959 2559 3013 quam
2584 2943 2805 2999 Hebraei
2829 2944 3124 3018 appellant
3144 2963 3404 3003 NINIVEM.
3422 2946 3507 3001 Ad
3526 2946 3699 3016 cujus

2050 3029 2134 3087 vel
2167 3032 2400 3087 ruinam
2430 3030 2517 3086 vel
2570 3032 2997 3105 paenitentiam,
3056 3038 3182 3090 tota
3234 3035 3393 3091 J0me
3449 3035 3703 3107 pertinet

2049 3120 2375 3193 prephetia.
2420 3120 2581 3184 Quod
2643 3125 2841 3177 autem
2895 3122 3014 3178 ait:
3073 3124 3331 3180 Ninivem
3374 3126 3424 3180 et
3470 3122 3701 3193 Rooboth

1970 3201 2013 3267 C
2050 3211 2327 3265 civitatem
2359 3250 2373 3276 ,
2407 3226 2523 3265 non
2556 3214 2831 3282 putemus
2857 3212 3005 3267 duas
3034 3227 3163 3269 esse
3184 3212 3398 3268 urbes:
3424 3212 3526 3267 sed
3562 3210 3704 3284 quia

2053 3296 2313 3353 Rooboth
2338 3298 2542 3370 platea:
2571 3298 3051 3371 interpretantur,
3088 3300 3170 3356 ita
3219 3299 3532 3375 legendum
3582 3302 3700 3356 est:

2051 3388 2126 3440 Et
2155 3385 2443 3456 aediﬁcavit
2472 3388 2733 3457 Niniven,
2769 3390 2821 3443 et
2852 3388 3067 3457 plateas
3096 3390 3380 3445 civitatis..

2122 3474 2306 3545 (Vers.
2341 3474 2457 3544 l3.)
2491 3497 2519 3524 ‹‹
2553 3475 2623 3529 Et
2653 3475 2926 3531 Mesraim
2952 3477 3156 3548 genuit
3187 3477 3419 3546 Ludim,
3443 3481 3502 3533 et
3544 3478 3694 3533 Ana-

2053 3561 2219 3629 mim,
2251 3565 2308 3616 et
2356 3562 2615 3629 Laabim,
2668 3568 2725 3618 et
2754 3563 3092 3635 Nepthuim,
3136 3568 3193 3620 et
3221 3564 3569 3633 Phetrosim,
3628 3569 3687 3621 et

2053 3650 2370 3717 Chasloim,
2430 3667 2460 3705 e
2515 3651 2733 3722 quibus
2802 3652 3023 3723 egressi
3071 3656 3210 3708 sunt
3266 3652 3581 3708 Philistiim
3638 3655 3696 3707 et

2056 3774 2297 3847 quidam
2332 3773 2805 3847 interpretantur,
2838 3790 3024 3846 usque
3049 3774 3217 3847 hodie
3246 3775 3403 3847 enim
3435 3779 3523 3832 est
3542 3775 3699 3847 apud

2054 3843 2154 3919 eos
2186 3844 2327 3919 urbs
2382 3843 2617 3919 Citium.
2652 3869 2672 3894 ιο
2700 3850 2851 3919 ,ςιρᾷ
2882 3843 2950 3901 Et
3008 3847 3067 3919 in
3123 3843 3600 3919 Jeremize__cap.'
3623 3862 3701 3902 ii:

2058 3940 2085 3967 ‹‹
2122 3915 2350 3971 Insulas
2373 3916 2599 3971 Cethim
2632 3916 2927 3983 velltaliaa,
2969 3917 3057 3973 vel
3089 3915 3538 3974 occidentalium
3575 3934 3708 3983 par-

2055 3989 2208 4043 tium
2241 3987 2523 4061 debemus
2570 3988 2832 4061 accipere
2871 3989 2941 4061 ab
2973 4005 3060 4061 eo,
3094 3990 3251 4061 quod
3304 3994 3467 4046 terra:
3497 3987 3711 4046 Judaeaa

2060 4062 2283 4143 Cyprus
2314 4058 2774 4143 insula,nin‘qua
2805 4059 2943 4142 urbs
2983 4058 3426 4143 hoc—vocabulo
3485 4077 3715 4118 nuncu-

2063 4130 2489 4204 patur(nempe
2519 4130 2769 4199 Celhim)
2800 4130 2991 4186 vicina
3021 4131 3117 4187 sit.
3152 4154 3179 4183 »
3796 4182 3799 4185 .

2134 4202 2155 4234 ²
2184 4202 2370 4271 Atque
2402 4203 2544 4257 adeo
2578 4211 2796 4274 amr,
2827 4201 3134 4274 ,Rliodanim
3179 4202 3391 4274 legisse
3423 4202 3719 4274 qvidentur

2065 4290 2167 4345 pro
2202 4280 2424 4338 D’J‘HT,
2460 4274 2744 4328 Dodanim.
2780 4272 2961 4329 Multo
2993 4279 3186 4329 autem
3218 4271 3506 4330 fecentius
3534 4271 3711 4345 Rho—

2067 4344 2297 4399 diorum
2334 4361 2544 4400 nomen
2576 4361 2724 4413 esse,
2768 4345 3087 4401 Bochartus
3144 4345 3459 4401 contendit.
3522 4344 3715 4399 Sisin-

2067 4414 2437 4486 niusCapito
2461 4416 2737 4473 laudatur
2766 4434 2799 4471 a
2828 4416 3021 4473 Servio
3055 4417 3115 4471 in
3168 4417 3387 4473 xEneid.
3446 4434 3485 4484 1,
3544 4414 3713 4486 Phle-

2070 4485 2285 4614 gontis,
2327 4485 2495 4558 quos
2526 4487 2622 4543 hic
2652 4488 2895 4544 innuere
2919 4488 3148 4545 videtur
3184 4489 3592 4560 Hieronymus,
3650 4485 3718 4542 de

2119 4558 2470 4614 lumm’am’cis
2502 4559 2637 4613 libri
2667 4559 3091 4614 desiderantur.

2119 4558 2470 4662 lymﬁa‘ufcis
2502 4559 2637 4662 Ιίὺιίξ
2667 4559 3091 4662 desiderantur.

2194 4623 2390 4703 lenuit
2419 4630 2711 4703 Josephus
2756 4630 2926 4703 hanc_
2952 4630 3135 4703 fuisse
3180 4646 3439 4703 causam,
3471 4623 3717 4703 Λαϐίμου

2068 4702 2165 4774 ’ςοῦ
2213 4696 2379 4774 μόνῳ
2437 4695 2859 4774 κᾳτ-ἆικήσαντος
2910 4695 3197 4774 ἐνίΛιϐύῃ,
3245 4700 3334 4754 καὶ
3381 4700 3480 4767 τὴν
3527 4695 3713 4774 χώραν

2073 4770 2161 4823 ἀπ’
2201 4768 2362 4821 αὐτοῦ
2414 4768 2765 4831 καλέσαντος.
2825 4773 2987 4837 Quod
3043 4768 3190 4829 solus
3236 4768 3715 4839 Labimus,"celo-

2070 4842 2253 4915 maia
2278 4841 2506 4915 Libyam
2544 4843 2743 4907 ductis,
2794 4846 3068 4915 regionem
3124 4862 3157 4899 a
3209 4860 3268 4899 se
3320 4844 3717 4898 denominavit.

2072 4913 2204 4968 Vid.
2240 4912 2392 4968 infra
2422 4914 2493 4968 ad
2526 4932 2673 4970 vers.
2710 4915 2794 4968 13.

2145 4985 2171 5057 ἦ
2199 4983 2359 5039 Unus
2391 4984 2593 5057 Regin.
2631 5002 2740 5041 ms.
2776 4988 2832 5039 in
2863 4986 3264 5057 septuagesimo
3282 4982 3526 5053 psalmo,
3547 4985 3722 5057 juata

2076 5056 2448 5111 Hebraeorum
2474 5041 2769 5113 brdinem.
2803 5041 3117 5113 Estautein
3151 5056 3209 5110 in
3246 5041 3481 5112 H'ebraao
3508 5041 3721 5117 {33572

2148 5199 2167 5230 ⁵
2199 5199 2334 5269 Rege
2393 5198 2553 5271 Saba,
2592 5207 2642 5253 et
2697 5199 2860 5254 Saba.
2912 5199 2975 5252 In
3008 5198 3272 5271 ~Hebraeo
3331 5198 3412 5254 ita
3471 5197 3721 5271 legimu

2078 5277 2213 5328 moi
2270 5254 2419 5327 ἓως
2486 5254 2648 5333 V2572,
2710 5270 2856 5324 male
2910 5269 3066 5325 sceba
3122 5270 3257 5325 usba
3304 5270 3362 5325 id
3424 5254 3722 5339 estureges

2077 5340 2246 5413 Sceba
2274 5344 2325 5394 et
2357 5340 2510 5395 Seba.
2548 5341 2806 5413 Primum
2840 5356 3052 5413 nomen
3098 5358 3201 5413 per
3246 5343 3353 5409 sin,
3413 5346 3723 5413 etsecun-

2078 5412 2218 5465 dum
2251 5427 2354 5535 p‘gr
2394 5411 2629 5477 samec/i,
2664 5416 2727 5467 ut
2772 5411 3074 5467 verissime
3101 5411 3377 5469 observat
3439 5412 3721 5484 Hierony-

2080 5498 2233 5535 mus.
2322 5498 2549 5535 ARTIAN.

2080 5498 2233 5536 mus.
2263 5498 2549 5537 MARTIAN.

2147 5551 2673 5635 {Erat‘Ctesip'hon
2695 5552 3038 5635 calonitidis
3093 5555 3351 5635 Αᾳεγεὶω
3411 5553 3722 5629 provincias

2079 5623 2438 5701 metropolis,
2467 5622 2659 5685 tribus
2680 5641 2715 5684 a
2744 5624 3007 5685 Seleucia
3026 5622 3400 5685 milliaribus.
