4058 6172
234 394 400 461 ῖοοδ

1288 392 1525 457 LIBER
1565 394 1800 457 HEBR.
1850 393 2152 467 QUEST.
2197 395 2279 457 IN
2325 396 2603 459 GENES.

3477 388 3649 475 1903

236 526 744 601 hab.gTredecim
769 526 980 584 harum
1011 528 1270 601 gentium
1311 529 1628 599 posteriora
1651 529 1890 583 nomina
1917 530 1971 595 Α
2002 533 2154 584 trum
2192 530 2341 595 filias
2376 530 2586 602 nuptiaz
2621 531 2850 585 fuerant
2903 528 3031 603 lege
3060 529 3385 604 prohibita,
3419 547 3545 604 qua
3583 531 3644 590 in

234 618 503 676 invenire
560 634 674 674 non
728 617 890 690 potui
925 634 938 672 :
972 618 1071 674 sed
1102 634 1291 689 usque
1338 618 1398 672 in
1448 634 1722 690 praesens,
1756 618 1893 689 quia

229 708 439 780 procul
476 725 509 763 a
532 707 704 763 nobis
736 711 899 774 sunt,
928 706 1019 763 vel
1052 708 1131 763 ita
1157 712 1457 777 vocantur,
1491 713 1556 761 ut
1610 708 1886 779 primum,

226 797 317 853 vel
350 814 482 868 quae
548 797 863 853 immutata
922 800 1081 866 sunt,
1109 796 1469 868 ignorantur.
1502 796 1892 852 Possederunt

230 892 435 943 autem
465 903 500 942 a
536 885 809 958 Cophene
840 886 1037 955 ﬂuvio,
1072 902 1304 941 omnem
1338 885 1511 940 Indiae
1569 884 1885 957 regionem,

229 992 366 1047 qua:
397 976 640 1030 vocatur
667 973 861 1030 Hieria
882 975 921 1030 ¹.

306 1066 462 1135 (Cap.
498 1063 594 1117 XI.
627 1093 697 1102 —
726 1062 891 1118 Vers.
922 1063 1036 1134 28).
1073 1086 1101 1113 «
1136 1064 1204 1118 Et
1236 1067 1502 1118 mortuus
1550 1067 1638 1118 est
1688 1065 1843 1118 Aran
1867 1064 1889 1097 ²

227 1156 367 1207 ante
398 1156 624 1223 patrem
658 1151 814 1207 323
851 1169 1028 1207 suum
1060 1152 1119 1206 in
1150 1157 1324 1219 terra,
1367 1168 1485 1222 qua
1514 1156 1688 1207 natus
1718 1151 1885 1206 estin

226 1241 469 1313 regione
517 1239 940 1295 Chaldaeorum.
969 1264 997 1289 ››
1027 1241 1135 1295 Pro
1168 1257 1254 1309 co,
1298 1241 1452 1311 quod
1507 1239 1779 1311 legimus,
1825 1242 1885 1295 in

226 1331 458 1402 regione
516 1328 914 1396 Chaldaeorum,
978 1330 1040 1385 in
1096 1329 1334 1384 Hebraeo
1392 1329 1659 1395 habetur,
1696 1331 1753 1382 in
1802 1345 1885 1383 ua

226 1433 480 1474 cassum!
514 1417 728 1489 (ουτω
766 1419 952 1487 11x2),
981 1417 1039 1472 id
1074 1422 1164 1472 est
1194 1419 1256 1472 in
1288 1420 1413 1488 igne
1472 1416 1878 1473 Chaldworum.

224 1508 491 1562 Tradunt
526 1511 722 1562 autem
776 1506 996 1561 Hebraei
1032 1523 1099 1561 ex
1157 1507 1264 1561 hac
1321 1506 1644 1573 occasione,
1679 1505 1879 1561 istius-

228 1594 395 1650 modi
424 1595 678 1651 fabulam
709 1595 768 1650 3:
802 1596 966 1660 Quod
995 1594 1288 1651 Abraham
1320 1594 1381 1649 in
1424 1594 1617 1666 ignem
1662 1594 1880 1650 missus

226 1681 334 1749 sit,
352 1682 488 1753 quia
516 1684 710 1755 ignem
736 1683 979 1738 adorare
1012 1682 1477 1753 noluerit,quem
1508 1682 1759 1737 Chaldaei
1794 1699 1882 1739 e0-

224 1769 378 1838 lunt,
410 1775 466 1826 et
492 1770 594 1826 Dei
634 1771 849 1826 auxilio
907 1771 1211 1838 liberatus,
1249 1773 1318 1826 de
1364 1770 1704 1826 idololatriae
1748 1772 1880 1843 igne

220 1859 552 1932 profugerit
584 1861 778 1959 :.quod
810 1860 868 1914 in
910 1860 1292 1932 sequentibus
1352 1860 1649 1927 scribitur,
1681 1876 1879 1959 egres‘
1910 1896 1957 1959 B

216 1965 355 2006 sum
387 1965 518 2004 esse
552 1948 785 2005 Tharam
814 1965 946 2004 cum
979 1949 1178 2005 sobole
1208 1966 1316 2004 sua
1341 1949 1412 2004 de
1438 1949 1672 2020 regione
1702 1948 1876 2004 Chal-

219 2039 487 2093 daeorum
522 2054 535 2092 :
571 2055 675 2110 pro
698 2055 812 2110 quo
847 2038 904 2093 in
939 2038 1177 2107 Hebraeo
1208 2037 1475 2106 habetur,
1507 2037 1572 2093 de
1630 2038 1879 2094 incendio

212 2126 636 2185 Chaldaeorum.
693 2128 763 2183 Et
817 2127 926 2183 hoc
985 2143 1112 2183 esse
1173 2128 1327 2198 quod
1386 2144 1543 2182 nunc
1605 2127 1876 2183 dicitur:

214 2238 246 2265 α
280 2218 550 2271 Mortuus
589 2220 678 2272 est
704 2218 859 2272 Aran
887 2219 1022 2271 ante
1052 2221 1428 2287 conspectum
1459 2216 1647 2271 Thare
1698 2216 1879 2287 patris

211 2304 315 2363 sui
358 2303 419 2359 in
447 2308 604 2359 terra
631 2302 953 2360 nativitatis
983 2303 1195 2372 suaa,in
1228 2304 1359 2376 igne
1388 2304 1790 2360 Chaldaeorum
1817 2324 1877 2373 ;»

209 2393 382 2466 quod
412 2392 682 2449 videlicet
708 2392 905 2465 ignem
940 2392 1145 2448 nolens
1202 2393 1442 2449 adorare
1472 2396 1512 2459 τ’,
1549 2394 1682 2464 igne
1742 2410 1877 2449 con-

206 2484 504 2553 sumptus
535 2481 633 2536 sit.
663 2481 946 2553 Loquitur
1001 2485 1200 2537 autem
1261 2486 1461 2553 postea
1490 2482 1775 2537 Dominus
1806 2482 1876 2536 ad

200 2567 521 2624 Abraham
556 2585 569 2623 :
604 2570 709 2639 Ego
741 2585 864 2623 sum
913 2570 1011 2640 qui
1065 2569 1232 2623 eduxi
1261 2578 1313 2625 le
1333 2568 1397 2624 de
1426 2571 1556 2638 igne
1594 2569 1876 2627 Chaldazo-

202 2674 351 2713 rum
368 2656 525 2727 (Gen.
566 2674 659 2723 xv,
690 2658 768 2729 7).
1814 2700 1819 2705 .

284 2745 483 2817 (Vera.
544 2747 660 2816 29.)
698 2766 725 2796 ‹‹
752 2747 822 2801 Et
872 2752 1257 2817 sumpserunt
1307 2746 1523 2801 Abram
1565 2749 1621 2801 et
1650 2746 1879 2802 Nachor

198 2835 338 2893 sibi
372 2851 599 2889 uxores.
634 2834 855 2890 Nomen
888 2835 1085 2891 uxoris
1114 2836 1349 2902 Abram,
1381 2835 1539 2890 Sarai
1560 2839 1644 2891 :et
1664 2851 1877 2890 nomen

202 2922 427 2981 uxoris
484 2922 735 2991 Nachor,
768 2922 994 2979 Melcha
1051 2924 1172 2978 filia
1225 2928 1404 2979 Aran.
1448 2924 1615 2978 Pater
1679 2927 1876 2978 autem

199 3011 486 3079 Melcha,
518 3011 645 3083 ipse
674 3015 763 3067 est
794 3015 961 3083 pater
988 3013 1191 3068 Jeseze.
1228 3034 1256 3061 »
1286 3014 1438 3067 Aran
1472 3012 1629 3067 filius
1667 3011 1872 3079 Thare,

198 3104 403 3160 frater
431 3100 727 3156 Abraham
758 3105 817 3156 et
842 3101 1093 3169 Nachor,
1128 3102 1274 3157 duas
1305 3101 1457 3156 filias
1486 3100 1707 3173 genuit,
1743 3099 1878 3157 Mel-

201 3191 420 3258 cbam,
454 3195 512 3244 et
566 3189 729 3245 Sarni
789 3194 1177 3261 cognomento
1223 3190 1457 3255 Jescan,
1492 3185 1797 3261 δυώνυμον.
1831 3189 1874 3244 Ε

197 3253 441 3353 quibus
473 3277 761 3333 Melcham
793 3253 1015 3350 accepit
1046 3294 1285 3333 uxorem
1340 3253 1587 3346 Nachor,
1623 3253 1686 3333 et.
1710 3278 1874 3334 Sarai
1905 3253 1946 3320 (ἶ

191 3366 517 3424 Abraham
548 3384 563 3422 :
589 3366 840 3422 necdum
899 3367 1116 3439 quippe
1171 3367 1325 3423 inter
1383 3371 1647 3438 patruos,
1676 3372 1733 3423 et
1763 3368 1873 3422 fra-

286 3495 303 3527 ¹
342 3490 492 3547 Vide
524 3507 652 3563 quae
686 3508 869 3563 supra
897 3492 961 3545 In
978 3492 1263 3547 Locorum
1294 3492 1443 3547 libro
1464 3492 1873 3547 adnotavimus

188 3565 284 3620 ad
354 3562 780 3629 voces’Evilat,
807 3567 862 3619 et
904 3562 1093 3635 Ophir,
1129 3569 1186 3618 et
1245 3564 1496 3635 Sep/lira.
1529 3565 1875 3619 Constanter

193 3635 467 3691 Hieron.
500 3636 756 3689 Hieriam
788 3651 892 3707 pro
923 3632 1113 3703 Σηείᾳ,
1145 3632 1428 3690 ὂθνὶίιᾟὶο
1460 3651 1692 3706 quoque
1746 3635 1876 3689 reti-

194 3709 354 3763 net.

300 3775 326 3808 ²
358 3774 424 3848 Et
452 3778 686 3829 mortuus
715 3784 794 3831 est
826 3784 1004 3843 Ανα-η,
1037 3780 1146 3830 etc.
1208 3776 1640 3848 Manuscriptus
1698 3777 1875 3831 codex

198 3845 456 3918 Regius
513 3863 671 3901 num.
733 3848 870 3902 3994
920 3847 1206 3902 nonnulla
1263 3847 1421 3902 addit
1480 3845 1589 3902 b'oe
1645 3848 1870 3903 modo:

186 3918 438 3987 Phaleg
501 3922 694 3987 genuit
749 3922 940 3987 Ragau
968 3938 985 3972 :
1020 3921 1203 3987 Ragmt
1250 3922 1435 3989 genuit
1494 3919 1733 3973 Same/2:
1776 3920 1873 3973 Sc-

186 3989 362 4047 rach
423 3992 616 4060 genuit
662 3990 875 4044 Nachor
903 4008 921 4044 :
966 3992 1178 4045 Nnc/tor
1228 3993 1417 4059 genuit
1469 3990 1654 4056 Thare,
1707 3991 1876 4045 Thara

182 4062 416 4133 genuit
466 4061 672 4115 Abram
696 4063 747 4115 et
802 4061 1016 4117 Nachor
1062 4071 1115 4116 et
1164 4069 1342 4117 Aran.
1373 4064 1435 4115 Et
1482 4070 1727 4117 mortuus
1774 4065 1873 4125 est,

185 4140 334 4190 etc.
374 4135 658 4186 MARTIAN.

288 4205 315 4237 3
363 4202 648 4275 Fabulam
681 4202 832 4275 hanc
858 4207 1057 4275 narrat
1084 4203 1144 4257 in
1185 4203 1353 4275 Pirke
1385 4203 1451 4257 Β.
1482 4202 1701 4258 Eliezer
1748 4220 1874 4275 cap.

180 4278 312 4341 26,
350 4273 452 4345 qui
513 4274 835 4329 secundam
866 4291 897 4328 e
924 4274 1124 4329 decem
1178 4274 1421 4329 Abrahae
1452 4273 1877 4330 tentationibus

176 4349 381 4404 hanc
399 4345 585 4401 fuisse
620 4348 944 4416 notat,quze
963 4345 1338 4401 decennalem
1370 4362 1658 4401 carcerem
1681 4351 1880 4401 secuta

177 4420 302 4476 sit
342 4434 358 4471 :
394 4422 521 4472 tum
554 4416 666 4471 alio
695 4416 899 4471 ordine
968 4417 1025 4470 in
1059 4416 1227 4472 Pirke
1285 4418 1346 4472 Β.
1405 4416 1651 4483 Nalhan,
1700 4423 1756 4471 et
1812 4418 1875 4472 Β.

175 4490 451 4547 Eliezer
480 4491 810 4543 Germanus
851 4489 909 4542 in
968 4487 1205 4542 Mabase
1263 4487 1439 4543 abolh
1470 4504 1518 4542 c.
1550 4492 1604 4555 2,
1665 4488 1879 4555 aliique

174 4558 503 4640 multis}
548 4558 1048 4640 .Hebraeis,‘gente
1104 4559 1174 4613 ad
1224 4558 1880 4640 fabulasgapudepdas

173 4636 389 4689 nata.
422 4629 661 4685 Ninime
688 4618 833 4686 vero,
878 4618 1010 4699 Ejus
1060 4631 1329 4685 meminit
1360 4631 1427 4685 Π.
1480 4631 1885 4695 Maimonides,
1921 4618 1965 4681 D

167 4719 348 4777 qua
383 4701 456 4777 de
489 4700 1161 4777 causaBnAbarbanel,
1196 4701 1291 4773 qui
1328 4702 1886 4777 singulasAbrahae

164 4771 595 4833 t-entationes
623 4790 656 4828 a
685 4771 1036 4828 Maimonide
1066 4771 1279 4828 relatas
1309 4772 1578 4845 explicat,
1611 4773 1731 4829 haec
1781 4774 1888 4829 ob«

160 4864 451 4923 servat.
497 4846 652 4922 ’πίητε
690 4871 895 4922 nire:
932 4870 1085 4921 vim:
1124 4845 1314 4923 πήλυ-ι
1354 4872 1468 4921 :nn
1524 4873 1616 4921 'm
1658 4846 1734 4921 κθ
1774 4873 1887 4922 nm

160 4960 429 5012 rinam.
451 4960 577 5009 1:13
604 4935 735 5008 she
756 4934 854 5012 ’ΞΒ
876 4960 1158 5019 mxuma,
1174 4953 1303 5005 Ecce
1322 4966 1427 5003 non
1459 4951 1892 5005 meminirliabbi

169 5028 313 5081 hic
408 5023 724 5076 librationis
765 5037 795 5077 ε
842 5021 1231 5077 (Ιὴαίάιῖιονιιτη
1294 5022 1516 5076 ciblano
1580 5024 1769 5089 ignita,
1824 5022 1892 5075 ab

164 5094 368 5153 aliis
419 5096 569 5147 inter
617 5094 939 5147 tentationes
988 5092 1198 5162 relatae,
1231 5100 1522 5163 propterea
1569 5092 1707 5163 quod
1737 5093 1893 5147 illius

168 5164 401 5225 nulla
448 5164 548 5233 ﬁat
604 5167 803 5219 mentio
836 5165 895 5218 in
943 5166 1246 5233 Scriptura.
1280 5163 1559 5218 Caeterum
1588 5163 1893 5217 seditionis

164 5243 261 5299 in
310 5233 737 5290 Abrahamum
770 5241 940 5291 mota:
973 5252 1007 5289 a
1034 5234 1321 5290 Chaldaeis
1345 5252 1408 5289 ac
1436 5234 1891 5305 Mesopotamiis,

163 5305 400 5386 quod
434 5304 535 5360 ille
576 5322 759 5386 unum
790 5306 1133 5386 esse'Deurn
1164 5304 1666 5386 rerumomnium
1697 5306 1892 5386 condi-

160 5377 431 5449 t'orem
482 5377 1200 5449 qprmdicaret,rJosephus
1266 5382 1468 5433 auctor
1532 5377 1897 5432 certissimus

158 5446 525 5520 meminit
579 5450 847 5520 Antiquit.
882 5448 921 5503 Ι.
978 5466 1020 5519 1,
1048 5446 1118 5503 ὀ.
1167 5451 1222 5503 7.
1265 5449 1342 5503 Ex
1390 5464 1505 5520 quo
1546 5454 1899 5520 exaggerant

154 5519 601 5587 Eustathius
629 5519 1052 5575 An’tiocbenus.
1086 5520 1370 5590 Georgius
1424 5520 1747 5591 Syncellus,
1780 5519 1841 5575 al
1863 5519 1903 5573 i-

160 5605 371 5671 que
409 5606 477 5671 ea
507 5591 744 5671 Graecis,
768 5592 963 5671 ipsum
994 5591 1286 5647 Abraham
1310 5592 1502 5671 patris
1533 5591 1691 5671 idola
1718 5609 1783 5671 ac
1805 5592 1902 5645 do-

155 5662 425 5732 ﬁjum
455 5662 807 5734 incendisse,
847 5668 1022 5734 atque
1051 5680 1169 5718 una
1208 5663 1423 5734 arsisse
1460 5663 1631 5717 Aram
1666 5664 1899 5718 fratrem

150 5747 460 5803 suum,
489 5733 593 5804 qui
653 5734 849 5807 ignem
908 5732 1205 5791 nitebatur
1249 5732 1638 5806 exstinguere.
1676 5734 1817 5791 Vide
1847 5739 1903 5791 et

146 5806 723 5887 subsequentem
753 5806 1207 5867 adnotationem.

2004 618 2207 688 primis
2262 618 2623 687 hominibus,
2656 619 2835 675 etiam
2882 619 3035 676 inter
3074 620 3282 678 fratres
3330 625 3387 677 et
3415 637 3645 680 sorores

2002 707 2158 761 initae
2199 712 2358 762 sunt.

2072 796 2232 867 (Cap.
2294 796 2412 850 XII.
2474 828 2540 834 ——
2599 796 2762 853 Vers.
2794 799 2872 867 Δ),
2907 820 2935 847 ‹‹
2997 798 3135 853 Erat
3186 800 3383 854 autem
3429 798 3644 855 Abram

1999 884 2371 955 septuaginta
2418 886 2677 956 quinque
2735 903 3045 955 annorum,
3081 887 3316 958 quando
3373 902 3646 959 egressus

1997 978 2087 1028 est
2112 990 2179 1029 ex
2210 974 2447 1029 Charra.
2473 997 2501 1023 »
2534 974 2969 1031 Indissolubilis
3000 975 3263 1031 nascitur
3292 975 3571 1047 quaestio:
3595 975 3648 1031 si

1995 1063 2153 1119 enim
2181 1064 2373 1118 Thara
2420 1067 2582 1135 pater
2634 1064 2899 1136 Abrahae,
2934 1081 3068 1120 cum
3126 1064 3318 1119 adhuc
3374 1067 3530 1121 esset
3583 1063 3646 1119 in

1996 1151 2231 1225 regione
2286 1150 2573 1221 Chaldaaa,
2608 1153 2984 1225 septuaginta
3022 1154 3179 1210 324
3208 1168 3521 1221 annorum,
3553 1168 3649 1225 ge-

1995 1241 2441 1308 nuitAbram,et
2472 1247 2673 1312 postea
2702 1242 2761 1296 in
2778 1243 2993 1298 Charra
3020 1242 3420 1297 ducentesimo
3438 1241 3643 1313 quinto

1994 1330 2179 1386 mtatis
2210 1347 2329 1385 sua;
2360 1347 2511 1385 anno
2544 1336 2811 1386 mortuus
2843 1336 2963 1387 est:
3000 1332 3292 1402 quomodo
3324 1346 3481 1385 nunc
3509 1333 3644 1401 post

1993 1422 2240 1474 mortem
2268 1419 2478 1489 Thare,
2509 1419 2724 1475 Abram
2779 1420 2975 1475 exiens
3034 1420 3103 1474 de
3143 1418 3380 1487 Charra,
3412 1421 3645 1491 septua-

1993 1508 2156 1580 ginta
2187 1508 2447 1579 quinque
2477 1525 2766 1563 annorum
2797 1508 2979 1564 fuisse
3009 1512 3371 1563 memoratur
3405 1523 3419 1563 :
3454 1522 3642 1563 cuma

1992 1596 2290 1652 nativitate
2314 1596 2480 1651 Abrae
2510 1613 2698 1667 usque
2729 1597 2801 1652 ad
2832 1601 3079 1652 mortem
3110 1596 3294 1668 patris
3334 1596 3481 1665 ejus,
3505 1611 3641 1651 cen-

1992 1690 2117 1740 tum
2149 1684 2394 1756 triginta
2418 1685 2678 1756 quinque
2709 1685 2890 1741 fuisse
2932 1686 3071 1740 anni
3119 1685 3460 1740 doceantur.
3492 1686 3646 1738 Vera

1989 1778 2077 1829 est
2130 1773 2309 1845 igitur
2361 1772 2459 1829 illa
2507 1774 2878 1829 Hebraeorum
2935 1773 3192 1841 traditio,
3226 1789 3406 1845 quam
3461 1787 3646 1845 supra

1991 1862 2269 1929 diximus,
2302 1864 2455 1933 quod
2487 1878 2755 1933 egressus
2796 1863 2874 1919 sit
2903 1863 3098 1919 Thara
3142 1878 3279 1918 cum
3328 1861 3467 1917 ﬁliis
3514 1860 3642 1917 suis

1990 1952 2061 2007 de
2108 1951 2242 2023 igne
2273 1951 2675 2007 Chaldaeorum
2712 1968 2724 2005 :
2760 1956 2816 2007 et
2862 1952 3021 2024 quod
3057 1952 3276 2007 Abram
3325 1949 3641 2022 Babylonio

1989 2039 2238 2095 vallatus
2265 2040 2713 2112 incendio,quia
2740 2039 2885 2095 illud
2908 2041 3151 2096 adorare
3172 2038 3541 2107 nolebat,Dei
3565 2038 3642 2093 sit

1989 2128 2206 2185 auxilio
2239 2128 2521 2184 liberatus
2555 2145 2567 2183 :
2602 2133 2659 2184 et
2688 2145 2756 2184 ex
2787 2128 2884 2184 illo
2909 2132 3172 2200 tempore
3200 2128 3253 2183 ei
3283 2127 3408 2183 dies
3436 2127 3567 2183 vitae
3595 2128 3641 2197 ⁵,

1988 2221 2043 2272 et
2073 2222 2306 2289 tempus
2354 2222 2657 2289 reputetur
2698 2217 2906 2283 aetatis,
2938 2232 3007 2272 ex
3056 2232 3172 2287 quo
3217 2216 3522 2271 confessus
3551 2231 3643 2287 est

1987 2306 2321 2372 Dominum,
2359 2321 2642 2376 spernens
2675 2304 2829 2360 idola
2858 2304 3282 2360 Chaldaeorum.
3316 2305 3514 2360 Potest
3528 2319 3638 2359 au-

1986 2399 2104 2450 tem
2136 2395 2281 2461 ﬁeri,
2317 2398 2382 2449 ut
2412 2394 2550 2465 quia
2581 2392 2884 2464 Scriptura
2903 2392 3140 2464 reliquit
3162 2393 3477 2460 incertum,
3504 2395 3640 2448 ante

1988 2499 2204 2554 paucos
2236 2498 2420 2537 annos
2450 2481 2643 2537 Thara
2672 2482 2741 2536 de
2764 2481 3041 2537 Chaldzea
3073 2481 3391 2554 profectus,
3414 2479 3639 2537 venerit

1986 2573 2044 2626 in
2080 2571 2358 2637 Charran,
2397 2586 2575 2639 quam
2608 2575 2856 2626 mortem
2886 2569 3114 2625 obierit.
3144 2568 3248 2625 Vel
3305 2572 3460 2625 certe
3515 2572 3637 2625 sta-

1988 2659 2093 2715 tim
2126 2664 2257 2730 post
2284 2658 2749 2730 persecutionem
2781 2657 2839 2714 in
2873 2658 3132 2714 Charran
3163 2658 3451 2729 venerit“,
3478 2660 3535 2714 et
3554 2656 3638 2713 ibi

1987 2747 2210 2803 diutius
2236 2747 2311 2802 sit
2342 2751 2624 2803 moratus.
2659 2747 2719 2803 Si
2752 2747 2885 2819 quis
2943 2763 3078 2819 ergo
3120 2747 3258 2803 huic
3287 2746 3636 2819 expositioni

1988 2836 2316 2892 contrarius
2344 2839 2458 2904 est,
2489 2840 2709 2907 quaeret
2751 2835 2928 2891 aliam
2988 2835 3342 2891 solutionem
3372 2840 3468 2892 :et
3495 2839 3638 2891 tunc

1988 2930 2143 2981 recte
2173 2941 2260 2993 ea,
2293 2942 2419 2996 qua:
2453 2942 2488 2980 a
2513 2924 2682 2980 nobis
2713 2924 2872 2980 dicta
2902 2928 3060 2994 sunt,
3094 2923 3471 2996 improbabit.

2056 3013 2242 3081 (Vers.
2275 3015 2329 3083 9,
2362 3014 2465 3084 10).
2503 3013 2630 3067 «Et
2674 3012 3048 3084 proﬁciscens
3093 3013 3333 3080 Abram,
3385 3011 3530 3067 abiit
3574 3011 3633 3067 in

1985 3103 2283 3158 desertum
2320 3119 2332 3157 :
2358 3105 2415 3156 et
2446 3101 2631 3157 fames
2662 3101 2813 3155 facta
2842 3105 2930 3157 est
2958 3117 3135 3172 super
3161 3105 3398 3156 terram.
3429 3123 3450 3149 ιν
3487 3101 3554 3155 Et
3573 3100 3634 3170 in

1985 3191 2261 3264 praesenti
2292 3194 2346 3245 et
2378 3190 2437 3245 in
2468 3189 2744 3261 plurimis
2772 3189 2902 3246 aliis
2933 3188 3097 3255 locis,
3130 3206 3233 3261 pro
3281 3189 3536 3257 deserto,
3565 3188 3636 3244 ad

1983 3282 2244 3335 Austrum
2284 3279 2570 3350 scriptum
2601 3283 2691 3334 est
2718 3278 2777 3334 in
2806 3279 3045 3335 Hebraeo
3076 3279 3119 3332 ⁷.
3152 3278 3272 3335 Hoc
3316 3278 3498 3351 igitur
3526 3294 3630 3333 no-

1983 3373 2105 3425 tare
2134 3369 2436 3424 debemus.

2052 3492 2075 3526 ⁴
2104 3493 2163 3547 Id
2228 3509 2400 3563 porro
2449 3493 2520 3546 ad
2580 3491 2737 3547 hunc
2768 3492 3010 3548 Genesis
3053 3492 3247 3548 locum
3276 3509 3345 3547 ex
3383 3492 3625 3564 antiquo

1982 3564 2216 3627 Midras,
2251 3565 2372 3617 sive
2402 3563 2832 3618 Commentario
2861 3564 3102 3619 refertS.
3120 3564 3392 3618 Salomon
3423 3563 3618 3619 Jarki:

1983 3636 2210 3690 Tharan
2262 3633 2486 3688 scilicet
2534 3633 2779 3688 Abrahae
2840 3633 2961 3688 ﬁlio
3004 3650 3111 3688 suo
3142 3649 3335 3688 coram
3365 3633 3619 3689 Nemrod

1984 3705 2585 3776 succensuisse,quod
2619 3703 2731 3759 sibi
2764 3704 2917 3760 idola
2947 3704 3619 3828 confregisset,jussum-

1984 3794 2097 3828 oue
2140 3776 2309 3828 illum
2367 3775 2425 3828 in
2479 3775 2753 3828 facinoris
2784 3792 3015 3828 numam
3045 3774 3104 3828 in
3167 3790 3436 3828 ornacem
3467 3774 3619 3828 ignis

1984 3794 2097 3848 que
2140 3776 2315 3848 illum
2367 3775 2425 3829 in
2450 3774 2753 3830 'facinoris
2784 3792 3015 3848 pmnam
3045 3774 3104 3829 in
3145 3774 3436 3848 fornacem
3467 3774 3623 3848 ignis

1983 3845 2242 3903 immitti.
2273 3846 2434 3900 Tune
2466 3845 2915 3912 Aram,Abr’ahaz
2947 3846 3204 3918 fratrem,
3229 3845 3445 3918 dixisse
3466 3845 3624 3918 apud

1985 3937 2068 3986 se,
2094 3920 2151 3974 Si
2183 3918 2474 3973 Abraham
2510 3923 2768 3989 superet,
2792 3919 2921 3986 ejus
2952 3933 3049 3989 ero
3083 3934 3095 3970 :
3130 3916 3180 3989 si
3207 3934 3337 3972 vero
3351 3916 3623 3989 Nemrod,

1983 3991 2097 4063 ipsi
2142 3989 2471 4063 adhaerebo.
2522 3989 2729 4060 Erepto
2773 3989 2952 4063 igitur
2997 3988 3279 4063 divinitus
3306 4006 3337 4044 e
3367 3988 3626 4063 periculo

1984 4060 2333 4125 Abrahamo,
2367 4060 2791 4132 interrogatum
2848 4062 3025 4115 Aram
3077 4061 3306 4130 ecujus
3363 4061 3629 4132 partibus

1985 4136 2184 4198 staret,
2220 4131 2592 4203 respondisse
2641 4133 2910 4198 Abrahae,
2945 4148 3122 4202 quam
3179 4134 3250 4186 ob
3298 4131 3535 4187 causam
3568 4132 3628 4188 in

1986 4206 2279 4260 fornacem
2304 4203 2732 4276 praecipitatum
2765 4203 2946 4257 fuisse
2976 4203 3301 4274 atqueigne
3322 4219 3634 4274 consump.

1983 4280 2131 4332 tum.

2058 4366 2079 4398 ⁵
2107 4365 2177 4419 Et
2207 4368 2298 4419 est
2326 4369 2523 4419 tamen
2555 4379 2623 4418 ex
2666 4361 2976 4434 traditione
3017 4361 3119 4417 illa
3146 4362 3412 4429 Judaiea,
3438 4378 3635 4434 quam

1989 4435 2317 4491 fabulosam
2382 4436 2555 4506 paulo
2596 4433 2869 4505 superius
2915 4434 3042 4506 ipse
3102 4434 3335 4489 Hieron.
3388 4433 3635 4490 dixerat.

1989 4508 2150 4562 Ilanc
2181 4508 2239 4562 S.
2287 4504 2518 4577 quoque
2547 4504 3063 4577 Augustinus,lib.
3095 4522 3187 4561 xvx
3225 4506 3293 4561 de
3322 4505 3481 4561 Civit.
3515 4507 3634 4566 Dei.

1996 4595 2122 4649 cap.
2144 4579 2225 4645 15,
2262 4576 2611 4633 sclutioncm
2641 4576 2980 4649 quaestionis
3002 4577 3227 4648 probat.
3249 4601 3269 4625 ο
3295 4577 3497 4633 Soluta
3525 4583 3638 4645 est,

2000 4648 2212 4720 inquit,
2247 4650 2492 4729 qumstio
2526 4650 2636 4703 ista
2664 4648 2722 4703 et
2742 4648 2929 4729 aliter,
2964 4652 3028 4703 ut
3048 4649 3419 4729 septuaginta
3465 4650 3638 4720 quin-

1999 4737 2125 4792 que
2143 4720 2279 4774 anni
2312 4720 2825 4790 Abrahae,quando
2857 4735 3129 4792 egressus
3158 4723 3249 4775 est
3274 4720 3638 4792 deCharran,

1996 4790 2064 4863 ex
2093 4790 2191 4846 illo
2223 4797 2720 4861 eomputarentur,
2739 4808 2805 4845 ex
2836 4790 2951 4861 quo
2978 4791 3047 4846 de
3074 4790 3209 4863 igne
3237 4790 3641 4846 Chaldzsorum

1997 4862 2301 4927 liberatus,
2335 4879 2448 4915 non
2480 4878 2548 4915 ex
2570 4879 2685 4934 quo
2716 4865 2892 4934 natus
2921 4865 3030 4934 est,
3063 4862 3514 4934 tanquamtunc
3546 4879 3644 4934 po-

2000 4935 2117 4988 tius
2151 4938 2321 4987 natus
2352 4931 2658 4989 habendus
2688 4932 2785 4988 sit.
2813 4955 2840 4980 n
2864 4931 3062 4987 Melior
3092 4931 3289 5003 itaque
3325 4933 3507 4988 altera
3533 4931 3645 4989 erit

2001 5005 2236 5069 solutio,
2270 5021 2446 5075 quam
2498 5004 2834 5077 suppeditat
2864 5002 3275 5077 Samaritanus
3296 5007 3508 5070 textus,
3542 5004 3645 5077 qui

2006 5080 2232 5131 tantum
2286 5074 2503 5130 rentum
2534 5074 2899 5145 quadraginta
2946 5090 3188 5145 qumque
3214 5074 3417 5129 Thara:
3460 5074 3646 5131 annos

2002 5152 2326 5218 computat.
2350 5146 2625 5202 (tenuerit
2645 5145 3055 5200 TharaAhram
3085 5162 3217 5219 cum
3249 5162 3433 5219 annos
3456 5150 3652 5219 ageret

2007 5218 2643 5289 septuagintazAbram
2674 5233 2806 5289 vero
2837 5218 3270 5289 septuagesimo
3292 5218 3651 5288 quinto’aeta-

2008 5287 2088 5345 tis
2112 5287 2233 5345 suae
2263 5307 2413 5343 anno
2444 5305 2716 5358 egressus
2744 5287 2921 5360 fuerit
2950 5305 2980 5360 e
3006 5287 3282 5355 Charran,
3312 5287 3472 5360 patre
3496 5307 3651 5346 mor-

2006 5361 2595 5442 tuo;efﬁcienturque
2619 5359 2754 5414 anni
2789 5358 2965 5413 simul
2998 5365 3231 5415 centum
3263 5358 3653 5434 quadraginta

2008 5449 2286 5503 quinque.

2078 5521 2098 5553 θ
2132 5520 2291 5573 Unus
2323 5518 2526 5591 Regin.
2562 5535 2696 5586 ms.,
2729 5520 2776 5572 et
2832 5521 3004 5572 morte
3060 5520 3270 5574 obiret:
3305 5519 3468 5586 alter,
3520 5518 3653 5589 quia

2008 5595 2181 5645 morte
2209 5591 2435 5644 obierat.

2080 5680 2098 5712 ⁷
2134 5677 2415 5733 IIebraice
2471 5691 2589 5749 εκ,
2620 5678 2798 5748 Negeb
2827 5696 2844 5734 :
2870 5678 2926 5733 id
2957 5684 3045 5735 est
3100 5677 3387 5747 Austrum,
3417 5674 3652 5745 Vulgat.

2011 5750 2082 5811 ad
2116 5749 2431 5811 meridiem.
