4084 6170
450 296 616 373 4097

1701 301 1768 368 S.
1811 303 2122 369 EUSEBII
2165 302 2633 369 HIERONYMI.

3644 270 3783 369 deos

528 432 719 503 (νθνεο
741 433 832 504 15,
865 432 976 507 16).
1006 458 1037 515 (ξ
1061 438 1131 500 Et
1156 434 1429 495 uiderunt
1456 452 1587 495 eam
1632 437 1925 510 principes
1954 437 2105 495 Pha-
2131 440 2187 508 Α
2214 442 2306 495 rat
2341 455 2355 495 :
2388 439 2489 496 sed
2521 442 2588 495 ut
2621 455 2725 513 per
2751 440 3051 507 Austrum,
3084 438 3187 511 qui
3213 434 3475 511 Aquiloni
3506 436 3782 495 contrarius

457 522 677 590 raonis,
699 526 759 580 et
785 516 1170 589 laudaverunt
1192 542 1321 585 eam
1347 527 1501 598 apud
1534 526 1920 596 Pharaonem,
1936 530 1993 583 et
2011 528 2106 583 in-

455 613 844 669 troduxerunt
867 629 997 670 eam
1029 614 1089 670 in
1136 615 1379 671 domum
1412 614 1734 671 Pharaonis
1760 633 1773 671 :
1804 619 1861 672 et
1890 616 2106 672 Abram

457 699 741 767 benefacit
787 706 1026 774 propter
1068 717 1201 765 eam
1235 719 1249 759 :
1281 707 1340 759 et
1368 703 1607 764 fuerunt
1657 704 1709 760 ei
1739 721 1895 773 oves,
1926 709 1985 761 et
2014 721 2105 760 ar-

458 792 678 860 menia.
702 794 760 847 et
805 789 978 860 asini,
1010 795 1069 849 et
1115 791 1288 859 servi,
1318 795 1381 851 et
1436 792 1681 861 ancillae,
1725 792 1872 851 muli
1904 797 1961 850 et
2008 808 2104 850 ca-

459 877 618 944 meli.
652 900 682 931 »
704 877 867 961 Licet
894 895 1107 953 corpus
1143 884 1485 941 sanctarum
1514 880 1831 939 mulierum
1873 898 1990 939 non
2019 882 2108 939 vis

459 967 736 1037 maculet,
775 968 929 1033 325
983 970 1085 1027 sed
1135 969 1453 1037 voluntas:
1491 975 1551 1030 et
1605 970 1870 1029 excusari
1922 971 2110 1043 possit

459 1056 647 1125 Sarai,
669 1058 825 1130 (πνοὰ
856 1058 1030 1121 famis
1049 1062 1321 1132 tempore
1353 1059 1478 1120 sola
1508 1060 1663 1134 regis
1691 1059 1751 1117 in
1785 1059 2108 1133 peregrinis

458 1145 628 1214 locis,
654 1145 868 1209 marito
915 1148 1280 1215 connivente,
1309 1149 1584 1209 resistere
1640 1149 2110 1222 nequiverit;ta-

459 1250 594 1301 men
625 1238 816 1307 potest
844 1238 901 1295 et
930 1234 1099 1299 aliter
1128 1237 1282 1294 foeda
1301 1237 1622 1297 necessitas
1638 1237 1902 1295 excusari
1920 1254 1933 1293 :
1950 1237 2105 1309 quod

452 1323 623 1406 juxta
649 1322 867 1393 librum
896 1324 1092 1389 Esther
1120 1342 1484 1398 quaecunque
1514 1326 1830 1387 mulierum
1861 1325 2110 1399 placuiso

460 1415 551 1478 set
574 1412 695 1485 regi
726 1414 883 1486 apud
910 1418 1155 1486 veteres,
1172 1431 1272 1471 sex
1301 1416 1608 1475 mensibus
1631 1415 1962 1491 ungebatur
1982 1413 2109 1471 oleo

460 1501 715 1573 myntino
736 1503 844 1569 ﬂet
873 1518 974 1565 sex
1003 1503 1311 1567 mensibus
1342 1504 1403 1561 in
1432 1503 1751 1576 pigmentis
1768 1503 1947 1560 variis
1964 1508 2108 1571 erat,

459 1595 518 1653 et
538 1590 944 1651 curationibus
974 1592 1352 1661 feminarum,
1384 1596 1445 1649 et
1472 1597 1614 1651 tunc
1644 1593 1884 1649 demum
1913 1592 2111 1665 ingre-

461 1678 732 1761 diabatur
785 1680 858 1739 ad
914 1696 1114 1752 regem
1154 1681 1388 1752 (Esther,
1424 1697 1488 1749 11,
1522 1682 1611 1747 12,
1640 1680 1752 1752 l3).
1785 1683 1974 1753 Atque
2029 1679 2113 1737 ita

2216 532 2324 596 est,
2357 527 2580 584 veniret
2602 529 2676 584 ad
2707 530 2949 586 domum
2980 528 3105 594 Dei,
3135 527 3233 583 ubi
3264 527 3446 582 fuerat
3493 525 3783 582 tabernacu-

2214 616 2340 673 lum
2372 618 2529 674 826
2554 618 2688 689 ejus
2724 618 2785 673 in
2820 617 3011 674 medio
3037 616 3240 674 Bethel
3268 620 3323 671 et
3350 615 3414 669 Ai
3444 615 3542 685 [Αι.
3577 613 3713 682 ϐιὶ].,

2285 706 2473 777 (Vere.
2506 707 2614 779 13).
2647 727 2676 758 ‹‹
2705 707 2777 762 Et
2805 706 2911 762 viri
2941 707 3322 763 Sodomorum
3373 701 3506 759 mali
3532 706 3584 759 et
3628 718 3791 775 pecca-

2214 797 2371 851 tores
2409 796 2470 851 in
2532 799 2850 867 conspectu
2893 794 2995 851 Dei
3049 793 3434 851 vehementer.
3476 813 3503 845 »
3536 789 3794 863 Superﬂue

2216 882 2312 938 hic
2342 882 2403 937 in
2452 883 2836 956 Septuaginta
2880 882 3293 956 interpretibus
3350 880 3598 937 additum
3635 879 3796 949 estde

2215 976 2502 1043 conspectu
2530 973 2629 1028 Dei
2656 973 2696 1041 ²,
2730 971 3024 1044 siquidem
3056 972 3440 1028 Sodomorum
3469 968 3641 1025 coloni
3673 966 3796 1038 apud

2215 1059 2485 1116 homines
2546 1059 2650 1132 [AL
2683 1061 2932 1132 omnes],
2986 1059 3124 1115 mali
3182 1063 3240 1115 et
3286 1060 3598 1131 peccatores
3648 1057 3798 1125 erant.

2218 1148 2318 1204 Ille
2365 1152 2563 1204 autem
2612 1148 2828 1205 dicitur
2874 1149 2934 1205 in
2975 1151 3288 1221 conspectu
3318 1145 3418 1203 Dei
3446 1148 3705 1218 peccator,
3724 1143 3802 1216 qui

2216 1240 2407 1309 potest
2444 1238 2599 1309 apud
2645 1237 2914 1293 homines
2954 1238 3155 1309 justus
3209 1235 3414 1303 videri,
3444 1233 3712 1307 quomodo
3746 1232 3801 1301 de

2215 1323 2492 1382 Zacharia
2521 1329 2579 1381 et
2622 1325 2917 1382 Elizabeth
2965 1323 3026 1380 in
3074 1324 3362 1398 praeconio
3409 1322 3652 1395 ponitur,
3678 1321 3801 1394 quod

2217 1414 2434 1470 fuerint
2455 1413 2601 1485 justi
2632 1415 2803 1471 ambo
2834 1414 2894 1471 in
2941 1418 3264 1487 conspectu
3301 1413 3395 1469 Dei
3426 1414 3569 1485 (Luc.
3599 1428 3640 1480 ι,
3663 1411 3730 1482 6).
3753 1410 3804 1465 Et

2214 1503 2275 1559 in
2304 1502 2585 1560 Psalterio
2618 1504 2834 1560 dicitur
2865 1522 2879 1560 :
2915 1506 3031 1562 Non
3059 1503 3461 1575 iustiﬁcabitur
3487 1504 3547 1558 in
3566 1503 3805 1573 conspectu

2218 1601 2309 1648 tuo
2331 1594 2510 1649 omnis
2538 1594 2725 1649 vivens
2750 1594 2926 1665 (Psal.
2947 1609 3117 1663 CXLII,
3150 1594 3230 1662 2).

2288 1680 2475 1753 (Vers.
2510 1682 2572 1736 14
2600 1686 2660 1737 et
2694 1682 2805 1752 l5).
2842 1704 2870 1731 «
2904 1682 3056 1737 Leva
3083 1679 3284 1737 oculos
3309 1684 3464 1748 tuos,
3486 1682 3542 1735 et
3565 1677 3682 1733 vide
3699 1693 3727 1732 a
3747 1674 3806 1731 lo-

462 1770 654 1841 potest
681 1768 917 1838 ﬁeri,ut
935 1767 1099 1831 Sarai
1128 1772 1440 1842 postquam
1472 1766 1774 1841 placuerat
1807 1768 1954 1841 regi,
1968 1769 2110 1825 dum
2141 1815 2188 1842 η
2219 1787 2285 1826 co
2317 1770 2376 1825 in
2400 1787 2516 1842 quo
2545 1774 2605 1826 tu
2626 1785 2781 1825 nunc
2811 1786 2875 1826 es
2905 1770 2977 1826 ad
3010 1768 3449 1842 aquilonem,et
3468 1768 3538 1823 ad
3566 1768 3804 1831 austrum,

462 1873 566 1930 per
594 1857 979 1939 annumejus
1009 1857 1080 1920 ad
1111 1874 1309 1930 regem
1339 1862 1767 1930 prae-pararetur
1808 1856 2110 1926 introitus,

462 1950 523 2007 et
550 1945 795 2009 Abrahae
820 1945 1048 2007 Pharao
1080 1946 1268 2005 multa
1298 1946 1695 2015 donaverit,et
1709 1945 1934 2003 Pharao
1958 1950 2112 2019 post-

463 2050 532 2103 ea
569 2034 649 2097 sit
688 2050 1006 2107 percussus
1034 2052 1069 2092 a
1096 2035 1365 2105 Domino,
1399 2034 1501 2092 illa
1537 2034 1730 2097 adhuc
1772 2035 1993 2093 intacta
2036 2035 2109 2093 ab

463 2123 594 2203 ejus
621 2122 935 2185 concubitu
966 2127 1365 2196 permanente.

528 2211 695 2285 (Cap.
726 2212 874 2273 ΧΙΙΙ.
906 2242 975 2255 ——
1023 2216 1189 2273 Vers.
1218 2212 1358 2286 4-4.)
1391 2236 1421 2265 ››
1450 2215 1520 2273 Et
1576 2213 1841 2289 ascendit
1892 2214 2109 2271 Abram

463 2318 534 2367 ex
558 2304 805 2377 Ἀβδη)ιο
834 2301 1048 2373 ipsaet
1075 2317 1221 2363 uxor
1250 2304 1403 2373 ejus,
1433 2306 1491 2361 et
1541 2302 1740 2360 omnia
1771 2318 1898 2373 quae
1953 2301 2112 2360 illius

463 2392 635 2447 erant
649 2393 734 2461 ε,θῂ
746 2389 855 2446 Lot
873 2405 1008 2447 cum
1022 2388 1166 2469 eoin
1188 2390 1507 2449 desertum.
1525 2391 1661 2449 Erat
1676 2393 1875 2447 autem
1892 2390 2111 2447 Abram

466 2479 628 2539 dives
654 2477 822 2539 valde
850 2477 911 2539 iu
942 2492 1168 2550 pecore,
1197 2481 1255 2538 et
1276 2482 1546 2551 argento,
1576 2482 1634 2536 et
1658 2494 1801 2535 auro
1837 2497 1850 2534 :
1882 2482 1939 2535 et
1968 2478 2114 2535 abiit

466 2567 622 2631 unde
652 2566 810 2642 venit
836 2566 897 2622 in
925 2566 1224 2627 desertum
1257 2584 1447 2640 usque
1476 2566 1698 2626 Bethel.
1724 2590 1754 2618 »
1775 2567 2021 2625 Pulchre
2040 2568 2112 2624 de

465 2657 711 2728 Egypto
760 2653 1044 2717 liberatus
1089 2656 1424 2715 ascendisse
1454 2655 1688 2714 dicitur.
1716 2656 1830 2713 Sed
1862 2654 2116 2714 occurrit

465 2743 604 2809 huic
633 2743 835 2808 sensui
874 2742 1043 2813 illud,
1076 2745 1233 2818 quod
1265 2745 1534 2816 sequitur
1556 2760 1568 2801 :
1589 2744 1883 2817 quomodo
1914 2746 2115 2815 potue-

467 2833 544 2890 rit
572 2832 771 2895 exiens
800 2834 872 2893 de
894 2834 1137 2913 Egypto
1169 2833 1352 2893 fuisse
1382 2833 1544 2891 dives
1574 2832 1788 2891 valde?
1817 2833 1979 2899 Quod
2003 2831 2115 2889 sol-

466 2921 624 2984 vitur
687 2921 789 2983 illa
830 2922 1119 2983 Hebraica
1184 2921 1444 2989 veritate,
1494 2921 1555 2979 in
1620 2937 1739 2993 qua
1789 2920 2112 2979 scribitur:

466 3035 494 3062 «
516 3011 734 3073 Abram
751 3011 944 3084 gravis
964 3011 1391 3088 vehementer,»
1413 3010 1522 3067 hoc
1541 3013 1650 3079 est,
1671 3006 1837 3084 βαρὺς
1858 3005 2064 3086 σφόδρα
2095 3026 2112 3067 :

466 3100 694 3173 (Egypti
722 3099 878 3157 enim
909 3099 1163 3173 pondere
1191 3099 1563 3172 gravabatur.
1595 3098 1665 3154 Et
1702 3097 1840 3155 licet
1876 3097 2115 3155 videan-

2141 1815 2189 1882 B

2220 1862 2277 1915 et
2297 1860 2370 1915 ad
2401 1859 2709 1927 orientem,
2741 1862 2800 1915 et
2829 1859 2901 1915 ad
2933 1874 3094 1915 mare
3124 1876 3137 1913 :
3172 1858 3315 1930 quia
3357 1871 3585 1914 omnem
3612 1858 3804 1919 terram,

2219 1964 2397 2019 quam
2429 1951 2490 2003 tu
2522 1946 2704 2014 vides,
2737 1946 2843 2003 tibi
2870 1947 3021 2003 dabo
3050 1963 3178 2003 eam
3212 1949 3271 2001 et
3295 1944 3504 2003 semini
3528 1948 3675 1999 tuan
3695 1941 3809 2006 Qua-

2217 2039 2353 2093 tuor
2383 2035 2622 2092 climata
2643 2035 2849 2091 mundi
2864 2035 3081 2109 posuit,
3095 2034 3380 2091 orientem
3405 2037 3462 2090 et
3479 2031 3805 2096 occidentem,

2219 2124 2675 2197 septentrionem
2705 2129 2764 2181 et
2790 2124 3205 2181 meridianum.
3239 2123 3403 2190 Quod
3433 2125 3619 2179 autem
3641 2119 3694 2175 in
3714 2133 3808 2174 om-

2219 2213 2393 2270 nibus
2422 2213 2739 2287 Scripturis
2762 2213 2997 2287 legitur,
3012 2213 3107 2270 hic
3124 2212 3309 2269 semel
3339 2210 3556 2268 dixisse
3581 2206 3806 2273 sufﬁciat,

2220 2318 2380 2359 mare
2409 2319 2642 2375 semper
2670 2319 2773 2375 pro
2805 2301 3100 2358 occidente
3131 2301 3273 2374 poni
3305 2318 3319 2356 :
3353 2302 3426 2357 ab
3455 2316 3519 2357 eo
3565 2297 3706 2371 quod
3728 2295 3809 2359 Pa-

2219 2390 2459 2448 laestinae
2510 2391 2668 2463 regio
2725 2390 2809 2447 ita
2855 2391 2970 2447 sita
3001 2390 3099 2459 sit,
3128 2395 3195 2446 ut
3242 2406 3405 2447 mare
3446 2389 3507 2445 in
3545 2383 3810 2445 occidentis

2221 2479 2397 2553 plaga
2423 2479 2654 2536 habeat.

2291 2568 2450 2640 (Cap.
2482 2567 2623 2623 XIV.
2667 2598 2737 2610 --
2757 2571 2922 2624 Vers.
2954 2568 3008 2638 2,
3040 2567 3118 2639 3.)
3154 2588 3182 2616 ››
3207 2568 3276 2624 Et
3304 2584 3405 2624 rex
3431 2565 3586 2634 Bale,
3614 2564 3719 2621 hac
3748 2562 3813 2618 est

2220 2657 2419 2730 Segor.
2446 2656 2666 2713 Omnes
2697 2656 2760 2711 hi
2790 2662 3219 2713 consenserunt
3247 2657 3270 2690 ³
3301 2658 3458 2728 apud
3499 2653 3695 2711 vallem
3718 2649 3811 2706 Sal-

2221 2762 2369 2817 sam,
2403 2746 2513 2801 hoc
2559 2749 2668 2816 est,
2707 2761 2869 2801 mare
2901 2743 3071 2801 Salis.
3100 2766 3130 2794 »
3178 2744 3320 2800 Bale
3365 2745 3564 2818 lingua
3604 2740 3811 2805 Hebrea,

2219 2834 2542 2904 κατάποσις,
2573 2834 2632 2890 id
2663 2838 2772 2904 est,
2804 2834 3085 2891 devorato
3114 2832 3354 2890 dicitur.
3389 2834 3642 2890 Tradunt
3679 2829 3817 2902 ὶεὶωι

2222 2922 2468 2994 Hebraei,
2510 2923 2664 2978 hanc
2701 2923 2969 2979 eamdem
3007 2921 3068 2977 in
3110 2921 3230 2978 alio
3280 2922 3695 2996 Scripturarum
3724 2912 3816 2972 loco

2222 3010 2407 3068 Salis;
2452 3011 2747 3067 nominari
2771 3012 2821 3078 (Ι
2862 3014 2993 3082 Reg.
3026 3027 3103 3081 Ix,
3134 3010 3283 3080 4)‘:
3335 3010 3565 3083 dicique
3609 3019 3816 3069 rursum,

2229 3096 2436 3175 μόσχον
2465 3097 2857 3173 τριετίζουσαν,
2891 3100 2952 3156 id
2981 3104 3090 3168 est,
3122 3099 3371 3157 vitulam
3400 3103 3770 3156 εοηιενηαηιαπ
3788 3090 3818 3157 ⁸ο

466 3193 564 3245 tur
607 3205 736 3251 esse
783 3187 995 3249 divitiae
1053 3187 1304 3261 pecoris,
1338 3187 1489 3256 auri,
1521 3190 1578 3244 et
1625 3188 1872 3261 argenti,
1915 3190 2112 3246 tamen
2144 3181 2186 3247 C
2225 3188 2381 3261 quod
2403 3188 2627 3245 scilicet
2655 3189 2827 3246 tertio
2858 3192 3021 3245 motu
3050 3193 3217 3245 terrae
3248 3189 3526 3262 absorpta
3553 3186 3817 3258 εἰιυεων.

466 3277 519 3334 si
548 3277 827 3350 [Egyptian
863 3276 1158 3346 sunt,viro
1190 3280 1391 3332 sancto
1421 3292 1627 3348 graves
1658 3280 1815 3333 sunt.
1830 3276 2110 3348 Denique,

466 3384 585 3423 non
612 3371 681 3423 ut
711 3366 772 3443 in
801 3365 1187 3447 Septuaginta
1215 3364 1488 3445 legimus,
1522 3387 1551 3415 «
1586 3365 1745 3441 Abiit
1770 3365 1925 3421 unde
1941 3381 2109 3437 vene-

468 3460 560 3533 rat
588 3457 648 3513 in
678 3442 975 3533 desertum
1006 3442 1405 3533 usqueBethel
1423 3472 1437 3522 ;
1457 3476 1484 3503 »
1499 3453 1602 3511 sed
1618 3454 1774 3519 sicut
1803 3453 1861 3511 in
1875 3453 2110 3511 Hebraeo

469 3532 753 3618 scriptum
784 3532 902 3603 est:
917 3566 945 3593 «
973 3532 1125 3601 Abiit
1142 3542 1354 3601 itinere
1376 3560 1483 3601 suo
1503 3559 1606 3616 per
1623 3544 1905 3601 Austrum
1924 3561 2111 3616 usque

467 3632 687 3709 Bethel.
719 3654 748 3683 ››
788 3628 1006 3691 Idcirco
1037 3631 1332 3705 profectus
1359 3624 1431 3702 de
1455 3637 1701 3706 Egypto
1730 3637 1839 3700 est,
1872 3637 1937 3689 ut
1991 3650 2107 3689 non

465 3723 763 3780 desertum
793 3720 1217 3799 ingrederetur,
1238 3721 1391 3794 quod
1425 3738 1560 3778 cum
1590 3725 1833 3794 t‘Egypto
1865 3720 2110 3794 relique-

534 3846 551 3880 ¹
582 3844 943 3920 Recolendus
970 3844 1445 3920 S._Augustinus,
1463 3850 1685 3920 quaest.
1716 3849 1808 3913 26,
1838 3845 1900 3920 in
1948 3846 2108 3920 hunc

461 3916 668 3991 Genes.
698 3916 893 3991 locum
919 3919 941 3973 ἐ
974 3936 996 3967 ι
1024 3916 1695 3991 Quomodoaccipiatur,
1729 3918 1885 3991 quod
1918 3919 2104 3974 Abra-

457 3987 595 4044 ham
608 3989 848 4046 veniens
862 3988 924 4046 in
936 3994 1250 4062 Egyptum
1268 3988 1455 4046 celare
1473 3987 1657 4046 voluit
1672 3987 1912 4062 uxorem
1934 4005 2104 4062 suam

455 4075 585 4144 esse
606 4063 834 4144 Seram,
848 4060 1174 4144 secundum
1197 4062 1414 4144 omnia,
1431 4077 1558 4144 quae
1579 4065 1651 4118 de
1682 4060 1792 4144 hac
1808 4074 1869 4116 re
1885 4061 2106 4144 scripta

451 4136 593 4195 sunt
645 4137 847 4189 utrum
904 4132 1013 4215 hoc
1070 4133 1405 4215 convenerit
1448 4132 1567 4188 tam
1626 4137 1829 4189 sancto
1858 4132 2103 4203 viro,’an

451 4175 808 4261 subd’efectio
855 4203 990 4261 fidei
1048 4203 1604 4276 ejus‘intelligatur,
1637 4203 1785 4276 sicut
1836 4203 2103 4276 nonnulli

449 4275 715 4358 arbitrati
747 4288 887 4358 sunt
909 4292 930 4356 ε.
947 4276 1075 4358 jam
1108 4273 1441 4358 quidemet
1458 4275 1973 4358 contra_Faustu'm
1991 4274 2102 4331 hac

451 4347 523 4411 de
552 4363 613 4403 re
641 4344 974 4420 disputavi}
1007 4351 1064 4402 et
1092 4344 1437 4418 diligentius
1466 4362 1500 4402 a
1529 4346 1868 4420 presbytero
1897 4345 2102 4402 Hiero-

451 4434 627 4491 nymo
658 4417 988 4490 expositum
1018 4421 1127 4488 est,
1162 4417 1342 4488 quare
1371 4433 1487 4474 non
1518 4417 1596 4473 sit
1617 4417 2003 4488 consequens,
2038 4422 2103 4474 ut

450 4506 586 4545 cum
618 4487 844 4549 aliquot
874 4489 1001 4549 dies
1031 4488 1187 4549 apud
1228 4503 1425 4549 regem
1453 4488 1680 4549 IERYDti
1710 4488 1852 4544 Sara
1900 4489 2095 4549 fuerit.

450 4506 586 4545 cum
618 4504 844 4561 anquet
874 4504 1001 4549 dies
1031 4504 1187 4560 apud
1228 4504 1288 4544 re
1330 4505 1425 4545 em
1453 4504 1680 4561 mgypu
1710 4504 1852 4544 Sara
1900 4504 2095 4559 ruerit,

449 4560 625 4643 etiam
656 4561 785 4632 ejus
813 4560 1128 4643 concubitu
1176 4504 1450 4643 crefatur
1490 4575 1622 4643 esse
1671 4559 1931 4643 polluta;
1958 4577 2103 4632 quo-
2132 4554 2178 4619 D

450 4632 609 4689 niam
640 4630 770 4689 mos
800 4636 926 4688 erat
954 4630 1152 4689 regius
1181 4630 1406 4687 vicibus
1436 4631 1510 4687 ad
1537 4647 1599 4687 se
1628 4630 1935 4688 admittere
1964 4630 2096 4688 inu-

446 4702 619 4767 lieres
648 4720 809 4771 suas,
837 4706 893 4759 et
922 4701 1046 4758 nisi
1065 4702 1343 4775 lenientis
1372 4705 1431 4760 et
1456 4704 1781 4775 unguentis
1810 4701 1910 4758 diu
1932 4703 2096 4775 prius

446 4779 717 4832 accurato
777 4789 1036 4847 corpore,
1088 4771 1253 4831 nulla
1281 4771 1577 4847 intrabat'
1597 4774 1670 4829 ad
1717 4771 2097 4847 regem—Quae

444 4847 587 4904 dum
614 4847 842 4916 ﬂerent,
875 4844 1130 4903 afﬂictus
1158 4848 1248 4901 est
1280 4844 1504 4901 Pharao
1535 4861 1715 4901 manu
1745 4844 1954 4913 Dei,ut
1975 4846 2097 4901 viro

443 4918 773 4983 redhiberet
802 4918 1107 4983 intactam,
1137 4932 1319 4988 quam
1346 4917 1459 4990 ipsi
1490 4916 1609 4974 Deo
1640 4916 1891 4973 maritus
1938 4933 2096 4972 com-

448 4990 709 5061 miserat,
744 5013 770 5039 ι)
802 4995 910 5047 etc.

510 5070 656 5127 ’Est
692 5051 905 5125 autem
962 5068 1021 5124 in
1080 5067 1385 5139 Hebraico,
1446 5051 1637 5134 mm‘o,
1673 5066 1916 5137 ladonaz’,
1968 5067 2094 5138 Deo,

484 5141 596 5213 uod
645 5141 1027 5213 Septuaginta
1081 5138 1320 5213 Evav'ttoy
1367 5138 1465 5192 τοῦ
1508 5141 1666 5213 Θερῦξ,
1706 5140 1764 5194 in
1812 5140 2097 5213 conspectu

440 5155 596 5265 3:00
645 5155 1027 5213 septuaginta
1081 5155 1320 5193 εναντιον
1367 5158 1465 5192 του
1508 5155 1666 5205 υεου,
1706 5155 1764 5194 m
1812 5155 2095 5211 conspectu

460 5280 497 5294 η
528 5211 538 5222 ⁸
568 5210 1026 5294 interpretantur
1054 5227 1067 5267 :
1096 5212 1412 5294 superﬂue,
1447 5214 1513 5294 u_t
1569 5209 1956 5294 Hieronymus
1997 5210 2095 5281 ju-

442 5280 616 5337 dicat.
643 5280 753 5338 Est
779 5282 935 5338 enim
967 5280 1604 5350 ille,quemadmodum
1637 5280 1973 5337 Martianaao
1995 5280 2095 5336 no,

440 5356 630 5409 tatum
659 5359 769 5419 est,
803 5348 1099 5426 Hebraicis
1124 5348 1338 5426 linguae
1370 5352 1730 5426 idiotismus,
1754 5354 1852 5426 qui
1900 5353 2095 5408 locum

440 5430 598 5487 tenet
635 5422 999 5497 superlativi,
1032 5422 1429 5497 utgpecﬁatorcs
1459 5422 1747 5497 Deoiidem
1769 5422 1857 5497 'sit
1887 5439 2097 5497 acApec-

437 5500 650 5553 catore:
676 5494 1020 5567 nequissimi.
1053 5494 1185 5567 Vid,
1219 5495 1494 5551 eumdem
1537 5496 1808 5559 Martian.
1842 5496 1902 5552 in
1931 5494 2095 5552 Notis

440 5564 856 5643 prolixioribus
887 5567 947 5621 in
980 5564 1138 5625 hunc
1167 5564 1385 5622 locum.

472 5620 851 5709 ἦ
890 5620 1450 5715 Mammaea.
1482 5645 1647 5703 Unus
1692 5652 1792 5704 aut
1827 5645 1974 5707 alter
2000 5620 2096 5726 0.0-}

2219 3278 2299 3349 5.)
2330 3279 2399 3334 Et
2443 3295 2513 3334 ex
2553 3294 2620 3334 eo
2668 3282 2952 3351 tempore,
2984 3294 3098 3351 quo
3145 3278 3407 3334 Sodoma
3435 3281 3493 3334 et
3531 3270 3817 3334 Gomorrha.

2219 3366 2445 3431 Adamn
2488 3371 2545 3423 et
2574 3366 2809 3437 Seboim
2853 3366 3052 3424 divino
3081 3365 3222 3440 igne
3251 3368 3543 3426 subversa
3578 3365 3722 3432 sunt,
3746 3356 3820 3420 illa

2216 3455 2471 3526 parvula,
2506 3454 3215 3528 nuncupatumsiquidem
3246 3456 3417 3527 Segor
3442 3443 3812 3513 transferturin

2216 3561 2474 3618 parvam,
2505 3561 2632 3614 quae
2663 3543 2864 3616 lingua
2888 3544 3035 3616 Syra
3062 3544 3242 3603 Zoara
3273 3544 3493 3600 dicitur
3508 3537 3728 3597 ‘.Vallis
3742 3549 3814 3590 au-

2217 3636 2335 3689 tem
2367 3632 2724 3704 Salinarum,
2739 3632 2893 3687 sicut
2922 3632 2983 3687 in
3014 3631 3124 3688 hoc
3152 3634 3363 3689 eodem
3394 3633 3542 3688 libro
3569 3625 3811 3687 scribitur.

2218 3722 2274 3777 in
2307 3737 2426 3794 qua
2447 3721 2688 3777 fuerunt
2722 3725 2856 3777 ante
2886 3721 3048 3793 putei
3077 3720 3414 3787 bituminis,
3431 3717 3662 3794 postDei
3681 3716 3811 3779 irim,

2216 3845 2324 3901 dex
2371 3861 2482 3901 ms.
2515 3844 2674 3917 legit,
2717 3845 2806 3899 hic
2840 3843 3216 3917 consederunt
3262 3845 3413 3917 apud
3454 3843 3658 3911 vallem,
3697 3840 3812 3914 etot:

2214 3920 2314 3973 sed
2366 3915 2697 3973 necessario
2744 3915 3116 3972 retinendum
3157 3918 3220 3971 hi
3274 3915 3687 3976 damma-unt;
3711 3918 3816 3980 qu“

2212 4007 2271 4059 in
2305 4004 2540 4060 Hebraeo
2571 4009 2660 4061 est
2686 3989 3020 4066 111111585:
3050 4002 3147 4059 kol
3179 4003 3291 4061 elle
3317 4004 3633 4070 bhabberu,
3657 3999 3708 4057 id
3732 3995 3813 4059 est,

2211 4091 2399 4132 omnes
2430 4078 2529 4132 isti
2554 4083 2938 4133 convenerunt.
2969 4079 3257 4132 Manum.

2284 4148 2306 4219 ’ξ
2335 4147 2513 4203 Salisa
2534 4148 2839 4219 nominari.
2872 4146 3045 4203 Libro
3078 4148 3272 4219 primo
3302 4144 3589 4204 Samuelis
3616 4156 3728 4212 cap.
3754 4149 3812 4219 ix,

2211 4220 2267 4301 lg,
2289 4218 2540 4301 legimus
2569 4218 2680 4275 hoc
2710 4218 2883 4274 modo
2878 4236 2915 4301 ﬁ:
2932 4219 2999 4301 Ιξζ
3024 4217 3250 4275 transiit
3274 4235 3377 4301 per
3403 4217 3812 4301 tggagngﬁjf-

2210 4285 2411 4417 ﬁalis}.
2446 4291 2601 4347 Idem
2626 4305 2839 4347 nomen
2872 4288 3051 4345 Salisa
3074 4285 3329 4346 occurrit
3352 4291 3413 4346 in
3432 4286 3593 4345 libris
3609 4285 3812 4355 Regum-

2270 4378 2499 4417 ARTIAN.
3772 4416 3782 4417 ,

2270 4378 2499 4417 ARTIAN.

2282 4433 2303 4467 ⁸
2324 4432 2449 4489 Duo
2480 4432 2723 4504 Reginae
2749 4447 2921 4504 mss.,
2949 4435 3387 4489 constemantem
3419 4449 3438 4487 :
3467 4428 3679 4504 vitiose.
3706 4416 3811 4479 Belo

2212 4507 2405 4559 autem
2432 4520 2467 4560 a
2491 4499 2603 4569 uti
2624 4503 2953 4575 deducitur,
2978 4504 3241 4575 quodest
3272 4503 3584 4575 absorbere;
3600 4499 3811 4575 hinﬁ‘lne

2211 4579 2338 4630 orta
2360 4575 2736 4651 (Hebraeorum
2769 4570 2969 4651 isthec
2992 4570 3411 4651 traditionqu
3431 4578 3487 4628 et
3513 4570 3619 4651 sibi
3639 4575 3809 4651 parum

2207 4650 2434 4701 constat
2465 4661 2713 4717 :_neque
2745 4644 2901 4717 enim
2950 4645 3074 4701 sola
3115 4636 3324 4717 civitas
3372 4645 3549 4717 Zoara
3593 4636 3657 4717 in:
3686 4636 3808 4717 Sgrij

2207 4717 2397 4800 Pturis
2444 4709 2652 4792 μόσχςῖς
2686 4713 3029 4800 Ξριετίζῖυσα
3078 4716 3427 4800 appellatur.
3467 4709 3809 4800 Eheodorifgf

2208 4774 2402 4860 ipsum
2436 4774 2649 4844 nomen
2685 4774 3301 4860 segor'devorat'idnem
3330 4774 3808 4860 significat-cami-

2205 4849 2395 4948 ίέαιυβ
2435 4864 2527 4948 est
2574 4849 2876 4948 ίιυωεῑιῖίιι
2925 4859 3067 4947 9w-
3117 4849 3808 4948 ίριθιῖτοεῖἓίέεὲᾳεῗέἶτοῖῗ

2205 4931 2309 5005 γὰρ
2354 4933 2388 5000 ἡ
2458 4927 2662 5006 Σηγὼρ
2723 4927 3099 5005 ἑρμηνεύεται.
3154 4931 3283 5012 Ipse
3328 4927 3706 5011 “Hieronymus
3759 4927 3808 4967 ιη

2206 5020 2331 5047 ηηη
2373 5020 2448 5047 vv
2495 5004 2606 5047 Ian-
2644 5019 2657 5047 ε
2693 5025 2721 5047 ‹‹
2772 5000 3129 5047 Ᾱῐπιριιηιιιῐι-
3178 5005 3389 5047 mnmt-
3439 4997 3590 5047 Bala-
3622 4992 3675 5047 Id
3716 4984 3806 5047 ϐάν

2206 4997 2334 5075 cap.
2373 4997 2448 5059 iv
2495 4997 2657 5058 195::
2693 5025 2721 5052 ‹‹
2751 4997 3130 5073 'Appellalur,
3178 4997 3392 5074 inquit,
3439 4997 3590 5067 Bala,
3622 4997 3675 5047 id
3716 4997 3806 5050 ϐεεν

2206 5075 2500 5147 absorpta,
2550 5072 2921 5147 tradentibus
2961 5073 3232 5139 Hebraeis,
3274 5068 3633 5147 quod_tertio
3672 5064 3809 5147 terr!

2205 5150 2366 5202 motu
2383 5138 2400 5147 ’
2417 5138 2729 5218 prostrata;
2755 5144 2849 5200 sit.
2885 5144 3017 5218 Ipsa
3065 5147 3153 5199 est
3195 5138 3326 5218 quae
3354 5140 3523 5218 hodie
3550 5138 3681 5208 Syro
3706 5142 3805 5218 δεῖ·

2206 5232 2378 5342 mone
2417 5212 2668 5275 "vocatur
2694 5216 2892 5285 Zoora,
2913 5212 3154 5271 Hebraao
3201 5212 3401 5287 Segor,
3424 5215 3658 5279 utroque
3700 5212 3805 5273 ριν·

2206 5305 2274 5342 νυ
2307 5305 2358 5342 a.
2394 5309 2423 5337 »

2203 5305 2358 5344 vum.
2394 5309 2423 5337 ))

2274 5358 2580 5415 6Concinit
2617 5358 2902 5414 Diodorus
2945 5356 3006 5411 in
3064 5351 3525 5425 CatenisJBegiis
3568 5359 3699 5425 φεῦ·
3726 5351 3803 5425 Ρΐ

2204 5446 2307 5486 nes
2362 5429 2856 5499 Monfauconium,
2905 5425 3106 5495 ταύτην
3162 5422 3216 5480 δὲ
3277 5419 3524 5501 anque
3558 5419 3591 5486 ἡ
3642 5419 3796 5540 γῇαφη

2208 5499 2436 5540 ῗιίινηηη
2492 5496 2651 5540 νίνλεῖ
2697 5500 2725 5540 Α
2771 5496 2827 5540 3}
2890 5497 3061 5540 Yi'mm-
3122 5494 3277 5540 Τοῖαοῖ
3328 5494 3415 5540 καὶ
3711 5492 3796 5537 ω

2205 5499 2437 5574 Σώγᾳρα
2478 5496 2651 5574 -καλεῖ
2697 5500 2725 5553 ὁ
2771 5486 2856 5553 δὲ’
2886 5486 3074 5574 Σύρρξ
3117 5494 3279 5574 lup}
3328 5486 3799 5574 καῖ”Βαλάη

2202 5556 2422 5704 (ἐέίᾕίἐέ
2464 5572 2751 5648 Scriptura
2808 5556 3411 5645 vacat'Zogora,'Syrus
3468 5575 3581 5623 vero
3631 5556 3792 5625 2W:

2328 5657 2442 5704 ala.
