4084 6170
316 317 476 408 iboe

1362 347 1596 416 LIBER
1637 347 1874 417 HEBR.
1921 351 2227 429 QUIEST.
2271 356 2354 421 IN
2397 349 2672 424 GENES.

3560 317 3720 426 amb

314 479 374 533 et
402 474 708 570 sulphuris
735 476 1016 570 pluviam,
1040 477 1099 538 in
1129 498 1290 540 mare
1311 483 1606 542 Mortuum
1633 505 1798 544 versa
1827 493 1917 544 est
1942 507 1953 545 :
1989 493 2040 558 Α
2141 493 2322 557 (Vers.
2362 461 2470 564 11.)
2502 519 2530 544 ‹‹
2557 495 2626 550 Et
2676 493 2940 551 tulerunt
2970 509 3204 553 omnem
3227 565 3231 570 ι
3255 470 3581 570 equitatum
3613 473 3715 551 So-

311 567 469 642 quod
504 584 539 623 a
569 567 784 626 Graecis
816 572 966 628 327
1002 568 1171 645 λίμνη
1216 570 1586 648 Ἀσφαλτῖτις,
1618 576 1677 632 id
1707 587 1814 646 est,
1846 584 1963 635 sla-

307 672 484 724 gnum
517 657 801 713 bituminis
833 660 1176 732 appellatur.

381 745 569 814 (Vers.
603 746 680 818 5.)
711 770 739 798 ‹‹
771 749 841 803 Et
871 751 1259 807 condiderunt
1287 753 1554 826 gigantes
1599 754 1656 808 in
1689 756 1960 811 Astaroth

305 834 603 903 Carnaim,
641 839 698 891 et
727 843 932 909 gentes
961 840 1136 896 fortes
1168 841 1340 897 simul
1386 860 1518 898 cum
1553 844 1636 900 eis
1669 862 1682 900 :
1717 849 1774 900 et
1803 845 1959 900 Omi-

297 925 466 980 ‘naeos
497 925 557 980 in
589 926 733 982 Save
763 928 1012 995 civitate,
1048 933 1363 1002 antequam
1400 934 1718 990 Sodomam
1757 951 1959 1006 perve-

304 1013 503 1070 nirent
533 1015 568 1070 ¹.
607 1038 634 1064 ››
668 1018 928 1082 Quatuor
959 1035 1120 1090 reges
1152 1021 1391 1092 profecti
1424 1023 1495 1077 de
1527 1021 1837 1095 Babylone,
1872 1023 1961 1079 in-

303 1103 660 1159 terfecerunt
688 1105 977 1177 gigantes,
1013 1107 1120 1162 hoc
1171 1111 1261 1164 est
1287 1115 1544 1165 ιιΑρΗΑιΜ
1574 1112 1835 1185 (unum),
1869 1129 1957 1168 ro-

302 1191 516 1248 bustos
547 1210 812 1266 quosque
842 1197 946 1266 [Αι.
981 1213 1214 1269 quoque
1244 1198 1484 1266 Arabiae,
1539 1204 1597 1255 et
1633 1201 1845 1268 Zozim,
1897 1201 1957 1258 in

303 1279 478 1349 Hom,
510 1286 566 1337 et
597 1282 784 1339 Emim
815 1284 874 1340 in
909 1285 1138 1341 civitate
1163 1288 1330 1355 Save,
1364 1305 1491 1360 quae
1552 1307 1738 1362 usque
1785 1290 1956 1347 hodie

302 1370 390 1462 sic
419 1375 674 1462 vocatur.
708 1378 889 1428 Zuzm
949 1379 1161 1462 (οη-ῃ)
1192 1380 1387 1432 autem
1427 1382 1483 1433 et
1525 1396 1667 1433 sum
1698 1380 1954 1452 (nimis),

302 1457 595 1517 terribiles
625 1466 683 1517 et
710 1461 984 1519 horrendi
1018 1457 1400 1538 intepretatur
1459 1484 1471 1520 :
1531 1485 1599 1539 pr
1675 1486 1789 1540 quo
1820 1472 1954 1543 Sep-

299 1550 594 1622 tuaginta,
627 1567 863 1606 sensum
897 1552 1084 1625 magis
1135 1571 1313 1626 quam
1371 1556 1612 1611 verbum
1647 1573 1714 1612 ex
1771 1559 1946 1614 verbo

297 1629 742 1707 transferentes,
775 1647 964 1708 gentes
1010 1641 1342 1714 fortissimas
1399 1650 1741 1715 posuerunt.
1780 1647 1952 1703 Porro

299 1745 476 1798 ΒΑΕΜ,
510 1746 615 1800 pro
648 1746 762 1800 quo
810 1730 1101 1798 dixerunt,
1138 1732 1251 1804 ἅμα
1308 1731 1512 1801 αὐτοῖς,
1575 1735 1684 1791 hoc
1714 1740 1802 1791 est
1828 1755 1953 1792 cum

2073 581 2382 638 domorum
2418 585 2571 640 328
2603 588 2662 640 et
2720 571 3076 641 Gomorrhae.
3126 607 3156 636 »
3186 589 3294 642 Pro
3340 577 3604 659 equitatu
3661 584 3722 641 in

2076 670 2312 726 Hebraeo
2343 671 2520 728 habet
2559 689 2781 729 manus
2814 673 3000 745 (xz-7:1),
3034 669 3090 728 id
3131 677 3221 730 est
3249 661 3630 730 substautiam.

2144 758 2336 831 (Vers.
2373 761 2484 832 13.)
2519 781 2546 811 ‹‹
2584 762 2654 817 Et
2685 761 2781 834 qui
2851 762 3100 835 fugerat,
3161 761 3446 818 nuntiavit
3502 763 3720 836 Abram

2072 849 2394 904 transitori.
2430 851 2556 922 Ipse
2587 867 2722 906 vero
2753 850 2994 906 sedebat
3042 852 3113 906 ad
3144 868 3426 923 quercum
3459 852 3726 908 Mambre

2070 935 2388 993 Amorrhaei
2445 939 2464 972 ⁵
2523 938 2724 996 fratris
2753 939 2986 1007 Eschol,
3027 944 3083 996 et
3114 940 3309 996 fratris
3338 940 3591 1008 Annam,
3623 937 3729 1012 qui

2069 1030 2239 1081 erant
2271 1026 2560 1097 conjurati
2595 1027 2860 1084 Abrahae.
2895 1049 2922 1076 »
2950 1027 3059 1083 Pro
3085 1045 3174 1094 eo,
3208 1025 3364 1100 qhod
3390 1045 3496 1084 nos
3527 1027 3726 1100 posui-

2069 1131 2223 1182 mus,
2256 1115 2635 1184 transitori,in
2669 1117 2908 1172 Hebrao
2943 1110 3229 1189 seriptum
3256 1121 3346 1172 est
3375 1135 3491 1172 IBRI
3525 1117 3722 1189 (⁷⁵1317),

2068 1202 2177 1259 hoc
2207 1204 2364 1259 enim
2395 1207 2665 1260 transitor
2711 1204 3082 1277 exprimitur.
3134 1205 3296 1272 Quod
3357 1208 3553 1262 autem
3585 1200 3668 1262 ait
3702 1223 3714 1261 :

2065 1292 2218 1362 Apud
2246 1309 2506 1365 quercum
2533 1288 2770 1349 Membra
2832 1293 3164 1361 Amorrhwi,
3222 1293 3431 1350 melius
3491 1294 3550 1349 in
3611 1293 3719 1349 He-

2065 1380 2217 1436 braeo
2262 1381 2536 1454 legimus,
2583 1383 2734 1453 upud
2779 1399 3037 1457 quercum
3065 1382 3316 1440 Mambre
3391 1379 3719 1452 Amorrhwi,

2067 1470 2264 1540 fratris
2313 1469 2472 1525 Escol
2529 1487 2542 1525 :
2594 1474 2646 1526 et
2692 1472 2913 1541 factris,
2965 1486 3080 1526 non
3109 1472 3345 1537 Annam,
3378 1475 3445 1526 ut
3473 1470 3717 1544 Septua-

2063 1558 2229 1630 ginta
2257 1559 2705 1629 transtulerunt,
2733 1560 2834 1616 sed
2866 1561 3014 1615 Aner
3043 1575 3058 1615 :
3093 1563 3159 1615 ut
3185 1561 3516 1617 Ostenderet
3545 1560 3723 1616 Mam-

2063 1647 2166 1702 bre
2187 1651 2245 1703 et
2263 1646 2450 1716 Escol,
2475 1651 2533 1703 et
2578 1650 2732 1704 Aner
2767 1648 3136 1705 Amorrhaaos
3159 1651 3338 1720 atque
3386 1655 3718 1722 germanos,

2067 1735 2259 1790 socios
2288 1735 2471 1792 fuisse
2502 1736 2764 1792 Abrahae.

295 1820 797 1932 ei.s,.putiverunt
829 1819 1002 1875 scribi
1037 1837 1137 1891 per
1177 1839 1249 1876 ns
1305 1823 1411 1922 (ξι),
1464 1824 1622 1879 ducti
1678 1824 1947 1881 elementi
1985 1866 2033 1932 Β
2132 1824 2319 1893 (Vers.
2355 1825 2467 1897 15.)
2507 1848 2535 1875 ‹‹
2569 1828 2637 1880 Et
2667 1827 3016 1898 persecutus
3046 1829 3136 1881 est
3161 1840 3261 1881 eos
3293 1841 3481 1897 usque
3513 1824 3657 1926 Dan.
3693 1848 3724 1878 »

296 1906 707 1978 similitudine,
743 1924 878 1963 cum
911 1926 1012 1980 per
1044 1926 1187 1964 nam
1221 1910 1503 1982 scriptum
1566 1911 1641 1968 sit
1692 1914 1733 1968 ³.
1792 1913 1955 1970 ΒΑΕΜ
1987 1906 2033 1932 ⁸³
2065 1912 2153 1968 Ad
2185 1912 2478 1969 Phoenicis
2509 1913 2817 1986 oppidum,
2853 1914 3008 1985 quod
3039 1930 3196 1969 nunc
3246 1915 3458 1970 Peneus
3485 1913 3720 1970 dicitur.

296 1997 476 2068 (una)
507 1995 665 2052 enim
697 2013 833 2052 cum
866 2015 966 2069 per
995 2001 1112 2055 tres
1151 1999 1665 2057 litterasscribitur
1697 2019 1710 2058 :
1745 2003 1793 2058 si
1829 2019 1951 2060 me-

295 2084 460 2140 diam
517 2103 587 2140 us
633 2085 827 2150 habet,
891 2087 1244 2160 interpretur
1300 2091 1359 2144 in
1414 2090 1596 2146 είδδε
1647 2089 1694 2145 si
1755 2097 1951 2156 autem

299 2167 470 2240 i1er,
503 2177 568 2229 ut
594 2174 650 2229 in
681 2177 973 2247 praesenti,
1013 2176 1208 2233 locum
1242 2177 1556 2250 signiﬁcat,
1619 2179 1674 2234 id
1736 2183 1844 2247 est,
1894 2199 1951 2236 IN

300 2279 421 2318 Hom
452 2263 641 2336 (mn).

368 2352 552 2424 (Vers.
584 2354 662 2424 7.)
694 2376 722 2404 «
756 2357 824 2408 Et
855 2358 1208 2410 revertentes
1268 2361 1554 2412 venerunt
1610 2358 1682 2412 ad
1732 2358 1949 2415 fontem

285 2441 525 2512 judicii,
541 2441 663 2498 haec
684 2446 776 2498 est
792 2442 997 2498 Gades.
1034 2466 1060 2493 ››
1089 2444 1195 2498 Per
1216 2445 1690 2517 anticipationem
1715 2446 1949 2517 dicitur,

292 2531 450 2602 quod
482 2534 690 2602 postea
719 2530 805 2586 sic
836 2537 1107 2587 vocatum
1141 2536 1248 2588 est.
1306 2534 1609 2606 Significat
1639 2539 1835 2591 autem
1866 2535 1949 2592 lo-

291 2636 426 2674 cum
459 2618 614 2690 apud
648 2622 900 2686 Petram,
962 2620 1062 2690 qui
1116 2621 1248 2675 fons
1295 2607 1942 2691 judicii-nominatur:

286 2707 429 2778 q‘uia
460 2705 539 2760 ibi
585 2706 742 2763 Deus
801 2706 1082 2778 populum
1134 2708 1443 2780 judicavit.
1482 2730 1509 2759 ‹‹
1541 2714 1611 2764 Et
1639 2726 1943 2781 percusse-

286 2790 427 2850 runt
446 2812 682 2850 omnem
705 2795 998 2867 regionem
1025 2795 1480 2853 Amalecitarum
1505 2801 1560 2853 et
1579 2799 1941 2855 Amorrhazo-

286 2901 421 2940 rum
456 2884 754 2940 sedentem
788 2884 845 2938 in
906 2885 1386 2941 Asasontbamar.
1422 2909 1451 2935 »
1486 2888 1600 2942 [loc
1659 2887 1940 2960 oppidUm

285 2963 398 3040 est,
433 2973 589 3046 quod
623 2989 778 3028 nunc
809 2977 1049 3028 vocatur
1106 2975 1386 3047 Engaddi,
1447 2975 1695 3030 balsami
1734 2981 1791 3031 et
1822 2975 1940 3048 pal-

283 3055 524 3119 marum
584 3061 789 3117 fertile.
849 3066 1023 3117 Porro
1081 3064 1558 3132 Asasonthamar,
1619 3064 1678 3120 in
1737 3064 1940 3136 lingua

283 3157 488 3209 nostra
518 3153 772 3218 resonat,
809 3152 934 3205 urbs
963 3153 1288 3208 Palmarum
1329 3169 1342 3206 :
1407 3152 1663 3208 Thamar
1721 3154 1938 3226 quippe

2065 2006 2188 2058 Dan
2222 2006 2420 2057 autem
2455 2019 2610 2058 unus
2640 2019 2670 2058 e
2702 2002 2970 2058 fontibus
3028 2007 3119 2058 est
3159 2001 3455 2059 Jordanis.
3490 2004 3638 2059 Nam
3669 2007 3727 2059 et

2066 2090 2210 2146 alter
2237 2090 2480 2147 vocatur
2507 2093 2604 2148 1ον
2631 2093 2672 2162 θ,
2707 2091 2859 2164 quod
2923 2089 3337 2163 interpretatur
3390 2089 3621 2166 ῥεῖθρον,
3663 2091 3721 2147 id

2061 2184 2152 2236 est
2179 2182 2352 2237 rivus.
2389 2181 2631 2237 Duobus
2693 2197 2830 2254 ergo
2860 2179 3142 2242 fontibus.
3177 2180 3277 2251 qui
3331 2180 3488 2236 haud
3519 2180 3720 2252 procul

2061 2285 2095 2323 a
2125 2283 2186 2323 se
2215 2268 2455 2340 distant,
2498 2269 2558 2324 in
2591 2285 2777 2324 unum
2811 2267 3068 2324 rivulum
3095 2267 3412 2338 fceder‘atis,
3457 2268 3720 2326 Iordanis

2059 2355 2336 2428 deinceps
2367 2355 2712 2428 appellatur.

2133 2445 2317 2515 (Vers.
2359 2447 2472 2516 18.)
2512 2465 2534 2494 α
2566 2446 2638 2500 Et
2668 2443 3094 2501 Melchisedech
3129 2460 3228 2499 rex
3257 2441 3450 2499 Salem
3472 2442 3719 2514 protulit

2062 2549 2276 2605 panem
2306 2536 2364 2590 et
2390 2534 2614 2604 vinum,
2646 2537 2703 2589 et
2732 2532 2857 2606 ipse
2915 2532 3200 2589 Sacerdos
3230 2532 3330 2588 Dei
3387 2531 3624 2600 excelsi,
3659 2535 3718 2589 et

2058 2622 2355 2679 benedixit
2406 2623 2480 2678 ei.
2533 2645 2562 2672 »
2595 2622 2741 2690 Quia
2796 2621 2977 2678 semel
3009 2619 3366 2695 opusculum
3421 2624 3711 2692 nostrum,

2055 2711 2143 2767 vel
2177 2713 2557 2780 Quaestionum
2586 2712 3001 2778 Ilebraicarum,
3031 2708 3120 2765 vel
3153 2709 3536 2765 traditionum
3567 2712 3716 2766 con-

2053 2801 2312 2874 gregatio
2337 2804 2443 2870 est,
2471 2804 2774 2874 propterea
2796 2800 2936 2872 quid
2958 2798 3180 2855 Hebraei
3203 2799 3271 2854 de
3299 2797 3410 2854 hoc
3433 2799 3714 2865 sentiant,

2051 2889 2394 2945 inferamus.
2428 2888 2607 2944 Aiunt
2637 2888 2794 2944 hunc
2824 2905 2954 2944 esse
2984 2888 3118 2943 Sem
3149 2889 3168 2922 ⁷
3198 2887 3386 2942 ﬁlium
3433 2887 3555 2942 Noe
3596 2903 3610 2942 :
3655 2892 3717 2944 et

2050 2981 2435 3050 supputantes
2470 2994 2654 3033 annos
2690 2977 2822 3032 vitm
2856 2975 3066 3048 ipsius,
3102 2975 3425 3032 ostendunt
3455 2991 3592 3032 eum
3623 2973 3700 3032 ad

2048 3067 2212 3123 Isaac
2244 3083 2431 3139 usque
2460 3064 2695 3132 vixisse,
2728 3081 3050 3137 omnesque
3101 3064 3526 3138 primogenitos
3583 3064 3702 3122 No'e

2047 3155 2229 3211 donec
2261 3155 2586 3212 sacerdotio
2644 3155 2986 3227 fungeretur
3014 3159 3232 3218 Aaron,
3292 3152 3475 3209 fuisse
3508 3153 3700 3224 ponti-

275 3233 467 3314 p‘alma
500 3240 732 3294 dicitur.
779 3240 1092 3296 Sciendum
1127 3246 1319 3297 autem
1353 3258 1456 3314 pro
1487 3259 1574 3309 eo,
1617 3243 1771 3314 quod
1805 3247 1937 3315 post
1966 3232 2008 3298 C
2047 3245 2204 3299 lices.
2230 3247 2407 3299 Porro
2429 3242 2750 3313 Salem,rex
2771 3241 3097 3299 Jeruselem
3114 3241 3348 3308 dicitur,
3375 3257 3503 3313 quae
3526 3241 3694 3314 prius

278 3329 591 3404 paululum
623 3329 892 3401 sequitur
923 3347 935 3384 :

2039 3331 2231 3388 Salem
2247 3331 3132 3404 appellabatur°,Melchisedech
3147 3335 3343 3386 autem
3356 3331 3565 3386 beatus
3577 3337 3692 3404 Ap-

353 3419 540 3489 (Vers.
574 3417 654 3488 8.)
688 3441 712 3464 α
742 3419 814 3473 Et
845 3417 1179 3474 direxerunt
1237 3423 1439 3475 contra
1469 3436 1568 3475 eos
1619 3421 1802 3476 aeiem
1855 3422 1927 3476 ad
2036 3421 2221 3478 stolus
2266 3421 2337 3476 ad
2392 3421 2672 3476 Haabraos
2714 3420 3051 3492 (vn,3),sine
3071 3425 3234 3493 patre
3252 3424 3309 3475 et
3325 3424 3510 3475 matre
3529 3436 3686 3475 com-

274 3490 500 3565 bellum
531 3506 589 3561 in
623 3504 769 3561 valle
809 3507 1158 3576 Salinarum,
1187 3529 1214 3557 »
1252 3508 1309 3562 in
1346 3509 1578 3563 Hebraeo
1609 3509 1832 3579 haberi,
1868 3509 1930 3564 in

273 3591 432 3653 valle
463 3611 669 3650 sanum
692 3595 904 3665 (ων-πω)
932 3613 944 3650 :
975 3597 1128 3668 quod
1154 3597 1363 3668 Aquila
1388 3597 1804 3669 interpretatur
1821 3601 1928 3650 τῶν

280 3680 646 3760 περιπεδίνων
669 3683 1060 3755 ⁴,Τ1]θοᾶοῐὶο,
1081 3689 1186 3739 τῶν
1213 3685 1415 3755 ἀλσῶν,
1441 3703 1670 3743 amoma
1694 3703 1933 3743 nemora

280 3772 706 3847 signiﬁcantes.

351 3968 394 4042 ‘_
427 3968 733 4042 Antequam
789 3968 1059 4025 Sodonam
1113 3974 1478 4042 pervenirent.
1539 3973 1771 4026 Absunt
1807 3971 1931 4028 haec

276 4039 457 4114 verba
487 4039 546 4114 in
579 4043 849 4094 contextu
881 4058 1044 4096 sacro
1070 4039 1306 4114 etapud
1343 4043 1502 4098 LXX.
1537 4045 1820 4098 MARTIAN.

299 4139 304 4143 ε
351 4111 374 4145 ²
406 4109 710 4187 Ηοᾶὶθιτιᾳ
740 4127 874 4166 vero
931 4109 1283 4187 exemplaria
1313 4132 1446 4170 cum
1505 4127 1545 4177 Π
1597 4115 1928 4187 praeferunt,

277 4194 439 4250 ΟΠΞ,
471 4187 646 4256 atque
676 4183 757 4256 ita
787 4200 900 4237 non
934 4183 1342 4256 LXX—solum,
1405 4187 1505 4241 sed
1539 4183 1613 4241 et'
1645 4187 1825 4256 Syrus
1876 4191 1933 4241 et

271 4252 935 4338 Samariten-us‘legunt,
987 4255 1127 4338 quin
1159 4257 1280 4338 ipse
1337 4259 1521 4338 etiam.
1547 4252 1933 4338 Hieronymus

272 4326 338 4401 i_n
373 4341 482 4381 sua
511 4341 581 4380 ex
613 4325 845 4401 Hebraeo
878 4325 1270 4401 versione,ubi
1309 4332 1546 4401 cumeis
1587 4325 1931 4401 interpreta-

272 4395 394 4462 tur,
430 4412 522 4463 ne,
555 4396 782 4471 opinor,
811 4414 843 4451 a
872 4397 1043 4470 vulgo
1071 4405 1302 4471 recepta
1323 4399 1567 4457 lectione
1588 4395 1930 4457 disce—deret.

274 4472 427 4523 Nam
452 4470 608 4538 quod
635 4479 929 4536 Dn:,cum
955 4470 1146 4525 media
1167 4470 1422 4530 n'littera
1446 4471 1661 4527 lectum
1681 4490 1788 4527 sua
1806 4477 1935 4526 aeta-

275 4545 332 4613 te
367 4540 663 4606 observat,
711 4539 1088 4613 adhlegentis
1146 4542 1533 4598 eruditionem
1571 4543 1727 4598 facit.
1762 4543 1932 4598 Chal-

277 4611 441 4666 dazus
465 4614 670 4686 tamen
703 4615 760 4666 et
789 4611 1160 4686 Massorethze
1194 4615 1567 4686 conﬁrmant,
1628 4614 1727 4686 qui
1762 4615 1930 4686 quasi

277 4681 585 4755 proprium
617 4699 826 4737 nomen
859 4683 916 4738 in
951 4683 1138 4750 Cham,
1173 4685 1292 4740 sive
1340 4687 1397 4740 in
1430 4688 1565 4741 Hom
1592 4681 1846 4741 vertunt.

2040 3526 2394 3577 memorans,
2445 3509 2743 3564 Christum
2793 3509 2986 3575 refert,
3044 3513 3103 3564 et
3147 3525 3251 3580 per
3279 3506 3578 3565 Christum
3611 3509 3682 3564 ad

2038 3597 2300 3670 gentium
2323 3596 2656 3652 Ecclesiam.
2676 3596 2878 3652 Omnis
2891 3598 3044 3653 329
3065 3597 3220 3653 enim
3243 3596 3448 3668 capitis
3464 3595 3688 3667 gloria"

2039 3687 2288 3742 refertur
2319 3687 2391 3741 ad
2424 3686 2712 3752 membra,
2746 3701 2812 3740 eo
2844 3687 2998 3757 quod
3049 3684 3404 3757 praeputium
3436 3683 3684 3754 habens,

2038 3774 2286 3832 Abrahae
2317 3773 2678 3831 benedixerit
2725 3773 3092 3842 circumciso,
3151 3777 3209 3829 et
3263 3773 3323 3828 in
3380 3771 3685 3828 Abraham

2111 3971 2131 4004 ⁵
2191 3970 2352 4026 Unus
2406 3969 2640 4042 Reginae
2695 3985 2808 4024 ms.
2867 3969 3132 4042 Amorris,
3190 3967 3690 4042 quemadmodum

2042 4043 2235 4098 Greece
2266 4042 2324 4096 in
2353 4037 2540 4112 Adin'o
2571 4046 2629 4096 et
2662 4040 3002 4112 ,Cotoniano
3053 4057 3164 4096 ms.
3207 4037 3538 4112 exemplari
3587 4039 3690 4094 ha-

2042 4114 2212 4169 betur
2241 4113 2268 4166 ὁ
2298 4109 2580 4187 Ἀμοῤῥίς.
2613 4111 2707 4168 Sic
2739 4116 2795 4168 et
2824 4112 3034 4168 deinde
3086 4113 3279 4167 Amari
3334 4109 3438 4183 pro
3495 4110 3691 4166 Amor-

2043 4187 2202 4240 rhati.

2111 4257 2132 4336 ξ
2167 4255 2302 4312 Vide
2333 4272 2462 4336 quae
2493 4253 2917 4336 annotavitnus
2933 4255 3004 4310 ad
3020 4254 3202 4336 ‘epiist.
3233 4254 3304 4308 78
3333 4254 3405 4309 de
3434 4251 3690 4336 Mansio-

2043 4327 2239 4394 nibus,
2273 4325 2562 4382 mansion.
2599 4327 2660 4382 41
2694 4329 2751 4381 et
2774 4325 2834 4381 in
2877 4325 3156 4397 Ezechiel,
3189 4342 3317 4397 cap.
3370 4342 3553 4397 xxvii,
3577 4327 3686 4397 etc.

2113 4371 2368 4455 ἵῐὲοόῐέ
2376 4371 3690 4470 ’ἐὲίὲἴόιεῐᾶἶῆἔξιιάῖᾖκέὸξὲὶυἷιτᾶοῇᾦᾷὶῖἐᾷ

2045 4471 2211 4539 dech,
2249 4469 2492 4526 numero
2523 4469 2812 4541 praecipue
2838 4471 2898 4525 5.

2116 4538 2398 4609 “Eadem,
2435 4547 2500 4597 ut
2523 4538 2597 4596 ex
2642 4538 2879 4612 laudata
2925 4538 3102 4612 epist.
3143 4555 3306 4612 num.
3354 4539 3390 4593 2
3437 4540 3688 4612 constat,

1963 4599 2008 4662 D
2039 4617 2164 4668 erat
2179 4599 2509 4669 Grecorum
2533 4614 2764 4684 Patrum
2777 4599 2977 4684 epinid
2991 4612 3061 4668 de
3077 4608 3402 4684 Jerusalem
3426 4599 3684 4673 nomine,

2029 4687 2090 4740 ut
2117 4685 2357 4740 dicerent
2383 4682 2761 4740 Melchisedech
2791 4681 3061 4739 hominem
3089 4684 3260 4754 fuisse
3291 4681 3686 4754 Chanamum,

349 4752 797 4829 3—1nterpretatur
828 4756 888 4809 in
917 4757 1012 4809 eis.
1078 4755 1228 4829 Non;
1259 4757 1489 4812 videtur
1538 4758 1922 4829 Hieronymus
2031 4772 2214 4827 regem
2281 4757 2434 4829 urbis
2500 4756 2952 4829 Ilierosolymeet
2991 4752 3141 4829 quoi
3170 4752 3688 4829 primumHSatern,

276 4821 382 4880 hic
413 4823 520 4899 sibi
541 4820 698 4899 satis
730 4831 1018 4899 constare,
1053 4826 1191 4899 quia
1215 4827 1463 4898 ipsemet
1492 4829 1550 4882 in
1583 4846 1691 4884 sua
1722 4820 1927 4883 L'atina
2032 4820 2220 4899 postea
2246 4827 2445 4899 Johns,
2478 4827 2547 4880 ad
2575 4820 2883 4899 attraham
2903 4820 3236 4899 _rlerusale'm,
3278 4820 3669 4899 appellata‘sit

283 4895 670 4970 translatione
716 4897 1033 4970 Bibliorum
1070 4895 1320 4970 legebat
1379 4911 1510 4960 an:
1553 4901 1705 4954 [mem
1737 4902 1801 4954 in
1831 4901 1930 4965 eis,

277 4965 371 5024 vel
401 4984 526 5022 cum
556 4969 652 5023 eis.
685 4971 756 5024 At
789 4970 858 5023 de
890 4969 984 5024 his
1025 4965 1176 5024 infra
1206 4970 1264 5025 in
1297 4971 1460 5025 Notis
1493 4971 1925 5042 prolixioribus.

277 5043 570 5095 Maurus.

351 5110 375 5144 ⁸
401 5112 686 5182 Suspecta
710 5109 855 5164 mihi
888 5125 1014 5182 non,
1035 5126 1155 5166 una
1212 5113 1282 5167 de
1314 5129 1491 5168 causa
1551 5113 1670 5168 haec
1699 5115 1786 5168 est
1818 5111 1931 5166 lec-

279 5181 405 5238 tio:
439 5181 641 5255 reponi
674 5187 870 5236 autem
905 5181 1106 5255 malim
1139 5199 1208 5238 ex
1236 5184 1466 5255 Reginae
1527 5200 1636 5238 ms.
1669 5188 1726 5239 et
1781 5199 1931 5246 meo,

278 5255 386 5306 τῶν
412 5253 755 5321 mansuram,
792 5253 1023 5327 tametsi
1056 5253 1348 5327 mendose—
1392 5255 1675 5327 scriptum
1736 5255 1933 5309 vidca-

283 5329 382 5380 tur
410 5341 516 5396 pro
544 5320 652 5377 τῶν
713 5320 1012 5391 renitatem,
1069 5325 1165 5381 vel
1224 5330 1332 5378 τῶν
1413 5320 1635 5393 statvam,
1697 5327 1935 5389 illicum,

283 5397 507 5468 quibus
538 5396 655 5468 fere
675 5396 1062 5468 consitasunt
1093 5398 1399 5453 arboribus
1423 5415 1682 5454 nemora.
1717 5397 1812 5452 Sic
1834 5413 1936 5468 pro

281 5465 391 5521 ’ἑῶν
427 5465 609 5520 ἀλσῶν
637 5467 1051 5523 Theodotionis
1082 5485 1149 5523 ex
1180 5469 1388 5524 iisdem
1423 5487 1566 5524 mss.
1621 5473 1726 5521 τῶν
1761 5465 1934 5520 datam

283 5538 460 5595 liceat
491 5538 829 5604 rescribere,
864 5540 1340 5610 quandoquidem
1368 5559 1583 5596 amwna
1609 5541 1736 5596 loca
1766 5541 1939 5594 deno-

286 5610 674 5685 taritestatur
694 5611 1101 5685 _l_l_ieronymu_s.
1124 5610 1326 5685 Recole
1344 5628 1468 5683 quae
1492 5615 1562 5685 de
1581 5611 1935 5685 Symmachi.

288 5679 540 5739 lectione
570 5681 752 5740 simili
783 5679 963 5754 supra
989 5679 1402 5740 adnotavimus
1433 5685 1492 5740 in
1524 5679 1730 5740 Genes.
1779 5699 1842 5749 ιι,
1876 5683 1942 5737 15

2039 4891 2223 4964 Quam
2256 4891 2493 4969 quidem
2527 4902 2584 4952 et
2614 4897 2871 4968 Josepho
2903 4897 3006 4969 lib.
3043 4916 3058 4952 ι
3095 4891 3376 4968 Antiquit.
3407 4910 3464 4969 _c.
3525 4893 3608 4969 iO_
3635 4895 3695 4946 et

2037 4963 2361 5051 Theophila
2394 4970 2465 5051 ad
2488 4963 3125 5051 .Antol‘ycumﬂliisque
3146 4985 3214 5023 ex
3236 4963 3453 5051 nostris
3485 4963 3693 5051 proba-

2043 5035 2506 5112 tam,improbat
2535 5035 2708 5110 paulo
2734 5044 2870 5111 post
2897 5035 3282 5112 ipse'Hgieron.
3310 5035 3453 5092 satis
3467 5035 3696 5112 erudite

2046 5128 2208 5168 num.
2240 5105 2314 5167 ἹΞ
2348 5133 2376 5162 ‹‹
2410 5105 2623 5176 Salen),
2656 5105 2769 5182 non
2805 5114 2869 5165 ut
2910 5105 3206 5182 Josephus
3235 5111 3295 5163 et
3351 5105 3540 5182 nostri
3568 5121 3694 5160 om-

2048 5201 2152 5240 nes
2185 5184 2566 5244 arbitrantur,
2595 5185 2683 5236 est
2733 5177 3080 5245 Jerusalem,
3113 5195 3325 5235 nomen
3394 5193 3462 5232 ex
3500 5177 3694 5233 Graeco

2048 5255 2443 5326 Hebraicoque
2475 5251 2806 5318 collectum,
2836 5253 2994 5376 guod
3026 5251 3348 5307 absurdum
3375 5263 3506 5304 esse
3533 5264 3697 5330 pere-

2048 5328 2226 5376 grina:
2259 5327 2470 5376 llnEDiB
2529 5323 2780 5376 mistura
2877 5327 3236 5376 emonstrat:
3280 5321 3380 5376 sed
3412 5320 3694 5376 onmdum

2047 5328 2226 5398 grinm
2258 5320 2470 5397 lingua:
2529 5323 2780 5398 mistura
2836 5320 3380 5398 demonstrat;_sed
3412 5320 3694 5398 oppidum

2036 5391 2206 5521 jVSuxlta
2251 5391 2664 5468 ScythOpolim,
2723 5395 2873 5466 quod
2911 5411 3096 5466 usque
3152 5393 3325 5449 hodie
3364 5391 3693 5464 appellatur

2096 5487 2128 5521 a
2154 5485 2266 5521 em.
2306 5492 2330 5515 n

2053 5471 2266 5525 Salem.
2306 5492 2330 5515 n

2123 5541 2142 5574 ⁰
2171 5541 2310 5594 'l‘res
2341 5555 2484 5593 mss.
2521 5553 2534 5591 :
2571 5538 2758 5591 Omnis
2787 5539 2936 5591 enim
2987 5537 3227 5607 corporis
3283 5536 3480 5606 gloria.
3532 5535 3698 5607 Quaa-

2052 5611 2184 5665 dam
2220 5611 2372 5681 infra
2402 5607 2925 5681 typographorum,
2985 5613 3050 5663 ut
3075 5604 3451 5677 'videba'ntur,
3486 5604 3699 5660 menda

2053 5680 2487 5754 castigavimus.
2561 5680 2564 5681 ⁷
3209 5717 3213 5721 -
