  <div class='ocr_page' id='page_1' title='image "/cluster/home/n/w/nwhite01/storage/ocr_20150623/23/hvd.32044052772480/513.png"; bbox 0 0 4084 6170; ppageno 0'>
   <div class='ocr_carea' id='block_1_1' title="bbox 489 259 641 329">
    <p class='ocr_par' dir='ltr' id='par_1_1' title="bbox 489 259 641 329">
     <span class='ocr_line' id='line_1_1' title="bbox 489 259 641 329; baseline 0.02 -3"><span class='ocrx_word' id='word_1_1' title='bbox 489 259 641 329; x_wconf 66' lang='grc'>1011</span> 
     </span>
    </p>
   </div>
   <div class='ocr_carea' id='block_1_2' title="bbox 1721 263 2748 330">
    <p class='ocr_par' dir='ltr' id='par_1_2' title="bbox 1721 263 2748 330">
     <span class='ocr_line' id='line_1_2' title="bbox 1721 263 2748 330; baseline 0 -2"><span class='ocrx_word' id='word_1_2' title='bbox 1721 264 1794 328; x_wconf 87' lang='lat' dir='ltr'>S.</span> <span class='ocrx_word' id='word_1_3' title='bbox 1840 264 2152 329; x_wconf 87' lang='lat' dir='ltr'>EUSEBII</span> <span class='ocrx_word' id='word_1_4' title='bbox 2194 263 2663 330; x_wconf 84' lang='lat' dir='ltr'>HIERONYMI.</span> <span class='ocrx_word' id='word_1_5' title='bbox 2743 317 2748 320; x_wconf 88' lang='lat'>.</span> 
     </span>
    </p>
   </div>
   <div class='ocr_carea' id='block_1_3' title="bbox 3677 262 3816 334">
    <p class='ocr_par' dir='ltr' id='par_1_3' title="bbox 3677 262 3816 334">
     <span class='ocr_line' id='line_1_3' title="bbox 3677 262 3816 334; baseline 0.014 -3"><span class='ocrx_word' id='word_1_6' title='bbox 3677 262 3816 334; x_wconf 61' lang='lat' dir='ltr'>illi!</span> 
     </span>
    </p>
   </div>
   <div class='ocr_carea' id='block_1_4' title="bbox 483 391 2119 478">
    <p class='ocr_par' dir='ltr' id='par_1_4' title="bbox 483 391 2119 471">
     <span class='ocr_line' id='line_1_4' title="bbox 483 391 2119 471; baseline 0.002 -21"><span class='ocrx_word' id='word_1_7' title='bbox 483 391 642 464; x_wconf 90' lang='lat' dir='ltr'>Levi,</span> <span class='ocrx_word' id='word_1_8' title='bbox 673 398 732 452; x_wconf 92' lang='lat' dir='ltr'>et</span> <span class='ocrx_word' id='word_1_9' title='bbox 759 411 863 468; x_wconf 90' lang='lat' dir='ltr'>per</span> <span class='ocrx_word' id='word_1_10' title='bbox 892 394 1023 453; x_wconf 85' lang='lat' dir='ltr'>Levi</span> <span class='ocrx_word' id='word_1_11' title='bbox 1052 397 1240 454; x_wconf 81' lang='lat' dir='ltr'><strong>Aaron</strong></span> <span class='ocrx_word' id='word_1_12' title='bbox 1282 413 1294 453; x_wconf 89' lang='lat'>:</span> <span class='ocrx_word' id='word_1_13' title='bbox 1329 397 1400 454; x_wconf 90' lang='lat' dir='ltr'>de</span> <span class='ocrx_word' id='word_1_14' title='bbox 1455 413 1570 471; x_wconf 90' lang='lat' dir='ltr'>quo</span> <span class='ocrx_word' id='word_1_15' title='bbox 1609 403 1810 470; x_wconf 86' lang='lat' dir='ltr'>postea</span> <span class='ocrx_word' id='word_1_16' title='bbox 1865 399 2119 456; x_wconf 89' lang='lat' dir='ltr'>sacerdo-</span> 
     </span>
    </p>
   </div>
   <div class='ocr_carea' id='block_1_5' title="bbox 2236 391 3811 478">
    <p class='ocr_par' dir='ltr' id='par_1_5' title="bbox 2243 398 3811 478">
     <span class='ocr_line' id='line_1_5' title="bbox 2243 398 3811 478; baseline 0.003 -23"><span class='ocrx_word' id='word_1_17' title='bbox 2243 418 2393 458; x_wconf 76' lang='lat' dir='ltr'>DEMA</span> <span class='ocrx_word' id='word_1_18' title='bbox 2449 403 2726 476; x_wconf 60' lang='lat' dir='ltr'>(HD1111).</span> <span class='ocrx_word' id='word_1_19' title='bbox 2779 402 2838 458; x_wconf 89' lang='lat' dir='ltr'>id</span> <span class='ocrx_word' id='word_1_20' title='bbox 2909 404 2998 458; x_wconf 89' lang='lat' dir='ltr'>est</span> <span class='ocrx_word' id='word_1_21' title='bbox 3047 398 3339 478; x_wconf 68' lang='grc' dir='ltr'>καταφορὰ,</span> <span class='ocrx_word' id='word_1_22' title='bbox 3403 399 3611 473; x_wconf 76' lang='lat' dir='ltr'>legitur,</span> <span class='ocrx_word' id='word_1_23' title='bbox 3661 417 3811 474; x_wconf 78' lang='lat' dir='ltr'>quam</span> 
     </span>
    </p>
   </div>
   <div class='ocr_carea' id='block_1_6' title="bbox 484 483 2130 560">
    <p class='ocr_par' dir='ltr' id='par_1_6' title="bbox 484 483 2130 560">
     <span class='ocr_line' id='line_1_6' title="bbox 484 483 2130 560; baseline 0.002 -22"><span class='ocrx_word' id='word_1_24' title='bbox 484 483 654 539; x_wconf 89' lang='lat' dir='ltr'>tium.</span> <span class='ocrx_word' id='word_1_25' title='bbox 688 485 769 540; x_wconf 86' lang='lat' dir='ltr'>Ex</span> <span class='ocrx_word' id='word_1_26' title='bbox 797 501 913 558; x_wconf 92' lang='lat' dir='ltr'>quo</span> <span class='ocrx_word' id='word_1_27' title='bbox 965 485 1158 560; x_wconf 85' lang='lat' dir='ltr'>colligi</span> <span class='ocrx_word' id='word_1_28' title='bbox 1214 486 1361 553; x_wconf 92' lang='lat' dir='ltr'>vult,</span> <span class='ocrx_word' id='word_1_29' title='bbox 1417 488 1808 544; x_wconf 83' lang='lat' dir='ltr'>sacerdotium</span> <span class='ocrx_word' id='word_1_30' title='bbox 1866 488 2130 542; x_wconf 66' lang='lat' dir='ltr'>Ecclesia:</span> 
     </span>
    </p>
   </div>
   <div class='ocr_carea' id='block_1_7' title="bbox 483 571 2133 647">
    <p class='ocr_par' dir='ltr' id='par_1_7' title="bbox 483 571 2133 647">
     <span class='ocr_line' id='line_1_7' title="bbox 483 571 2133 647; baseline 0.001 -19"><span class='ocrx_word' id='word_1_31' title='bbox 483 571 758 630; x_wconf 83' lang='lat' dir='ltr'>habentis</span> <span class='ocrx_word' id='word_1_32' title='bbox 787 575 1160 647; x_wconf 61' lang='lat' dir='ltr'>prmputium,</span> <span class='ocrx_word' id='word_1_33' title='bbox 1185 576 1553 632; x_wconf 85' lang='lat' dir='ltr'>benedixisse</span> <span class='ocrx_word' id='word_1_34' title='bbox 1573 577 1920 632; x_wconf 88' lang='lat' dir='ltr'>circumciso</span> <span class='ocrx_word' id='word_1_35' title='bbox 1951 592 2133 632; x_wconf 90' lang='lat' dir='ltr'>sacer-</span> 
     </span>
    </p>
   </div>
   <div class='ocr_carea' id='block_1_8' title="bbox 486 661 2135 736">
    <p class='ocr_par' dir='ltr' id='par_1_8' title="bbox 486 661 2135 736">
     <span class='ocr_line' id='line_1_8' title="bbox 486 661 2135 736; baseline 0.001 -18"><span class='ocrx_word' id='word_1_36' title='bbox 486 661 643 718; x_wconf 88' lang='lat' dir='ltr'>dotio</span> <span class='ocrx_word' id='word_1_37' title='bbox 671 663 1007 736; x_wconf 72' lang='lat' dir='ltr'>Synagogae.</span> <span class='ocrx_word' id='word_1_38' title='bbox 1059 665 1222 729; x_wconf 88' lang='lat' dir='ltr'>Quod</span> <span class='ocrx_word' id='word_1_39' title='bbox 1273 672 1467 720; x_wconf 90' lang='lat' dir='ltr'>autem</span> <span class='ocrx_word' id='word_1_40' title='bbox 1517 664 1599 720; x_wconf 93' lang='lat' dir='ltr'>ait</span> <span class='ocrx_word' id='word_1_41' title='bbox 1632 683 1645 720; x_wconf 88' lang='lat'>:</span> <span class='ocrx_word' id='word_1_42' title='bbox 1685 669 1768 719; x_wconf 84' lang='lat' dir='ltr'>Tu</span> <span class='ocrx_word' id='word_1_43' title='bbox 1801 681 1855 720; x_wconf 90' lang='lat' dir='ltr'>es</span> <span class='ocrx_word' id='word_1_44' title='bbox 1883 665 2135 721; x_wconf 81' lang='lat' dir='ltr'>sacerdos</span> 
     </span>
    </p>
   </div>
   <div class='ocr_carea' id='block_1_9' title="bbox 481 752 2130 825">
    <p class='ocr_par' dir='ltr' id='par_1_9' title="bbox 481 752 2130 825">
     <span class='ocr_line' id='line_1_9' title="bbox 481 752 2130 825; baseline 0 -17"><span class='ocrx_word' id='word_1_45' title='bbox 481 752 545 808; x_wconf 83' lang='lat' dir='ltr'>in</span> <span class='ocrx_word' id='word_1_46' title='bbox 570 755 865 821; x_wconf 65' lang='lat' dir='ltr'>aeternum,</span> <span class='ocrx_word' id='word_1_47' title='bbox 895 753 1190 808; x_wconf 84' lang='lat' dir='ltr'>secundum</span> <span class='ocrx_word' id='word_1_48' title='bbox 1230 754 1480 809; x_wconf 78' lang='lat' dir='ltr'>ordinem</span> <span class='ocrx_word' id='word_1_49' title='bbox 1538 753 1929 810; x_wconf 78' lang='lat' dir='ltr'>Melchisedech</span> <span class='ocrx_word' id='word_1_50' title='bbox 1960 755 2130 825; x_wconf 87' lang='lat' dir='ltr'>(Psat.</span> 
     </span>
    </p>
   </div>
   <div class='ocr_carea' id='block_1_10' title="bbox 485 841 2132 915">
    <p class='ocr_par' dir='ltr' id='par_1_10' title="bbox 485 841 2132 915">
     <span class='ocr_line' id='line_1_10' title="bbox 485 841 2132 915; baseline 0.001 -19"><span class='ocrx_word' id='word_1_51' title='bbox 485 858 597 910; x_wconf 71' lang='lat' dir='ltr'>crx,</span> <span class='ocrx_word' id='word_1_52' title='bbox 647 841 704 912; x_wconf 65' lang='lat'>4)</span> <span class='ocrx_word' id='word_1_53' title='bbox 765 860 779 896; x_wconf 90' lang='lat'><strong>:</strong></span> <span class='ocrx_word' id='word_1_54' title='bbox 826 842 1172 915; x_wconf 82' lang='lat' dir='ltr'>mysterium</span> <span class='ocrx_word' id='word_1_55' title='bbox 1228 848 1494 898; x_wconf 87' lang='lat' dir='ltr'>nostrum</span> <span class='ocrx_word' id='word_1_56' title='bbox 1547 845 1560 877; x_wconf 90' lang='grc'>¹</span> <span class='ocrx_word' id='word_1_57' title='bbox 1617 843 1676 898; x_wconf 92' lang='lat' dir='ltr'>in</span> <span class='ocrx_word' id='word_1_58' title='bbox 1705 844 1879 899; x_wconf 91' lang='lat' dir='ltr'>verbo</span> <span class='ocrx_word' id='word_1_59' title='bbox 1909 843 2132 898; x_wconf 85' lang='lat' dir='ltr'>ordinis</span> 
     </span>
    </p>
   </div>
   <div class='ocr_carea' id='block_1_11' title="bbox 479 929 2130 1004">
    <p class='ocr_par' dir='ltr' id='par_1_11' title="bbox 479 929 2130 1004">
     <span class='ocr_line' id='line_1_11' title="bbox 479 929 2130 1004; baseline 0.001 -18"><span class='ocrx_word' id='word_1_60' title='bbox 479 929 848 1003; x_wconf 72' lang='lat' dir='ltr'>significatur</span> <span class='ocrx_word' id='word_1_61' title='bbox 879 949 892 987; x_wconf 90' lang='lat'><strong>:</strong></span> <span class='ocrx_word' id='word_1_62' title='bbox 926 948 1296 1004; x_wconf 83' lang='lat' dir='ltr'>nequaquam</span> <span class='ocrx_word' id='word_1_63' title='bbox 1331 949 1432 1004; x_wconf 89' lang='lat' dir='ltr'>per</span> <span class='ocrx_word' id='word_1_64' title='bbox 1475 936 1658 988; x_wconf 80' lang='lat' dir='ltr'>Aaron</span> <span class='ocrx_word' id='word_1_65' title='bbox 1693 931 2130 988; x_wconf 81' lang='lat' dir='ltr'>irrationalibus</span> 
     </span>
    </p>
   </div>
   <div class='ocr_carea' id='block_1_12' title="bbox 477 1019 2127 1093">
    <p class='ocr_par' dir='ltr' id='par_1_12' title="bbox 477 1019 2127 1093">
     <span class='ocr_line' id='line_1_12' title="bbox 477 1019 2127 1093; baseline 0.001 -19"><span class='ocrx_word' id='word_1_66' title='bbox 477 1019 736 1075; x_wconf 86' lang='lat' dir='ltr'>victimis</span> <span class='ocrx_word' id='word_1_67' title='bbox 765 1019 1160 1087; x_wconf 88' lang='lat' dir='ltr'>immolandis,</span> <span class='ocrx_word' id='word_1_68' title='bbox 1195 1021 1296 1076; x_wconf 90' lang='lat' dir='ltr'>sed</span> <span class='ocrx_word' id='word_1_69' title='bbox 1326 1020 1520 1077; x_wconf 91' lang='lat' dir='ltr'>oblato</span> <span class='ocrx_word' id='word_1_70' title='bbox 1551 1038 1710 1093; x_wconf 41' lang='lat' dir='ltr'>pane.</span> <span class='ocrx_word' id='word_1_71' title='bbox 1731 1025 1788 1076; x_wconf 85' lang='lat' dir='ltr'>et</span> <span class='ocrx_word' id='word_1_72' title='bbox 1815 1020 1950 1076; x_wconf 90' lang='lat' dir='ltr'>vino</span> <span class='ocrx_word' id='word_1_73' title='bbox 2001 1037 2014 1074; x_wconf 88' lang='lat'><strong>:</strong></span> <span class='ocrx_word' id='word_1_74' title='bbox 2069 1021 2127 1076; x_wconf 91' lang='lat' dir='ltr'>id</span> 
     </span>
    </p>
   </div>
   <div class='ocr_carea' id='block_1_13' title="bbox 481 1109 1770 1180">
    <p class='ocr_par' dir='ltr' id='par_1_13' title="bbox 481 1109 1770 1180">
     <span class='ocr_line' id='line_1_13' title="bbox 481 1109 1770 1180; baseline 0.001 -16"><span class='ocrx_word' id='word_1_75' title='bbox 481 1110 592 1176; x_wconf 83' lang='lat' dir='ltr'>est,</span> <span class='ocrx_word' id='word_1_76' title='bbox 625 1123 863 1180; x_wconf 90' lang='lat' dir='ltr'>corpore</span> <span class='ocrx_word' id='word_1_77' title='bbox 893 1113 950 1164; x_wconf 91' lang='lat' dir='ltr'>et</span> <span class='ocrx_word' id='word_1_78' title='bbox 977 1109 1263 1180; x_wconf 84' lang='lat' dir='ltr'>sanguine</span> <span class='ocrx_word' id='word_1_79' title='bbox 1293 1109 1523 1165; x_wconf 88' lang='lat' dir='ltr'>Domini</span> <span class='ocrx_word' id='word_1_80' title='bbox 1554 1110 1585 1165; x_wconf 90' lang='lat' dir='ltr'><strong>J</strong></span> <span class='ocrx_word' id='word_1_81' title='bbox 1593 1127 1698 1166; x_wconf 91' lang='lat' dir='ltr'>esu</span> <span class='ocrx_word' id='word_1_82' title='bbox 1730 1112 1770 1165; x_wconf 69' lang='grc'>⁵.</span> 
     </span>
    </p>
   </div>
   <div class='ocr_carea' id='block_1_14' title="bbox 553 1241 2128 1315">
    <p class='ocr_par' dir='ltr' id='par_1_14' title="bbox 553 1241 2128 1315">
     <span class='ocr_line' id='line_1_14' title="bbox 553 1241 2128 1315; baseline 0.001 -19"><span class='ocrx_word' id='word_1_83' title='bbox 553 1241 713 1314; x_wconf 87' lang='lat' dir='ltr'>(Cap.</span> <span class='ocrx_word' id='word_1_84' title='bbox 745 1241 858 1298; x_wconf 84' lang='lat' dir='ltr'>XV.</span> <span class='ocrx_word' id='word_1_85' title='bbox 889 1273 959 1282; x_wconf 90' lang='lat'>——</span> <span class='ocrx_word' id='word_1_86' title='bbox 987 1243 1146 1300; x_wconf 87' lang='lat' dir='ltr'>Vers.</span> <span class='ocrx_word' id='word_1_87' title='bbox 1179 1247 1232 1312; x_wconf 86' lang='lat'>2,</span> <span class='ocrx_word' id='word_1_88' title='bbox 1265 1243 1346 1315; x_wconf 89' lang='lat'>3.)</span> <span class='ocrx_word' id='word_1_89' title='bbox 1386 1265 1414 1294; x_wconf 86' lang='lat'><strong>»</strong></span> <span class='ocrx_word' id='word_1_90' title='bbox 1463 1244 1705 1299; x_wconf 91' lang='lat' dir='ltr'>Domine</span> <span class='ocrx_word' id='word_1_91' title='bbox 1763 1244 1938 1309; x_wconf 83' lang='lat' dir='ltr'>Deus,</span> <span class='ocrx_word' id='word_1_92' title='bbox 1988 1244 2128 1315; x_wconf 89' lang='lat' dir='ltr'>quid</span> 
     </span>
    </p>
   </div>
   <div class='ocr_carea' id='block_1_15' title="bbox 484 1330 2130 1405">
    <p class='ocr_par' dir='ltr' id='par_1_15' title="bbox 484 1330 2130 1405">
     <span class='ocr_line' id='line_1_15' title="bbox 484 1330 2130 1405; baseline 0.001 -19"><span class='ocrx_word' id='word_1_93' title='bbox 484 1330 652 1387; x_wconf 87' lang='lat' dir='ltr'>dabis</span> <span class='ocrx_word' id='word_1_94' title='bbox 703 1330 900 1388; x_wconf 78' lang='lat' dir='ltr'>mihi?</span> <span class='ocrx_word' id='word_1_95' title='bbox 945 1336 1013 1388; x_wconf 90' lang='lat' dir='ltr'>Et</span> <span class='ocrx_word' id='word_1_96' title='bbox 1059 1349 1164 1405; x_wconf 85' lang='lat' dir='ltr'>ego</span> <span class='ocrx_word' id='word_1_97' title='bbox 1209 1333 1356 1388; x_wconf 91' lang='lat' dir='ltr'>vado</span> <span class='ocrx_word' id='word_1_98' title='bbox 1407 1333 1533 1389; x_wconf 88' lang='lat' dir='ltr'>sine</span> <span class='ocrx_word' id='word_1_99' title='bbox 1582 1332 1783 1388; x_wconf 89' lang='lat' dir='ltr'>liberis</span> <span class='ocrx_word' id='word_1_100' title='bbox 1832 1350 1844 1386; x_wconf 90' lang='lat'>:</span> <span class='ocrx_word' id='word_1_101' title='bbox 1887 1337 1944 1388; x_wconf 88' lang='lat' dir='ltr'>et</span> <span class='ocrx_word' id='word_1_102' title='bbox 1973 1333 2130 1388; x_wconf 84' lang='lat' dir='ltr'>ﬁlius</span> 
     </span>
    </p>
   </div>
   <div class='ocr_carea' id='block_1_16' title="bbox 482 1420 2131 1489">
    <p class='ocr_par' dir='ltr' id='par_1_16' title="bbox 482 1420 2131 1489">
     <span class='ocr_line' id='line_1_16' title="bbox 482 1420 2131 1489; baseline 0.002 -14"><span class='ocrx_word' id='word_1_103' title='bbox 482 1420 674 1476; x_wconf 90' lang='lat' dir='ltr'>Masec</span> <span class='ocrx_word' id='word_1_104' title='bbox 705 1421 1023 1477; x_wconf 68' lang='lat' dir='ltr'>vernaculae</span> <span class='ocrx_word' id='word_1_105' title='bbox 1054 1439 1216 1489; x_wconf 72' lang='lat' dir='ltr'><em>mem,</em></span> <span class='ocrx_word' id='word_1_106' title='bbox 1276 1422 1370 1478; x_wconf 93' lang='lat' dir='ltr'>hic</span> <span class='ocrx_word' id='word_1_107' title='bbox 1429 1423 1750 1478; x_wconf 83' lang='lat' dir='ltr'>Damascus</span> <span class='ocrx_word' id='word_1_108' title='bbox 1792 1421 2026 1478; x_wconf 86' lang='lat' dir='ltr'>Eliezer.</span> <span class='ocrx_word' id='word_1_109' title='bbox 2063 1423 2131 1478; x_wconf 92' lang='lat' dir='ltr'>Et</span> 
     </span>
    </p>
   </div>
   <div class='ocr_carea' id='block_1_17' title="bbox 481 1508 2130 1567">
    <p class='ocr_par' dir='ltr' id='par_1_17' title="bbox 481 1508 2130 1567">
     <span class='ocr_line' id='line_1_17' title="bbox 481 1508 2130 1567; baseline 0.001 -2"><span class='ocrx_word' id='word_1_110' title='bbox 481 1508 629 1565; x_wconf 87' lang='lat' dir='ltr'>dixit</span> <span class='ocrx_word' id='word_1_111' title='bbox 657 1509 912 1566; x_wconf 83' lang='lat' dir='ltr'>Abram:</span> <span class='ocrx_word' id='word_1_112' title='bbox 946 1511 1090 1566; x_wconf 89' lang='lat' dir='ltr'>Ecce</span> <span class='ocrx_word' id='word_1_113' title='bbox 1138 1510 1283 1566; x_wconf 89' lang='lat' dir='ltr'>mihi</span> <span class='ocrx_word' id='word_1_114' title='bbox 1335 1528 1450 1566; x_wconf 91' lang='lat' dir='ltr'>non</span> <span class='ocrx_word' id='word_1_115' title='bbox 1503 1511 1716 1566; x_wconf 84' lang='lat' dir='ltr'>dedisti</span> <span class='ocrx_word' id='word_1_116' title='bbox 1760 1528 1958 1567; x_wconf 89' lang='lat' dir='ltr'>semen</span> <span class='ocrx_word' id='word_1_117' title='bbox 2009 1528 2020 1566; x_wconf 94' lang='lat'>:</span> <span class='ocrx_word' id='word_1_118' title='bbox 2073 1515 2130 1567; x_wconf 89' lang='lat' dir='ltr'>et</span> 
     </span>
    </p>
   </div>
   <div class='ocr_carea' id='block_1_18' title="bbox 481 1597 2126 1656">
    <p class='ocr_par' dir='ltr' id='par_1_18' title="bbox 481 1597 2126 1656">
     <span class='ocr_line' id='line_1_18' title="bbox 481 1597 2126 1656; baseline 0.001 -2"><span class='ocrx_word' id='word_1_119' title='bbox 481 1597 641 1654; x_wconf 87' lang='lat' dir='ltr'>ﬁlius</span> <span class='ocrx_word' id='word_1_120' title='bbox 669 1599 989 1655; x_wconf 69' lang='lat' dir='ltr'>vernaculae</span> <span class='ocrx_word' id='word_1_121' title='bbox 1020 1615 1160 1656; x_wconf 80' lang='lat' dir='ltr'>meae</span> <span class='ocrx_word' id='word_1_122' title='bbox 1189 1599 1371 1656; x_wconf 69' lang='lat' dir='ltr'>haeres</span> <span class='ocrx_word' id='word_1_123' title='bbox 1403 1617 1568 1656; x_wconf 91' lang='lat' dir='ltr'>meus</span> <span class='ocrx_word' id='word_1_124' title='bbox 1599 1601 1709 1656; x_wconf 89' lang='lat' dir='ltr'>erit</span> <span class='ocrx_word' id='word_1_125' title='bbox 1745 1602 1786 1654; x_wconf 88' lang='grc'>³.</span> <span class='ocrx_word' id='word_1_126' title='bbox 1823 1623 1849 1649; x_wconf 90' lang='grc'>››</span> <span class='ocrx_word' id='word_1_127' title='bbox 1883 1600 1987 1656; x_wconf 91' lang='lat' dir='ltr'>Ubi</span> <span class='ocrx_word' id='word_1_128' title='bbox 2022 1617 2126 1656; x_wconf 91' lang='lat' dir='ltr'>nos</span> 
     </span>
    </p>
   </div>
   <div class='ocr_carea' id='block_1_19' title="bbox 479 1687 2127 1759">
    <p class='ocr_par' dir='ltr' id='par_1_19' title="bbox 479 1687 2127 1759">
     <span class='ocr_line' id='line_1_19' title="bbox 479 1687 2127 1759; baseline 0.001 -16"><span class='ocrx_word' id='word_1_129' title='bbox 479 1687 790 1754; x_wconf 88' lang='lat' dir='ltr'>habemus,</span> <span class='ocrx_word' id='word_1_130' title='bbox 813 1695 863 1743; x_wconf 85' lang='lat' dir='ltr'>et</span> <span class='ocrx_word' id='word_1_131' title='bbox 880 1689 1032 1759; x_wconf 85' lang='lat' dir='ltr'>ﬁlius</span> <span class='ocrx_word' id='word_1_132' title='bbox 1055 1693 1238 1744; x_wconf 85' lang='lat' dir='ltr'>Masee</span> <span class='ocrx_word' id='word_1_133' title='bbox 1257 1691 1569 1745; x_wconf 76' lang='lat' dir='ltr'>vernaculae</span> <span class='ocrx_word' id='word_1_134' title='bbox 1592 1705 1723 1744; x_wconf 67' lang='lat' dir='ltr'>mea:</span> <span class='ocrx_word' id='word_1_135' title='bbox 1757 1706 1769 1744; x_wconf 93' lang='lat'>:</span> <span class='ocrx_word' id='word_1_136' title='bbox 1803 1689 1860 1743; x_wconf 93' lang='lat' dir='ltr'>in</span> <span class='ocrx_word' id='word_1_137' title='bbox 1896 1689 2127 1745; x_wconf 58' lang='lat' dir='ltr'>Hebrmo</span> 
     </span>
    </p>
   </div>
   <div class='ocr_carea' id='block_1_20' title="bbox 482 1775 2208 1850">
    <p class='ocr_par' dir='ltr' id='par_1_20' title="bbox 482 1775 2208 1850">
     <span class='ocr_line' id='line_1_20' title="bbox 482 1775 2208 1850; baseline 0.002 -19"><span class='ocrx_word' id='word_1_138' title='bbox 482 1775 771 1848; x_wconf 85' lang='lat' dir='ltr'>scriptum</span> <span class='ocrx_word' id='word_1_139' title='bbox 823 1779 932 1845; x_wconf 86' lang='lat' dir='ltr'>est,</span> <span class='ocrx_word' id='word_1_140' title='bbox 983 1793 1134 1833; x_wconf 77' lang='lat' dir='ltr'>UBEN</span> <span class='ocrx_word' id='word_1_141' title='bbox 1175 1795 1396 1833; x_wconf 79' lang='lat' dir='ltr'>MESECH</span> <span class='ocrx_word' id='word_1_142' title='bbox 1428 1795 1592 1832; x_wconf 82' lang='lat' dir='ltr'>BETHI</span> <span class='ocrx_word' id='word_1_143' title='bbox 1643 1779 1682 1846; x_wconf 76' lang='grc'>’⁸,</span> <span class='ocrx_word' id='word_1_144' title='bbox 1735 1779 1886 1849; x_wconf 89' lang='lat' dir='ltr'>quod</span> <span class='ocrx_word' id='word_1_145' title='bbox 1927 1779 2130 1850; x_wconf 84' lang='lat' dir='ltr'>Aquila</span> <span class='ocrx_word' id='word_1_146' title='bbox 2161 1778 2208 1844; x_wconf 92' lang='lat' dir='ltr'><strong>B</strong></span> 
     </span>
    </p>
   </div>
   <div class='ocr_carea' id='block_1_21' title="bbox 481 1864 2126 1945">
    <p class='ocr_par' dir='ltr' id='par_1_21' title="bbox 481 1864 2126 1938">
     <span class='ocr_line' id='line_1_21' title="bbox 481 1864 2126 1938; baseline -0.001 -17"><span class='ocrx_word' id='word_1_147' title='bbox 481 1864 805 1928; x_wconf 75' lang='lat' dir='ltr'>transtulit,</span> <span class='ocrx_word' id='word_1_148' title='bbox 853 1868 907 1916; x_wconf 70' lang='grc' dir='ltr'><strong>Ὀ</strong></span> <span class='ocrx_word' id='word_1_149' title='bbox 965 1865 1080 1926; x_wconf 76' lang='grc' dir='ltr'>υἱὸς</span> <span class='ocrx_word' id='word_1_150' title='bbox 1143 1869 1239 1919; x_wconf 75' lang='grc' dir='ltr'>τοῦ</span> <span class='ocrx_word' id='word_1_151' title='bbox 1287 1865 1605 1934; x_wconf 68' lang='grc' dir='ltr'>ποτίζων-ξος</span> <span class='ocrx_word' id='word_1_152' title='bbox 1665 1865 1837 1920; x_wconf 73' lang='grc' dir='ltr'>οἰκίαν</span> <span class='ocrx_word' id='word_1_153' title='bbox 1888 1887 1990 1938; x_wconf 71' lang='grc' dir='ltr'>μου</span> <span class='ocrx_word' id='word_1_154' title='bbox 2040 1869 2060 1902; x_wconf 75' lang='grc'><strong>⁵</strong></span> <span class='ocrx_word' id='word_1_155' title='bbox 2113 1887 2126 1924; x_wconf 89' lang='lat'><strong>:</strong></span> 
     </span>
    </p>
   </div>
   <div class='ocr_carea' id='block_1_22' title="bbox 480 1953 2128 2026">
    <p class='ocr_par' dir='ltr' id='par_1_22' title="bbox 480 1953 2128 2026">
     <span class='ocr_line' id='line_1_22' title="bbox 480 1953 2128 2026; baseline 0.002 -17"><span class='ocrx_word' id='word_1_156' title='bbox 480 1953 544 2009; x_wconf 85' lang='lat' dir='ltr'>ifi</span> <span class='ocrx_word' id='word_1_157' title='bbox 575 1957 684 2022; x_wconf 89' lang='lat' dir='ltr'>est,</span> <span class='ocrx_word' id='word_1_158' title='bbox 715 1955 896 2012; x_wconf 84' lang='lat' dir='ltr'>Filius</span> <span class='ocrx_word' id='word_1_159' title='bbox 921 1963 1117 2026; x_wconf 77' lang='lat' dir='ltr'>potum</span> <span class='ocrx_word' id='word_1_160' title='bbox 1163 1955 1345 2010; x_wconf 87' lang='lat' dir='ltr'>dantis</span> <span class='ocrx_word' id='word_1_161' title='bbox 1392 1955 1584 2012; x_wconf 83' lang='lat' dir='ltr'>domui</span> <span class='ocrx_word' id='word_1_162' title='bbox 1609 1973 1762 2011; x_wconf 69' lang='lat' dir='ltr'>meae.</span> <span class='ocrx_word' id='word_1_163' title='bbox 1809 1957 2128 2012; x_wconf 89' lang='lat' dir='ltr'>Theodotio</span> 
     </span>
    </p>
   </div>
   <div class='ocr_carea' id='block_1_23' title="bbox 479 2041 2128 2115">
    <p class='ocr_par' dir='ltr' id='par_1_23' title="bbox 479 2041 2128 2115">
     <span class='ocr_line' id='line_1_23' title="bbox 479 2041 2128 2115; baseline 0.001 -18"><span class='ocrx_word' id='word_1_164' title='bbox 479 2058 636 2098; x_wconf 86' lang='lat' dir='ltr'>vero.</span> <span class='ocrx_word' id='word_1_165' title='bbox 667 2041 756 2094; x_wconf 77' lang='grc' dir='ltr'>καὶ</span> <span class='ocrx_word' id='word_1_166' title='bbox 789 2041 906 2104; x_wconf 71' lang='grc' dir='ltr'>υἱὸς</span> <span class='ocrx_word' id='word_1_167' title='bbox 933 2045 1030 2096; x_wconf 73' lang='grc' dir='ltr'>τοῦ</span> <span class='ocrx_word' id='word_1_168' title='bbox 1061 2041 1277 2112; x_wconf 77' lang='grc' dir='ltr'>ὲπὶτῆς</span> <span class='ocrx_word' id='word_1_169' title='bbox 1329 2042 1502 2104; x_wconf 70' lang='grc' dir='ltr'>οἰκίας</span> <span class='ocrx_word' id='word_1_170' title='bbox 1563 2064 1666 2115; x_wconf 72' lang='grc' dir='ltr'>μου</span> <span class='ocrx_word' id='word_1_171' title='bbox 1723 2063 1737 2100; x_wconf 89' lang='lat'><strong>:</strong></span> <span class='ocrx_word' id='word_1_172' title='bbox 1794 2044 1850 2100; x_wconf 85' lang='lat' dir='ltr'>id</span> <span class='ocrx_word' id='word_1_173' title='bbox 1900 2049 2008 2112; x_wconf 85' lang='lat' dir='ltr'>est,</span> <span class='ocrx_word' id='word_1_174' title='bbox 2076 2049 2128 2101; x_wconf 83' lang='lat' dir='ltr'>et</span> 
     </span>
    </p>
   </div>
   <div class='ocr_carea' id='block_1_24' title="bbox 479 2131 2124 2204">
    <p class='ocr_par' dir='ltr' id='par_1_24' title="bbox 479 2131 2124 2204">
     <span class='ocr_line' id='line_1_24' title="bbox 479 2131 2124 2204; baseline 0.001 -18"><span class='ocrx_word' id='word_1_175' title='bbox 479 2131 632 2202; x_wconf 85' lang='lat' dir='ltr'>ﬁlius</span> <span class='ocrx_word' id='word_1_176' title='bbox 659 2132 794 2202; x_wconf 84' lang='lat' dir='ltr'><em>ejus,</em></span> <span class='ocrx_word' id='word_1_177' title='bbox 828 2134 924 2202; x_wconf 82' lang='lat' dir='ltr'>qui</span> <span class='ocrx_word' id='word_1_178' title='bbox 949 2149 1115 2204; x_wconf 85' lang='lat' dir='ltr'><em>super</em></span> <span class='ocrx_word' id='word_1_179' title='bbox 1141 2132 1364 2188; x_wconf 79' lang='lat' dir='ltr'>domum</span> <span class='ocrx_word' id='word_1_180' title='bbox 1395 2149 1574 2188; x_wconf 81' lang='lat' dir='ltr'>meam</span> <span class='ocrx_word' id='word_1_181' title='bbox 1602 2141 1698 2188; x_wconf 89' lang='lat' dir='ltr'>est.</span> <span class='ocrx_word' id='word_1_182' title='bbox 1732 2133 1894 2197; x_wconf 92' lang='lat' dir='ltr'>Quod</span> <span class='ocrx_word' id='word_1_183' title='bbox 1927 2138 2124 2190; x_wconf 85' lang='lat' dir='ltr'>autem</span> 
     </span>
    </p>
   </div>
   <div class='ocr_carea' id='block_1_25' title="bbox 481 2219 2126 2294">
    <p class='ocr_par' dir='ltr' id='par_1_25' title="bbox 481 2219 2126 2294">
     <span class='ocr_line' id='line_1_25' title="bbox 481 2219 2126 2294; baseline 0.001 -18"><span class='ocrx_word' id='word_1_184' title='bbox 481 2219 643 2290; x_wconf 90' lang='lat' dir='ltr'>dicit,</span> <span class='ocrx_word' id='word_1_185' title='bbox 694 2219 803 2277; x_wconf 93' lang='lat' dir='ltr'>hoc</span> <span class='ocrx_word' id='word_1_186' title='bbox 849 2225 939 2278; x_wconf 93' lang='lat' dir='ltr'>est</span> <span class='ocrx_word' id='word_1_187' title='bbox 987 2240 1000 2278; x_wconf 91' lang='lat'><strong>:</strong></span> <span class='ocrx_word' id='word_1_188' title='bbox 1053 2221 1167 2294; x_wconf 88' lang='lat' dir='ltr'>Ego</span> <span class='ocrx_word' id='word_1_189' title='bbox 1217 2223 1347 2278; x_wconf 87' lang='lat' dir='ltr'>sine</span> <span class='ocrx_word' id='word_1_190' title='bbox 1380 2222 1580 2278; x_wconf 88' lang='lat' dir='ltr'>liberis</span> <span class='ocrx_word' id='word_1_191' title='bbox 1614 2223 1848 2290; x_wconf 89' lang='lat' dir='ltr'>morior,</span> <span class='ocrx_word' id='word_1_192' title='bbox 1881 2228 1938 2277; x_wconf 90' lang='lat' dir='ltr'>et</span> <span class='ocrx_word' id='word_1_193' title='bbox 1969 2221 2126 2278; x_wconf 83' lang='lat' dir='ltr'>ﬁlius</span> 
     </span>
    </p>
   </div>
   <div class='ocr_carea' id='block_1_26' title="bbox 479 2310 2125 2384">
    <p class='ocr_par' dir='ltr' id='par_1_26' title="bbox 479 2310 2125 2384">
     <span class='ocr_line' id='line_1_26' title="bbox 479 2310 2125 2384; baseline 0.001 -18"><span class='ocrx_word' id='word_1_194' title='bbox 479 2310 872 2384; x_wconf 87' lang='lat' dir='ltr'>procuratoris</span> <span class='ocrx_word' id='word_1_195' title='bbox 903 2311 1040 2378; x_wconf 90' lang='lat' dir='ltr'>mei,</span> <span class='ocrx_word' id='word_1_196' title='bbox 1059 2313 1144 2366; x_wconf 90' lang='lat' dir='ltr'>vel</span> <span class='ocrx_word' id='word_1_197' title='bbox 1172 2310 1369 2378; x_wconf 91' lang='lat' dir='ltr'>villici,</span> <span class='ocrx_word' id='word_1_198' title='bbox 1397 2312 1495 2382; x_wconf 88' lang='lat' dir='ltr'>qui</span> <span class='ocrx_word' id='word_1_199' title='bbox 1525 2311 1800 2366; x_wconf 86' lang='lat' dir='ltr'>universa</span> <span class='ocrx_word' id='word_1_200' title='bbox 1820 2312 2125 2382; x_wconf 88' lang='lat' dir='ltr'>dispensat</span> 
     </span>
    </p>
   </div>
   <div class='ocr_carea' id='block_1_27' title="bbox 478 2397 2128 2472">
    <p class='ocr_par' dir='ltr' id='par_1_27' title="bbox 478 2397 2128 2472">
     <span class='ocr_line' id='line_1_27' title="bbox 478 2397 2128 2472; baseline 0.001 -17"><span class='ocrx_word' id='word_1_201' title='bbox 478 2403 538 2455; x_wconf 86' lang='lat' dir='ltr'>et</span> <span class='ocrx_word' id='word_1_202' title='bbox 583 2397 884 2454; x_wconf 87' lang='lat' dir='ltr'>distribuit</span> <span class='ocrx_word' id='word_1_203' title='bbox 947 2399 1164 2455; x_wconf 89' lang='lat' dir='ltr'>cibaria</span> <span class='ocrx_word' id='word_1_204' title='bbox 1207 2399 1443 2456; x_wconf 67' lang='lat' dir='ltr'>familiae</span> <span class='ocrx_word' id='word_1_205' title='bbox 1509 2417 1650 2456; x_wconf 70' lang='lat' dir='ltr'>mem</span> <span class='ocrx_word' id='word_1_206' title='bbox 1687 2443 1699 2467; x_wconf 92' lang='lat'>,</span> <span class='ocrx_word' id='word_1_207' title='bbox 1770 2405 2128 2472; x_wconf 89' lang='lat' dir='ltr'>vocaturque</span> 
     </span>
    </p>
   </div>
   <div class='ocr_carea' id='block_1_28' title="bbox 475 2487 2124 2554">
    <p class='ocr_par' dir='ltr' id='par_1_28' title="bbox 475 2487 2124 2554">
     <span class='ocr_line' id='line_1_28' title="bbox 475 2487 2124 2554; baseline 0 -9"><span class='ocrx_word' id='word_1_208' title='bbox 475 2487 800 2545; x_wconf 85' lang='lat' dir='ltr'>Damascus</span> <span class='ocrx_word' id='word_1_209' title='bbox 840 2487 1078 2554; x_wconf 87' lang='lat' dir='ltr'>Eliezer,</span> <span class='ocrx_word' id='word_1_210' title='bbox 1136 2488 1231 2544; x_wconf 91' lang='lat' dir='ltr'>hic</span> <span class='ocrx_word' id='word_1_211' title='bbox 1295 2505 1460 2544; x_wconf 92' lang='lat' dir='ltr'>meus</span> <span class='ocrx_word' id='word_1_212' title='bbox 1517 2489 1700 2545; x_wconf 67' lang='lat' dir='ltr'>haeres</span> <span class='ocrx_word' id='word_1_213' title='bbox 1758 2489 1885 2546; x_wconf 90' lang='lat' dir='ltr'>erit.</span> <span class='ocrx_word' id='word_1_214' title='bbox 1945 2495 2124 2545; x_wconf 90' lang='lat' dir='ltr'>Porro</span> 
     </span>
    </p>
   </div>
   <div class='ocr_carea' id='block_1_29' title="bbox 475 2577 2126 2651">
    <p class='ocr_par' dir='ltr' id='par_1_29' title="bbox 475 2577 2126 2651">
     <span class='ocr_line' id='line_1_29' title="bbox 475 2577 2126 2651; baseline 0.001 -19"><span class='ocrx_word' id='word_1_215' title='bbox 475 2577 714 2642; x_wconf 88' lang='lat' dir='ltr'>Eliezer,</span> <span class='ocrx_word' id='word_1_216' title='bbox 747 2577 1182 2648; x_wconf 88' lang='lat' dir='ltr'>interpretatur.</span> <span class='ocrx_word' id='word_1_217' title='bbox 1215 2579 1356 2632; x_wconf 84' lang='lat' dir='ltr'>Deus</span> <span class='ocrx_word' id='word_1_218' title='bbox 1406 2594 1560 2633; x_wconf 85' lang='lat' dir='ltr'>meus</span> <span class='ocrx_word' id='word_1_219' title='bbox 1605 2579 1842 2651; x_wconf 83' lang='lat' dir='ltr'>adjator.</span> <span class='ocrx_word' id='word_1_220' title='bbox 1899 2579 1986 2634; x_wconf 88' lang='lat' dir='ltr'>Ab</span> <span class='ocrx_word' id='word_1_221' title='bbox 2018 2579 2126 2636; x_wconf 91' lang='lat' dir='ltr'>hoc</span> 
     </span>
    </p>
   </div>
   <div class='ocr_carea' id='block_1_30' title="bbox 476 2665 2049 2740">
    <p class='ocr_par' dir='ltr' id='par_1_30' title="bbox 476 2665 2049 2740">
     <span class='ocr_line' id='line_1_30' title="bbox 476 2665 2049 2740; baseline 0.001 -19"><span class='ocrx_word' id='word_1_222' title='bbox 476 2666 642 2722; x_wconf 89' lang='lat' dir='ltr'>aiunt</span> <span class='ocrx_word' id='word_1_223' title='bbox 670 2665 1022 2721; x_wconf 87' lang='lat' dir='ltr'>Damascum</span> <span class='ocrx_word' id='word_1_224' title='bbox 1053 2667 1074 2700; x_wconf 72' lang='grc' dir='ltr'><strong>δ</strong></span> <span class='ocrx_word' id='word_1_225' title='bbox 1100 2669 1158 2722; x_wconf 92' lang='lat' dir='ltr'>et</span> <span class='ocrx_word' id='word_1_226' title='bbox 1185 2667 1507 2735; x_wconf 90' lang='lat' dir='ltr'>conditam,</span> <span class='ocrx_word' id='word_1_227' title='bbox 1539 2672 1596 2723; x_wconf 89' lang='lat' dir='ltr'>et</span> <span class='ocrx_word' id='word_1_228' title='bbox 1627 2672 2049 2740; x_wconf 83' lang='lat' dir='ltr'>nuncupatam.</span> 
     </span>
    </p>
   </div>
   <div class='ocr_carea' id='block_1_31' title="bbox 546 2799 2125 2872">
    <p class='ocr_par' dir='ltr' id='par_1_31' title="bbox 546 2799 2125 2872">
     <span class='ocr_line' id='line_1_31' title="bbox 546 2799 2125 2872; baseline 0.003 -19"><span class='ocrx_word' id='word_1_229' title='bbox 546 2799 738 2870; x_wconf 90' lang='lat' dir='ltr'>(Vers.</span> <span class='ocrx_word' id='word_1_230' title='bbox 771 2801 850 2872; x_wconf 90' lang='lat'>7.)</span> <span class='ocrx_word' id='word_1_231' title='bbox 883 2821 910 2850; x_wconf 86' lang='lat'><strong>«</strong></span> <span class='ocrx_word' id='word_1_232' title='bbox 942 2801 1060 2872; x_wconf 85' lang='lat' dir='ltr'>Ego</span> <span class='ocrx_word' id='word_1_233' title='bbox 1091 2800 1264 2872; x_wconf 90' lang='lat' dir='ltr'>Deus,</span> <span class='ocrx_word' id='word_1_234' title='bbox 1299 2802 1400 2872; x_wconf 91' lang='lat' dir='ltr'>qui</span> <span class='ocrx_word' id='word_1_235' title='bbox 1449 2801 1619 2856; x_wconf 79' lang='lat' dir='ltr'>eduxi</span> <span class='ocrx_word' id='word_1_236' title='bbox 1666 2805 1721 2856; x_wconf 91' lang='lat' dir='ltr'>te</span> <span class='ocrx_word' id='word_1_237' title='bbox 1769 2802 1840 2856; x_wconf 94' lang='lat' dir='ltr'>de</span> <span class='ocrx_word' id='word_1_238' title='bbox 1890 2801 2125 2872; x_wconf 84' lang='lat' dir='ltr'>regione</span> 
     </span>
    </p>
   </div>
   <div class='ocr_carea' id='block_1_32' title="bbox 475 2887 2122 2961">
    <p class='ocr_par' dir='ltr' id='par_1_32' title="bbox 475 2887 2122 2961">
     <span class='ocr_line' id='line_1_32' title="bbox 475 2887 2122 2961; baseline 0 -16"><span class='ocrx_word' id='word_1_239' title='bbox 475 2887 898 2946; x_wconf 65' lang='lat' dir='ltr'>Chaldaeorum.</span> <span class='ocrx_word' id='word_1_240' title='bbox 934 2910 962 2938; x_wconf 87' lang='lat'>»</span> <span class='ocrx_word' id='word_1_241' title='bbox 999 2891 1114 2944; x_wconf 90' lang='lat' dir='ltr'>Hoc</span> <span class='ocrx_word' id='word_1_242' title='bbox 1144 2895 1252 2959; x_wconf 89' lang='lat' dir='ltr'>est,</span> <span class='ocrx_word' id='word_1_243' title='bbox 1283 2890 1440 2961; x_wconf 91' lang='lat' dir='ltr'>quod</span> <span class='ocrx_word' id='word_1_244' title='bbox 1494 2889 1669 2961; x_wconf 90' lang='lat' dir='ltr'>paulo</span> <span class='ocrx_word' id='word_1_245' title='bbox 1700 2895 1834 2944; x_wconf 89' lang='lat' dir='ltr'>ante</span> <span class='ocrx_word' id='word_1_246' title='bbox 1865 2889 2122 2946; x_wconf 86' lang='lat' dir='ltr'>diximus</span> 
     </span>
    </p>
   </div>
   <div class='ocr_carea' id='block_1_33' title="bbox 477 2977 2119 3050">
    <p class='ocr_par' dir='ltr' id='par_1_33' title="bbox 477 2977 2119 3050">
     <span class='ocr_line' id='line_1_33' title="bbox 477 2977 2119 3050; baseline 0.001 -18"><span class='ocrx_word' id='word_1_247' title='bbox 477 2978 536 3034; x_wconf 91' lang='lat' dir='ltr'>in</span> <span class='ocrx_word' id='word_1_248' title='bbox 571 2978 806 3034; x_wconf 61' lang='lat' dir='ltr'>Hebraeo</span> <span class='ocrx_word' id='word_1_249' title='bbox 837 2977 1038 3034; x_wconf 88' lang='lat' dir='ltr'>haberi</span> <span class='ocrx_word' id='word_1_250' title='bbox 1067 2995 1080 3034; x_wconf 92' lang='lat'><strong>:</strong></span> <span class='ocrx_word' id='word_1_251' title='bbox 1114 2979 1214 3050; x_wconf 89' lang='lat' dir='ltr'>qui</span> <span class='ocrx_word' id='word_1_252' title='bbox 1245 2978 1416 3032; x_wconf 81' lang='lat' dir='ltr'>eduxi</span> <span class='ocrx_word' id='word_1_253' title='bbox 1447 2982 1503 3033; x_wconf 93' lang='lat' dir='ltr'>te</span> <span class='ocrx_word' id='word_1_254' title='bbox 1533 2978 1603 3032; x_wconf 92' lang='lat' dir='ltr'>de</span> <span class='ocrx_word' id='word_1_255' title='bbox 1633 2995 1712 3032; x_wconf 79' lang='lat' dir='ltr'>ua</span> <span class='ocrx_word' id='word_1_256' title='bbox 1755 2994 2027 3042; x_wconf 80' lang='lat' dir='ltr'>CIIESDIM,</span> <span class='ocrx_word' id='word_1_257' title='bbox 2061 2978 2119 3033; x_wconf 90' lang='lat' dir='ltr'>id</span> 
     </span>
    </p>
   </div>
   <div class='ocr_carea' id='block_1_34' title="bbox 473 3063 1444 3134">
    <p class='ocr_par' dir='ltr' id='par_1_34' title="bbox 473 3063 1444 3134">
     <span class='ocr_line' id='line_1_34' title="bbox 473 3063 1444 3134; baseline 0 -14"><span class='ocrx_word' id='word_1_258' title='bbox 473 3067 582 3134; x_wconf 87' lang='lat' dir='ltr'>est,</span> <span class='ocrx_word' id='word_1_259' title='bbox 617 3065 688 3120; x_wconf 93' lang='lat' dir='ltr'>de</span> <span class='ocrx_word' id='word_1_260' title='bbox 718 3064 988 3120; x_wconf 90' lang='lat' dir='ltr'>incendio</span> <span class='ocrx_word' id='word_1_261' title='bbox 1019 3063 1444 3120; x_wconf 68' lang='lat' dir='ltr'>Chaldaeorum.</span> 
     </span>
    </p>
   </div>
   <div class='ocr_carea' id='block_1_35' title="bbox 546 3195 2116 3270">
    <p class='ocr_par' dir='ltr' id='par_1_35' title="bbox 546 3195 2116 3270">
     <span class='ocr_line' id='line_1_35' title="bbox 546 3195 2116 3270; baseline 0.004 -21"><span class='ocrx_word' id='word_1_262' title='bbox 546 3195 712 3268; x_wconf 91' lang='lat' dir='ltr'>(Vers</span> <span class='ocrx_word' id='word_1_263' title='bbox 743 3198 829 3268; x_wconf 80' lang='lat'>10,</span> <span class='ocrx_word' id='word_1_264' title='bbox 863 3197 973 3268; x_wconf 77' lang='lat' dir='ltr'>li.)</span> <span class='ocrx_word' id='word_1_265' title='bbox 1007 3220 1035 3249; x_wconf 87' lang='lat'><strong>«</strong></span> <span class='ocrx_word' id='word_1_266' title='bbox 1067 3199 1136 3254; x_wconf 88' lang='lat' dir='ltr'>Et</span> <span class='ocrx_word' id='word_1_267' title='bbox 1160 3197 1355 3270; x_wconf 89' lang='lat' dir='ltr'>posuit</span> <span class='ocrx_word' id='word_1_268' title='bbox 1385 3214 1453 3253; x_wconf 89' lang='lat' dir='ltr'>ea</span> <span class='ocrx_word' id='word_1_269' title='bbox 1499 3201 1700 3254; x_wconf 89' lang='lat' dir='ltr'>contra</span> <span class='ocrx_word' id='word_1_270' title='bbox 1731 3197 1935 3254; x_wconf 80' lang='lat' dir='ltr'>faciem</span> <span class='ocrx_word' id='word_1_271' title='bbox 1969 3200 2116 3256; x_wconf 83' lang='lat' dir='ltr'>invi-</span> 
     </span>
    </p>
   </div>
   <div class='ocr_carea' id='block_1_36' title="bbox 479 3285 2125 3352">
    <p class='ocr_par' dir='ltr' id='par_1_36' title="bbox 479 3285 2125 3352">
     <span class='ocr_line' id='line_1_36' title="bbox 479 3285 2125 3352; baseline 0.002 -12"><span class='ocrx_word' id='word_1_272' title='bbox 479 3300 645 3352; x_wconf 90' lang='lat' dir='ltr'>cem;</span> <span class='ocrx_word' id='word_1_273' title='bbox 680 3301 816 3342; x_wconf 89' lang='lat' dir='ltr'>aves</span> <span class='ocrx_word' id='word_1_274' title='bbox 856 3301 994 3340; x_wconf 92' lang='lat' dir='ltr'>vero</span> <span class='ocrx_word' id='word_1_275' title='bbox 1028 3303 1145 3342; x_wconf 91' lang='lat' dir='ltr'>non</span> <span class='ocrx_word' id='word_1_276' title='bbox 1177 3285 1396 3342; x_wconf 90' lang='lat' dir='ltr'>divisit.</span> <span class='ocrx_word' id='word_1_277' title='bbox 1447 3286 1888 3342; x_wconf 87' lang='lat' dir='ltr'>Descenderunt</span> <span class='ocrx_word' id='word_1_278' title='bbox 1931 3292 2125 3344; x_wconf 88' lang='lat' dir='ltr'>autem</span> 
     </span>
    </p>
   </div>
   <div class='ocr_carea' id='block_1_37' title="bbox 478 3372 2128 3450">
    <p class='ocr_par' dir='ltr' id='par_1_37' title="bbox 478 3372 2128 3450">
     <span class='ocr_line' id='line_1_37' title="bbox 478 3372 2128 3450; baseline 0.002 -20"><span class='ocrx_word' id='word_1_279' title='bbox 478 3372 748 3430; x_wconf 81' lang='lat' dir='ltr'>volucres</span> <span class='ocrx_word' id='word_1_280' title='bbox 772 3390 950 3446; x_wconf 86' lang='lat' dir='ltr'>super</span> <span class='ocrx_word' id='word_1_281' title='bbox 977 3375 1260 3431; x_wconf 89' lang='lat' dir='ltr'>cadavera</span> <span class='ocrx_word' id='word_1_282' title='bbox 1280 3379 1336 3430; x_wconf 92' lang='lat' dir='ltr'>et</span> <span class='ocrx_word' id='word_1_283' title='bbox 1365 3391 1542 3447; x_wconf 88' lang='lat' dir='ltr'>super</span> <span class='ocrx_word' id='word_1_284' title='bbox 1566 3374 1880 3432; x_wconf 84' lang='lat' dir='ltr'>divisiones</span> <span class='ocrx_word' id='word_1_285' title='bbox 1901 3393 2128 3450; x_wconf 90' lang='lat' dir='ltr'>eorum,</span> 
     </span>
    </p>
   </div>
   <div class='ocr_carea' id='block_1_38' title="bbox 488 3461 2127 3537">
    <p class='ocr_par' dir='ltr' id='par_1_38' title="bbox 488 3461 2127 3537">
     <span class='ocr_line' id='line_1_38' title="bbox 488 3461 2127 3537; baseline 0.004 -19"><span class='ocrx_word' id='word_1_286' title='bbox 488 3461 840 3534; x_wconf 91' lang='lat' dir='ltr'>opusculum</span> <span class='ocrx_word' id='word_1_287' title='bbox 871 3464 1000 3536; x_wconf 88' lang='lat' dir='ltr'>ejus</span> <span class='ocrx_word' id='word_1_288' title='bbox 1026 3463 1306 3537; x_wconf 82' lang='lat' dir='ltr'>expositio</span> <span class='ocrx_word' id='word_1_289' title='bbox 1335 3465 1704 3520; x_wconf 85' lang='lat' dir='ltr'>sacramenti.</span> <span class='ocrx_word' id='word_1_290' title='bbox 1756 3466 1869 3520; x_wconf 84' lang='lat' dir='ltr'>Hoc</span> <span class='ocrx_word' id='word_1_291' title='bbox 1899 3469 2127 3523; x_wconf 88' lang='lat' dir='ltr'>tantum</span> 
     </span>
    </p>
   </div>
   <div class='ocr_carea' id='block_1_39' title="bbox 490 3550 2128 3625">
    <p class='ocr_par' dir='ltr' id='par_1_39' title="bbox 490 3550 2128 3625">
     <span class='ocr_line' id='line_1_39' title="bbox 490 3550 2128 3625; baseline 0.004 -17"><span class='ocrx_word' id='word_1_292' title='bbox 490 3550 765 3621; x_wconf 88' lang='lat' dir='ltr'>dicimus,</span> <span class='ocrx_word' id='word_1_293' title='bbox 805 3553 946 3625; x_wconf 92' lang='lat' dir='ltr'>quia</span> <span class='ocrx_word' id='word_1_294' title='bbox 1000 3570 1102 3624; x_wconf 88' lang='lat' dir='ltr'>pro</span> <span class='ocrx_word' id='word_1_295' title='bbox 1161 3553 1255 3608; x_wconf 90' lang='lat' dir='ltr'>his</span> <span class='ocrx_word' id='word_1_296' title='bbox 1308 3571 1433 3625; x_wconf 68' lang='lat' dir='ltr'>quas</span> <span class='ocrx_word' id='word_1_297' title='bbox 1481 3554 1808 3625; x_wconf 90' lang='lat' dir='ltr'>posuimus,</span> <span class='ocrx_word' id='word_1_298' title='bbox 1860 3557 2013 3612; x_wconf 74' lang='lat'>330</span> <span class='ocrx_word' id='word_1_299' title='bbox 2068 3558 2128 3614; x_wconf 91' lang='lat' dir='ltr'>in</span> 
     </span>
    </p>
   </div>
   <div class='ocr_carea' id='block_1_40' title="bbox 487 3641 2130 3718">
    <p class='ocr_par' dir='ltr' id='par_1_40' title="bbox 487 3641 2130 3718">
     <span class='ocr_line' id='line_1_40' title="bbox 487 3641 2130 3718; baseline 0.003 -21"><span class='ocrx_word' id='word_1_300' title='bbox 487 3641 726 3698; x_wconf 75' lang='lat' dir='ltr'>Hebraeo</span> <span class='ocrx_word' id='word_1_301' title='bbox 759 3643 934 3698; x_wconf 88' lang='lat' dir='ltr'>habet</span> <span class='ocrx_word' id='word_1_302' title='bbox 964 3661 977 3698; x_wconf 87' lang='lat'><strong>:</strong></span> <span class='ocrx_word' id='word_1_303' title='bbox 1008 3665 1037 3693; x_wconf 86' lang='lat'>«</span> <span class='ocrx_word' id='word_1_304' title='bbox 1072 3644 1138 3698; x_wconf 87' lang='lat' dir='ltr'>Et</span> <span class='ocrx_word' id='word_1_305' title='bbox 1191 3643 1620 3698; x_wconf 89' lang='lat' dir='ltr'>descenderunt</span> <span class='ocrx_word' id='word_1_306' title='bbox 1662 3643 1924 3700; x_wconf 86' lang='lat' dir='ltr'>volucres</span> <span class='ocrx_word' id='word_1_307' title='bbox 1953 3663 2130 3718; x_wconf 88' lang='lat' dir='ltr'>super</span> 
     </span>
    </p>
   </div>
   <div class='ocr_carea' id='block_1_41' title="bbox 481 3731 2123 3805">
    <p class='ocr_par' dir='ltr' id='par_1_41' title="bbox 481 3731 2123 3805">
     <span class='ocr_line' id='line_1_41' title="bbox 481 3731 2123 3805; baseline 0.004 -20"><span class='ocrx_word' id='word_1_308' title='bbox 481 3731 784 3799; x_wconf 87' lang='lat' dir='ltr'>cadavera,</span> <span class='ocrx_word' id='word_1_309' title='bbox 814 3735 873 3786; x_wconf 90' lang='lat' dir='ltr'>et</span> <span class='ocrx_word' id='word_1_310' title='bbox 920 3732 1190 3805; x_wconf 86' lang='lat' dir='ltr'>abigebat</span> <span class='ocrx_word' id='word_1_311' title='bbox 1220 3747 1318 3787; x_wconf 87' lang='lat' dir='ltr'>eas</span> <span class='ocrx_word' id='word_1_312' title='bbox 1367 3733 1602 3786; x_wconf 86' lang='lat' dir='ltr'>Abram.</span> <span class='ocrx_word' id='word_1_313' title='bbox 1667 3754 1694 3780; x_wconf 85' lang='lat'>»</span> <span class='ocrx_word' id='word_1_314' title='bbox 1755 3731 1917 3790; x_wconf 90' lang='lat' dir='ltr'>Illius</span> <span class='ocrx_word' id='word_1_315' title='bbox 1967 3736 2123 3792; x_wconf 87' lang='lat' dir='ltr'>enim</span> 
     </span>
    </p>
   </div>
   <div class='ocr_carea' id='block_1_42' title="bbox 475 3819 1952 3893">
    <p class='ocr_par' dir='ltr' id='par_1_42' title="bbox 475 3819 1952 3893">
     <span class='ocr_line' id='line_1_42' title="bbox 475 3819 1952 3893; baseline 0.003 -19"><span class='ocrx_word' id='word_1_316' title='bbox 475 3819 685 3875; x_wconf 90' lang='lat' dir='ltr'>merito</span> <span class='ocrx_word' id='word_1_317' title='bbox 715 3835 866 3890; x_wconf 60' lang='lat' dir='ltr'>saepe</span> <span class='ocrx_word' id='word_1_318' title='bbox 897 3821 966 3876; x_wconf 91' lang='lat' dir='ltr'>de</span> <span class='ocrx_word' id='word_1_319' title='bbox 997 3821 1284 3893; x_wconf 87' lang='lat' dir='ltr'>angustiis</span> <span class='ocrx_word' id='word_1_320' title='bbox 1317 3819 1598 3876; x_wconf 89' lang='lat' dir='ltr'>liberatus</span> <span class='ocrx_word' id='word_1_321' title='bbox 1628 3825 1716 3876; x_wconf 88' lang='lat' dir='ltr'>est</span> <span class='ocrx_word' id='word_1_322' title='bbox 1756 3823 1952 3878; x_wconf 88' lang='lat' dir='ltr'>Israel.</span> 
     </span>
    </p>
   </div>
   <div class='ocr_carea' id='block_1_43' title="bbox 543 3951 2121 4022">
    <p class='ocr_par' dir='ltr' id='par_1_43' title="bbox 543 3951 2121 4022">
     <span class='ocr_line' id='line_1_43' title="bbox 543 3951 2121 4022; baseline 0.008 -18"><span class='ocrx_word' id='word_1_323' title='bbox 543 3951 730 4022; x_wconf 89' lang='lat' dir='ltr'>(Vers.</span> <span class='ocrx_word' id='word_1_324' title='bbox 759 3951 874 4020; x_wconf 65' lang='lat'>42.)</span> <span class='ocrx_word' id='word_1_325' title='bbox 903 3973 931 4001; x_wconf 86' lang='lat'><strong>«</strong></span> <span class='ocrx_word' id='word_1_326' title='bbox 965 3954 1050 4009; x_wconf 92' lang='lat' dir='ltr'>Ad</span> <span class='ocrx_word' id='word_1_327' title='bbox 1086 3970 1358 4009; x_wconf 90' lang='lat' dir='ltr'>occasum</span> <span class='ocrx_word' id='word_1_328' title='bbox 1416 3958 1616 4010; x_wconf 87' lang='lat' dir='ltr'>autem</span> <span class='ocrx_word' id='word_1_329' title='bbox 1681 3954 1820 4011; x_wconf 88' lang='lat' dir='ltr'>solis</span> <span class='ocrx_word' id='word_1_330' title='bbox 1877 3958 2121 4016; x_wconf 85' lang='lat' dir='ltr'>ecstasis</span> 
     </span>
    </p>
   </div>
   <div class='ocr_carea' id='block_1_44' title="bbox 469 4038 2122 4110">
    <p class='ocr_par' dir='ltr' id='par_1_44' title="bbox 469 4038 2122 4110">
     <span class='ocr_line' id='line_1_44' title="bbox 469 4038 2122 4110; baseline 0.005 -16"><span class='ocrx_word' id='word_1_331' title='bbox 469 4038 686 4103; x_wconf 84' lang='lat' dir='ltr'>cedidit</span> <span class='ocrx_word' id='word_1_332' title='bbox 715 4056 892 4110; x_wconf 89' lang='lat' dir='ltr'>super</span> <span class='ocrx_word' id='word_1_333' title='bbox 917 4041 1159 4098; x_wconf 84' lang='lat' dir='ltr'>Ahram.</span> <span class='ocrx_word' id='word_1_334' title='bbox 1190 4065 1216 4090; x_wconf 86' lang='grc'><strong>››</strong></span> <span class='ocrx_word' id='word_1_335' title='bbox 1245 4042 1351 4098; x_wconf 92' lang='lat' dir='ltr'>Pro</span> <span class='ocrx_word' id='word_1_336' title='bbox 1381 4045 1568 4098; x_wconf 72' lang='lat' dir='ltr'>extasi</span> <span class='ocrx_word' id='word_1_337' title='bbox 1588 4043 1646 4098; x_wconf 90' lang='lat' dir='ltr'>in</span> <span class='ocrx_word' id='word_1_338' title='bbox 1681 4045 1916 4100; x_wconf 69' lang='lat' dir='ltr'>Hebraeo</span> <span class='ocrx_word' id='word_1_339' title='bbox 1946 4065 2122 4102; x_wconf 79' lang='lat' dir='ltr'>&#39;I’IIAR-</span> 
     </span>
    </p>
   </div>
   <div class='ocr_carea' id='block_1_45' title="bbox 543 4164 2115 4236">
    <p class='ocr_par' dir='ltr' id='par_1_45' title="bbox 543 4164 2115 4236">
     <span class='ocr_line' id='line_1_45' title="bbox 543 4164 2115 4236; baseline 0.004 -16"><span class='ocrx_word' id='word_1_340' title='bbox 543 4164 559 4199; x_wconf 88' lang='grc'>¹</span> <span class='ocrx_word' id='word_1_341' title='bbox 590 4165 917 4236; x_wconf 73' lang='lat' dir='ltr'>Mysteriam</span> <span class='ocrx_word' id='word_1_342' title='bbox 943 4173 1192 4222; x_wconf 83' lang='lat' dir='ltr'>nostrum</span> <span class='ocrx_word' id='word_1_343' title='bbox 1221 4170 1329 4222; x_wconf 85' lang='lat' dir='ltr'>etc.</span> <span class='ocrx_word' id='word_1_344' title='bbox 1391 4169 1535 4223; x_wconf 90' lang='lat' dir='ltr'>Tres</span> <span class='ocrx_word' id='word_1_345' title='bbox 1599 4185 1740 4223; x_wconf 87' lang='lat' dir='ltr'>mss.</span> <span class='ocrx_word' id='word_1_346' title='bbox 1775 4169 2008 4225; x_wconf 86' lang='lat' dir='ltr'>codices</span> <span class='ocrx_word' id='word_1_347' title='bbox 2039 4171 2115 4226; x_wconf 89' lang='lat' dir='ltr'>le-</span> 
     </span>
    </p>
   </div>
   <div class='ocr_carea' id='block_1_46' title="bbox 471 4235 2114 4310">
    <p class='ocr_par' dir='ltr' id='par_1_46' title="bbox 471 4235 2114 4310">
     <span class='ocr_line' id='line_1_46' title="bbox 471 4235 2114 4310; baseline 0.004 -21"><span class='ocrx_word' id='word_1_348' title='bbox 471 4240 620 4308; x_wconf 85' lang='lat' dir='ltr'>gunt</span> <span class='ocrx_word' id='word_1_349' title='bbox 649 4240 708 4310; x_wconf 83' lang='lat' dir='ltr'>et</span> <span class='ocrx_word' id='word_1_350' title='bbox 735 4235 939 4291; x_wconf 92' lang='lat' dir='ltr'>eodem</span> <span class='ocrx_word' id='word_1_351' title='bbox 965 4255 1170 4310; x_wconf 80' lang='lat' dir='ltr'>sensu,</span> <span class='ocrx_word' id='word_1_352' title='bbox 1218 4241 1594 4294; x_wconf 75' lang='lat' dir='ltr'>ministerium</span> <span class='ocrx_word' id='word_1_353' title='bbox 1631 4249 1896 4304; x_wconf 81' lang='lat' dir='ltr'>nostrum,</span> <span class='ocrx_word' id='word_1_354' title='bbox 1919 4241 1976 4295; x_wconf 92' lang='lat' dir='ltr'>id</span> <span class='ocrx_word' id='word_1_355' title='bbox 2007 4248 2114 4310; x_wconf 87' lang='lat' dir='ltr'>est,</span> 
     </span>
    </p>
   </div>
   <div class='ocr_carea' id='block_1_47' title="bbox 469 4307 2119 4381">
    <p class='ocr_par' dir='ltr' id='par_1_47' title="bbox 469 4307 2119 4381">
     <span class='ocr_line' id='line_1_47' title="bbox 469 4307 2119 4381; baseline 0.004 -20"><span class='ocrx_word' id='word_1_356' title='bbox 469 4307 850 4381; x_wconf 70' lang='lat' dir='ltr'>sacerdotum</span> <span class='ocrx_word' id='word_1_357' title='bbox 879 4307 980 4381; x_wconf 90' lang='lat' dir='ltr'>qui</span> <span class='ocrx_word' id='word_1_358' title='bbox 1011 4326 1220 4381; x_wconf 87' lang='lat' dir='ltr'>panem</span> <span class='ocrx_word' id='word_1_359' title='bbox 1251 4315 1308 4366; x_wconf 92' lang='lat' dir='ltr'>et</span> <span class='ocrx_word' id='word_1_360' title='bbox 1337 4312 1536 4367; x_wconf 89' lang='lat' dir='ltr'>vinum</span> <span class='ocrx_word' id='word_1_361' title='bbox 1571 4311 1822 4366; x_wconf 75' lang='lat' dir='ltr'>oll‘erunt</span> <span class='ocrx_word' id='word_1_362' title='bbox 1851 4311 1911 4365; x_wconf 90' lang='lat' dir='ltr'>in</span> <span class='ocrx_word' id='word_1_363' title='bbox 1943 4307 2119 4368; x_wconf 54' lang='lat' dir='ltr'>sacri;</span> 
     </span>
    </p>
   </div>
   <div class='ocr_carea' id='block_1_48' title="bbox 473 4377 1292 4451">
    <p class='ocr_par' dir='ltr' id='par_1_48' title="bbox 473 4377 1292 4451">
     <span class='ocr_line' id='line_1_48' title="bbox 473 4377 1292 4451; baseline 0.001 -16"><span class='ocrx_word' id='word_1_364' title='bbox 473 4377 618 4451; x_wconf 9' lang='lat' dir='ltr'>ﬁcio;</span> <span class='ocrx_word' id='word_1_365' title='bbox 635 4394 792 4434; x_wconf 67' lang='lat' dir='ltr'>nova:</span> <span class='ocrx_word' id='word_1_366' title='bbox 838 4377 985 4451; x_wconf 78' lang='lat' dir='ltr'>legis</span> <span class='ocrx_word' id='word_1_367' title='bbox 1011 4377 1292 4436; x_wconf 71' lang='lat' dir='ltr'>MARTIAN.</span> 
     </span>
    </p>
   </div>
   <div class='ocr_carea' id='block_1_49' title="bbox 540 4449 2112 4524">
    <p class='ocr_par' dir='ltr' id='par_1_49' title="bbox 540 4449 2112 4524">
     <span class='ocr_line' id='line_1_49' title="bbox 540 4449 2112 4524; baseline 0.004 -20"><span class='ocrx_word' id='word_1_368' title='bbox 540 4449 1192 4524; x_wconf 27' lang='lat' dir='ltr'>’Corporeetisanguine</span> <span class='ocrx_word' id='word_1_369' title='bbox 1248 4454 1468 4508; x_wconf 84' lang='lat' dir='ltr'>Domini</span> <span class='ocrx_word' id='word_1_370' title='bbox 1493 4453 1636 4506; x_wconf 72' lang='lat' dir='ltr'>Iesu.</span> <span class='ocrx_word' id='word_1_371' title='bbox 1689 4453 2112 4524; x_wconf 85' lang='lat' dir='ltr'>Apertissimus</span> 
     </span>
    </p>
   </div>
   <div class='ocr_carea' id='block_1_50' title="bbox 2243 491 3109 564">
    <p class='ocr_par' dir='ltr' id='par_1_50' title="bbox 2243 491 3109 564">
     <span class='ocr_line' id='line_1_50' title="bbox 2243 491 3109 564; baseline 0 -18"><span class='ocrx_word' id='word_1_372' title='bbox 2243 507 2422 562; x_wconf 89' lang='lat' dir='ltr'>supra</span> <span class='ocrx_word' id='word_1_373' title='bbox 2446 493 2713 548; x_wconf 89' lang='lat' dir='ltr'>vertinus</span> <span class='ocrx_word' id='word_1_374' title='bbox 2743 491 2803 547; x_wconf 92' lang='lat' dir='ltr'>in</span> <span class='ocrx_word' id='word_1_375' title='bbox 2833 508 3109 564; x_wconf 86' lang='lat' dir='ltr'>soporem.</span> 
     </span>
    </p>
   </div>
   <div class='ocr_carea' id='block_1_51' title="bbox 2311 581 3816 652">
    <p class='ocr_par' dir='ltr' id='par_1_51' title="bbox 2311 581 3816 652">
     <span class='ocr_line' id='line_1_51' title="bbox 2311 581 3816 652; baseline 0.002 -19"><span class='ocrx_word' id='word_1_376' title='bbox 2311 581 2498 650; x_wconf 90' lang='lat' dir='ltr'>(Vers,</span> <span class='ocrx_word' id='word_1_377' title='bbox 2535 583 2645 652; x_wconf 85' lang='grc'>16.)</span> <span class='ocrx_word' id='word_1_378' title='bbox 2677 604 2705 630; x_wconf 91' lang='grc'>‹‹</span> <span class='ocrx_word' id='word_1_379' title='bbox 2740 581 3123 638; x_wconf 89' lang='lat' dir='ltr'>Generatione</span> <span class='ocrx_word' id='word_1_380' title='bbox 3184 585 3374 636; x_wconf 87' lang='lat' dir='ltr'>autem</span> <span class='ocrx_word' id='word_1_381' title='bbox 3430 584 3622 650; x_wconf 88' lang='lat' dir='ltr'>quarta</span> <span class='ocrx_word' id='word_1_382' title='bbox 3662 596 3816 637; x_wconf 84' lang='lat' dir='ltr'>rever-</span> 
     </span>
    </p>
   </div>
   <div class='ocr_carea' id='block_1_52' title="bbox 2239 669 3820 742">
    <p class='ocr_par' dir='ltr' id='par_1_52' title="bbox 2239 669 3820 742">
     <span class='ocr_line' id='line_1_52' title="bbox 2239 669 3820 742; baseline 0 -19"><span class='ocrx_word' id='word_1_383' title='bbox 2239 673 2436 724; x_wconf 85' lang='lat' dir='ltr'>tentur</span> <span class='ocrx_word' id='word_1_384' title='bbox 2468 669 2600 724; x_wconf 90' lang='lat' dir='ltr'>huc.</span> <span class='ocrx_word' id='word_1_385' title='bbox 2633 692 2660 720; x_wconf 88' lang='lat'><strong>»</strong></span> <span class='ocrx_word' id='word_1_386' title='bbox 2709 671 2868 726; x_wconf 89' lang='lat' dir='ltr'>l-Iaud</span> <span class='ocrx_word' id='word_1_387' title='bbox 2892 671 3137 726; x_wconf 89' lang='lat' dir='ltr'>dubium</span> <span class='ocrx_word' id='word_1_388' title='bbox 3161 671 3300 742; x_wconf 92' lang='lat' dir='ltr'>quin</span> <span class='ocrx_word' id='word_1_389' title='bbox 3328 670 3523 741; x_wconf 91' lang='lat' dir='ltr'>hi,qui</span> <span class='ocrx_word' id='word_1_390' title='bbox 3549 671 3614 725; x_wconf 79' lang='lat' dir='ltr'>de</span> <span class='ocrx_word' id='word_1_391' title='bbox 3637 670 3820 726; x_wconf 84' lang='lat' dir='ltr'>semine</span> 
     </span>
    </p>
   </div>
   <div class='ocr_carea' id='block_1_53' title="bbox 2241 758 3822 830">
    <p class='ocr_par' dir='ltr' id='par_1_53' title="bbox 2241 758 3822 830">
     <span class='ocr_line' id='line_1_53' title="bbox 2241 758 3822 830; baseline 0.001 -19"><span class='ocrx_word' id='word_1_392' title='bbox 2241 758 2458 813; x_wconf 83' lang='lat' dir='ltr'>fuerint</span> <span class='ocrx_word' id='word_1_393' title='bbox 2513 760 2767 814; x_wconf 68' lang='lat' dir='ltr'>Abrahae.</span> <span class='ocrx_word' id='word_1_394' title='bbox 2809 759 3099 822; x_wconf 64' lang='lat' dir='ltr'>Quaeritur</span> <span class='ocrx_word' id='word_1_395' title='bbox 3163 759 3449 830; x_wconf 90' lang='lat' dir='ltr'>quomodo</span> <span class='ocrx_word' id='word_1_396' title='bbox 3538 758 3590 813; x_wconf 92' lang='lat' dir='ltr'>in</span> <span class='ocrx_word' id='word_1_397' title='bbox 3666 758 3822 814; x_wconf 81' lang='lat' dir='ltr'>Exodo</span> 
     </span>
    </p>
   </div>
   <div class='ocr_carea' id='block_1_54' title="bbox 2241 848 3826 919">
    <p class='ocr_par' dir='ltr' id='par_1_54' title="bbox 2241 848 3826 919">
     <span class='ocr_line' id='line_1_54' title="bbox 2241 848 3826 919; baseline 0 -18"><span class='ocrx_word' id='word_1_398' title='bbox 2241 848 2528 919; x_wconf 88' lang='lat' dir='ltr'>scriptum</span> <span class='ocrx_word' id='word_1_399' title='bbox 2575 849 2650 902; x_wconf 89' lang='lat' dir='ltr'>sit</span> <span class='ocrx_word' id='word_1_400' title='bbox 2679 851 2697 882; x_wconf 77' lang='lat'><strong>7</strong></span> <span class='ocrx_word' id='word_1_401' title='bbox 2731 865 2744 902; x_wconf 86' lang='lat'><strong>:</strong></span> <span class='ocrx_word' id='word_1_402' title='bbox 2781 851 2992 918; x_wconf 80' lang='lat' dir='ltr'>Quinta.</span> <span class='ocrx_word' id='word_1_403' title='bbox 3049 855 3231 904; x_wconf 84' lang='lat' dir='ltr'>autem</span> <span class='ocrx_word' id='word_1_404' title='bbox 3278 849 3610 919; x_wconf 82' lang='lat' dir='ltr'>generatione</span> <span class='ocrx_word' id='word_1_405' title='bbox 3655 849 3826 917; x_wconf 81' lang='lat' dir='ltr'>egressi</span> 
     </span>
    </p>
   </div>
   <div class='ocr_carea' id='block_1_55' title="bbox 2237 936 3822 1008">
    <p class='ocr_par' dir='ltr' id='par_1_55' title="bbox 2237 936 3822 1008">
     <span class='ocr_line' id='line_1_55' title="bbox 2237 936 3822 1008; baseline 0.001 -18"><span class='ocrx_word' id='word_1_406' title='bbox 2237 941 2366 991; x_wconf 86' lang='lat' dir='ltr'>sunt</span> <span class='ocrx_word' id='word_1_407' title='bbox 2416 937 2526 1006; x_wconf 86' lang='lat' dir='ltr'>ﬁlii</span> <span class='ocrx_word' id='word_1_408' title='bbox 2567 939 2734 992; x_wconf 85' lang='lat' dir='ltr'>Israel</span> <span class='ocrx_word' id='word_1_409' title='bbox 2781 938 2845 994; x_wconf 88' lang='lat' dir='ltr'>de</span> <span class='ocrx_word' id='word_1_410' title='bbox 2893 943 3039 993; x_wconf 85' lang='lat' dir='ltr'>terra</span> <span class='ocrx_word' id='word_1_411' title='bbox 3084 939 3305 1008; x_wconf 62' lang='lat' dir='ltr'>ngypti</span> <span class='ocrx_word' id='word_1_412' title='bbox 3351 936 3535 1005; x_wconf 70' lang='lat' dir='ltr'>(Exod.</span> <span class='ocrx_word' id='word_1_413' title='bbox 3602 953 3684 1006; x_wconf 87' lang='lat' dir='ltr'>xv,</span> <span class='ocrx_word' id='word_1_414' title='bbox 3736 937 3822 1007; x_wconf 81' lang='lat' dir='ltr'>l8).</span> 
     </span>
    </p>
   </div>
   <div class='ocr_carea' id='block_1_56' title="bbox 2239 1027 3770 1099">
    <p class='ocr_par' dir='ltr' id='par_1_56' title="bbox 2239 1027 3770 1099">
     <span class='ocr_line' id='line_1_56' title="bbox 2239 1027 3770 1099; baseline 0 -19"><span class='ocrx_word' id='word_1_415' title='bbox 2239 1027 2428 1098; x_wconf 89' lang='lat' dir='ltr'>Super</span> <span class='ocrx_word' id='word_1_416' title='bbox 2456 1043 2571 1098; x_wconf 86' lang='lat' dir='ltr'>quo</span> <span class='ocrx_word' id='word_1_417' title='bbox 2603 1027 2860 1099; x_wconf 90' lang='lat' dir='ltr'>capitulo</span> <span class='ocrx_word' id='word_1_418' title='bbox 2882 1043 3124 1099; x_wconf 87' lang='lat' dir='ltr'>parvum</span> <span class='ocrx_word' id='word_1_419' title='bbox 3151 1027 3423 1082; x_wconf 91' lang='lat' dir='ltr'>volumen</span> <span class='ocrx_word' id='word_1_420' title='bbox 3451 1027 3770 1082; x_wconf 76' lang='lat' dir='ltr'>edidimus&#39;.</span> 
     </span>
    </p>
   </div>
   <div class='ocr_carea' id='block_1_57' title="bbox 2309 1114 3827 1187">
    <p class='ocr_par' dir='ltr' id='par_1_57' title="bbox 2309 1114 3827 1187">
     <span class='ocr_line' id='line_1_57' title="bbox 2309 1114 3827 1187; baseline -0.001 -16"><span class='ocrx_word' id='word_1_421' title='bbox 2309 1117 2468 1187; x_wconf 89' lang='lat' dir='ltr'>(Cap.</span> <span class='ocrx_word' id='word_1_422' title='bbox 2516 1115 2659 1170; x_wconf 88' lang='lat' dir='ltr'>XVI.</span> <span class='ocrx_word' id='word_1_423' title='bbox 2708 1147 2779 1156; x_wconf 76' lang='grc' dir='ltr'>-ο</span> <span class='ocrx_word' id='word_1_424' title='bbox 2829 1121 2994 1172; x_wconf 88' lang='lat' dir='ltr'>Vers.</span> <span class='ocrx_word' id='word_1_425' title='bbox 3042 1119 3123 1185; x_wconf 88' lang='lat'>2.)</span> <span class='ocrx_word' id='word_1_426' title='bbox 3177 1138 3204 1165; x_wconf 85' lang='lat'><strong>«</strong></span> <span class='ocrx_word' id='word_1_427' title='bbox 3255 1119 3396 1170; x_wconf 85' lang='lat' dir='ltr'>Ecce</span> <span class='ocrx_word' id='word_1_428' title='bbox 3456 1114 3718 1170; x_wconf 88' lang='lat' dir='ltr'>conclusit</span> <span class='ocrx_word' id='word_1_429' title='bbox 3755 1131 3827 1170; x_wconf 87' lang='lat' dir='ltr'>me</span> 
     </span>
    </p>
   </div>
   <div class='ocr_carea' id='block_1_58' title="bbox 2238 1203 3827 1276">
    <p class='ocr_par' dir='ltr' id='par_1_58' title="bbox 2238 1203 3827 1276">
     <span class='ocr_line' id='line_1_58' title="bbox 2238 1203 3827 1276; baseline 0 -18"><span class='ocrx_word' id='word_1_430' title='bbox 2238 1203 2545 1272; x_wconf 91' lang='lat' dir='ltr'>Dominus,</span> <span class='ocrx_word' id='word_1_431' title='bbox 2568 1208 2629 1258; x_wconf 90' lang='lat' dir='ltr'>ut</span> <span class='ocrx_word' id='word_1_432' title='bbox 2662 1221 2778 1260; x_wconf 91' lang='lat' dir='ltr'>non</span> <span class='ocrx_word' id='word_1_433' title='bbox 2812 1205 3036 1276; x_wconf 86' lang='lat' dir='ltr'>pariam</span> <span class='ocrx_word' id='word_1_434' title='bbox 3071 1221 3084 1258; x_wconf 90' lang='lat'>:</span> <span class='ocrx_word' id='word_1_435' title='bbox 3119 1204 3422 1276; x_wconf 85' lang='lat' dir='ltr'>ingredere</span> <span class='ocrx_word' id='word_1_436' title='bbox 3438 1220 3566 1276; x_wconf 89' lang='lat' dir='ltr'>ergo</span> <span class='ocrx_word' id='word_1_437' title='bbox 3588 1205 3654 1258; x_wconf 89' lang='lat' dir='ltr'>ad</span> <span class='ocrx_word' id='word_1_438' title='bbox 3683 1203 3827 1258; x_wconf 88' lang='lat' dir='ltr'>ancil-</span> 
     </span>
    </p>
   </div>
   <div class='ocr_carea' id='block_1_59' title="bbox 2238 1290 3831 1365">
    <p class='ocr_par' dir='ltr' id='par_1_59' title="bbox 2238 1290 3831 1365">
     <span class='ocr_line' id='line_1_59' title="bbox 2238 1290 3831 1365; baseline 0.001 -21"><span class='ocrx_word' id='word_1_439' title='bbox 2238 1290 2356 1346; x_wconf 91' lang='lat' dir='ltr'>lam</span> <span class='ocrx_word' id='word_1_440' title='bbox 2390 1307 2602 1362; x_wconf 76' lang='lat' dir='ltr'>meam,</span> <span class='ocrx_word' id='word_1_441' title='bbox 2635 1298 2699 1347; x_wconf 91' lang='lat' dir='ltr'>ut</span> <span class='ocrx_word' id='word_1_442' title='bbox 2735 1293 2981 1348; x_wconf 89' lang='lat' dir='ltr'>habeam</span> <span class='ocrx_word' id='word_1_443' title='bbox 3027 1292 3182 1349; x_wconf 85' lang='lat' dir='ltr'>ﬁlios</span> <span class='ocrx_word' id='word_1_444' title='bbox 3232 1309 3302 1348; x_wconf 90' lang='lat' dir='ltr'>ex</span> <span class='ocrx_word' id='word_1_445' title='bbox 3351 1309 3436 1348; x_wconf 90' lang='lat' dir='ltr'>ea.</span> <span class='ocrx_word' id='word_1_446' title='bbox 3488 1315 3515 1342; x_wconf 85' lang='lat'>»</span> <span class='ocrx_word' id='word_1_447' title='bbox 3565 1291 3831 1365; x_wconf 79' lang='lat' dir='ltr'>Diligenter</span> 
     </span>
    </p>
   </div>
   <div class='ocr_carea' id='block_1_60' title="bbox 2239 1381 3830 1453">
    <p class='ocr_par' dir='ltr' id='par_1_60' title="bbox 2239 1381 3830 1453">
     <span class='ocr_line' id='line_1_60' title="bbox 2239 1381 3830 1453; baseline 0.001 -17"><span class='ocrx_word' id='word_1_448' title='bbox 2239 1386 2398 1447; x_wconf 87' lang='lat' dir='ltr'>nota;</span> <span class='ocrx_word' id='word_1_449' title='bbox 2449 1383 2606 1453; x_wconf 85' lang='lat' dir='ltr'>quod</span> <span class='ocrx_word' id='word_1_450' title='bbox 2658 1381 2976 1453; x_wconf 77' lang='lat' dir='ltr'>procreatio</span> <span class='ocrx_word' id='word_1_451' title='bbox 3029 1382 3304 1451; x_wconf 79' lang='lat' dir='ltr'>filiorum,</span> <span class='ocrx_word' id='word_1_452' title='bbox 3351 1383 3408 1436; x_wconf 91' lang='lat' dir='ltr'>in</span> <span class='ocrx_word' id='word_1_453' title='bbox 3444 1383 3662 1438; x_wconf 77' lang='lat' dir='ltr'>Hebraeo</span> <span class='ocrx_word' id='word_1_454' title='bbox 3685 1382 3830 1450; x_wconf 56' lang='lat' dir='ltr'>aediﬁ-</span> 
     </span>
    </p>
   </div>
   <div class='ocr_carea' id='block_1_61' title="bbox 2233 1471 3830 1543">
    <p class='ocr_par' dir='ltr' id='par_1_61' title="bbox 2233 1471 3830 1543">
     <span class='ocr_line' id='line_1_61' title="bbox 2233 1471 3830 1543; baseline 0.001 -20"><span class='ocrx_word' id='word_1_455' title='bbox 2233 1472 2378 1526; x_wconf 86' lang='lat' dir='ltr'>eatio</span> <span class='ocrx_word' id='word_1_456' title='bbox 2411 1471 2626 1542; x_wconf 89' lang='lat' dir='ltr'>scripta</span> <span class='ocrx_word' id='word_1_457' title='bbox 2673 1475 2782 1526; x_wconf 89' lang='lat' dir='ltr'>est.</span> <span class='ocrx_word' id='word_1_458' title='bbox 2839 1471 3076 1543; x_wconf 86' lang='lat' dir='ltr'>Legitur</span> <span class='ocrx_word' id='word_1_459' title='bbox 3121 1471 3280 1526; x_wconf 86' lang='lat' dir='ltr'>enim</span> <span class='ocrx_word' id='word_1_460' title='bbox 3348 1471 3430 1526; x_wconf 92' lang='lat' dir='ltr'>ibi</span> <span class='ocrx_word' id='word_1_461' title='bbox 3465 1489 3478 1527; x_wconf 89' lang='lat'><strong>:</strong></span> <span class='ocrx_word' id='word_1_462' title='bbox 3513 1494 3539 1520; x_wconf 86' lang='lat'><strong>«</strong></span> <span class='ocrx_word' id='word_1_463' title='bbox 3575 1471 3830 1542; x_wconf 82' lang='lat' dir='ltr'>Ingredere</span> 
     </span>
    </p>
   </div>
   <div class='ocr_carea' id='block_1_62' title="bbox 2239 1559 3830 1630">
    <p class='ocr_par' dir='ltr' id='par_1_62' title="bbox 2239 1559 3830 1630">
     <span class='ocr_line' id='line_1_62' title="bbox 2239 1559 3830 1630; baseline -0.001 -16"><span class='ocrx_word' id='word_1_464' title='bbox 2239 1559 2309 1614; x_wconf 89' lang='lat' dir='ltr'>ad</span> <span class='ocrx_word' id='word_1_465' title='bbox 2341 1559 2613 1614; x_wconf 88' lang='lat' dir='ltr'>ancillam</span> <span class='ocrx_word' id='word_1_466' title='bbox 2665 1577 2875 1628; x_wconf 91' lang='lat' dir='ltr'>meam,</span> <span class='ocrx_word' id='word_1_467' title='bbox 2911 1559 2958 1614; x_wconf 90' lang='lat' dir='ltr'>si</span> <span class='ocrx_word' id='word_1_468' title='bbox 2993 1577 3109 1630; x_wconf 90' lang='lat' dir='ltr'>quo</span> <span class='ocrx_word' id='word_1_469' title='bbox 3143 1560 3318 1615; x_wconf 91' lang='lat' dir='ltr'>modo</span> <span class='ocrx_word' id='word_1_470' title='bbox 3351 1560 3592 1616; x_wconf 77' lang='lat' dir='ltr'>aedificer</span> <span class='ocrx_word' id='word_1_471' title='bbox 3617 1575 3681 1614; x_wconf 86' lang='lat' dir='ltr'>ex</span> <span class='ocrx_word' id='word_1_472' title='bbox 3705 1575 3778 1614; x_wconf 87' lang='lat' dir='ltr'>ea.</span> <span class='ocrx_word' id='word_1_473' title='bbox 3809 1580 3830 1606; x_wconf 67' lang='grc' dir='ltr'><strong><em>υ</em></strong></span> 
     </span>
    </p>
   </div>
   <div class='ocr_carea' id='block_1_63' title="bbox 2239 1647 3832 1720">
    <p class='ocr_par' dir='ltr' id='par_1_63' title="bbox 2239 1647 3832 1720">
     <span class='ocr_line' id='line_1_63' title="bbox 2239 1647 3832 1720; baseline -0.002 -18"><span class='ocrx_word' id='word_1_474' title='bbox 2239 1647 2304 1702; x_wconf 86' lang='lat' dir='ltr'>Et</span> <span class='ocrx_word' id='word_1_475' title='bbox 2355 1647 2504 1716; x_wconf 82' lang='lat' dir='ltr'>vide,</span> <span class='ocrx_word' id='word_1_476' title='bbox 2556 1665 2626 1704; x_wconf 92' lang='lat' dir='ltr'>ne</span> <span class='ocrx_word' id='word_1_477' title='bbox 2675 1649 2818 1704; x_wconf 85' lang='lat' dir='ltr'>forte</span> <span class='ocrx_word' id='word_1_478' title='bbox 2867 1649 2975 1703; x_wconf 91' lang='lat' dir='ltr'>hoc</span> <span class='ocrx_word' id='word_1_479' title='bbox 3007 1649 3104 1715; x_wconf 91' lang='lat' dir='ltr'>sit,</span> <span class='ocrx_word' id='word_1_480' title='bbox 3146 1649 3304 1720; x_wconf 92' lang='lat' dir='ltr'>quod</span> <span class='ocrx_word' id='word_1_481' title='bbox 3335 1648 3395 1702; x_wconf 88' lang='lat' dir='ltr'>in</span> <span class='ocrx_word' id='word_1_482' title='bbox 3451 1649 3633 1703; x_wconf 87' lang='lat' dir='ltr'>Exodo</span> <span class='ocrx_word' id='word_1_483' title='bbox 3660 1647 3832 1702; x_wconf 84' lang='lat' dir='ltr'>dicitur</span> 
     </span>
    </p>
   </div>
   <div class='ocr_carea' id='block_1_64' title="bbox 2238 1734 3830 1808">
    <p class='ocr_par' dir='ltr' id='par_1_64' title="bbox 2238 1734 3830 1808">
     <span class='ocr_line' id='line_1_64' title="bbox 2238 1734 3830 1808; baseline -0.001 -18"><span class='ocrx_word' id='word_1_484' title='bbox 2238 1736 2523 1792; x_wconf 72' lang='lat' dir='ltr'>Benedz’xz’t</span> <span class='ocrx_word' id='word_1_485' title='bbox 2552 1738 2689 1792; x_wconf 85' lang='lat' dir='ltr'>Deus</span> <span class='ocrx_word' id='word_1_486' title='bbox 2719 1738 3119 1805; x_wconf 81' lang='lat' dir='ltr'>obstetricibus,</span> <span class='ocrx_word' id='word_1_487' title='bbox 3138 1745 3192 1792; x_wconf 83' lang='lat' dir='ltr'>et</span> <span class='ocrx_word' id='word_1_488' title='bbox 3219 1737 3619 1808; x_wconf 66' lang='lat' dir='ltr'>:ediﬁcaverunt</span> <span class='ocrx_word' id='word_1_489' title='bbox 3645 1737 3738 1791; x_wconf 81' lang='lat' dir='ltr'>sibi</span> <span class='ocrx_word' id='word_1_490' title='bbox 3761 1734 3830 1790; x_wconf 85' lang='lat' dir='ltr'>do-</span> 
     </span>
    </p>
   </div>
   <div class='ocr_carea' id='block_1_65' title="bbox 2240 1826 2803 1898">
    <p class='ocr_par' dir='ltr' id='par_1_65' title="bbox 2240 1826 2803 1898">
     <span class='ocr_line' id='line_1_65' title="bbox 2240 1826 2803 1898; baseline 0 -18"><span class='ocrx_word' id='word_1_491' title='bbox 2240 1841 2354 1880; x_wconf 83' lang='lat' dir='ltr'>mos</span> <span class='ocrx_word' id='word_1_492' title='bbox 2385 1826 2586 1896; x_wconf 75' lang='lat' dir='ltr'>(Exod.</span> <span class='ocrx_word' id='word_1_493' title='bbox 2621 1843 2658 1891; x_wconf 84' lang='lat'>1.,</span> <span class='ocrx_word' id='word_1_494' title='bbox 2691 1828 2803 1898; x_wconf 85' lang='lat'>20).</span> 
     </span>
    </p>
   </div>
   <div class='ocr_carea' id='block_1_66' title="bbox 2311 1913 3827 1988">
    <p class='ocr_par' dir='ltr' id='par_1_66' title="bbox 2311 1913 3827 1988">
     <span class='ocr_line' id='line_1_66' title="bbox 2311 1913 3827 1988; baseline -0.001 -19"><span class='ocrx_word' id='word_1_495' title='bbox 2311 1913 2490 1984; x_wconf 87' lang='lat' dir='ltr'>(Vers.</span> <span class='ocrx_word' id='word_1_496' title='bbox 2515 1915 2592 1985; x_wconf 91' lang='lat'>7.)</span> <span class='ocrx_word' id='word_1_497' title='bbox 2617 1937 2644 1964; x_wconf 85' lang='lat'><strong>«</strong></span> <span class='ocrx_word' id='word_1_498' title='bbox 2679 1916 2748 1969; x_wconf 86' lang='lat' dir='ltr'>Et</span> <span class='ocrx_word' id='word_1_499' title='bbox 2779 1915 2996 1971; x_wconf 89' lang='lat' dir='ltr'>invenit</span> <span class='ocrx_word' id='word_1_500' title='bbox 3017 1932 3146 1972; x_wconf 90' lang='lat' dir='ltr'>eam</span> <span class='ocrx_word' id='word_1_501' title='bbox 3177 1915 3422 1988; x_wconf 85' lang='lat' dir='ltr'>angelus</span> <span class='ocrx_word' id='word_1_502' title='bbox 3445 1914 3663 1971; x_wconf 89' lang='lat' dir='ltr'>Domini</span> <span class='ocrx_word' id='word_1_503' title='bbox 3694 1929 3827 1985; x_wconf 81' lang='lat' dir='ltr'>super</span> 
     </span>
    </p>
   </div>
   <div class='ocr_carea' id='block_1_67' title="bbox 2240 2001 3829 2074">
    <p class='ocr_par' dir='ltr' id='par_1_67' title="bbox 2240 2001 3829 2074">
     <span class='ocr_line' id='line_1_67' title="bbox 2240 2001 3829 2074; baseline 0.002 -19"><span class='ocrx_word' id='word_1_504' title='bbox 2240 2001 2456 2057; x_wconf 83' lang='lat' dir='ltr'>fontem</span> <span class='ocrx_word' id='word_1_505' title='bbox 2497 2019 2659 2074; x_wconf 74' lang='lat' dir='ltr'>aquae</span> <span class='ocrx_word' id='word_1_506' title='bbox 2701 2004 2759 2058; x_wconf 93' lang='lat' dir='ltr'>in</span> <span class='ocrx_word' id='word_1_507' title='bbox 2801 2004 3028 2060; x_wconf 87' lang='lat' dir='ltr'>deserto</span> <span class='ocrx_word' id='word_1_508' title='bbox 3059 2005 3132 2060; x_wconf 89' lang='lat' dir='ltr'>ad</span> <span class='ocrx_word' id='word_1_509' title='bbox 3183 2005 3405 2060; x_wconf 84' lang='lat' dir='ltr'>fontem</span> <span class='ocrx_word' id='word_1_510' title='bbox 3463 2005 3517 2060; x_wconf 91' lang='lat' dir='ltr'>in</span> <span class='ocrx_word' id='word_1_511' title='bbox 3565 2003 3650 2059; x_wconf 88' lang='lat' dir='ltr'>via</span> <span class='ocrx_word' id='word_1_512' title='bbox 3677 2004 3783 2058; x_wconf 83' lang='lat' dir='ltr'>Sur.</span> <span class='ocrx_word' id='word_1_513' title='bbox 3809 2023 3829 2049; x_wconf 84' lang='grc'><strong>››</strong></span> 
     </span>
    </p>
   </div>
   <div class='ocr_carea' id='block_1_68' title="bbox 2237 2090 3830 2165">
    <p class='ocr_par' dir='ltr' id='par_1_68' title="bbox 2237 2090 3830 2165">
     <span class='ocr_line' id='line_1_68' title="bbox 2237 2090 3830 2165; baseline 0 -20"><span class='ocrx_word' id='word_1_514' title='bbox 2237 2090 2674 2163; x_wconf 87' lang='lat' dir='ltr'>Consequenter</span> <span class='ocrx_word' id='word_1_515' title='bbox 2719 2093 2992 2165; x_wconf 67' lang='lat' dir='ltr'>ZEgyptia</span> <span class='ocrx_word' id='word_1_516' title='bbox 3039 2093 3098 2148; x_wconf 92' lang='lat' dir='ltr'>in</span> <span class='ocrx_word' id='word_1_517' title='bbox 3149 2094 3243 2147; x_wconf 89' lang='lat' dir='ltr'>via</span> <span class='ocrx_word' id='word_1_518' title='bbox 3291 2094 3424 2162; x_wconf 90' lang='lat' dir='ltr'>Sur,</span> <span class='ocrx_word' id='word_1_519' title='bbox 3469 2111 3588 2165; x_wconf 83' lang='lat' dir='ltr'>quae</span> <span class='ocrx_word' id='word_1_520' title='bbox 3626 2109 3715 2164; x_wconf 87' lang='lat' dir='ltr'>per</span> <span class='ocrx_word' id='word_1_521' title='bbox 3738 2106 3830 2146; x_wconf 85' lang='lat' dir='ltr'>ere-</span> 
     </span>
    </p>
   </div>
   <div class='ocr_carea' id='block_1_69' title="bbox 2238 2181 3582 2254">
    <p class='ocr_par' dir='ltr' id='par_1_69' title="bbox 2238 2181 3582 2254">
     <span class='ocr_line' id='line_1_69' title="bbox 2238 2181 3582 2254; baseline 0.004 -21"><span class='ocrx_word' id='word_1_522' title='bbox 2238 2195 2403 2235; x_wconf 90' lang='lat' dir='ltr'>mum</span> <span class='ocrx_word' id='word_1_523' title='bbox 2435 2181 2596 2236; x_wconf 92' lang='lat' dir='ltr'>ducit</span> <span class='ocrx_word' id='word_1_524' title='bbox 2625 2182 2695 2236; x_wconf 88' lang='lat' dir='ltr'>ad</span> <span class='ocrx_word' id='word_1_525' title='bbox 2725 2183 3055 2254; x_wconf 63' lang='lat' dir='ltr'>.Egyptum,</span> <span class='ocrx_word' id='word_1_526' title='bbox 3085 2183 3170 2237; x_wconf 90' lang='lat' dir='ltr'>ire</span> <span class='ocrx_word' id='word_1_527' title='bbox 3201 2183 3516 2238; x_wconf 85' lang='lat' dir='ltr'>festinabat</span> <span class='ocrx_word' id='word_1_528' title='bbox 3543 2185 3582 2238; x_wconf 71' lang='lat'>9.</span> 
     </span>
    </p>
   </div>
   <div class='ocr_carea' id='block_1_70' title="bbox 2308 2266 3831 2342">
    <p class='ocr_par' dir='ltr' id='par_1_70' title="bbox 2308 2266 3831 2342">
     <span class='ocr_line' id='line_1_70' title="bbox 2308 2266 3831 2342; baseline -0.002 -17"><span class='ocrx_word' id='word_1_529' title='bbox 2308 2270 2489 2338; x_wconf 89' lang='lat' dir='ltr'>(Vers.</span> <span class='ocrx_word' id='word_1_530' title='bbox 2542 2271 2650 2336; x_wconf 86' lang='grc'>11.)</span> <span class='ocrx_word' id='word_1_531' title='bbox 2697 2291 2722 2322; x_wconf 75' lang='grc' dir='ltr'>α</span> <span class='ocrx_word' id='word_1_532' title='bbox 2774 2272 2842 2325; x_wconf 89' lang='lat' dir='ltr'>Et</span> <span class='ocrx_word' id='word_1_533' title='bbox 2880 2271 3105 2326; x_wconf 91' lang='lat' dir='ltr'>vocavit</span> <span class='ocrx_word' id='word_1_534' title='bbox 3147 2272 3191 2305; x_wconf 81' lang='grc'>¹⁰</span> <span class='ocrx_word' id='word_1_535' title='bbox 3223 2287 3437 2327; x_wconf 90' lang='lat' dir='ltr'>nomen</span> <span class='ocrx_word' id='word_1_536' title='bbox 3470 2271 3596 2342; x_wconf 85' lang='lat' dir='ltr'>ejus</span> <span class='ocrx_word' id='word_1_537' title='bbox 3626 2266 3831 2332; x_wconf 86' lang='lat' dir='ltr'>Ismael;</span> 
     </span>
    </p>
   </div>
   <div class='ocr_carea' id='block_1_71' title="bbox 2235 2353 3828 2431">
    <p class='ocr_par' dir='ltr' id='par_1_71' title="bbox 2235 2353 3828 2431">
     <span class='ocr_line' id='line_1_71' title="bbox 2235 2353 3828 2431; baseline -0.001 -17"><span class='ocrx_word' id='word_1_538' title='bbox 2235 2358 2374 2431; x_wconf 91' lang='lat' dir='ltr'>quia</span> <span class='ocrx_word' id='word_1_539' title='bbox 2404 2359 2697 2415; x_wconf 86' lang='lat' dir='ltr'>exaudivit</span> <span class='ocrx_word' id='word_1_540' title='bbox 2729 2359 2882 2416; x_wconf 91' lang='lat' dir='ltr'>Deus</span> <span class='ocrx_word' id='word_1_541' title='bbox 2913 2358 3316 2415; x_wconf 86' lang='lat' dir='ltr'>humilitatem</span> <span class='ocrx_word' id='word_1_542' title='bbox 3351 2376 3562 2416; x_wconf 88' lang='lat' dir='ltr'>meam.</span> <span class='ocrx_word' id='word_1_543' title='bbox 3603 2382 3628 2409; x_wconf 89' lang='grc'><strong>››</strong></span> <span class='ocrx_word' id='word_1_544' title='bbox 3658 2353 3828 2414; x_wconf 80' lang='lat' dir='ltr'>Ismael</span> 
     </span>
    </p>
   </div>
   <div class='ocr_carea' id='block_1_72' title="bbox 2237 2447 3136 2519">
    <p class='ocr_par' dir='ltr' id='par_1_72' title="bbox 2237 2447 3136 2519">
     <span class='ocr_line' id='line_1_72' title="bbox 2237 2447 3136 2519; baseline 0.003 -18"><span class='ocrx_word' id='word_1_545' title='bbox 2237 2447 2672 2519; x_wconf 86' lang='lat' dir='ltr'>interpretatur,</span> <span class='ocrx_word' id='word_1_546' title='bbox 2705 2447 2988 2504; x_wconf 73' lang='lat' dir='ltr'>exauditio</span> <span class='ocrx_word' id='word_1_547' title='bbox 3019 2449 3136 2504; x_wconf 87' lang='lat' dir='ltr'>Dei.</span> 
     </span>
    </p>
   </div>
   <div class='ocr_carea' id='block_1_73' title="bbox 2307 2537 3830 2608">
    <p class='ocr_par' dir='ltr' id='par_1_73' title="bbox 2307 2537 3830 2608">
     <span class='ocr_line' id='line_1_73' title="bbox 2307 2537 3830 2608; baseline -0.002 -18"><span class='ocrx_word' id='word_1_548' title='bbox 2307 2537 2494 2608; x_wconf 88' lang='lat' dir='ltr'>(Vers.</span> <span class='ocrx_word' id='word_1_549' title='bbox 2585 2537 2696 2607; x_wconf 81' lang='lat'>12.)</span> <span class='ocrx_word' id='word_1_550' title='bbox 2767 2538 2866 2592; x_wconf 88' lang='lat' dir='ltr'>llic</span> <span class='ocrx_word' id='word_1_551' title='bbox 2922 2537 3033 2592; x_wconf 90' lang='lat' dir='ltr'>erit</span> <span class='ocrx_word' id='word_1_552' title='bbox 3090 2537 3354 2594; x_wconf 90' lang='lat' dir='ltr'>rusticus</span> <span class='ocrx_word' id='word_1_553' title='bbox 3410 2538 3601 2594; x_wconf 90' lang='lat' dir='ltr'>homo.</span> <span class='ocrx_word' id='word_1_554' title='bbox 3663 2540 3830 2590; x_wconf 85' lang='lat' dir='ltr'>Manus</span> 
     </span>
    </p>
   </div>
   <div class='ocr_carea' id='block_1_74' title="bbox 2234 2627 3825 2698">
    <p class='ocr_par' dir='ltr' id='par_1_74' title="bbox 2234 2627 3825 2698">
     <span class='ocr_line' id='line_1_74' title="bbox 2234 2627 3825 2698; baseline -0.001 -18"><span class='ocrx_word' id='word_1_555' title='bbox 2234 2627 2362 2696; x_wconf 87' lang='lat' dir='ltr'>ejus</span> <span class='ocrx_word' id='word_1_556' title='bbox 2395 2643 2571 2698; x_wconf 92' lang='lat' dir='ltr'>super</span> <span class='ocrx_word' id='word_1_557' title='bbox 2599 2643 2822 2694; x_wconf 87' lang='lat' dir='ltr'>omnes,</span> <span class='ocrx_word' id='word_1_558' title='bbox 2855 2630 2912 2682; x_wconf 89' lang='lat' dir='ltr'>et</span> <span class='ocrx_word' id='word_1_559' title='bbox 2943 2643 3154 2681; x_wconf 91' lang='lat' dir='ltr'>manus</span> <span class='ocrx_word' id='word_1_560' title='bbox 3202 2627 3471 2682; x_wconf 91' lang='lat' dir='ltr'>omnium</span> <span class='ocrx_word' id='word_1_561' title='bbox 3512 2642 3680 2698; x_wconf 87' lang='lat' dir='ltr'>super</span> <span class='ocrx_word' id='word_1_562' title='bbox 3703 2639 3825 2687; x_wconf 89' lang='lat' dir='ltr'><em>eum,</em></span> 
     </span>
    </p>
   </div>
   <div class='ocr_carea' id='block_1_75' title="bbox 2233 2713 3828 2772">
    <p class='ocr_par' dir='ltr' id='par_1_75' title="bbox 2233 2713 3828 2772">
     <span class='ocr_line' id='line_1_75' title="bbox 2233 2713 3828 2772; baseline -0.003 -2"><span class='ocrx_word' id='word_1_563' title='bbox 2233 2720 2290 2770; x_wconf 91' lang='lat' dir='ltr'>et</span> <span class='ocrx_word' id='word_1_564' title='bbox 2319 2721 2521 2771; x_wconf 89' lang='lat' dir='ltr'>contra</span> <span class='ocrx_word' id='word_1_565' title='bbox 2553 2715 2758 2770; x_wconf 82' lang='lat' dir='ltr'>faciem</span> <span class='ocrx_word' id='word_1_566' title='bbox 2793 2716 3059 2770; x_wconf 89' lang='lat' dir='ltr'>omnium</span> <span class='ocrx_word' id='word_1_567' title='bbox 3095 2715 3344 2772; x_wconf 85' lang='lat' dir='ltr'>fratrum</span> <span class='ocrx_word' id='word_1_568' title='bbox 3377 2733 3612 2772; x_wconf 90' lang='lat' dir='ltr'>suorum</span> <span class='ocrx_word' id='word_1_569' title='bbox 3642 2713 3828 2770; x_wconf 84' lang='lat' dir='ltr'>habita-</span> 
     </span>
    </p>
   </div>
   <div class='ocr_carea' id='block_1_76' title="bbox 2234 2803 3833 2876">
    <p class='ocr_par' dir='ltr' id='par_1_76' title="bbox 2234 2803 3833 2876">
     <span class='ocr_line' id='line_1_76' title="bbox 2234 2803 3833 2876; baseline -0.003 -18"><span class='ocrx_word' id='word_1_570' title='bbox 2234 2805 2338 2859; x_wconf 88' lang='lat' dir='ltr'>bit.</span> <span class='ocrx_word' id='word_1_571' title='bbox 2369 2827 2396 2853; x_wconf 84' lang='lat'>»</span> <span class='ocrx_word' id='word_1_572' title='bbox 2430 2809 2538 2860; x_wconf 91' lang='lat' dir='ltr'>Pro</span> <span class='ocrx_word' id='word_1_573' title='bbox 2570 2803 2784 2860; x_wconf 88' lang='lat' dir='ltr'>rustico</span> <span class='ocrx_word' id='word_1_574' title='bbox 2817 2805 2874 2858; x_wconf 90' lang='lat' dir='ltr'>in</span> <span class='ocrx_word' id='word_1_575' title='bbox 2903 2804 3140 2860; x_wconf 80' lang='lat' dir='ltr'>Hebraeo</span> <span class='ocrx_word' id='word_1_576' title='bbox 3171 2803 3463 2876; x_wconf 90' lang='lat' dir='ltr'>scriptum</span> <span class='ocrx_word' id='word_1_577' title='bbox 3493 2804 3660 2860; x_wconf 87' lang='lat' dir='ltr'>habet</span> <span class='ocrx_word' id='word_1_578' title='bbox 3687 2815 3833 2857; x_wconf 70' lang='lat' dir='ltr'>eum</span> 
     </span>
    </p>
   </div>
   <div class='ocr_carea' id='block_1_77' title="bbox 2233 2893 3828 2966">
    <p class='ocr_par' dir='ltr' id='par_1_77' title="bbox 2233 2893 3828 2966">
     <span class='ocr_line' id='line_1_77' title="bbox 2233 2893 3828 2966; baseline -0.004 -17"><span class='ocrx_word' id='word_1_579' title='bbox 2233 2893 2416 2964; x_wconf 69' lang='lat' dir='ltr'>(ms),</span> <span class='ocrx_word' id='word_1_580' title='bbox 2452 2895 2608 2964; x_wconf 91' lang='lat' dir='ltr'>quod</span> <span class='ocrx_word' id='word_1_581' title='bbox 2639 2894 3058 2964; x_wconf 88' lang='lat' dir='ltr'>interpretatur</span> <span class='ocrx_word' id='word_1_582' title='bbox 3086 2910 3314 2963; x_wconf 83' lang='lat' dir='ltr'>onager.</span> <span class='ocrx_word' id='word_1_583' title='bbox 3355 2893 3650 2966; x_wconf 85' lang='lat' dir='ltr'>Signiﬁcat</span> <span class='ocrx_word' id='word_1_584' title='bbox 3675 2895 3828 2947; x_wconf 84' lang='lat' dir='ltr'>autem</span> 
     </span>
    </p>
   </div>
   <div class='ocr_carea' id='block_1_78' title="bbox 2233 2979 3834 3051">
    <p class='ocr_par' dir='ltr' id='par_1_78' title="bbox 2233 2979 3834 3051">
     <span class='ocr_line' id='line_1_78' title="bbox 2233 2979 3834 3051; baseline -0.002 -15"><span class='ocrx_word' id='word_1_585' title='bbox 2233 2998 2435 3037; x_wconf 83' lang='lat' dir='ltr'>semen</span> <span class='ocrx_word' id='word_1_586' title='bbox 2479 2983 2607 3051; x_wconf 84' lang='lat' dir='ltr'>eius</span> <span class='ocrx_word' id='word_1_587' title='bbox 2655 2981 3055 3038; x_wconf 84' lang='lat' dir='ltr'>habitaturum</span> <span class='ocrx_word' id='word_1_588' title='bbox 3107 2983 3166 3038; x_wconf 91' lang='lat' dir='ltr'>in</span> <span class='ocrx_word' id='word_1_589' title='bbox 3209 2999 3430 3050; x_wconf 89' lang='lat' dir='ltr'>eremo,</span> <span class='ocrx_word' id='word_1_590' title='bbox 3480 2983 3535 3038; x_wconf 91' lang='lat' dir='ltr'>id</span> <span class='ocrx_word' id='word_1_591' title='bbox 3581 2985 3664 3038; x_wconf 90' lang='lat' dir='ltr'>est</span> <span class='ocrx_word' id='word_1_592' title='bbox 3705 2979 3834 3034; x_wconf 83' lang='lat' dir='ltr'>Sara-</span> 
     </span>
    </p>
   </div>
   <div class='ocr_carea' id='block_1_79' title="bbox 2235 3070 3834 3144">
    <p class='ocr_par' dir='ltr' id='par_1_79' title="bbox 2235 3070 3834 3144">
     <span class='ocr_line' id='line_1_79' title="bbox 2235 3070 3834 3144; baseline -0.004 -19"><span class='ocrx_word' id='word_1_593' title='bbox 2235 3087 2408 3126; x_wconf 90' lang='lat' dir='ltr'>cenos</span> <span class='ocrx_word' id='word_1_594' title='bbox 2472 3087 2670 3142; x_wconf 86' lang='lat' dir='ltr'>vagos,</span> <span class='ocrx_word' id='word_1_595' title='bbox 2723 3071 3077 3142; x_wconf 87' lang='lat' dir='ltr'>incertisque</span> <span class='ocrx_word' id='word_1_596' title='bbox 3133 3071 3400 3139; x_wconf 90' lang='lat' dir='ltr'>sedibus,</span> <span class='ocrx_word' id='word_1_597' title='bbox 3451 3072 3549 3144; x_wconf 91' lang='lat' dir='ltr'>qui</span> <span class='ocrx_word' id='word_1_598' title='bbox 3581 3070 3834 3126; x_wconf 83' lang='lat' dir='ltr'>universas</span> 
     </span>
    </p>
   </div>
   <div class='ocr_carea' id='block_1_80' title="bbox 2152 3147 3834 3233">
    <p class='ocr_par' dir='ltr' id='par_1_80' title="bbox 2152 3147 3834 3233">
     <span class='ocr_line' id='line_1_80' title="bbox 2152 3147 3834 3233; baseline -0.002 -20"><span class='ocrx_word' id='word_1_599' title='bbox 2152 3147 2195 3213; x_wconf 86' lang='lat' dir='ltr'>C</span> <span class='ocrx_word' id='word_1_600' title='bbox 2233 3161 2436 3231; x_wconf 87' lang='lat' dir='ltr'>gentes</span> <span class='ocrx_word' id='word_1_601' title='bbox 2466 3159 2682 3230; x_wconf 88' lang='lat' dir='ltr'>quibus</span> <span class='ocrx_word' id='word_1_602' title='bbox 2713 3160 3010 3214; x_wconf 86' lang='lat' dir='ltr'>desertum</span> <span class='ocrx_word' id='word_1_603' title='bbox 3041 3175 3110 3214; x_wconf 88' lang='lat' dir='ltr'>ex</span> <span class='ocrx_word' id='word_1_604' title='bbox 3141 3158 3324 3216; x_wconf 90' lang='lat' dir='ltr'>latere</span> <span class='ocrx_word' id='word_1_605' title='bbox 3374 3161 3641 3233; x_wconf 70' lang='lat' dir='ltr'>jungitur</span> <span class='ocrx_word' id='word_1_606' title='bbox 3673 3159 3834 3212; x_wconf 87' lang='lat' dir='ltr'>incur-</span> 
     </span>
    </p>
   </div>
   <div class='ocr_carea' id='block_1_81' title="bbox 2241 3247 3445 3320">
    <p class='ocr_par' dir='ltr' id='par_1_81' title="bbox 2241 3247 3445 3320">
     <span class='ocr_line' id='line_1_81' title="bbox 2241 3247 3445 3320; baseline 0.001 -17"><span class='ocrx_word' id='word_1_607' title='bbox 2241 3251 2394 3314; x_wconf 90' lang='lat' dir='ltr'>sant,</span> <span class='ocrx_word' id='word_1_608' title='bbox 2422 3252 2478 3302; x_wconf 89' lang='lat' dir='ltr'>et</span> <span class='ocrx_word' id='word_1_609' title='bbox 2507 3247 2933 3320; x_wconf 85' lang='lat' dir='ltr'>impugnantur</span> <span class='ocrx_word' id='word_1_610' title='bbox 2963 3249 3036 3304; x_wconf 87' lang='lat' dir='ltr'>ab</span> <span class='ocrx_word' id='word_1_611' title='bbox 3067 3249 3348 3306; x_wconf 90' lang='lat' dir='ltr'>omnibus</span> <span class='ocrx_word' id='word_1_612' title='bbox 3382 3251 3445 3304; x_wconf 82' lang='grc'>¹¹.</span> 
     </span>
    </p>
   </div>
   <div class='ocr_carea' id='block_1_82' title="bbox 2310 3329 3829 3408">
    <p class='ocr_par' dir='ltr' id='par_1_82' title="bbox 2310 3329 3829 3408">
     <span class='ocr_line' id='line_1_82' title="bbox 2310 3329 3829 3408; baseline -0.003 -18"><span class='ocrx_word' id='word_1_613' title='bbox 2310 3336 2467 3407; x_wconf 87' lang='lat' dir='ltr'>(Cap.</span> <span class='ocrx_word' id='word_1_614' title='bbox 2512 3335 2680 3391; x_wconf 88' lang='lat' dir='ltr'>XVII.</span> <span class='ocrx_word' id='word_1_615' title='bbox 2719 3369 2784 3377; x_wconf 98' lang='lat'>—</span> <span class='ocrx_word' id='word_1_616' title='bbox 2845 3336 3004 3392; x_wconf 91' lang='lat' dir='ltr'>Vers.</span> <span class='ocrx_word' id='word_1_617' title='bbox 3063 3339 3114 3405; x_wconf 88' lang='grc'>4,</span> <span class='ocrx_word' id='word_1_618' title='bbox 3147 3337 3228 3408; x_wconf 88' lang='lat'>5.)</span> <span class='ocrx_word' id='word_1_619' title='bbox 3263 3361 3292 3389; x_wconf 86' lang='lat'><strong>«</strong></span> <span class='ocrx_word' id='word_1_620' title='bbox 3327 3340 3394 3394; x_wconf 90' lang='lat' dir='ltr'>Et</span> <span class='ocrx_word' id='word_1_621' title='bbox 3449 3338 3668 3394; x_wconf 89' lang='lat' dir='ltr'>locutus</span> <span class='ocrx_word' id='word_1_622' title='bbox 3695 3336 3768 3390; x_wconf 85' lang='lat' dir='ltr'>est</span> <span class='ocrx_word' id='word_1_623' title='bbox 3791 3329 3829 3386; x_wconf 88' lang='lat' dir='ltr'>ei</span> 
     </span>
    </p>
   </div>
   <div class='ocr_carea' id='block_1_83' title="bbox 2239 3425 3832 3487">
    <p class='ocr_par' dir='ltr' id='par_1_83' title="bbox 2239 3425 3832 3487">
     <span class='ocr_line' id='line_1_83' title="bbox 2239 3425 3832 3487; baseline -0.003 -8"><span class='ocrx_word' id='word_1_624' title='bbox 2239 3425 2754 3487; x_wconf 82' lang='lat' dir='ltr'>Dominus,dicens</span> <span class='ocrx_word' id='word_1_625' title='bbox 2785 3444 2796 3480; x_wconf 88' lang='lat'><strong>:</strong></span> <span class='ocrx_word' id='word_1_626' title='bbox 2827 3427 2970 3482; x_wconf 86' lang='lat' dir='ltr'>Ecce</span> <span class='ocrx_word' id='word_1_627' title='bbox 3000 3431 3428 3484; x_wconf 87' lang='lat' dir='ltr'>testamentum</span> <span class='ocrx_word' id='word_1_628' title='bbox 3461 3443 3649 3484; x_wconf 90' lang='lat' dir='ltr'>meum</span> <span class='ocrx_word' id='word_1_629' title='bbox 3678 3429 3832 3479; x_wconf 87' lang='lat' dir='ltr'>tecum</span> 
     </span>
    </p>
   </div>
   <div class='ocr_carea' id='block_1_84' title="bbox 2236 3509 3832 3588">
    <p class='ocr_par' dir='ltr' id='par_1_84' title="bbox 2236 3509 3832 3588">
     <span class='ocr_line' id='line_1_84' title="bbox 2236 3509 3832 3588; baseline -0.001 -20"><span class='ocrx_word' id='word_1_630' title='bbox 2236 3519 2294 3568; x_wconf 87' lang='lat' dir='ltr'>et</span> <span class='ocrx_word' id='word_1_631' title='bbox 2323 3513 2438 3569; x_wconf 91' lang='lat' dir='ltr'>eris</span> <span class='ocrx_word' id='word_1_632' title='bbox 2469 3520 2632 3585; x_wconf 87' lang='lat' dir='ltr'>pater</span> <span class='ocrx_word' id='word_1_633' title='bbox 2663 3513 3059 3570; x_wconf 85' lang='lat' dir='ltr'>multitudinis</span> <span class='ocrx_word' id='word_1_634' title='bbox 3089 3516 3381 3588; x_wconf 88' lang='lat' dir='ltr'>gentium,</span> <span class='ocrx_word' id='word_1_635' title='bbox 3415 3523 3470 3572; x_wconf 90' lang='lat' dir='ltr'>et</span> <span class='ocrx_word' id='word_1_636' title='bbox 3507 3533 3616 3572; x_wconf 90' lang='lat' dir='ltr'>non</span> <span class='ocrx_word' id='word_1_637' title='bbox 3645 3509 3832 3568; x_wconf 86' lang='lat' dir='ltr'>vocabi-</span> 
     </span>
    </p>
   </div>
   <div class='ocr_carea' id='block_1_85' title="bbox 2234 3601 3833 3674">
    <p class='ocr_par' dir='ltr' id='par_1_85' title="bbox 2234 3601 3833 3674">
     <span class='ocr_line' id='line_1_85' title="bbox 2234 3601 3833 3674; baseline -0.002 -18"><span class='ocrx_word' id='word_1_638' title='bbox 2234 3606 2332 3656; x_wconf 91' lang='lat' dir='ltr'>tur</span> <span class='ocrx_word' id='word_1_639' title='bbox 2377 3601 2529 3656; x_wconf 88' lang='lat' dir='ltr'>ultra</span> <span class='ocrx_word' id='word_1_640' title='bbox 2577 3619 2785 3657; x_wconf 88' lang='lat' dir='ltr'>nomen</span> <span class='ocrx_word' id='word_1_641' title='bbox 2837 3607 3007 3658; x_wconf 90' lang='lat' dir='ltr'>tuum</span> <span class='ocrx_word' id='word_1_642' title='bbox 3057 3605 3302 3674; x_wconf 88' lang='lat' dir='ltr'>Abram,</span> <span class='ocrx_word' id='word_1_643' title='bbox 3352 3606 3452 3661; x_wconf 88' lang='lat' dir='ltr'>sed</span> <span class='ocrx_word' id='word_1_644' title='bbox 3513 3604 3619 3661; x_wconf 87' lang='lat' dir='ltr'>erit</span> <span class='ocrx_word' id='word_1_645' title='bbox 3665 3613 3833 3657; x_wconf 88' lang='lat' dir='ltr'>nomen</span> 
     </span>
    </p>
   </div>
   <div class='ocr_carea' id='block_1_86' title="bbox 2234 3683 3908 3767">
    <p class='ocr_par' dir='ltr' id='par_1_86' title="bbox 2234 3683 3908 3767">
     <span class='ocr_line' id='line_1_86' title="bbox 2234 3683 3908 3767; baseline -0.004 -23"><span class='ocrx_word' id='word_1_646' title='bbox 2234 3695 2403 3746; x_wconf 87' lang='lat' dir='ltr'>tuum</span> <span class='ocrx_word' id='word_1_647' title='bbox 2419 3691 2838 3763; x_wconf 78' lang='lat' dir='ltr'>Abraam,quia</span> <span class='ocrx_word' id='word_1_648' title='bbox 2852 3695 3073 3761; x_wconf 80' lang='lat' dir='ltr'>patrem</span> <span class='ocrx_word' id='word_1_649' title='bbox 3097 3691 3422 3749; x_wconf 88' lang='lat' dir='ltr'>multarum</span> <span class='ocrx_word' id='word_1_650' title='bbox 3437 3692 3688 3767; x_wconf 88' lang='lat' dir='ltr'>gentium</span> <span class='ocrx_word' id='word_1_651' title='bbox 3703 3683 3834 3761; x_wconf 87' lang='lat' dir='ltr'>posui</span> <span class='ocrx_word' id='word_1_652' title='bbox 3898 3711 3908 3727; x_wconf 86' lang='lat'><strong>-</strong></span> 
     </span>
    </p>
   </div>
   <div class='ocr_carea' id='block_1_87' title="bbox 2233 3769 3830 3856">
    <p class='ocr_par' dir='ltr' id='par_1_87' title="bbox 2233 3769 3830 3856">
     <span class='ocr_line' id='line_1_87' title="bbox 2233 3769 3830 3856; baseline 0.003 -24"><span class='ocrx_word' id='word_1_653' title='bbox 2233 3783 2306 3834; x_wconf 93' lang='lat' dir='ltr'>te.</span> <span class='ocrx_word' id='word_1_654' title='bbox 2344 3801 2372 3828; x_wconf 91' lang='grc'><strong>››</strong></span> <span class='ocrx_word' id='word_1_655' title='bbox 2415 3777 2747 3834; x_wconf 89' lang='lat' dir='ltr'>Notandum</span> <span class='ocrx_word' id='word_1_656' title='bbox 2787 3769 2935 3835; x_wconf 46' lang='lat'>3&#39;31</span> <span class='ocrx_word' id='word_1_657' title='bbox 2991 3781 3147 3852; x_wconf 90' lang='lat' dir='ltr'>quod</span> <span class='ocrx_word' id='word_1_658' title='bbox 3201 3783 3538 3856; x_wconf 87' lang='lat' dir='ltr'>ubicunque</span> <span class='ocrx_word' id='word_1_659' title='bbox 3576 3781 3630 3836; x_wconf 91' lang='lat' dir='ltr'>in</span> <span class='ocrx_word' id='word_1_660' title='bbox 3659 3779 3830 3836; x_wconf 63' lang='lat' dir='ltr'>Graeco,</span> 
     </span>
    </p>
   </div>
   <div class='ocr_carea' id='block_1_88' title="bbox 2231 3862 3825 3940">
    <p class='ocr_par' dir='ltr' id='par_1_88' title="bbox 2231 3862 3825 3940">
     <span class='ocr_line' id='line_1_88' title="bbox 2231 3862 3825 3940; baseline -0.002 -18"><span class='ocrx_word' id='word_1_661' title='bbox 2231 3869 2630 3922; x_wconf 73' lang='lat' dir='ltr'>Testamentum</span> <span class='ocrx_word' id='word_1_662' title='bbox 2671 3867 2942 3940; x_wconf 85' lang='lat' dir='ltr'>legimus,</span> <span class='ocrx_word' id='word_1_663' title='bbox 3000 3869 3083 3924; x_wconf 91' lang='lat' dir='ltr'>ibi</span> <span class='ocrx_word' id='word_1_664' title='bbox 3113 3869 3170 3924; x_wconf 92' lang='lat' dir='ltr'>in</span> <span class='ocrx_word' id='word_1_665' title='bbox 3215 3870 3452 3927; x_wconf 67' lang='lat' dir='ltr'>Hebraeo</span> <span class='ocrx_word' id='word_1_666' title='bbox 3499 3882 3743 3926; x_wconf 88' lang='lat' dir='ltr'>sermone</span> <span class='ocrx_word' id='word_1_667' title='bbox 3767 3862 3825 3918; x_wconf 79' lang='lat' dir='ltr'>sit</span> 
     </span>
    </p>
   </div>
   <div class='ocr_carea' id='block_1_89' title="bbox 2227 3953 3834 4032">
    <p class='ocr_par' dir='ltr' id='par_1_89' title="bbox 2227 3953 3834 4032">
     <span class='ocr_line' id='line_1_89' title="bbox 2227 3953 3834 4032; baseline -0.003 -20"><span class='ocrx_word' id='word_1_668' title='bbox 2227 3958 2426 4029; x_wconf 69' lang='lat' dir='ltr'>fazdus,</span> <span class='ocrx_word' id='word_1_669' title='bbox 2458 3957 2579 4012; x_wconf 90' lang='lat' dir='ltr'>sive</span> <span class='ocrx_word' id='word_1_670' title='bbox 2603 3961 2847 4029; x_wconf 82' lang='lat' dir='ltr'>paetum,</span> <span class='ocrx_word' id='word_1_671' title='bbox 2883 3958 2939 4012; x_wconf 91' lang='lat' dir='ltr'>id</span> <span class='ocrx_word' id='word_1_672' title='bbox 2991 3963 3098 4025; x_wconf 89' lang='lat' dir='ltr'>est,</span> <span class='ocrx_word' id='word_1_673' title='bbox 3151 3975 3354 4016; x_wconf 73' lang='lat' dir='ltr'>enarra</span> <span class='ocrx_word' id='word_1_674' title='bbox 3401 3963 3601 4032; x_wconf 68' lang='lat' dir='ltr'>(ni-1:),</span> <span class='ocrx_word' id='word_1_675' title='bbox 3663 3953 3834 4012; x_wconf 81' lang='lat' dir='ltr'>Dicunt</span> 
     </span>
    </p>
   </div>
   <div class='ocr_carea' id='block_1_90' title="bbox 2229 4038 3832 4118">
    <p class='ocr_par' dir='ltr' id='par_1_90' title="bbox 2229 4038 3832 4118">
     <span class='ocr_line' id='line_1_90' title="bbox 2229 4038 3832 4118; baseline 0.001 -17"><span class='ocrx_word' id='word_1_676' title='bbox 2229 4052 2425 4102; x_wconf 90' lang='lat' dir='ltr'>autem</span> <span class='ocrx_word' id='word_1_677' title='bbox 2475 4047 2714 4112; x_wconf 66' lang='lat' dir='ltr'>Hebraei,</span> <span class='ocrx_word' id='word_1_678' title='bbox 2749 4047 2904 4118; x_wconf 89' lang='lat' dir='ltr'>quod</span> <span class='ocrx_word' id='word_1_679' title='bbox 2951 4065 3020 4103; x_wconf 87' lang='lat' dir='ltr'>ex</span> <span class='ocrx_word' id='word_1_680' title='bbox 3069 4049 3308 4105; x_wconf 90' lang='lat' dir='ltr'>nomine</span> <span class='ocrx_word' id='word_1_681' title='bbox 3359 4067 3486 4115; x_wconf 92' lang='lat' dir='ltr'>suo,</span> <span class='ocrx_word' id='word_1_682' title='bbox 3540 4049 3682 4104; x_wconf 87' lang='lat' dir='ltr'>Deus</span> <span class='ocrx_word' id='word_1_683' title='bbox 3711 4038 3832 4115; x_wconf 83' lang='lat' dir='ltr'>quod</span> 
     </span>
    </p>
   </div>
   <div class='ocr_carea' id='block_1_91' title="bbox 2227 4171 3834 4246">
    <p class='ocr_par' dir='ltr' id='par_1_91' title="bbox 2227 4171 3834 4246">
     <span class='ocr_line' id='line_1_91' title="bbox 2227 4171 3834 4246; baseline -0.001 -21"><span class='ocrx_word' id='word_1_684' title='bbox 2227 4171 2344 4246; x_wconf 84' lang='lat' dir='ltr'>sive</span> <span class='ocrx_word' id='word_1_685' title='bbox 2377 4175 2673 4246; x_wconf 63' lang='lat' dir='ltr'>maternae,</span> <span class='ocrx_word' id='word_1_686' title='bbox 2707 4176 2808 4226; x_wconf 90' lang='lat' dir='ltr'>aut</span> <span class='ocrx_word' id='word_1_687' title='bbox 2838 4177 3090 4244; x_wconf 68' lang='lat' dir='ltr'>paterna:</span> <span class='ocrx_word' id='word_1_688' title='bbox 3123 4174 3372 4246; x_wconf 82' lang='lat' dir='ltr'>originis</span> <span class='ocrx_word' id='word_1_689' title='bbox 3403 4174 3612 4240; x_wconf 90' lang='lat' dir='ltr'>locum,</span> <span class='ocrx_word' id='word_1_690' title='bbox 3659 4186 3718 4225; x_wconf 79' lang='lat' dir='ltr'>ex</span> <span class='ocrx_word' id='word_1_691' title='bbox 3743 4179 3834 4238; x_wconf 79' lang='lat' dir='ltr'>quo</span> 
     </span>
    </p>
   </div>
   <div class='ocr_carea' id='block_1_92' title="bbox 2227 4243 3556 4316">
    <p class='ocr_par' dir='ltr' id='par_1_92' title="bbox 2227 4243 3556 4316">
     <span class='ocr_line' id='line_1_92' title="bbox 2227 4243 3556 4316; baseline 0.002 -19"><span class='ocrx_word' id='word_1_692' title='bbox 2227 4243 2351 4315; x_wconf 91' lang='lat' dir='ltr'>ipse</span> <span class='ocrx_word' id='word_1_693' title='bbox 2382 4243 2601 4297; x_wconf 85' lang='lat' dir='ltr'>Eliezer</span> <span class='ocrx_word' id='word_1_694' title='bbox 2630 4243 2952 4298; x_wconf 84' lang='lat' dir='ltr'>Damascus</span> <span class='ocrx_word' id='word_1_695' title='bbox 2984 4245 3060 4300; x_wconf 90' lang='lat' dir='ltr'>sit</span> <span class='ocrx_word' id='word_1_696' title='bbox 3088 4243 3556 4316; x_wconf 82' lang='lat' dir='ltr'>cognominatus.</span> 
     </span>
    </p>
   </div>
   <div class='ocr_carea' id='block_1_93' title="bbox 2297 4321 3837 4396">
    <p class='ocr_par' dir='ltr' id='par_1_93' title="bbox 2297 4321 3837 4396">
     <span class='ocr_line' id='line_1_93' title="bbox 2297 4321 3837 4396; baseline 0.008 -21"><span class='ocrx_word' id='word_1_697' title='bbox 2297 4324 2315 4356; x_wconf 75' lang='grc'>⁷</span> <span class='ocrx_word' id='word_1_698' title='bbox 2343 4321 2818 4396; x_wconf 83' lang='lat' dir='ltr'>Modolaudatus</span> <span class='ocrx_word' id='word_1_699' title='bbox 2849 4323 3080 4396; x_wconf 67' lang='lat' dir='ltr'>Reginae</span> <span class='ocrx_word' id='word_1_700' title='bbox 3113 4341 3223 4380; x_wconf 88' lang='lat' dir='ltr'>ms.</span> <span class='ocrx_word' id='word_1_701' title='bbox 3257 4342 3270 4380; x_wconf 87' lang='lat'><strong>:</strong></span> <span class='ocrx_word' id='word_1_702' title='bbox 3305 4329 3488 4396; x_wconf 84' lang='lat' dir='ltr'>Quare</span> <span class='ocrx_word' id='word_1_703' title='bbox 3515 4326 3680 4392; x_wconf 80' lang='lat' dir='ltr'>igtur,</span> <span class='ocrx_word' id='word_1_704' title='bbox 3732 4327 3837 4386; x_wconf 68' lang='lat'>(1“0‘</span> 
     </span>
    </p>
   </div>
   <div class='ocr_carea' id='block_1_94' title="bbox 2227 4393 2850 4459">
    <p class='ocr_par' dir='ltr' id='par_1_94' title="bbox 2227 4393 2850 4459">
     <span class='ocr_line' id='line_1_94' title="bbox 2227 4393 2850 4459; baseline -0.002 -10"><span class='ocrx_word' id='word_1_705' title='bbox 2227 4394 2382 4450; x_wconf 84' lang='lat' dir='ltr'>modo</span> <span class='ocrx_word' id='word_1_706' title='bbox 2418 4395 2476 4446; x_wconf 90' lang='lat' dir='ltr'>in</span> <span class='ocrx_word' id='word_1_707' title='bbox 2507 4393 2708 4459; x_wconf 67' lang='lat' dir='ltr'>Exodo,</span> <span class='ocrx_word' id='word_1_708' title='bbox 2743 4399 2850 4448; x_wconf 88' lang='lat' dir='ltr'>etc.</span> 
     </span>
    </p>
   </div>
   <div class='ocr_carea' id='block_1_95' title="bbox 2309 4452 3838 4536">
    <p class='ocr_par' dir='ltr' id='par_1_95' title="bbox 2309 4452 3838 4536">
     <span class='ocr_line' id='line_1_95' title="bbox 2309 4452 3838 4536; baseline -0.004 -18"><span class='ocrx_word' id='word_1_709' title='bbox 2309 4466 2330 4498; x_wconf 79' lang='grc'>⁸</span> <span class='ocrx_word' id='word_1_710' title='bbox 2364 4465 2490 4520; x_wconf 63' lang='lat' dir='ltr'>llaec</span> <span class='ocrx_word' id='word_1_711' title='bbox 2534 4469 2623 4519; x_wconf 85' lang='lat' dir='ltr'>est</span> <span class='ocrx_word' id='word_1_712' title='bbox 2680 4452 2935 4536; x_wconf 72' lang='lat' dir='ltr'>Epistola</span> <span class='ocrx_word' id='word_1_713' title='bbox 2982 4465 3039 4520; x_wconf 90' lang='lat' dir='ltr'>in</span> <span class='ocrx_word' id='word_1_714' title='bbox 3097 4472 3294 4522; x_wconf 85' lang='lat' dir='ltr'>nostra</span> <span class='ocrx_word' id='word_1_715' title='bbox 3329 4465 3653 4522; x_wconf 89' lang='lat' dir='ltr'>recensione</span> <span class='ocrx_word' id='word_1_716' title='bbox 3701 4458 3762 4514; x_wconf 87' lang='lat'>36</span> <span class='ocrx_word' id='word_1_717' title='bbox 3783 4452 3838 4508; x_wconf 82' lang='lat' dir='ltr'>ad</span> 
     </span>
    </p>
   </div>
   <div class='ocr_carea' id='block_1_96' title="bbox 471 4517 3680 4609">
    <p class='ocr_par' dir='ltr' id='par_1_96' title="bbox 471 4517 3680 4609">
     <span class='ocr_line' id='line_1_96' title="bbox 471 4517 3680 4609; baseline -0.002 -17"><span class='ocrx_word' id='word_1_718' title='bbox 471 4520 636 4609; x_wconf 42' lang='lat'>19,0119</span> <span class='ocrx_word' id='word_1_719' title='bbox 667 4517 782 4609; x_wconf 59' lang='lat' dir='ltr'>an?</span> <span class='ocrx_word' id='word_1_720' title='bbox 813 4517 1198 4609; x_wconf 66' lang='grc' dir='ltr'>ίηνὶςδιίέείωρ</span> <span class='ocrx_word' id='word_1_721' title='bbox 1229 4525 1645 4605; x_wconf 68' lang='lat' dir='ltr'>comprobatur</span> <span class='ocrx_word' id='word_1_722' title='bbox 1674 4517 2114 4609; x_wconf 50' lang='grc' dir='ltr'>θςέιιιοτρῐὶοίιξιη</span> <span class='ocrx_word' id='word_1_723' title='bbox 2146 4517 2191 4580; x_wconf 89' lang='lat' dir='ltr'>D</span> <span class='ocrx_word' id='word_1_724' title='bbox 2223 4517 2561 4604; x_wconf 62' lang='lat' dir='ltr'>Damasum,</span> <span class='ocrx_word' id='word_1_725' title='bbox 2595 4517 3680 4609; x_wconf 43' lang='lat' dir='ltr'>quae.Iasus&quot;amisissem...</span> 
     </span>
    </p>
   </div>
   <div class='ocr_carea' id='block_1_97' title="bbox 471 4591 2112 4666">
    <p class='ocr_par' dir='ltr' id='par_1_97' title="bbox 471 4591 2112 4666">
     <span class='ocr_line' id='line_1_97' title="bbox 471 4591 2112 4666; baseline 0.003 -19"><span class='ocrx_word' id='word_1_726' title='bbox 471 4591 699 4666; x_wconf 78' lang='lat' dir='ltr'>altaris,</span> <span class='ocrx_word' id='word_1_727' title='bbox 726 4596 784 4646; x_wconf 91' lang='lat' dir='ltr'>et</span> <span class='ocrx_word' id='word_1_728' title='bbox 806 4593 1028 4666; x_wconf 62' lang='lat' dir='ltr'>veritas</span> <span class='ocrx_word' id='word_1_729' title='bbox 1086 4591 1464 4666; x_wconf 47' lang='lat' dir='ltr'>corporis—ac</span> <span class='ocrx_word' id='word_1_730' title='bbox 1519 4595 1824 4666; x_wconf 83' lang='lat' dir='ltr'>sanguinis</span> <span class='ocrx_word' id='word_1_731' title='bbox 1882 4597 2112 4652; x_wconf 90' lang='lat' dir='ltr'>Domini</span> 
     </span>
    </p>
   </div>
   <div class='ocr_carea' id='block_1_98' title="bbox 469 4663 2048 4723">
    <p class='ocr_par' dir='ltr' id='par_1_98' title="bbox 469 4663 2048 4723">
     <span class='ocr_line' id='line_1_98' title="bbox 469 4663 2048 4723; baseline 0.001 -3"><span class='ocrx_word' id='word_1_732' title='bbox 469 4663 609 4720; x_wconf 85' lang='lat' dir='ltr'>Jesu</span> <span class='ocrx_word' id='word_1_733' title='bbox 639 4663 819 4719; x_wconf 92' lang='lat' dir='ltr'>nostri</span> <span class='ocrx_word' id='word_1_734' title='bbox 850 4663 909 4718; x_wconf 91' lang='lat' dir='ltr'>in</span> <span class='ocrx_word' id='word_1_735' title='bbox 941 4663 1305 4722; x_wconf 84' lang='lat' dir='ltr'>sacramento</span> <span class='ocrx_word' id='word_1_736' title='bbox 1337 4663 1732 4720; x_wconf 73' lang='lat' dir='ltr'>Eucharistize.</span> <span class='ocrx_word' id='word_1_737' title='bbox 1767 4670 2048 4723; x_wconf 72' lang='lat' dir='ltr'>MARTIAN.</span> 
     </span>
    </p>
   </div>
   <div class='ocr_carea' id='block_1_99' title="bbox 539 4735 2112 4812">
    <p class='ocr_par' dir='ltr' id='par_1_99' title="bbox 539 4735 2112 4812">
     <span class='ocr_line' id='line_1_99' title="bbox 539 4735 2112 4812; baseline 0.003 -22"><span class='ocrx_word' id='word_1_738' title='bbox 539 4735 941 4812; x_wconf 69' lang='lat' dir='ltr'>Amavimus</span> <span class='ocrx_word' id='word_1_739' title='bbox 977 4737 1128 4812; x_wconf 87' lang='lat' dir='ltr'>_hin_c</span> <span class='ocrx_word' id='word_1_740' title='bbox 1167 4737 1342 4792; x_wconf 88' lang='lat' dir='ltr'>verba</span> <span class='ocrx_word' id='word_1_741' title='bbox 1394 4738 1570 4812; x_wconf 54' lang='lat' dir='ltr'>lintres</span> <span class='ocrx_word' id='word_1_742' title='bbox 1617 4755 1772 4792; x_wconf 81' lang='lat' dir='ltr'>meas</span> <span class='ocrx_word' id='word_1_743' title='bbox 1830 4741 1954 4812; x_wconf 83' lang='lat' dir='ltr'>erit,</span> <span class='ocrx_word' id='word_1_744' title='bbox 1988 4757 2112 4812; x_wconf 71' lang='lat' dir='ltr'>qua:</span> 
     </span>
    </p>
   </div>
   <div class='ocr_carea' id='block_1_100' title="bbox 468 4806 2111 4881">
    <p class='ocr_par' dir='ltr' id='par_1_100' title="bbox 468 4806 2111 4881">
     <span class='ocr_line' id='line_1_100' title="bbox 468 4806 2111 4881; baseline 0.002 -19"><span class='ocrx_word' id='word_1_745' title='bbox 468 4806 677 4862; x_wconf 87' lang='lat' dir='ltr'>vitiose</span> <span class='ocrx_word' id='word_1_746' title='bbox 735 4806 815 4881; x_wconf 87' lang='lat' dir='ltr'>in_</span> <span class='ocrx_word' id='word_1_747' title='bbox 853 4807 1025 4863; x_wconf 89' lang='lat' dir='ltr'>editis</span> <span class='ocrx_word' id='word_1_748' title='bbox 1085 4809 1386 4879; x_wconf 88' lang='lat' dir='ltr'>hucusque</span> <span class='ocrx_word' id='word_1_749' title='bbox 1441 4809 1820 4881; x_wconf 79' lang='lat' dir='ltr'>irrepserunt,</span> <span class='ocrx_word' id='word_1_750' title='bbox 1873 4806 2111 4868; x_wconf 78' lang='lat' dir='ltr'>inniss.</span> 
     </span>
    </p>
   </div>
   <div class='ocr_carea' id='block_1_101' title="bbox 468 4878 2112 4954">
    <p class='ocr_par' dir='ltr' id='par_1_101' title="bbox 468 4878 2112 4954">
     <span class='ocr_line' id='line_1_101' title="bbox 468 4878 2112 4954; baseline 0.002 -20"><span class='ocrx_word' id='word_1_751' title='bbox 468 4894 602 4954; x_wconf 84' lang='lat' dir='ltr'>vero</span> <span class='ocrx_word' id='word_1_752' title='bbox 635 4878 852 4934; x_wconf 90' lang='lat' dir='ltr'>nostris</span> <span class='ocrx_word' id='word_1_753' title='bbox 883 4896 996 4934; x_wconf 88' lang='lat' dir='ltr'>non</span> <span class='ocrx_word' id='word_1_754' title='bbox 1031 4884 1190 4951; x_wconf 88' lang='lat' dir='ltr'>sunt,</span> <span class='ocrx_word' id='word_1_755' title='bbox 1226 4878 1403 4952; x_wconf 81' lang='lat' dir='ltr'>reque</span> <span class='ocrx_word' id='word_1_756' title='bbox 1435 4878 1836 4952; x_wconf 41' lang='lat' dir='ltr'>ipsa—minime</span> <span class='ocrx_word' id='word_1_757' title='bbox 1877 4883 1949 4936; x_wconf 89' lang='lat' dir='ltr'>ad</span> <span class='ocrx_word' id='word_1_758' title='bbox 1980 4900 2112 4954; x_wconf 92' lang='lat' dir='ltr'>pro-</span> 
     </span>
    </p>
   </div>
   <div class='ocr_carea' id='block_1_102' title="bbox 465 4950 1048 5023">
    <p class='ocr_par' dir='ltr' id='par_1_102' title="bbox 465 4950 1048 5023">
     <span class='ocr_line' id='line_1_102' title="bbox 465 4950 1048 5023; baseline -0.002 -17"><span class='ocrx_word' id='word_1_759' title='bbox 465 4950 728 5023; x_wconf 87' lang='lat' dir='ltr'>positum</span> <span class='ocrx_word' id='word_1_760' title='bbox 762 4954 1048 5023; x_wconf 87' lang='lat' dir='ltr'>spectant.</span> 
     </span>
    </p>
   </div>
   <div class='ocr_carea' id='block_1_103' title="bbox 534 5021 2113 5094">
    <p class='ocr_par' dir='ltr' id='par_1_103' title="bbox 534 5021 2113 5094">
     <span class='ocr_line' id='line_1_103' title="bbox 534 5021 2113 5094; baseline 0.002 -16"><span class='ocrx_word' id='word_1_761' title='bbox 534 5022 556 5056; x_wconf 71' lang='lat'><strong>‘</strong></span> <span class='ocrx_word' id='word_1_762' title='bbox 587 5021 732 5078; x_wconf 87' lang='lat' dir='ltr'>Uben</span> <span class='ocrx_word' id='word_1_763' title='bbox 758 5021 936 5078; x_wconf 75' lang='lat' dir='ltr'>mesec</span> <span class='ocrx_word' id='word_1_764' title='bbox 965 5023 1128 5079; x_wconf 85' lang='lat' dir='ltr'>betth.</span> <span class='ocrx_word' id='word_1_765' title='bbox 1161 5023 1222 5078; x_wconf 87' lang='lat' dir='ltr'>In</span> <span class='ocrx_word' id='word_1_766' title='bbox 1287 5024 1518 5078; x_wconf 80' lang='lat' dir='ltr'>llebrzeo</span> <span class='ocrx_word' id='word_1_767' title='bbox 1549 5021 1830 5078; x_wconf 89' lang='lat' dir='ltr'>hodierno</span> <span class='ocrx_word' id='word_1_768' title='bbox 1862 5023 2113 5094; x_wconf 82' lang='lat' dir='ltr'>legimus</span> 
     </span>
    </p>
   </div>
   <div class='ocr_carea' id='block_1_104' title="bbox 463 5094 2111 5183">
    <p class='ocr_par' dir='ltr' id='par_1_104' title="bbox 463 5094 2111 5183">
     <span class='ocr_line' id='line_1_104' title="bbox 463 5094 2111 5183; baseline 0.001 -33"><span class='ocrx_word' id='word_1_769' title='bbox 463 5100 594 5183; x_wconf 46' lang='lat' dir='ltr'>Erl”:</span> <span class='ocrx_word' id='word_1_770' title='bbox 645 5104 792 5175; x_wconf 59' lang='lat' dir='ltr'>FW):</span> <span class='ocrx_word' id='word_1_771' title='bbox 822 5105 914 5183; x_wconf 63' lang='grc' dir='ltr'>ῖετ</span> <span class='ocrx_word' id='word_1_772' title='bbox 972 5097 1114 5152; x_wconf 85' lang='lat' dir='ltr'>uben</span> <span class='ocrx_word' id='word_1_773' title='bbox 1164 5111 1336 5150; x_wconf 86' lang='lat' dir='ltr'>mesee</span> <span class='ocrx_word' id='word_1_774' title='bbox 1393 5094 1555 5160; x_wconf 83' lang='lat' dir='ltr'>bethi,</span> <span class='ocrx_word' id='word_1_775' title='bbox 1619 5095 1862 5150; x_wconf 74' lang='lat' dir='ltr'>Videtur</span> <span class='ocrx_word' id='word_1_776' title='bbox 1920 5107 2111 5151; x_wconf 78' lang='lat' dir='ltr'>tamen</span> 
     </span>
    </p>
   </div>
   <div class='ocr_carea' id='block_1_105' title="bbox 462 5177 2112 5255">
    <p class='ocr_par' dir='ltr' id='par_1_105' title="bbox 462 5177 2112 5255">
     <span class='ocr_line' id='line_1_105' title="bbox 462 5177 2112 5255; baseline 0.004 -23"><span class='ocrx_word' id='word_1_777' title='bbox 462 5177 847 5255; x_wconf 76' lang='lat' dir='ltr'>Hieronymus</span> <span class='ocrx_word' id='word_1_778' title='bbox 877 5181 1088 5255; x_wconf 85' lang='lat' dir='ltr'>legisse</span> <span class='ocrx_word' id='word_1_779' title='bbox 1119 5200 1332 5239; x_wconf 87' lang='lat' dir='ltr'>nomen</span> <span class='ocrx_word' id='word_1_780' title='bbox 1363 5185 1534 5255; x_wconf 81' lang='lat' dir='ltr'><em>Mesee</em></span> <span class='ocrx_word' id='word_1_781' title='bbox 1565 5199 1702 5255; x_wconf 80' lang='lat' dir='ltr'>cum</span> <span class='ocrx_word' id='word_1_782' title='bbox 1731 5181 1973 5255; x_wconf 84' lang='lat' dir='ltr'>articulo</span> <span class='ocrx_word' id='word_1_783' title='bbox 2005 5195 2042 5241; x_wconf 74' lang='grc' dir='ltr'>Π</span> <span class='ocrx_word' id='word_1_784' title='bbox 2077 5184 2112 5238; x_wconf 89' lang='lat' dir='ltr'><strong><em>h</em></strong></span> 
     </span>
    </p>
   </div>
   <div class='ocr_carea' id='block_1_106' title="bbox 461 5247 2113 5338">
    <p class='ocr_par' dir='ltr' id='par_1_106' title="bbox 461 5247 2113 5338">
     <span class='ocr_line' id='line_1_106' title="bbox 461 5247 2113 5338; baseline 0.007 -37"><span class='ocrx_word' id='word_1_785' title='bbox 461 5247 811 5319; x_wconf 84' lang='lat' dir='ltr'>emphatico,</span> <span class='ocrx_word' id='word_1_786' title='bbox 843 5247 1032 5338; x_wconf 56' lang='lat' dir='ltr'>ptein</span> <span class='ocrx_word' id='word_1_787' title='bbox 1081 5272 1292 5311; x_wconf 86' lang='lat' dir='ltr'>amesec</span> <span class='ocrx_word' id='word_1_788' title='bbox 1326 5274 1338 5323; x_wconf 91' lang='lat'><strong>;</strong></span> <span class='ocrx_word' id='word_1_789' title='bbox 1400 5254 1539 5326; x_wconf 87' lang='lat' dir='ltr'>quia</span> <span class='ocrx_word' id='word_1_790' title='bbox 1570 5253 1712 5308; x_wconf 89' lang='lat' dir='ltr'>illud</span> <span class='ocrx_word' id='word_1_791' title='bbox 1745 5253 1828 5308; x_wconf 89' lang='lat' dir='ltr'>sic</span> <span class='ocrx_word' id='word_1_792' title='bbox 1860 5255 2113 5312; x_wconf 87' lang='lat' dir='ltr'>retinent</span> 
     </span>
    </p>
   </div>
   <div class='ocr_carea' id='block_1_107' title="bbox 465 5335 1704 5403">
    <p class='ocr_par' dir='ltr' id='par_1_107' title="bbox 465 5335 1704 5403">
     <span class='ocr_line' id='line_1_107' title="bbox 465 5335 1704 5403; baseline 0.003 -12"><span class='ocrx_word' id='word_1_793' title='bbox 465 5335 701 5403; x_wconf 84' lang='lat' dir='ltr'>aliquod</span> <span class='ocrx_word' id='word_1_794' title='bbox 735 5335 876 5392; x_wconf 85' lang='lat' dir='ltr'>mss.</span> <span class='ocrx_word' id='word_1_795' title='bbox 911 5343 1138 5398; x_wconf 88' lang='lat' dir='ltr'>codices</span> <span class='ocrx_word' id='word_1_796' title='bbox 1173 5345 1382 5399; x_wconf 90' lang='lat' dir='ltr'>Latini.</span> <span class='ocrx_word' id='word_1_797' title='bbox 1417 5345 1704 5398; x_wconf 59' lang='lat' dir='ltr'>Manum.</span> 
     </span>
    </p>
   </div>
   <div class='ocr_carea' id='block_1_108' title="bbox 537 5405 2109 5486">
    <p class='ocr_par' dir='ltr' id='par_1_108' title="bbox 537 5405 2109 5486">
     <span class='ocr_line' id='line_1_108' title="bbox 537 5405 2109 5486; baseline 0.007 -27"><span class='ocrx_word' id='word_1_798' title='bbox 537 5407 558 5486; x_wconf 65' lang='grc' dir='ltr'>εξ</span> <span class='ocrx_word' id='word_1_799' title='bbox 590 5405 749 5460; x_wconf 88' lang='lat' dir='ltr'>Unus</span> <span class='ocrx_word' id='word_1_800' title='bbox 783 5410 1012 5480; x_wconf 69' lang='lat' dir='ltr'>Reginae</span> <span class='ocrx_word' id='word_1_801' title='bbox 1047 5431 1178 5486; x_wconf 84' lang='lat' dir='ltr'>ms.,</span> <span class='ocrx_word' id='word_1_802' title='bbox 1229 5415 1375 5467; x_wconf 70' lang='grc' dir='ltr'>οἶκόν</span> <span class='ocrx_word' id='word_1_803' title='bbox 1414 5435 1533 5486; x_wconf 58' lang='lat' dir='ltr'>nov,</span> <span class='ocrx_word' id='word_1_804' title='bbox 1607 5415 2109 5484; x_wconf 75' lang='lat' dir='ltr'>quemadmodum</span> 
     </span>
    </p>
   </div>
   <div class='ocr_carea' id='block_1_109' title="bbox 465 5481 2113 5557">
    <p class='ocr_par' dir='ltr' id='par_1_109' title="bbox 465 5481 2113 5557">
     <span class='ocr_line' id='line_1_109' title="bbox 465 5481 2113 5557; baseline 0.006 -23"><span class='ocrx_word' id='word_1_805' title='bbox 465 5481 688 5557; x_wconf 68' lang='lat' dir='ltr'>Catenis</span> <span class='ocrx_word' id='word_1_806' title='bbox 714 5487 940 5557; x_wconf 81' lang='lat' dir='ltr'>mss.__et_.</span> <span class='ocrx_word' id='word_1_807' title='bbox 982 5483 1206 5538; x_wconf 79' lang='lat' dir='ltr'>schedae</span> <span class='ocrx_word' id='word_1_808' title='bbox 1229 5481 1664 5541; x_wconf 67' lang='lat' dir='ltr'>Combetisianie</span> <span class='ocrx_word' id='word_1_809' title='bbox 1684 5486 1741 5540; x_wconf 89' lang='lat' dir='ltr'>in</span> <span class='ocrx_word' id='word_1_810' title='bbox 1765 5503 1840 5540; x_wconf 89' lang='lat' dir='ltr'>nu</span> <span class='ocrx_word' id='word_1_811' title='bbox 1852 5503 1986 5557; x_wconf 86' lang='lat' dir='ltr'>pera</span> <span class='ocrx_word' id='word_1_812' title='bbox 2013 5489 2113 5544; x_wconf 82' lang='lat' dir='ltr'>lle-</span> 
     </span>
    </p>
   </div>
   <div class='ocr_carea' id='block_1_110' title="bbox 463 5549 1413 5658">
    <p class='ocr_par' dir='ltr' id='par_1_110' title="bbox 463 5549 1413 5658">
     <span class='ocr_line' id='line_1_110' title="bbox 463 5549 1413 5658; baseline 0.004 -51"><span class='ocrx_word' id='word_1_813' title='bbox 463 5549 771 5658; x_wconf 79' lang='lat' dir='ltr'>xaplorum</span> <span class='ocrx_word' id='word_1_814' title='bbox 801 5551 1052 5608; x_wconf 87' lang='lat' dir='ltr'>editione</span> <span class='ocrx_word' id='word_1_815' title='bbox 1083 5558 1413 5625; x_wconf 67' lang='lat' dir='ltr'>praeferunt.</span> 
     </span>
     <span class='ocr_line' id='line_1_111' title="bbox 587 5625 1374 5658; baseline 0 0"><span class='ocrx_word' id='word_1_816' title='bbox 587 5625 830 5658; x_wconf 68' lang='lat' dir='ltr'>Dnnnnna</span> <span class='ocrx_word' id='word_1_817' title='bbox 862 5639 995 5658; x_wconf 68' lang='lat' dir='ltr'>unum</span> <span class='ocrx_word' id='word_1_818' title='bbox 1082 5629 1169 5658; x_wconf 66' lang='grc' dir='ltr'>θοι</span> <span class='ocrx_word' id='word_1_819' title='bbox 1227 5626 1374 5658; x_wconf 63' lang='lat' dir='ltr'>tu&quot;...</span> 
     </span>
    </p>
   </div>
   <div class='ocr_carea' id='block_1_111' title="bbox 584 5623 2102 5702">
    <p class='ocr_par' dir='ltr' id='par_1_111' title="bbox 584 5623 2102 5702">
     <span class='ocr_line' id='line_1_112' title="bbox 584 5623 2102 5702; baseline 0.007 -26"><span class='ocrx_word' id='word_1_820' title='bbox 584 5623 831 5696; x_wconf 90' lang='lat' dir='ltr'>Propius</span> <span class='ocrx_word' id='word_1_821' title='bbox 862 5639 996 5680; x_wconf 83' lang='lat' dir='ltr'>vero</span> <span class='ocrx_word' id='word_1_822' title='bbox 1082 5623 1191 5696; x_wconf 77' lang='lat' dir='ltr'>est,</span> <span class='ocrx_word' id='word_1_823' title='bbox 1227 5626 1376 5683; x_wconf 87' lang='lat' dir='ltr'>hanc</span> <span class='ocrx_word' id='word_1_824' title='bbox 1431 5627 1558 5696; x_wconf 88' lang='lat' dir='ltr'>ejus</span> <span class='ocrx_word' id='word_1_825' title='bbox 1617 5627 1796 5684; x_wconf 81' lang='lat' dir='ltr'>luisse</span> <span class='ocrx_word' id='word_1_826' title='bbox 1827 5630 2102 5702; x_wconf 87' lang='lat' dir='ltr'>patriam,</span> 
     </span>
    </p>
   </div>
   <div class='ocr_carea' id='block_1_112' title="bbox 2295 4603 3834 4686">
    <p class='ocr_par' dir='ltr' id='par_1_112' title="bbox 2295 4603 3834 4686">
     <span class='ocr_line' id='line_1_113' title="bbox 2295 4603 3834 4686; baseline -0.01 -16"><span class='ocrx_word' id='word_1_827' title='bbox 2295 4645 2359 4656; x_wconf 96' lang='lat'>—</span> <span class='ocrx_word' id='word_1_828' title='bbox 2391 4603 2912 4686; x_wconf 49' lang='lat' dir='ltr'>Consul—epistolas</span> <span class='ocrx_word' id='word_1_829' title='bbox 2960 4603 3086 4684; x_wconf 62' lang='lat'>424,</span> <span class='ocrx_word' id='word_1_830' title='bbox 3145 4623 3201 4672; x_wconf 90' lang='lat' dir='ltr'>et</span> <span class='ocrx_word' id='word_1_831' title='bbox 3261 4620 3371 4674; x_wconf 80' lang='lat'>125</span> <span class='ocrx_word' id='word_1_832' title='bbox 3403 4617 3461 4672; x_wconf 89' lang='lat' dir='ltr'>in</span> <span class='ocrx_word' id='word_1_833' title='bbox 3520 4619 3646 4671; x_wconf 88' lang='lat' dir='ltr'>ante</span> <span class='ocrx_word' id='word_1_834' title='bbox 3697 4603 3834 4664; x_wconf 85' lang='lat' dir='ltr'>editis</span> 
     </span>
    </p>
   </div>
   <div class='ocr_carea' id='block_1_113' title="bbox 2222 4686 2718 4742">
    <p class='ocr_par' dir='ltr' id='par_1_113' title="bbox 2222 4686 2718 4742">
     <span class='ocr_line' id='line_1_114' title="bbox 2222 4686 2718 4742; baseline 0.002 -2"><span class='ocrx_word' id='word_1_835' title='bbox 2222 4686 2407 4742; x_wconf 88' lang='lat' dir='ltr'>libris.</span> <span class='ocrx_word' id='word_1_836' title='bbox 2441 4690 2718 4741; x_wconf 79' lang='lat' dir='ltr'>MARTIAN.</span> 
     </span>
    </p>
   </div>
   <div class='ocr_carea' id='block_1_114' title="bbox 2291 4751 3834 4833">
    <p class='ocr_par' dir='ltr' id='par_1_114' title="bbox 2291 4751 3834 4833">
     <span class='ocr_line' id='line_1_115' title="bbox 2291 4751 3834 4833; baseline -0.004 -21"><span class='ocrx_word' id='word_1_837' title='bbox 2291 4759 2312 4792; x_wconf 76' lang='lat'><strong>9</strong></span> <span class='ocrx_word' id='word_1_838' title='bbox 2346 4759 2498 4833; x_wconf 84' lang='lat' dir='ltr'>Idem</span> <span class='ocrx_word' id='word_1_839' title='bbox 2534 4759 2762 4833; x_wconf 69' lang='lat' dir='ltr'>Regina:</span> <span class='ocrx_word' id='word_1_840' title='bbox 2795 4776 2927 4830; x_wconf 84' lang='lat' dir='ltr'>ms.,</span> <span class='ocrx_word' id='word_1_841' title='bbox 2963 4760 3113 4815; x_wconf 78' lang='lat' dir='ltr'>ducit</span> <span class='ocrx_word' id='word_1_842' title='bbox 3132 4760 3203 4815; x_wconf 88' lang='lat' dir='ltr'>ad</span> <span class='ocrx_word' id='word_1_843' title='bbox 3233 4761 3543 4833; x_wconf 38' lang='lat' dir='ltr'>.‘quptum,</span> <span class='ocrx_word' id='word_1_844' title='bbox 3589 4757 3664 4810; x_wconf 85' lang='lat' dir='ltr'>ire</span> <span class='ocrx_word' id='word_1_845' title='bbox 3688 4751 3834 4816; x_wconf 54' lang='lat' dir='ltr'>Egy-</span> 
     </span>
    </p>
   </div>
   <div class='ocr_carea' id='block_1_115' title="bbox 2223 4831 2740 4901">
    <p class='ocr_par' dir='ltr' id='par_1_115' title="bbox 2223 4831 2740 4901">
     <span class='ocr_line' id='line_1_116' title="bbox 2223 4831 2740 4901; baseline 0.002 -18"><span class='ocrx_word' id='word_1_846' title='bbox 2223 4831 2385 4901; x_wconf 81' lang='lat' dir='ltr'>ptum</span> <span class='ocrx_word' id='word_1_847' title='bbox 2425 4831 2740 4901; x_wconf 82' lang='lat' dir='ltr'>festinabat.</span> 
     </span>
    </p>
   </div>
   <div class='ocr_carea' id='block_1_116' title="bbox 2296 4895 3826 4974">
    <p class='ocr_par' dir='ltr' id='par_1_116' title="bbox 2296 4895 3826 4974">
     <span class='ocr_line' id='line_1_117' title="bbox 2296 4895 3826 4974; baseline -0.003 -18"><span class='ocrx_word' id='word_1_848' title='bbox 2296 4903 2336 4936; x_wconf 89' lang='grc'>¹⁰</span> <span class='ocrx_word' id='word_1_849' title='bbox 2366 4895 2674 4974; x_wconf 75' lang='lat' dir='ltr'>Scriptura:</span> <span class='ocrx_word' id='word_1_850' title='bbox 2704 4905 2894 4957; x_wconf 87' lang='lat' dir='ltr'>textus</span> <span class='ocrx_word' id='word_1_851' title='bbox 2927 4906 3171 4974; x_wconf 89' lang='lat' dir='ltr'>uterque</span> <span class='ocrx_word' id='word_1_852' title='bbox 3205 4902 3476 4958; x_wconf 62' lang='lat' dir='ltr'>Hebraeus</span> <span class='ocrx_word' id='word_1_853' title='bbox 3505 4904 3577 4970; x_wconf 83' lang='lat' dir='ltr'>et,</span> <span class='ocrx_word' id='word_1_854' title='bbox 3611 4895 3826 4952; x_wconf 64' lang='lat' dir='ltr'>Graecus:</span> 
     </span>
    </p>
   </div>
   <div class='ocr_carea' id='block_1_117' title="bbox 2227 4973 3738 5054">
    <p class='ocr_par' dir='ltr' id='par_1_117' title="bbox 2227 4973 3738 5054">
     <span class='ocr_line' id='line_1_118' title="bbox 2227 4973 3738 5054; baseline -0.004 -25"><span class='ocrx_word' id='word_1_855' title='bbox 2227 4990 2296 5029; x_wconf 84' lang='lat' dir='ltr'>ex</span> <span class='ocrx_word' id='word_1_856' title='bbox 2327 4973 2528 5044; x_wconf 84' lang='lat' dir='ltr'>Angeli</span> <span class='ocrx_word' id='word_1_857' title='bbox 2561 4988 2811 5044; x_wconf 87' lang='lat' dir='ltr'>persona</span> <span class='ocrx_word' id='word_1_858' title='bbox 2841 4973 3093 5039; x_wconf 43' lang='lat' dir='ltr'>vocabis;</span> <span class='ocrx_word' id='word_1_859' title='bbox 3111 4978 3167 5030; x_wconf 91' lang='lat' dir='ltr'>et</span> <span class='ocrx_word' id='word_1_860' title='bbox 3195 4974 3556 5028; x_wconf 85' lang='lat' dir='ltr'>humilitatem</span> <span class='ocrx_word' id='word_1_861' title='bbox 3583 4973 3738 5054; x_wconf 64' lang='lat' dir='ltr'>lnam.</span> 
     </span>
    </p>
   </div>
   <div class='ocr_carea' id='block_1_118' title="bbox 2292 5046 3820 5122">
    <p class='ocr_par' dir='ltr' id='par_1_118' title="bbox 2292 5046 3820 5122">
     <span class='ocr_line' id='line_1_119' title="bbox 2292 5046 3820 5122; baseline -0.009 -16"><span class='ocrx_word' id='word_1_862' title='bbox 2292 5084 2360 5094; x_wconf 91' lang='lat'>-</span> <span class='ocrx_word' id='word_1_863' title='bbox 2389 5054 2454 5107; x_wconf 84' lang='lat' dir='ltr'>Et</span> <span class='ocrx_word' id='word_1_864' title='bbox 2488 5054 2696 5107; x_wconf 84' lang='lat' dir='ltr'>vocavit</span> <span class='ocrx_word' id='word_1_865' title='bbox 2745 5069 2947 5107; x_wconf 82' lang='lat' dir='ltr'>nomen</span> <span class='ocrx_word' id='word_1_866' title='bbox 2989 5054 3105 5122; x_wconf 86' lang='lat' dir='ltr'>ejus</span> <span class='ocrx_word' id='word_1_867' title='bbox 3145 5053 3362 5122; x_wconf 75' lang='lat' dir='ltr'>lsmael.</span> <span class='ocrx_word' id='word_1_868' title='bbox 3395 5051 3572 5106; x_wconf 84' lang='lat' dir='ltr'>Aliter</span> <span class='ocrx_word' id='word_1_869' title='bbox 3607 5046 3820 5122; x_wconf 76' lang='lat' dir='ltr'>legimus</span> 
     </span>
    </p>
   </div>
   <div class='ocr_carea' id='block_1_119' title="bbox 2223 5120 3824 5197">
    <p class='ocr_par' dir='ltr' id='par_1_119' title="bbox 2223 5120 3824 5197">
     <span class='ocr_line' id='line_1_120' title="bbox 2223 5120 3824 5197; baseline -0.001 -19"><span class='ocrx_word' id='word_1_870' title='bbox 2223 5123 2278 5197; x_wconf 90' lang='lat' dir='ltr'>in</span> <span class='ocrx_word' id='word_1_871' title='bbox 2314 5124 2547 5178; x_wconf 74' lang='lat' dir='ltr'>Hebraeo</span> <span class='ocrx_word' id='word_1_872' title='bbox 2579 5129 2638 5197; x_wconf 85' lang='lat' dir='ltr'>et</span> <span class='ocrx_word' id='word_1_873' title='bbox 2665 5125 2818 5197; x_wconf 90' lang='lat' dir='ltr'>apud</span> <span class='ocrx_word' id='word_1_874' title='bbox 2865 5120 3284 5197; x_wconf 54' lang='lat' dir='ltr'>Septuaginta,</span> <span class='ocrx_word' id='word_1_875' title='bbox 3312 5139 3515 5197; x_wconf 73' lang='lat' dir='ltr'>nempe</span> <span class='ocrx_word' id='word_1_876' title='bbox 3545 5136 3558 5177; x_wconf 89' lang='lat'><strong>:</strong></span> <span class='ocrx_word' id='word_1_877' title='bbox 3590 5120 3660 5197; x_wconf 65' lang='grc' dir='ltr'>Ῑξι</span> <span class='ocrx_word' id='word_1_878' title='bbox 3700 5122 3824 5197; x_wconf 60' lang='grc' dir='ltr'>υορξξ·</span> 
     </span>
    </p>
   </div>
   <div class='ocr_carea' id='block_1_120' title="bbox 2223 5181 3822 5266">
    <p class='ocr_par' dir='ltr' id='par_1_120' title="bbox 2223 5181 3822 5266">
     <span class='ocr_line' id='line_1_121' title="bbox 2223 5181 3822 5266; baseline -0.002 -18"><span class='ocrx_word' id='word_1_879' title='bbox 2223 5196 2304 5248; x_wconf 82' lang='lat' dir='ltr'>bis</span> <span class='ocrx_word' id='word_1_880' title='bbox 2332 5211 2528 5250; x_wconf 85' lang='lat' dir='ltr'>nomen</span> <span class='ocrx_word' id='word_1_881' title='bbox 2557 5196 2673 5265; x_wconf 83' lang='lat' dir='ltr'>ejus</span> <span class='ocrx_word' id='word_1_882' title='bbox 2702 5181 2916 5264; x_wconf 74' lang='lat' dir='ltr'>lsmael,</span> <span class='ocrx_word' id='word_1_883' title='bbox 2943 5181 3388 5266; x_wconf 55' lang='lat' dir='ltr'>baiaue.ramlivit</span> <span class='ocrx_word' id='word_1_884' title='bbox 3447 5181 3720 5266; x_wconf 48' lang='lat' dir='ltr'>‘Domilms</span> <span class='ocrx_word' id='word_1_885' title='bbox 3739 5181 3822 5266; x_wconf 56' lang='grc' dir='ltr'>ζιξις</span> 
     </span>
    </p>
   </div>
   <div class='ocr_carea' id='block_1_121' title="bbox 2220 5257 3820 5340">
    <p class='ocr_par' dir='ltr' id='par_1_121' title="bbox 2220 5257 3820 5340">
     <span class='ocr_line' id='line_1_122' title="bbox 2220 5257 3820 5340; baseline 0.003 -20"><span class='ocrx_word' id='word_1_886' title='bbox 2220 5268 2512 5340; x_wconf 83' lang='lat' dir='ltr'>militatem</span> <span class='ocrx_word' id='word_1_887' title='bbox 2568 5257 2742 5340; x_wconf 63' lang='lat' dir='ltr'>tuam.</span> <span class='ocrx_word' id='word_1_888' title='bbox 2776 5257 2913 5340; x_wconf 43' lang='lat' dir='ltr'>Non&#39;</span> <span class='ocrx_word' id='word_1_889' title='bbox 2930 5257 3066 5340; x_wconf 71' lang='lat' dir='ltr'>ergo</span> <span class='ocrx_word' id='word_1_890' title='bbox 3089 5265 3571 5340; x_wconf 68' lang='lat' dir='ltr'>verbahaacAgar</span> <span class='ocrx_word' id='word_1_891' title='bbox 3593 5257 3820 5330; x_wconf 54' lang='lat' dir='ltr'>Egypt”</span> 
     </span>
    </p>
   </div>
   <div class='ocr_carea' id='block_1_122' title="bbox 2221 5337 3710 5416">
    <p class='ocr_par' dir='ltr' id='par_1_122' title="bbox 2221 5337 3710 5416">
     <span class='ocr_line' id='line_1_123' title="bbox 2221 5337 3710 5416; baseline -0.005 -24"><span class='ocrx_word' id='word_1_892' title='bbox 2221 5339 2482 5392; x_wconf 88' lang='lat' dir='ltr'>suntsed</span> <span class='ocrx_word' id='word_1_893' title='bbox 2523 5337 2712 5407; x_wconf 83' lang='lat' dir='ltr'>angeli</span> <span class='ocrx_word' id='word_1_894' title='bbox 2753 5339 2823 5392; x_wconf 87' lang='lat' dir='ltr'>ad</span> <span class='ocrx_word' id='word_1_895' title='bbox 2857 5355 2984 5393; x_wconf 84' lang='lat' dir='ltr'>eam</span> <span class='ocrx_word' id='word_1_896' title='bbox 3002 5337 3331 5411; x_wconf 77' lang='lat' dir='ltr'>loquentis.</span> <span class='ocrx_word' id='word_1_897' title='bbox 3368 5337 3639 5416; x_wconf 65' lang='lat' dir='ltr'>Maurus.</span> <span class='ocrx_word' id='word_1_898' title='bbox 3699 5405 3710 5416; x_wconf 39' lang='lat'><strong>.</strong></span> 
     </span>
    </p>
   </div>
   <div class='ocr_carea' id='block_1_123' title="bbox 2296 5404 3816 5490">
    <p class='ocr_par' dir='ltr' id='par_1_123' title="bbox 2296 5404 3816 5490">
     <span class='ocr_line' id='line_1_124' title="bbox 2296 5404 3816 5490; baseline -0.009 -18"><span class='ocrx_word' id='word_1_899' title='bbox 2296 5419 2328 5450; x_wconf 87' lang='lat'><strong><em>&quot;</em></strong></span> <span class='ocrx_word' id='word_1_900' title='bbox 2367 5418 2488 5472; x_wconf 91' lang='lat' dir='ltr'>Duo</span> <span class='ocrx_word' id='word_1_901' title='bbox 2519 5404 2681 5484; x_wconf 56' lang='lat' dir='ltr'>mss,</span> <span class='ocrx_word' id='word_1_902' title='bbox 2711 5420 3050 5490; x_wconf 67' lang='lat' dir='ltr'>incursantes</span> <span class='ocrx_word' id='word_1_903' title='bbox 3074 5404 3465 5490; x_wconf 68' lang='lat' dir='ltr'>impugnantur</span> <span class='ocrx_word' id='word_1_904' title='bbox 3482 5414 3544 5490; x_wconf 75' lang='lat' dir='ltr'>ab</span> <span class='ocrx_word' id='word_1_905' title='bbox 3571 5404 3816 5490; x_wconf 55' lang='lat' dir='ltr'>omnibttff</span> 
     </span>
    </p>
   </div>
   <div class='ocr_carea' id='block_1_124' title="bbox 2220 5485 3816 5562">
    <p class='ocr_par' dir='ltr' id='par_1_124' title="bbox 2220 5485 3816 5562">
     <span class='ocr_line' id='line_1_125' title="bbox 2220 5485 3816 5562; baseline -0.005 -19"><span class='ocrx_word' id='word_1_906' title='bbox 2220 5493 2393 5560; x_wconf 87' lang='lat' dir='ltr'>atque</span> <span class='ocrx_word' id='word_1_907' title='bbox 2427 5493 2596 5542; x_wconf 83' lang='lat' dir='ltr'>unus</span> <span class='ocrx_word' id='word_1_908' title='bbox 2637 5489 2809 5558; x_wconf 82' lang='lat' dir='ltr'>paulo</span> <span class='ocrx_word' id='word_1_909' title='bbox 2841 5495 2990 5560; x_wconf 88' lang='lat' dir='ltr'>post,</span> <span class='ocrx_word' id='word_1_910' title='bbox 3013 5492 3078 5546; x_wconf 84' lang='lat' dir='ltr'>Et</span> <span class='ocrx_word' id='word_1_911' title='bbox 3103 5485 3210 5547; x_wconf 75' lang='lat' dir='ltr'>erit</span> <span class='ocrx_word' id='word_1_912' title='bbox 3226 5485 3391 5562; x_wconf 67' lang='lat' dir='ltr'>pater</span> <span class='ocrx_word' id='word_1_913' title='bbox 3409 5485 3690 5542; x_wconf 76' lang='lat' dir='ltr'>multarum</span> <span class='ocrx_word' id='word_1_914' title='bbox 3712 5486 3816 5544; x_wconf 73' lang='grc' dir='ltr'>96η·</span> 
     </span>
    </p>
   </div>
   <div class='ocr_carea' id='block_1_125' title="bbox 2220 5563 3379 5616">
    <p class='ocr_par' dir='ltr' id='par_1_125' title="bbox 2220 5563 3379 5616">
     <span class='ocr_line' id='line_1_126' title="bbox 2220 5563 3379 5616; baseline -0.009 -1"><span class='ocrx_word' id='word_1_915' title='bbox 2220 5563 2298 5616; x_wconf 77' lang='lat' dir='ltr'>tiu.</span> <span class='ocrx_word' id='word_1_916' title='bbox 2306 5577 2355 5614; x_wconf 81' lang='grc' dir='ltr'>ιη</span> <span class='ocrx_word' id='word_1_917' title='bbox 2367 5602 2378 5614; x_wconf 90' lang='grc'><strong>.</strong></span> <span class='ocrx_word' id='word_1_918' title='bbox 3373 5597 3379 5604; x_wconf 91' lang='grc'><strong>.</strong></span> 
     </span>
    </p>
   </div>
   <div class='ocr_carea' id='block_1_126' title="bbox 3972 3625 3981 4328">
    <p class='ocr_par' dir='ltr' id='par_1_126' title="bbox 3975 4195 3977 4328">
     <span class='ocr_line' id='line_1_127' title="bbox 3975 4195 3977 4328; baseline 0 0"><span class='ocrx_word' id='word_1_919' title='bbox 3975 4255 3977 4328; x_wconf 52' lang='grc' dir='ltr'><strong>φ</strong></span> 
     </span>
    </p>
   </div>
  </div>
