4084 6170
296 326 457 420 (διὰ

1347 346 1582 414 LIBER
1624 338 1858 413 HEBR.
1902 338 2210 419 QUES'I‘.
2253 340 2336 406 IN
2379 340 2655 407 GENES.

3538 326 3701 413 1018

293 487 521 548 vocavit
550 503 763 546 nomen
794 484 923 560 ejus
961 472 1150 546 Moab.
1185 472 1298 546 Iste
1332 490 1422 541 est
1448 448 1615 557 pater
1661 481 1940 539 Moabita-
1972 478 2027 546 Α
2057 478 2250 534 vulus.
2310 480 2423 536 Nec
2474 481 2755 537 miremur
2803 481 3111 539 barbaram
3160 480 3425 557 linguam
3484 483 3701 543 habere

294 592 651 652 rum’usque
682 577 743 634 in
773 577 925 634 hanc
951 576 1129 634 diem.
1162 580 1230 631 Et
1260 575 1471 643 minor,
1495 579 1550 629 et
1572 574 1698 646 ipsa
1725 570 1946 644 peperit

294 668 512 737 ﬁlium,
546 672 603 724 et
632 667 856 723 vocavit
888 683 1099 723 nomen
1130 667 1258 737 ejus
1288 670 1560 732 Ammon,
1586 663 1643 719 id
1664 660 1948 730 est,ﬁlius

293 752 500 833 populi
551 757 687 813 mei.
746 757 875 829 Ipse
927 760 1017 812 est
1062 758 1228 827 pater
1292 753 1547 810 ﬁliorum
1608 753 1946 807 Ammon.»

295 848 474 905 Moab
498 847 937 918 interpretatur,
967 862 1039 901 ea:
1061 849 1253 916 patre:
1284 846 1341 899 et
1368 847 1556 898 totum
1586 856 1802 897 nomen
1835 842 1949 911 ety-

300 936 627 1009 mologiam
658 935 853 990 habet.
884 934 1131 990 Ammon
1162 949 1315 999 vero,
1348 932 1517 1003 cujus
1571 929 1738 1002 quasi
1772 944 1951 984 causa

295 1025 558 1085 nominis
588 1024 853 1081 redditur
878 1022 1039 1095 ﬁlius
1058 1024 1247 1095 generi
1272 1024 1401 1093 mei,
1453 1021 1572 1077 sive
1630 1024 1694 1075 ut
1737 1019 1949 1074 melius

295 1120 390 1173 est
418 1115 480 1171 in
534 1114 771 1171 Hebraeo
821 1114 1003 1184 (my),
1048 1113 1200 1182 ﬁlius
1246 1113 1435 1184 populi
1488 1112 1619 1177 mei,
1667 1109 1750 1165 sic
1797 1108 1949 1164 deri-

300 1208 495 1270 vatur,
530 1207 597 1259 ut
626 1218 696 1259 ex
724 1206 889 1274 parte
920 1218 1132 1257 sensus
1176 1199 1453 1267 nominis,
1506 1216 1574 1255 ex
1623 1202 1786 1270 parte
1825 1197 1952 1269 ipse

298 1294 382 1351 sit
405 1308 599 1349 sermo
626 1310 637 1348 :
673 1308 819 1348 AMMI
845 1291 860 1325 ¹
892 1290 1072 1356 enim,
1105 1308 1139 1346 a
1169 1307 1283 1362 quo
1314 1288 1454 1346 dicti
1482 1291 1623 1344 sunt
1650 1284 1951 1343 Ammoni-

297 1389 401 1452 tae,
426 1384 667 1438 vocatur
692 1381 929 1454 populus
957 1396 1131 1436 meus.

376 1474 539 1545 (Cap.
569 1472 688 1528 XX.
751 1502 821 1511 ———
850 1474 1016 1526 Vers.
1078 1470 1166 1526 12.
1200 1471 1218 1537 )
1256 1493 1277 1518 «ι
1341 1467 1568 1524 Etenim
1629 1481 1762 1521 vere
1792 1480 1958 1520 soror

300 1578 442 1619 mea
491 1565 582 1617 est
629 1560 701 1616 de
758 1562 941 1632 patre,
1005 1559 1105 1614 sed
1166 1575 1281 1614 non
1313 1574 1382 1613 ex
1412 1561 1620 1613 matre.
1658 1578 1678 1605 υ
1727 1554 1788 1610 Id
1845 1560 1952 1619 est,

299 1651 500 1708 fratris
531 1650 661 1721 ejus
692 1653 783 1706 est
810 1652 968 1704 Aran
1018 1647 1158 1715 ﬁlia,
1210 1664 1324 1703 non
1375 1645 1612 1702 sororis.
1668 1643 1778 1699 Sed
1815 1642 1957 1714 quia

300 1741 365 1797 in
397 1740 631 1795 Hebraeo
662 1738 876 1795 habet:
914 1762 941 1787 «
974 1737 1119 1794 Vere
1150 1754 1315 1793 soror
1344 1751 1475 1792 mea
1503 1733 1753 1799 est,ﬁlia
1773 1730 1954 1804 patris

302 1828 443 1899 mei,
476 1832 533 1883 et
562 1843 678 1882 non
727 1827 851 1883 ﬁlia
896 1826 1101 1883 matris
1145 1843 1327 1894 meai;
1364 1848 1392 1875 ››

301 1918 461 1991 quod
502 1934 667 1973 soror
707 1916 951 1971 Abrahze
1006 1915 1201 1983 fuerit,
1254 1915 1314 1971 in
1356 1912 1792 1970 excusationem
1824 1911 1953 1981 ejus

301 2007 557 2063 dicimus
578 2008 619 2073 ³,
651 2006 905 2061 necdum
934 2004 1033 2061 illo
1066 2009 1328 2077 tempore
1356 2003 1504 2059 tales
1553 2001 1790 2073 nuptias
1827 1999 1953 2071 lege

304 2095 651 2169 prohibitas.

384 2184 544 2256 (Cap.
601 2183 739 2239 XXI.
768 2214 838 2223 —
870 2186 1036 2249 Vers,
1062 2183 1142 2255 9.)
1170 2206 1196 2232 α
1242 2184 1309 2238 Et
1362 2182 1509 2239 vidit
1566 2185 1708 2241 Sara
1768 2185 1951 2255 ﬁlium

304 2277 468 2347 Agar
496 2272 783 2346 IEgyptiaa,
812 2288 987 2344 quem
1010 2272 1234 2345 peperit
1254 2273 1378 2344 [Αἱ.
1409 2276 1731 2346 pepererat]
1753 2274 1953 2330 Abraaa

303 2362 606 2418 ludentem
636 2379 650 2428 ;
687 2383 715 2410 »
748 2361 904 2433 quod
929 2361 1217 2432 sequitur,
1238 2384 1266 2411 «
1291 2365 1433 2417 Cum
1455 2364 1614 2419 lsaac
1638 2364 1756 2420 ﬁlio
1778 2381 1953 2433 suo,»

306 2470 421 2508 non
455 2451 703 2506 habetur
732 2451 790 2506 in
823 2451 1080 2506 Hebraeo.
1131 2450 1453 2523 Dupliciter
1490 2452 1692 2523 itaque
1733 2453 1841 2509 hoc
1883 2453 1955 2508 ab

303 2538 562 2596 Hebraeis
592 2539 935 2611 exponitur:
969 2539 1089 2594 sive
1118 2539 1271 2611 quod
1303 2539 1459 2595 idola
1510 2539 1648 2597 ludo
1683 2541 1883 2597 fecerit
1911 2543 1953 2609 ³,

296 2630 471 2701 juxta
501 2626 647 2683 illud
681 2627 837 2699 quod
869 2626 1009 2683 alibi
1038 2627 1334 2699 Scriptum
1370 2632 1494 2685 est:
1549 2629 1697 2685 Sedit
1727 2631 1958 2702 populus

304 2717 589 2774 comedere
648 2725 700 2772 et
756 2716 962 2782 bibere,
1020 2723 1074 2771 et
1127 2726 1488 2773 surrexerunt
1544 2719 1729 2774 ludere
1760 2720 1955 2791 (Exod.

306 2823 512 2872 xxxm,
542 2806 598 2877 6)
629 2823 641 2860 :
676 2804 799 2861 sive
830 2805 985 2877 quod
1035 2805 1343 2861 adversum
1402 2808 1581 2875 Isaac,
1632 2808 1800 2879 quasi
1834 2826 1959 2865 ma-

300 2896 456 2968 joris
487 2894 704 2962 aetatis,
729 2894 863 2965 joco
896 2893 1009 2949 sibi
1057 2898 1116 2949 et
1144 2895 1282 2950 ludo
1325 2895 1714 2969 primogenita
1760 2897 1960 2953 vendi-

307 2989 489 3042 caret.
523 2985 687 3048 Quod
735 2983 972 3056 quidem
1000 2986 1140 3039 Sara
1170 2983 1416 3040 audiens
1446 3003 1561 3041 non
1592 2985 1754 3041 tulit:
1782 2991 1839 3042 et
1857 2987 1962 3043 hoc

307 3091 381 3130 ex
409 3073 601 3148 ipsius
650 3072 1014 3146 approbatur
1061 3090 1329 3129 sermone
1376 3074 1625 3131 dicentis
1662 3075 1823 3147 (vers.
1873 3076 1961 3147 10)

310 3187 340 3213 ‹‹
380 3162 540 3235 Ejice
589 3160 863 3217 ancillam
911 3160 1063 3217 hanc
1100 3178 1233 3217 cum
1284 3163 1403 3219 ﬁlio
1456 3181 1582 3221 suo.
1645 3166 1771 3221 Non
1801 3165 1957 3221 enim

308 3251 498 3307 hares
529 3249 639 3306 erit
668 3248 827 3305 ﬁlius
859 3249 1082 3306 ancillae
1114 3266 1248 3306 cum
1280 3251 1400 3308 ﬁlio
1431 3269 1559 3309 meo
1593 3255 1771 3310 Isaac.
1810 3276 1830 3303 υ

384 3337 779 3415 (νθιιε.14).λ‹‹
824 3340 893 3394 Et
939 3337 1195 3411 sumpsit
1240 3356 1423 3412 panes
1474 3348 1531 3397 et
1557 3346 1745 3399 utrem
1774 3360 1960 3415 aquae,

309 3420 373 3485 et
414 3428 578 3485 dedit
620 3431 797 3501 Agar,
848 3444 1074 3500 ponens
1120 3445 1298 3500 super
1347 3429 1658 3486 humerum
1716 3433 1866 3503 ejus,
1906 3435 1964 3488 et

307 3516 647 3592 parvulum,
680 3520 737 3574 et
765 3516 996 3572 dimisit
1042 3533 1193 3573 eam.
1229 3540 1256 3567 »
1314 3519 1556 3583 Quando
1602 3520 1761 3576 Isaac
1789 3524 1963 3576 natus

310 3604 426 3672 est,
452 3605 734 3662 tredecim
767 3620 1060 3662 annorum
1095 3610 1219 3662 erat
1242 3607 1471 3664 Ismael.
1506 3611 1575 3664 Et
1604 3613 1735 3680 post
1766 3608 1964 3665 ablac-

314 3695 603 3751 tationem
649 3696 795 3766 ejus,
849 3694 961 3751 iste
1004 3710 1139 3751 cum
1189 3700 1375 3753 matre
1418 3696 1727 3768 expellitur
1765 3698 1961 3754 domo.

317 3784 485 3841 Inter
512 3783 774 3841 Hebreos
806 3787 1002 3840 autem
1030 3784 1192 3840 varia
1213 3784 1409 3857 opinio
1426 3791 1533 3854 est,
1563 3786 1965 3843 asserentibus

313 3872 454 3931 aliis
483 3872 683 3944 quinto
715 3888 871 3929 anno
917 3872 1321 3929 ablactationis
1373 3877 1607 3947 tempus
1651 3879 1964 3945 statutum,

313 3962 448 4021 aliis
478 3962 896 4018 duodecimum
929 3977 1151 4018 annum
1190 3963 1654 4020 vendicantibus.
1708 3965 1824 4021 Nos
1857 3965 1965 4038 igi-

313 4057 416 4108 tur
447 4057 512 4107 ut
542 4052 865 4107 breviorem
898 4052 1181 4125 eligamus
1225 4057 1479 4123 aetatem,
1511 4058 1642 4126 post
1671 4055 1868 4109 decem
1910 4058 1966 4110 et

309 4146 441 4197 octo
490 4157 677 4196 aunos
721 4138 932 4196 Ismael
984 4142 1435 4212 supputavimus
1500 4144 1654 4199 338
1712 4143 1965 4214 ejectum

306 4247 440 4287 esse
467 4246 605 4286 cum
636 4234 844 4296 matre,
876 4234 933 4285 et
964 4246 1080 4285 non
1112 4231 1416 4286 convenire
1439 4232 1567 4302 jam
1611 4231 1964 4288 adolescenti

309 4319 522 4376 matris
552 4319 777 4375 sedisse
833 4317 1178 4374 cervicibus.
1228 4318 1444 4375 Verum
1475 4325 1563 4375 est
1608 4320 1788 4393 igitur
1818 4321 1961 4376 illud

1437 1828 1494 1880 et
1541 1822 1731 1894 magis
1761 1824 1951 1918 sonat,
1983 1854 2031 1918 B

2056 570 2437 640 proprietates
2468 587 2605 625 suas
2633 589 2644 626 :
2681 588 2815 626 cum
2837 571 3123 644 hodieque
3148 574 3341 629 Roma:
3363 592 3567 633 omnes
3592 576 3700 633 ﬁlii

2056 664 2334 715 vocentur
2371 659 2643 716 infantes.
2675 661 2876 717 Posuit
2904 678 3040 735 ergo
3088 664 3385 719 Abraham
3433 683 3613 738 panes
3644 671 3701 723 et

2057 754 2247 804 utrem
2280 765 2455 822 super
2495 749 2811 805 humerum
2861 752 3049 821 Agar:
3098 755 3155 806 et
3202 752 3311 808 hoc
3357 755 3506 810 iacto
3540 756 3703 812 dedit

2057 854 2305 910 puerum
2338 839 2536 907 matri,
2578 839 2687 894 hoc
2733 844 2839 907 est,
2895 841 2953 894 in
2997 858 3211 897 manus
3269 828 3408 913 ejus.
3440 844 3699 913 tradidit,

2059 927 2509 995 commendavit,
2558 932 2615 984 et
2660 928 2742 983 ita
2788 929 2986 984 emisit
3016 946 3045 984 e
3076 930 3269 986 domo.
3303 933 3464 997 Quod
3508 937 3703 989 autem

2061 1017 2327 1090 sequitur
2351 1035 2364 1074 :

2130 1108 2319 1177 (Vers.
2350 1109 2436 1175 15,
2476 1109 2603 1176 16.)
2632 1130 2661 1158 ‹‹
2694 1110 2761 1164 Et
2776 1109 3019 1181 projecit
3044 1127 3293 1183 puerum
3314 1112 3519 1168 subter
3552 1113 3705 1171 abie-

2059 1200 2201 1263 tem,
2234 1201 2290 1253 et
2319 1198 2521 1253 abiens
2553 1198 2704 1254 sedit
2732 1200 2803 1254 de
2850 1203 3053 1255 contra
3099 1199 3290 1273 longe,
3344 1201 3513 1271 quasi
3539 1204 3705 1273 jactu

2061 1286 2304 1359 sagittae.
2340 1287 2495 1343 Dixit
2522 1287 2718 1343 enim:
2751 1287 2875 1343 Non
2923 1288 3129 1345 videbo
3182 1294 3430 1347 mortem
3480 1293 3707 1364 parvuli

2063 1376 2197 1431 mei.
2227 1378 2296 1431 Et
2341 1377 2493 1432 sedit
2540 1380 2743 1433 contra
2789 1393 2950 1433 eum.
2994 1402 3021 1427 ››
3048 1379 3115 1434 Et
3167 1379 3366 1436 statim
3389 1381 3700 1454 jungitur:

2064 1487 2091 1515 ‹‹
2127 1464 2487 1521 Exclamavit
2518 1482 2682 1537 puer,
2713 1469 2770 1521 et
2799 1466 2973 1534 ﬂevit,
3007 1471 3064 1523 et
3082 1468 3303 1524 audivit
3325 1470 3479 1526 Deus
3506 1488 3705 1528 vocem

2064 1554 2229 1626 pueri
2268 1554 2339 1609 de
2386 1553 2511 1610 loco
2563 1555 2662 1609 ubi
2709 1562 2851 1610 erat.
2902 1556 2973 1611 Et
3018 1555 3177 1635 dixit
3214 1559 3458 1631 angelus
3502 1560 3602 1615 Dci
3632 1562 3704 1616 ad

2062 1644 2217 1715 Agar
2236 1643 2307 1698 de
2338 1643 2500 1711 coelo,
2533 1666 2561 1695 ››
2597 1647 2651 1699 et
2674 1644 2918 1717 reliqua,
2952 1645 3181 1701 nullum
3214 1651 3461 1703 moveat.
3495 1649 3558 1704 In
3596 1650 3710 1705 He-

2064 1732 2216 1787 braeo
2265 1732 2421 1787 enim
2468 1737 2601 1805 post
2645 1733 2773 1803 hoc,
2835 1735 2991 1806 quod
3038 1734 3322 1807 scriptum
3373 1741 3481 1803 est,
3516 1760 3544 1786 «
3583 1737 3709 1793 Non

2064 1821 2270 1877 videbo
2319 1826 2567 1877 mortem
2618 1822 2845 1894 parvuli
2891 1824 3028 1891 mei,
3062 1846 3091 1874 ››
3139 1825 3223 1880 ita
3268 1823 3504 1897 legitur,
3553 1828 3708 1898 quod

2060 1910 2190 1983 ipsa
2216 1914 2374 1983 Agar
2402 1912 2618 1968 sederit
2647 1916 2849 1968 contra
2892 1930 3163 1985 puerum,
3213 1918 3271 1970 et
3318 1913 3593 1971 levaverit
3620 1934 3715 1972 vo-

2061 2016 2187 2056 cem
2220 2017 2411 2070 suam,
2445 2004 2502 2056 et
2548 2000 2788 2069 ﬂeverit,
2840 2005 2896 2057 et
2937 2003 3260 2058 exaudierit
3308 2008 3462 2059 Deus
3507 2021 3706 2061 vocem

2062 2090 2308 2162 parvuli.
2344 2089 2541 2146 Flente
2570 2091 2726 2146 enim
2759 2095 2965 2159 matre,
3000 2099 3053 2147 el
3079 2096 3329 2148 mortem
3376 2092 3475 2147 ﬁlii
3530 2093 3710 2150 mise-

2063 2178 2275 2235 rabiler
2305 2179 2696 2251 prazstolante,
2746 2181 2899 2235 Deus
2948 2181 3242 2237 exaudivit
3294 2198 3589 2253 puerum;
3641 2184 3712 2240 de

2064 2286 2179 2341 quo
2210 2268 2503 2341 pollicitus
2535 2270 2722 2325 fuerat
2748 2270 3014 2338 Abrahae,
3044 2269 3245 2327 dicens
3272 2286 3284 2325 :
3320 2272 3423 2326 Sed
3444 2276 3497 2328 et
3524 2272 3716 2341 ﬁlium

2063 2359 2288 2416 ancillae
2342 2366 2447 2415 tua:
2495 2360 2555 2413 in
2602 2362 2816 2429 gentem
2860 2376 3119 2430 magnam
3160 2362 3369 2431 faciam
3394 2361 3531 2432 (cap.
3574 2379 3711 2433 xvu,

2062 2465 2201 2505 vers.
2234 2450 2349 2509 20).
2399 2446 2670 2519 Alioquin
2701 2452 2759 2503 et
2788 2447 2917 2519 ipsa
2948 2452 3138 2503 mater
3190 2466 3305 2505 non
3356 2467 3525 2505 suam
3558 2468 3712 2508 mor-

2063 2542 2180 2593 tem
2233 2537 2333 2593 sed
2382 2537 2487 2591 ﬁlii
2538 2536 2896 2608 deplorabat.
2949 2538 3209 2609 Pepercit
3254 2539 3433 2611 igitur
3452 2541 3504 2596 ei
3536 2542 3712 2609 Deus,

2067 2644 2171 2700 pro
2202 2643 2318 2698 quo
2368 2626 2555 2681 fuerat
2595 2631 2649 2681 et
2700 2626 2890 2682 fletus.
2944 2626 3202 2700 Denique
3248 2628 3307 2683 in
3350 2646 3715 2701 consequen-

2066 2717 2225 2773 tibus
2255 2715 2471 2773 dicitur
2500 2718 2663 2788 (vers.
2698 2717 2825 2789 18):
2867 2736 2893 2769 α
2940 2718 3125 2790 Surge
3174 2722 3230 2773 et
3270 2718 3409 2775 tolle
3442 2736 3715 2792 puerum,

2068 2811 2125 2863 et
2146 2810 2275 2862 tene
2294 2822 2534 2862 manum
2557 2807 2711 2875 ejus.
2747 2829 2773 2855 »
2796 2810 2875 2861 Ex
2896 2822 3011 2878 quo
3035 2807 3415 2864 manifestum
3440 2813 3549 2875 est,
3582 2826 3715 2865 cum

2070 2895 2171 2969 qui
2205 2899 2455 2965 tenetur,
2489 2912 2604 2951 non
2636 2894 2796 2951 oneri
2827 2894 3000 2951 matri
3030 2896 3233 2963 fuisse,
3265 2897 3366 2953 sed
3407 2897 3706 2959 comitem.

2068 2985 2231 3051 Quod
2299 2987 2493 3039 autem
2563 3001 2741 3040 manu
2804 2985 3065 3056 parentis
3135 2989 3368 3042 tenetur
3427 2986 3718 3044 sollicitus

2070 3078 2433 3129 monstratur
2462 3074 2730 3130 affectus.

2143 3163 2327 3236 (Vers.
2361 3163 2475 3234 22.)
2508 3186 2535 3212 ‹‹
2606 3164 2673 3218 Et
2701 3162 2849 3218 dixit
2910 3162 3244 3219 Abimelech
3302 3168 3359 3220 et
3422 3165 3715 3222 Ochozath

2070 3252 2372 3325 pronubus
2397 3253 2545 3323 ejus,
2579 3255 2635 3307 et
2667 3250 2866 3307 Phicol
2897 3252 3168 3325 princeps
3194 3254 3480 3309 exercitus
3507 3256 3657 3326 ejus.
3688 3276 3716 3299 η

2069 3342 2320 3413 Excepto
2387 3338 2723 3396 Abimelech
2793 3344 2849 3396 et
2889 3341 3108 3412 Phicol,
3176 3343 3411 3398 tertium
3443 3344 3721 3413 nomen‘,

2072 3432 2227 3503 quod
2261 3430 2356 3486 hic
2421 3430 2639 3503 legitur
2668 3430 2727 3485 in
2796 3430 3033 3487 Hebraeo
3099 3431 3397 3488 volumine
3463 3446 3578 3489 non
3624 3430 3724 3488 ha-

2071 3521 2258 3577 betur.

2144 3608 2333 3679 (Vers,
2363 3608 2480 3676 30.)
2511 3632 2537 3656 ‹‹
2571 3608 2641 3662 Et
2670 3606 2853 3662 dixit:
2885 3608 3116 3680 Septem
3151 3626 3286 3665 oves
3316 3609 3424 3666 has
3472 3609 3724 3682 accipies

2074 3716 2108 3753 a
2138 3714 2251 3765 me,
2285 3700 2348 3751 ut
2377 3695 2427 3751 si
2456 3695 2517 3750 in
2567 3695 2969 3751 testimonium
3020 3696 3185 3767 mihi,
3239 3697 3379 3769 quia
3434 3699 3584 3754 337
3616 3715 3721 3769 ego

2074 3785 2192 3841 fodi
2221 3789 2464 3859 puteum
2483 3785 2682 3840 istum.
2706 3806 2732 3833 ››
2757 3784 2890 3840 Ideo
2912 3773 3345 3858 cognominavit
3365 3801 3578 3842 nomen
3610 3786 3721 3841 loci

2074 3876 2234 3932 illius
2263 3879 2459 3947 puteus
2477 3875 2804 3947 juramentz‘,
2839 3875 2978 3946 quia
3012 3873 3092 3929 ibi
3144 3876 3496 3946 juraverunt
3524 3874 3719 3932 ambo.

2076 3965 2182 4022 Ubi
2216 3964 2313 4020 hic
2345 3964 2579 4036 legitur,
2609 3972 2804 4035 puteus
2824 3965 3156 4036 Juramenti,
3190 3962 3247 4018 in
3280 3964 3520 4020 Hebreo
3550 3964 3725 4021 habe-

2074 4060 2171 4111 tur
2200 4072 2486 4110 BERSABEE
2516 4054 2870 4125 (nia-1N3).
2902 4053 3122 4126 Duplex
3170 4058 3364 4110 autem
3409 4059 3499 4111 cst
3547 4072 3727 4112 causa

2076 4161 2180 4200 cur
2208 4144 2284 4199 ita
2322 4142 2647 4214 appellatus
2677 4142 2790 4198 sit:
2825 4143 2945 4199 sive
2976 4144 3115 4216 quia
3145 4148 3363 4215 septem
3388 4161 3569 4216 agnas
3590 4145 3726 4200 Abi-

2078 4232 2303 4289 melech
2333 4233 2404 4288 de
2433 4249 2611 4287 manu
2660 4231 2904 4288 Abrahae
2949 4234 3269 4305 acceperit:
3320 4235 3539 4301 Septem
3567 4232 3722 4288 enim

2079 4323 2358 4378 dicuntur
2388 4338 2593 4377 sanes:
2629 4320 2750 4377 sive
2781 4322 2937 4393 quod
2982 4321 3060 4376 ibi
3100 4322 3464 4393 juraverint:
3500 4322 3639 4394 quia
3670 4326 3726 4378 et

308 4408 686 4464 Hebraeorum
719 4406 933 4479 lingua
962 4406 1200 4475 idioma,
1252 4408 1404 4479 quod
1460 4409 1652 4464 omnis
1701 4408 1858 4464 filius
1889 4410 1960 4464 ad
2068 4412 2452 4483 juramenlum
2472 4428 2645 4466 sanas
2676 4410 2949 4466 similiter
2980 4410 3500 4481 appellatur.Quod
3523 4410 3571 4466 si
3590 4415 3727 4467 ante

308 4496 810 4570 comparationem
846 4500 1176 4568 parentum,
1228 4496 1421 4552 infans
1458 4501 1695 4553 vocetur
1742 4501 1799 4552 et
1830 4514 1961 4569 par-

383 4659 399 4693 ¹
439 4640 508 4723 Ut
536 4673 607 4713 ex
650 4665 811 4725 parte
853 4671 1044 4711 sensus
1089 4657 1347 4711 no’mints.
1394 4656 1642 4723 Ammon,
1691 4656 1811 4712 sive
1842 4674 1964 4712 um-

308 4727 665 4784 man'dietus
693 4732 783 4783 est
810 4744 844 4782 a
874 4732 1061 4782 matre
1109 4734 1223 4788 una
1263 4738 1350 4815 τε,
1407 4728 1508 4783 ben
1553 4731 1730 4784 ammi
1759 4746 1772 4784 :
1809 4730 1966 4784 unde

308 4820 563 4889 Ammon
596 4816 679 4889 sic
709 4814 1005 4872 derivatur
1033 4817 1104 4871 ab
1137 4814 1328 4889 ommi,
1364 4820 1427 4871 ut
1448 4834 1515 4871 ex
1545 4822 1729 4889 parte,
1755 4816 1967 4874 sensus

308 4886 575 4944 nominis
634 4888 729 4955 sit,
765 4904 900 4960 non,
940 4888 1311 4960 etymologia,
1354 4891 1412 4943 et
1438 4886 1563 4960 pex—
1594 4886 1778 4959 parte,
1844 4890 1969 4960 ipse

306 4976 510 5017 sermo
540 4960 636 5027 sit,
668 4962 783 5016 Ben
812 4959 969 5014 enim
999 4958 1155 5030 quod
1186 4958 1371 5030 ﬁlium
1401 4958 1695 5031 signiﬁcat
1726 4976 1841 5016 non
1866 4958 1967 5015 in-

307 5031 577 5104 cluditur
603 5030 666 5087 in
712 5042 850 5087 voce
896 5032 1147 5099 Ammon,
1198 5031 1313 5104 nisi
1348 5030 1520 5104 juxta
1563 5047 1805 5087 sensum
1846 5036 1968 5104 ety-

308 5103 674 5176 mologicum
724 5121 761 5176 ;_
802 5110 937 5157 eum
998 5110 1135 5176 my,
1194 5103 1374 5176 Ammi
1426 5102 1622 5173 ipsum
1699 5102 1971 5175 praeferat

308 5174 676 5242 semermem,
710 5174 767 5228 id
800 5178 910 5239 est,
938 5175 1131 5245 populi
1158 5174 1289 5241 mei.
1327 5178 1604 5228 MARTIAN.

384 5278 455 5289 -—
489 5245 720 5301 Cla’rius
750 5246 893 5302 adeo
925 5250 1015 5300 est
1044 5245 1101 5299 in
1134 5244 1370 5300 Hebraeo
1391 5250 1608 5309 mit-12
1628 5255 1761 5306 νεῖτ’
1783 5256 1969 5333 mpm

306 5336 608 5407 avocavit
634 5346 831 5399 nomen
858 5336 979 5403 eius
1008 5336 1315 5402 Benammi,
1350 5336 1505 5406 quod
1558 5335 1975 5407 interpretatur

307 5406 465 5482 ﬁlias
490 5407 840 5482 populi‘mei.

382 5474 524 5551 ?I_ta
554 5474 791 5551 quidem
825 5478 969 5551 bene
1029 5474 1202 5551 multi
1254 5476 1569 5551 Christiani
1624 5477 1971 5550 interpretes

311 5546 731 5629 explicari—hut
757 5548 952 5621 neptis
970 5619 981 5629 _
999 5548 1241 5629 proinde
1291 5546 1639 5629 Abrah‘am,‘
1662 5546 1975 5629 non—soror

309 5618 497 5692 esset,
525 5624 729 5689 contra
758 5618 1093 5692 quamipse
1140 5618 1433 5683 Abraham
1485 5618 1969 5691 luculentissimc,

311 5689 856 5767 omque'remota
894 5689 1165 5765 ambage,
1199 5694 1450 5749 testatur
1489 5695 1631 5748 Vere
1657 5707 1811 5750 soror
1855 5689 1979 5749 mea

1993 4598 2041 4662 D

2078 4500 2230 4556 hanc
2261 4516 2500 4556 causam
2533 4516 2711 4572 supra
2739 4516 2951 4556 nomen
2998 4500 3109 4555 hoc
3154 4500 3428 4572 legimus,
3468 4500 3725 4557 sciamus

2075 4663 2176 4715 est.
2211 4659 2444 4715 Scilicet
2474 4662 2635 4717 nefas
2684 4661 2945 4716 arbitrati
2995 4664 3170 4716 sunt:
3224 4678 3480 4716 sororem
3535 4677 3601 4716 ex
3635 4660 3725 4717 al-

2076 4735 2200 4813 tero
2232 4733 2771 4813 parentanducereh
2794 4733 2947 4813 quod
2997 4732 3259 4813 Leviticx
3285 4749 3416 4813 cap.
3473 4747 3634 4801 xvm,
3667 4734 3720 4801 9,

2078 4802 2441 4875 prohibetur.
2476 4804 2545 4858 Et
2575 4827 2602 4853 ‹‹
2637 4802 2828 4875 (μιαιέ
2861 4808 2970 4867 est,
3006 4826 3031 4851 ››
3079 4804 3269 4875 inquit
3320 4804 3551 4859 Hieron.
3586 4820 3723 4858 con-

2075 4873 2167 4928 tra
2195 4873 2415 4945 Helvid.
2450 4892 2613 4929 num.
2646 4873 2731 4943 i3,
2767 4899 2793 4925 ‹‹
2825 4880 2891 4930 ut
2918 4873 3210 4930 Abraham
3250 4875 3338 4929 vir
3377 4876 3577 4941 justus
3622 4891 3723 4945 pa-

2078 4945 2185 5019 tris
2217 4945 2308 5000 sui
2332 4944 2523 5019 ﬁliam
2553 4947 2863 5019 conjugem
2895 4946 3258 5019 sumpserit?
3290 4967 3316 4994 »
3348 4945 3577 5019 Videsis
3597 4944 3724 5019 quae

2078 5018 2138 5071 in
2169 5033 2305 5073 eum
2332 5015 2523 5072 locum
2557 5015 2928 5073 annotamus.
2961 5015 3127 5072 Nunc
3157 5018 3394 5072 demum
3420 5015 3723 5072 verissime

2078 5105 2147 5144 ex
2204 5088 2439 5143 Hebraeo
2473 5089 2531 5143 S.
2592 5089 2791 5143 doctor
2847 5088 3165 5147 constituit.
3218 5089 3420 5143 Saram
3452 5089 3725 5143 eumdem

2080 5176 2215 5215 cum
2246 5160 2579 5215 Abrahamo
2610 5165 2833 5232 patrem
2864 5160 3143 5232 habuisse
3174 5159 3392 5232 Thare_._
3436 5159 3725 5215 diversam

2083 5234 2288 5301 matre,
2322 5247 2497 5302 quam
2536 5230 2809 5287 Thevitam
2840 5232 2910 5285 de
2942 5230 3177 5302 nomine
3207 5230 3557 5302 appellatam
3607 5236 3725 5286 tra-

2081 5302 2167 5357 dit
2196 5301 2403 5358 Saidas
2434 5302 2753 5358 Batricides
2784 5301 3209 5374 Alexandrinus
3242 5301 3593 5374 patriarcha,
3625 5303 3724 5374 qui

2084 5373 2297 5430 saeculo
2328 5375 2550 5429 decimo
2582 5376 2852 5431 floruisse
2874 5373 3232 5446 perhibetur.

2154 5464 2176 5496 ³
2208 5461 2503 5517 Vetustior
2534 5462 2768 5533 Reginae
2800 5479 2942 5517 mss.
2974 5462 3121 5517 idola
3151 5464 3261 5517 luto
3285 5462 3497 5536 fecerit.

2156 5552 2178 5584 ⁴
2206 5550 2486 5623 Additum
2519 5550 2787 5607 Ochozath
2818 5568 2851 5605 a
2895 5551 3053 5616 LXX,
3104 5568 3173 5606 ex
3216 5568 3341 5623 cap.
3389 5569 3543 5617 xxvx,
3573 5568 3723 5623 vers.

2084 5622 2174 5685 26,
2210 5620 2307 5675 ubi
2352 5622 2622 5685 junctum
2674 5622 2967 5678 invenitur
3015 5620 3352 5678 nominibus
3392 5621 3725 5678 Abimelech

2085 5639 2174 5685 ΖΟ,
2210 5639 2307 5675 ιιοι
2382 5639 2622 5677 unetum
2674 5639 2967 5678 invenitur
3015 5639 3352 5678 nominibus
3392 5639 3723 5678 ADImBIBCD

2082 5696 2140 5748 et
2170 5639 2387 5749 Phicol.
2422 5692 2485 5750 In
2538 5710 2654 5750 uno
2700 5694 2929 5767 Reginae
2980 5711 3091 5753 ms.
3141 5694 3383 5753 0cozhac
3425 5693 3723 5763 scribitur,
