4058 6172
487 279 644 350 1019
1729 279 1794 343 S.
1838 274 2148 344 EUSEBII
2192 274 2660 342 HlERONYMI.
3669 281 3810 358 mn

501 431 604 489 per
629 413 946 490 prolepsim
972 413 1194 471 dictum
1227 429 1393 472 esse:
1427 413 1580 471 sicut
1608 418 1664 470 et
1691 413 1892 470 Bethel
1921 420 1978 470 et
2007 410 2137 468 Gal-
2163 413 2220 478 Α
2249 416 2507 468 montem
2539 412 2740 479 Moris,
2768 412 2826 470 id
2857 417 2965 481 est,
3000 414 3195 472 sedem
3226 416 3446 490 templi,
3481 416 3576 475 iter
3615 419 3810 478 dierum

482 505 636 578 gala,
671 523 797 578 quae
829 506 1031 577 utique
1065 520 1251 576 usque
1284 504 1351 558 ad
1387 511 1620 575 tempus
1651 523 1764 576 quo
1809 505 1891 558 ita
1936 499 2135 573 appel-
2247 500 2426 556 trium
2457 501 2554 568 sit,
2589 507 2647 557 ct
2679 507 3104 576 consequenter
3153 505 3288 561 illuc
3336 507 3425 562 die
3467 506 3615 564 tertio
3648 525 3812 582 perve-

482 593 611 650 latm
643 601 801 661 sunt,
835 594 1004 649 aliter
1051 594 1426 648 vocabantur.
1480 593 1812 648 Notandum
1847 596 2040 646 autem
2079 605 2136 657 et
2246 589 2404 645 nisse
2432 591 2680 646 dicatur.
2718 592 2867 648 Male
2895 593 3078 664 igitur
3106 595 3364 650 sentiunt
3392 596 3628 668 quidam,
3666 599 3812 654 Abra-

2245 677 2380 734 ham
2412 678 2508 734 illo
2543 683 2802 752 tempore
2829 682 2899 736 ad
2932 699 3211 754 quercum
3243 684 3529 740 habitasse
3567 685 3812 744 Membra:

2243 783 2375 822 cum
2407 769 2541 824 inde
2573 786 2760 840 usque
2792 771 2862 826 ad
2897 777 3154 828 montem
3187 773 3387 843 Moria,
3419 774 3507 829 vix
3545 774 3696 829 unius
3726 774 3813 829 diei

2239 856 2352 910 iter
2384 855 2619 928 plenum
2654 858 2750 912 sit.

2310 945 2493 1015 (Vers.
2527 947 2637 1016 13.)
2671 970 2697 996 ‹‹
2731 948 2801 1002 Et
2819 947 3061 1004 elevavit
3083 950 3375 1006 Abraham
3398 949 3586 1006 oculos
3605 967 3753 1007 suos:
3774 956 3818 1006 et

2237 1051 2368 1089 ecce
2397 1034 2548 1090 aries
2574 1040 2704 1106 post
2737 1041 2963 1108 tergum
2995 1039 3124 1108 ejus
3173 1039 3478 1094 tenebatur
3521 1039 3573 1094 in
3613 1039 3814 1111 virgulto

2238 1122 2458 1178 Sabech
2484 1124 2759 1180 cornibus
2790 1127 2980 1181 suis.»
3013 1126 3342 1183 Ridiculam
3377 1143 3492 1184 rem
3524 1127 3579 1183 in
3598 1128 3693 1184 hoc
3716 1128 3810 1184 loco

2237 1211 2548 1267 Emisenus
2581 1213 2865 1270 Eusebius
2892 1219 2980 1270 est
3007 1214 3278 1272 locutus:
3311 1216 3550 1279 Sabeeth.
3575 1216 3816 1288 inquiens,

2234 1300 2449 1355 dicitur
2475 1300 2677 1371 hircus,
2714 1303 2812 1373 qui
2850 1302 3020 1358 rectis
3047 1304 3325 1360 cornibus
3353 1311 3412 1361 et
3441 1305 3510 1360 ad
3551 1305 3817 1378 carpendae

2236 1389 2460 1444 arboris
2493 1391 2726 1445 frondes
2758 1391 3028 1447 sublimis
3059 1392 3370 1449 attollitur.
3397 1395 3637 1450 Rursum
3657 1393 3819 1466 Aquila

2236 1481 2510 1552 συχνεῶνα
2533 1480 2574 1544 δ,
2623 1480 3038 1551 interpretatus
3087 1487 3196 1552 est,
3248 1500 3423 1555 quem
3475 1499 3575 1539 nos
3630 1499 3816 1555 veprem

484 699 552 739 ex
585 684 900 756 prioribus,
932 687 987 737 ct
1018 699 1086 737 ex
1112 681 1378 753 praesenti
1414 682 1561 747 loco,
1614 683 1769 754 quod
1825 682 1986 736 Isaac
2019 696 2134 733 non

479 774 557 829 sit
594 778 765 828 natus
788 773 860 832 ad
883 789 1162 842 quercum
1186 772 1468 836 Mambre,
1492 773 1611 827 sive
1632 773 1688 826 in
1713 770 1936 826 Aulone
1960 771 2140 824 Mam-

477 862 579 918 bro
619 865 657 931 ¹,
691 862 836 916 utin
869 861 1104 915 Ilebrmo
1154 860 1437 914 habetur:
1490 861 1591 915 sed
1639 861 1696 914 in
1743 860 1998 924 Geraris,
2031 858 2129 913 ubi

475 955 533 1006 et
565 951 848 1005 Bersabee
877 966 1062 1021 usque
1101 949 1272 1004 hodie
1321 949 1603 1020 Oppidum
1651 954 1759 1004 est.
1812 949 1946 1012 Quae
1998 964 2128 1018 pro-

471 1039 662 1094 vincia
709 1044 841 1094 ante
875 1055 987 1092 non
1019 1039 1239 1109 grande
1277 1041 1530 1109 tempus,
1564 1056 1633 1093 ex
1672 1037 1954 1092 divisione
1985 1054 2126 1108 prae-

471 1128 667 1183 sidum
719 1126 1042 1188 Palestinm,
1079 1125 1409 1182 Salutaris’
1452 1131 1539 1181 cst
1581 1127 1756 1181 dicta.
1817 1127 2004 1195 Hujus
2046 1139 2128 1192 rei

468 1216 766 1288 Scriptura
811 1216 978 1271 testis
1007 1223 1116 1282 est,
1149 1232 1274 1286 qum
1307 1214 1383 1270 ait
1417 1218 1587 1284 (Vers.
1623 1217 1749 1286 34):
1791 1237 1817 1268 «ι
1867 1217 1932 1270 Et
1963 1213 2126 1269 habi-

469 1305 612 1361 tavit
658 1305 952 1360 Abraham
987 1304 1046 1358 in
1081 1310 1234 1359 terra
1255 1303 1755 1360 Philistinorum“.
1781 1328 1806 1352 ››

537 1395 701 1465 (Cap.
758 1395 926 1459 XXII,
960 1392 1122 1448 Vers.
1155 1395 1235 1464 2.)
1274 1415 1294 1442 ι
1330 1394 1399 1448 Et
1437 1392 1582 1447 dixit
1629 1393 1678 1446 ei
1733 1398 1917 1448 Deus:
1969 1391 2126 1447 Tolle

469 1483 870 1552 lilium.tuum
903 1481 1298 1553 unigenitum,
1352 1499 1526 1552 quem
1574 1481 1790 1553 diligis,
1845 1482 2024 1543 Isaac,
2072 1493 2131 1542 et

463 1573 606 1628 vade
652 1573 710 1627 in
759 1578 974 1626 terram
1036 1569 1350 1640 excelsam,
1434 1575 1490 1624 et
1538 1572 1678 1624 oil‘er
1742 1569 1906 1625 illum
1954 1570 2034 1624 ibi
2064 1569 2123 1624 in
2235 1584 2552 1638 possumus
2581 1568 2794 1636 dicere,
2844 1569 2931 1624 vel
2975 1570 3310 1642 spinetum:
3358 1577 3417 1628 et
3464 1578 3524 1628 ut
3569 1573 3706 1627 verbi
3731 1572 3817 1626 vim

463 1661 875 1716 holocaustum
935 1677 1113 1730 super
1141 1676 1322 1714 unum
1355 1659 1425 1713 de
1465 1659 1764 1714 montibus
1813 1677 1986 1731 quem
2018 1676 2124 1730 ego
2232 1655 2704 1728 interpretemur,
2738 1659 3032 1714 condensa
3067 1663 3124 1714 et
3172 1660 3330 1716 inter
3371 1678 3432 1716 se
3475 1660 3703 1734 implexa
3727 1660 3813 1716 vir-

463 1746 654 1800 dicam
699 1745 828 1800 tibi.
866 1769 892 1793 ››
924 1745 1167 1800 Difﬁcile
1198 1750 1286 1799 est
1319 1745 1536 1799 idioma
1557 1745 1767 1816 linguae
1801 1747 2119 1802 Hebraezein
2155 1777 2202 1842 B
2231 1743 2415 1816 gulta.
2451 1745 2610 1800 Unde
2641 1751 2698 1800 et
2728 1747 3118 1817 Symmachus
3147 1748 3208 1804 in
3232 1749 3499 1806 eamdem
3523 1751 3710 1805 ductus
3735 1749 3819 1820 opi-

466 1834 737 1889 Latinum
787 1850 1117 1888 sermonem
1147 1838 1387 1888 vertere.
1424 1833 1530 1888 Ubi
1555 1851 1708 1889 nunc
1731 1835 1966 1902 dicitur,
1989 1837 2124 1891 vade
2155 1832 2199 1842 ”
2232 1832 2486 1888 nionem.
2522 1857 2548 1882 ‹‹
2582 1833 2650 1888 Et
2679 1835 2968 1906 apparuit,
3001 1835 3102 1906 ait,
3135 1836 3289 1893 aries
3323 1844 3457 1910 post
3477 1838 3580 1893 hoc
3615 1842 3818 1893 mlestus

461 1925 522 1978 in
565 1928 773 1978 terram
800 1925 1090 1991 excelsam,
1126 1923 1184 1976 in
1217 1923 1452 1977 llebrzeo
1484 1922 1674 1989 habet,
1701 1942 1880 1979 non».
1903 1926 2122 2003 (rma),
2231 1920 2288 1975 in
2330 1926 2447 1994 rete
2478 1922 2753 1978 cornibus
2785 1924 2930 1978 suis.
2971 1947 2991 1972 ι
3027 1923 3246 1980 Verum
3279 1926 3647 1998 quibusdam,
3673 1927 3715 1980 in
3731 1926 3812 1980 hoc

461 2013 616 2085 quod
643 2011 853 2084 Aquila
891 2011 1318 2078 transtulittiw
1389 2019 1691 2088 καταφανῆ,
1729 2013 1842 2068 hoc
1914 2019 2002 2068 est
2034 2015 2120 2068 lu-
2231 2010 2512 2064 duntaxat
2567 2009 2692 2065 loco
2747 2010 2957 2068 melius
3013 2013 3290 2070 videntur
3348 2015 3689 2089 interpretati
3723 2031 3818 2070 esse

456 2101 637 2158 cidam
685 2118 697 2156 :
730 2102 1138 2174 Symmachus.
1170 2107 1272 2168 τῆς
1317 2099 1596 2168 ὀπτασίας,
1622 2101 1729 2156 huc
1757 2109 1846 2158 est
1873 2105 2116 2158 visionis-

455 2191 637 2246 Aiunt
686 2208 818 2261 ergo
853 2189 1070 2246 Hebrmi
1091 2190 1248 2244 hunc
1273 2199 1528 2245 monlem
1551 2207 1678 2246 esse
1701 2192 1756 2246 in
1779 2208 1894 2264 quo
1921 2197 2120 2265 postea

455 2281 740 2353 templum
809 2280 1108 2335 conditum
1157 2283 1246 2334 est
1301 2280 1358 2334 in
1407 2296 1541 2334 area
1591 2281 1755 2335 Ornm
1805 2281 2115 2346 Jcbuszoi‘,

455 2369 608 2440 sicut
653 2373 711 2424 et
739 2369 798 2424 in
849 2369 1308 2441 Paralipomenis
1359 2369 1642 2448 scriptum
1683 2375 1807 2425 est:
1842 2373 1906 2425 Et
1945 2388 2134 2443 caepea

453 2464 583 2513 runt
629 2458 906 2515 aediﬁcare
931 2459 1192 2528 templum
1223 2475 1285 2513 ιη
1312 2475 1498 2513 mense
1512 2459 1768 2522 secundo,
1796 2461 1855 2514 in
1881 2461 2116 2516 secunda

451 2548 540 2603 die
606 2549 808 2602 mensis
874 2551 935 2602 in.
1000 2552 1182 2602 monte
1245 2549 1472 2605 Maria5
1538 2549 1610 2615 (Il
1674 2550 1863 2604 I’aral.
1923 2551 2108 2618 111,4).

451 2635 558 2702 Qui
609 2635 824 2690 idcirco
857 2635 1200 2691 illuminans
1220 2636 1633 2707 interpretatur
1652 2641 1708 2690 ct
1729 2635 2112 2710 lucens,'quia

449 2724 604 2781 888
655 2724 734 2779 ibi
783 2730 872 2779 est
919 2743 1085 2780 auem
1134 2726 1332 2796 (Ἧι-τ),
1385 2724 1494 2780 hoc
1539 2731 1627 2779 est
1654 2727 1937 2780 oraculum
1968 2727 2104 2782 Dei:

448 2819 506 2869 et
573 2814 685 2870 Lex
717 2817 774 2868 ct
798 2813 1047 2886 Spiritus
1079 2823 1339 2880 sanctus,
1373 2813 1473 2884 qui
1507 2814 1670 2867 docet
1700 2814 1968 2870 homines
1987 2805 2107 2870 veri

447 2906 646 2970 tatem,
682 2897 760 2970 let
789 2901 1036 2974 inspirat
1065 2901 1420 2974 prophetias.

514 2990 703 3062 (Vers.
747 2992 803 3059 3,
824 2992 944 3063 4.)‹‹
964 2991 1190 3046 Etabiit
1207 2991 1265 3045 in
1286 2989 1502 3056 locum,
1525 3007 1698 3062 quem
1713 2991 1858 3046 dixit
1877 2992 1927 3047 ei
1951 2992 2104 3048 Deus

445 3079 504 3136 in
534 3080 627 3135 die
656 3079 846 3136 tertia.
889 3080 1260 3135 "Notandum
1293 3081 1444 3150 quod
1473 3079 1529 3133 in
1554 3080 1785 3135 Geraris
1808 3097 1996 3153 usque
2024 3083 2096 3137 ad

2229 2099 2610 2170 Septuaginta
2640 2104 2696 2154 ct
2717 2099 3056 2171 Theodotio,
3091 2102 3194 2174 qui
3229 2104 3428 2176 ipsum
3458 2121 3656 2160 nomen
3684 2119 3814 2158 sanes

2228 2187 2393 2272 (3'10)
2454 2193 2794 2258 posuerunt,
2827 2189 3128 2246 dicentes:
3169 2215 3189 2240 ι
3230 2193 3296 2247 In
3341 2191 3590 2265 virgulto
3640 2189 3815 2247 Sabech

2227 2276 2502 2331 cornibus
2528 2277 2672 2332 suis.
2713 2300 2739 2324 »
2786 2278 3012 2334 Etenim
3061 2280 3331 2355 συχνεὼν,
3386 2282 3508 2339 sive
3553 2279 3816 2352 rete,quod

2222 2364 2434 2436 Aquila
2462 2365 2658 2436 posuit
2705 2371 2762 2422 et
2808 2367 3219 2438 Symmachus,
3281 2389 3387 2442 per
3441 2389 3533 2427 sm
3578 2371 3666 2444 (Ψ)
3705 2369 3816 2423 litte-

2222 2469 2345 2508 ram
2377 2453 2688 2510 scribitur:
2737 2455 2830 2511 hic
2873 2473 3006 2512 vero
3059 2458 3144 2529 (ε)
3193 2476 3421 2515 SAMECH
3451 2459 3635 2515 littera
3672 2455 3816 2530 posita

2221 2547 2341 2598 est:
2375 2558 2443 2598 ex
2473 2560 2590 2616 quo
2623 2545 2999 2602 manifestum
3030 2553 3120 2603 est
3159 2564 3281 2604 non
3334 2548 3816 2623 interpretationem

2221 2631 2490 2704 stirpium
2526 2634 2976 2700 condensarum,
3007 2640 3064 2690 et
3093 2635 3153 2690 in
3179 2638 3430 2694 modum
3462 2637 3599 2694 retis
3637 2637 3824 2691 interse

2217 2720 2468 2793 virgulta
2497 2726 2763 2778 contexta
2807 2724 3050 2779 verbum
3091 2724 3324 2794 Sabech,
3377 2727 3476 2782 sed
3529 2741 3720 2782 nomen
3745 2738 3815 2777 so-

2217 2827 2356 2864 nare
2384 2809 2622 2882 virgulti
2646 2813 2685 2874 τ,
2721 2813 2875 2884 quod
2909 2812 2990 2868 ita
3016 2815 3304 2870 Hebraice
3331 2815 3566 2871 dicitur.
3592 2815 3694 2886 Ego
3718 2826 3817 2867 vero

2215 2897 2524 2969 diligenter
2582 2900 2946 2971 inquirens”,
3005 2902 3288 2976 συχνεὼνπι
3348 2920 3454 2978 per
3509 2919 3712 2960 summa
3756 2899 3816 2970 (ε)

2213 2986 2464 3042 litteram
2498 2989 2672 3044 scribi
2708 2991 2914 3046 crebro
2946 2991 3157 3062 reperi.

2120 3147 2166 3215 Ο
2282 3074 2468 3143 (Vers.
2499 3075 2612 3147 Μ.)
2641 3079 2816 3149 εωο
2853 3102 2879 3129 ι(
2923 3079 2993 3134 Et
3037 3080 3265 3136 vocavit
3313 3081 3610 3138 Abraham
3649 3092 3817 3136 nomen

515 3206 529 3238 ³
563 3203 958 3277 IdemBegin.
993 3221 1102 3259 ms.
1132 3206 1247 3259 sive
1275 3205 1331 3277 in
1354 3205 1480 3259 aulo
1503 3203 1754 3260 illambre.
1779 3205 1922 3260 Vide
1952 3222 2079 3277 quae
2123 3201 2159 3215 “
2195 3204 2448 3260 Salomon
2480 3201 2753 3277 aedi/itare
2795 3202 3016 3277 domum
3044 3204 3269 3277 Domini
3335 3208 3397 3262 in
3449 3205 3736 3277 Jerusalem
3772 3201 3815 3254 in

440 3291 620 3348 supra
649 3275 710 3330 in
740 3274 888 3331 libr—0
923 3277 1201 3330 Locorum
1233 3275 1304 3330 ad
1335 3293 1530 3330 vocem
1562 3277 1721 3331 .lElon
1750 3277 1821 3331 dc
1860 3274 2082 3334 Aulone
2189 3276 2608 3348 monie__ll_loria,
2661 3278 2769 3328 etc.
2816 3275 2960 3329 Hinc
3010 3275 3398 3348 manifestum
3445 3281 3554 3344 est,
3597 3274 3696 3332 nisi
3744 3288 3814 3348 me

439 3343 717 3402 diiimus.
2189 3347 2344 3404 fallo.
2379 3345 2803 3416 Hieronymum
2855 3346 3190 3402 memoriter
3233 3347 3396 3404 hunc
3449 3348 3642 3404 locum
3690 3343 3817 3400 reci-

509 3421 530 3452 ²
559 3419 830 3491 salutaris
856 3423 934 3473 est
965 3417 1111 3472 dicta
1153 3416 1487 3491 cognomen
1537 3423 1625 3472 est
1673 3417 1900 3491 aliquot
1948 3435 2078 3491 pro-

435 3489 790 3560 vinciarum,
874 3506 975 3543 seu
1062 3487 1315 3560 partium
1380 3488 1640 3560 illarum,
1709 3487 2077 3560 Macedonia),

439 3507 790 3554 Vinciarum,
874 3507 975 3543 seu
1103 3507 1315 3543 aruum
1380 3507 1640 3555 marum,
1709 3507 2072 3556 macedonum.

439 3559 1011 3642 thygize,-§}alatim,
1062 3507 1259 3632 gyrim,
1311 3559 1632 3616 Palestinm.
1684 3561 1933 3617 Consule
1965 3557 2072 3619 lib.

439 3632 688 3687 Notitim.
724 3632 1005 3687 Manum.

505 3735 575 3745 —
601 3703 886 3759 Salutaris
916 3703 1071 3758 dicta
1103 3705 1210 3774 est,
1245 3718 1370 3774 quze
1403 3701 1709 3774 Paleestina
1739 3704 1931 3759 Tertia
1970 3704 2080 3759 sub

437 3774 668 3830 initium
702 3774 890 3845 quinti
924 3794 957 3828 a
1008 3773 1236 3830 Christo
1274 3773 1477 3828 'secculi
1529 3775 1587 3828 in
1635 3775 1770 3829 Cod.
1820 3775 2080 3830 Theodo-

435 3845 620 3918 siano,
655 3847 918 3918 atquein
969 3845 1437 3918 Notitia'impcrii
1489 3845 1851 3918 frequentius
1893 3847 2076 3918 audit.

434 3917 555 3972 Sub
587 3915 872 3970 Salutaris
901 3932 1034 3970 vero
1087 3916 1342 3982 nomine,
1395 3933 1508 3987 quo
1558 3915 1663 3970 non
1713 3927 1838 3972 ante
1866 3917 2083 3986 grande

432 3995 636 4058 tempus
666 4003 735 4041 ea:
764 3987 1033 4041 divisione
1067 3987 1371 4058 Praesidum
1419 3990 1732 4042 Palaestina?
1777 3989 2078 4052 donatam,

433 4057 1068 4130 Hieronymusmtradit.
1122 4057 1330 4130 primo,
1384 4061 1535 4130 quod
1576 4061 1777 4128 sciam,
1829 4061 2083 4113 occurrit

433 4130 544 4202 leg.
575 4131 609 4183 3
640 4128 776 4184 Cod.
807 4128 1095 4202 'l‘hcodos.
1125 4128 1194 4184 de
1225 4128 1733 4201 Protostasia,quze
1767 4147 1918 4185 anno
1967 4130 2084 4184 lata

431 4201 520 4257 est
583 4202 688 4257 397
745 4201 985 4256 Pra’sidi
1067 4203 1264 4272 Hygia).
1340 4203 1698 4272 Palasstinw,
1738 4202 1893 4272 quod
1971 4206 2080 4266 est,

429 4275 701 4329 Salutaris
731 4273 1092 4338 Palwslinm;
1128 4271 1264 4327 nam
1297 4274 1450 4344 quod
1486 4272 1656 4342 vulgo
1687 4271 1902 4344 legitur
1945 4274 2079 4342 Fry-

428 4346 559 4414 θέω,
594 4347 873 4400 mendum
907 4345 1234 4398 scribarum
1266 4341 1414 4409 esse,
1449 4341 1613 4398 docti
1656 4341 1769 4414 viri
1811 4341 2079 4414 observa-

431 4413 588 4471 runt.
623 4422 902 4471 Creterum
936 4421 994 4470 et
1045 4415 1304 4470 Bersabee
1358 4414 1572 4468 mentio
1622 4419 1710 4468 est
1754 4413 1810 4466 in
1845 4413 2082 4470 laudata

2191 3425 2364 3476 tasse.
2401 3418 2686 3472 ΜΑιιτιΑΝ.
3797 3469 3816 3482 ,

2259 3492 2280 3524 δ
2313 3490 2520 3560 Aquila
2543 3489 2822 3560 solvamus.
2842 3489 3228 3558 interpretatus
3257 3499 3356 3546 est.
3394 3489 3542 3546 Male
3570 3489 3627 3543 in
3652 3483 3795 3560 editis

2191 3554 2474 3638 scriptum
2505 3554 2777 3638 legimus,
2812 3554 3020 3638 cupa},
3068 3576 3204 3615 cum
3253 3561 3460 3638 omnia
3488 3554 3810 3638 exemplaria

2194 3631 2336 3688 mss.
2369 3631 2658 3703 retineant
2700 3631 2998 3703 σμχνεῷνα,
3049 3647 3083 3685 a
3131 3647 3270 3703 voce
3331 3632 3558 3688 scilicet
3611 3631 3811 3703 συχνεὼν

2189 3703 2435 3759 inferius
2468 3702 2666 3773 posita
2689 3691 2867 3756 etiam
2895 3701 2952 3755 in
2985 3691 3284 3758 veteribus
3304 3704 3657 3760 editionibus
3677 3691 3812 3755 Eras-

2192 3775 2388 3830 miana
2417 3772 2484 3828 et,
2533 3772 2858 3827 Marianaaa.
2906 3784 3028 3858 ηιξ)
3076 3773 3280 3829 Sabech
3330 3775 3514 3847 igitur
3543 3774 3809 3830 Hebreum

2189 3860 2616 3934 apuquuilaim
2650 3866 2790 3934 erat
2824 3861 2852 3914 ὁ
2901 3861 3166 3934 συχνεῲν,
3221 3867 3287 3917 ut
3335 3868 3502 3920 testa
3522 3868 3622 3918 tur
3647 3860 3810 3916 Hiero-

2192 3931 2430 4006 nymus,
2459 3931 2559 4004 qui
2612 3933 2876 4002 ejusdem
2926 3931 3182 3988 nominis
3228 3935 3808 4058 masculinumfenus

2192 4005 2429 4058 indicat.
2463 4006 2662 4058 dicens
2689 4020 2700 4057 :
2737 4006 2903 4058 (luem
2932 4019 3029 4058 nos
3057 4020 3276 4058 veprem
3306 4022 3597 4058 possumus
3675 4003 3804 4058 icere.

2192 4003 2429 4070 indicat,
2463 4003 2662 4058 dicens
2689 4020 2700 4057 :
2737 4006 2903 4070 Quem
2932 4019 3029 4058 nos
3057 4020 3276 4075 veprem
3300 4022 3597 4078 possumus
3639 4003 3804 4062 dicere.

2190 4078 2273 4132 vel
2333 4079 2625 4148 spinetum,
2674 4080 3069 4148 _etc._7t:u‘anta
3116 4093 3306 4148 gporro
3377 4078 3555 4134 fuerit
3582 4085 3805 4148 errorum

2193 4143 2442 4214 occasio,
2477 4146 2535 4218 in
2569 4144 2775 4200 multis
2805 4145 2970 4200 libris
3001 4163 3068 4201 ex
3100 4143 3415 4218 depravata
3456 4149 3688 4204 lectione
3714 4143 3804 4198 buv

2185 4220 2286 4292 jus
2318 4216 2720 4292 loci,_lo_ngum
2754 4223 2844 4272 est
2864 4234 3136 4292 enarrare
3175 4216 3267 4292 ac,
3300 4221 3492 4276 nimis
3513 4229 3806 4292 Operosum.

2193 4291 2325 4364 ldeo
2359 4287 2505 4344 satis
2539 4289 2822 4364 habemus
2852 4289 3167 4364 genuinam
3206 4287 3808 4364 Hieronymihnamqne

2199 4361 2507 4417 lectionem
2538 4359 2876 4414 rcstitueref
2901 4361 3185 4416 MARTIAN.
3215 4402 3219 4406 .

2265 4464 2330 4470 —
2365 4431 2513 4486 Olim
2633 4433 2838 4505 συχγῷ,
2862 4431 2949 4505 vel
2977 4429 3029 4484 ἐν
3052 4435 3283 4505 copam.
3311 4433 3449 4489 Cod.
3469 4426 3804 4505 ACoislinian,

427 4487 644 4584 Eotitia
695 4488 1052 4584 dignitatum
1106 4485 1360 4556 imperii,
1405 4486 1502 4584 ubi
1555 4486 1665 4584 such
1698 4484 2081 4584 dispositione

2211 4508 2342 4584 :este
2373 4484 2952 4584 Illonti'aucoiiio,’qui
2979 4508 3036 4558 et
3067 4484 3448 4584 siliceriprer—n
3467 4484 3619 4558 hanc
3631 4504 3687 4584 et
3711 4484 3808 4582 ple;

428 4558 731 4614 Palestina:
764 4557 951 4630 primo
1001 4558 1124 4612 loco
1179 4561 1556 4612 recensentur
1604 4557 1824 4626 Equites
1864 4559 2081 4614 Dalma-

429 4640 502 4687 tae
529 4631 846 4698 Illyriciani
871 4631 1186 4685 Berosabze.

498 4710 784 4765 3Addunt
853 4710 1091 4780 quidam
1144 4724 1289 4763 mss.
1362 4706 1586 4776 reliqua
1648 4707 1765 4761 dua
1794 4709 2066 4765 versiculi

429 4783 609 4853 hujus
640 4782 834 4846 verba,
867 4781 1060 4853 diebus
1089 4781 1302 4833 multis.

499 4850 525 4888 θ’
565 4858 733 4910 Hunc
785 4852 949 4909 facile
1009 4852 1203 4906 locum
1253 4850 1554 4920 spectabat
1601 4850 1658 4903 S.
1709 4851 2071 4921 Augustinus

429 4922 530 4979 lib.
561 4943 657 4981 xv1
721 4925 785 4980 de
853 4925 1012 4989 Civil,
1079 4922 1192 4989 Dei,
1225 4922 1313 4984 32,
1387 4921 1482 4974 ubi
1517 4921 1588 4974 de
1649 4928 1842 4976 monte
1899 4927 2073 4977 Moria

427 4995 530 5056 ait.
563 4996 1008 5068 «illicronymus
1042 4995 1342 5065 presbyter
1374 4991 1629 5068 scripsit,
1663 5009 1724 5048 se
1747 4993 2072 5068 certissime

429 5082 464 5119 a
487 5067 817 5136 senioribus
839 5064 1193 5136 Uudzeo’rumi
1241 5064 1599 5136 cognovisse,
1625 5064 1804 5136 quod
1839 5064 1915 5118 ibi
1962 5064 2070 5118 im-

433 5135 688 5193 molatus
745 5140 822 5194 sit
875 5145 1054 5194 Isaac.
1093 5160 1119 5185 ››
1154 5135 1334 5191 Vetus
1361 5135 1480 5190 haec
1513 5135 1746 5191 traditio
1770 5139 1877 5189 cst.

500 5213 520 5245 ⁵
548 5215 800 5270 Adnotat
832 5217 1221 5278 Martianmus.
1273 5216 1440 5271 aliter
1481 5216 1536 5268 in
1568 5215 1822 5269 secundo
1857 5212 2069 5268 Parali-

433 5299 589 5351 pom.
662 5286 858 5348 scribi,
927 5289 987 5340 Et
1017 5291 1174 5342 crevit
1240 5288 1493 5342 Salomon
1521 5285 1798 5353 :edificare
1855 5284 2074 5339 domum

430 5354 650 5426 Domini
679 5357 736 5407 in
778 5358 1102 5426 Jerusalem
1169 5361 1226 5411 in.
1293 5367 1471 5412 monte
1539 5357 1743 5411 Maria:
1799 5356 2072 5426 huncquc

431 5424 573 5499 adeo
643 5424 993 5480 versiculum
1058 5430 1389 5484 memoriter
1453 5433 1610 5499 putat
1676 5427 1899 5482 laudari
1967 5424 2072 5481 abs

441 5496 810 5567 Hieronymo.

502 5599 577 5641 -γ
603 5566 953 5641 Et'g'trporinzl
1001 5566 1285 5635 (eiii/icarc
1325 5571 1586 5641 templum
1619 5575 1728 5625 etc.
1784 5569 1955 5626 Libro
1983 5588 2071 5627 se-

434 5640 622 5696 cundo
670 5636 1167 5710 Paralipomenon,
1201 5656 1328 5710 cap.
1360 5636 1443 5704 In,
1467 5659 1614 5697 vers.
1645 5643 1695 5708 1,
1729 5658 1841 5697 non
1869 5643 2072 5698 eodem

435 5713 610 5772 modo
640 5707 926 5786 legimus:
968 5707 1049 5766 ibi
1079 5709 1237 5768 enim
1273 5707 1581 5784 scriptum
1641 5707 1730 5772 eet
1759 5731 1774 5774 :
1807 5715 1870 5770 Et
1915 5716 2075 5787 ca’pit

2197 4574 2420 4648 niorem
2479 4572 2700 4648 aquila
2760 4572 3067 4648 lectionem
3126 4579 3309 4648 putat,
3346 4573 3399 4628 ἐν
3462 4575 3729 4648 cumam,
3766 4572 3805 4618 ἐν

2192 4646 2408 4720 κέρασιν
2443 4642 2605 4696 αὖτόὖ
2743 4660 2885 4699 mss.
2934 4642 3182 4718 Reginae.
3229 4642 3378 4720 alter
3408 4642 3808 4720 vetustissimus

2189 4712 2629 4788 ΣῨΧΝῌΩΝΛΝ,
2663 4717 2720 4788 et
2775 4712 3202 4788 consequenter
3260 4717 3415 4772 infra
3444 4712 3805 4772 CI‘XNHQNA.

2185 4787 2284 4842 ubi
2337 4786 2545 4842 saltem
2586 4790 2636 4861 ,Η
2689 4785 3239 4861 inLEnmutandum
3307 4789 3519 4861 liquet,
3561 4788 3805 4861 Caeterum

2184 4861 2467 4932 συχνεὼναι
2487 4857 2786 4929 scripserit
2815 4857 3224 4932 Hieronymus,
3259 4864 3322 4915 ut
3353 4855 3572 4932 [quilm
3596 4855 3803 4912 verbum

2191 4929 2298 4984 suo
2330 4933 2559 5001 aptaret
2589 4929 2906 5001 contextui.
2939 4999 2944 5001 Α
3419 4929 3435 4932 ⁷
3577 4997 3593 5001 _
3760 4989 3769 4998 ,

2255 5003 2274 5035 ⁷
2307 4997 2604 5072 Diodorus
2643 4999 2703 5054 in
2752 4999 3004 5072 Catenis,
3022 5001 3125 5072 __ab
3179 5002 3385 5072 eodem
3406 4997 3800 5072 Montfauconig

2183 5070 2464 5152 laund'atis,
2485 5071 2557 5152 :cb
2590 5060 3136 5152 ἐνΜφυῖῷυούίὲχει
3167 5072 3196 5126 ὁ
3228 5069 3426 5152 Σύρρςο
3446 5088 3630 5152 ⁹μονον
3669 5060 3801 5152 ὃξντὸ

2185 5138 2384 5220 Σαϐἑὶς
2417 5134 2578 5220 ’τὸῦΞο
2627 5134 2696 5220 ,δὲ’
2720 5134 2806 5220 ’τρ⁷
2832 5134 3008 5220 ὅνομᾳ
3051 5134 3164 5220 Ῑέοὖι⁵
3195 5134 3366 5220 morbii
3421 5134 3554 5194 εἶξαι
3594 5134 3798 5220 veg-Kl”.

2181 5213 2305 5276 Τοίς
2339 5210 2395 5268 δὲ
2449 5208 2724 5292 Ἑϐρᾳίίξις
2758 5209 2907 5292 Bone?
2933 5204 2996 5292 ire
3049 5204 3231 5268 Σαϐὲδὶ
3281 5211 3464 5292 ᾅφεσιν
3523 5204 3800 5292 misitviat-

2178 5291 2356 5357 Syrus
2411 5303 2522 5341 non
2551 5275 2753 5351 'habet,
2801 5287 2860 5340 in
2915 5287 3171 5356 virgulto,
3222 5275 3340 5342 sed'
3371 5275 3800 5357 tantumr'jqbefz

2183 5347 2288 5412 Hoc
2335 5365 2514 5412 autem
2567 5347 2759 5412 nomeu
2813 5373 2926 5412 esse
2973 5347 3203 5427 virgulti
3256 5357 3526 5412 existimo.
3597 5347 3797 5406 Ηιὺνκὶ

2179 5428 2953 5502 putant._Salicesigni/icare
2981 5430 3376 5502 remissionem.
3436 5496 3446 5502 .
3501 5499 3507 5502 Α
3591 5491 3602 5502 ,

2255 5501 2275 5531 ⁸
2299 5498 2482 5572 Multa
2512 5497 2568 5572 in
2606 5496 2755 5553 hanc
2785 5496 2908 5554 rem
2941 5500 3206 5572 exempla
3253 5518 3285 5555 e
3329 5496 3635 5570 Scripturis
3676 5500 3794 5543 con-

2190 5570 2340 5643 gerit
2372 5567 2764 5643 Martianmus.

2255 5673 2322 5682 —
2368 5640 2669 5717 Inquireus
2719 5645 3016 5717 συχνεῶνκ.
3066 5643 3458 5717 Verissimum
3483 5627 3792 5717 compecti}:

2185 5718 2284 5772 tur
2312 5699 2467 5785 quod
2497 5712 2581 5771 ait
2603 5699 3032 5788 Hieronymus;
3065 5699 3228 5774 nam-
3249 5699 3478 5786 ubique
3526 5707 3584 5765 in
3607 5699 3792 5760 ’ωπίο
