4058 6172
488 298 648 389 θυαε

1725 309 1791 381 s.
1837 298 2150 378 ausam!
2193 292 2669 382 attinemur.

3660 304 3789 388 ιω

483 434 679 509 ablata
701 450 773 509 de
803 449 932 525 ejus
962 447 1198 509 nomine
1226 452 1316 510 est
1347 466 1361 509 2
1393 453 1451 508 et
1479 467 1582 526 pro
1611 468 1837 508 spanos:
1867 447 2126 521 appella-
2158 449 2210 514 A
2239 446 2532 524 Scriptum
2565 453 2857 527 siquidem
2889 454 2978 510 est
3009 452 3068 510 in
3099 452 3207 511 Job
3238 470 3251 510 :
3283 452 3533 526 Sapientia
3565 432 3683 513 unde
3720 456 3789 529 ia-

479 550 580 609 ωε
596 545 685 600 est
704 541 1325 617 aram,signillcante
1340 542 1778 615 Scriptura,non
1796 559 1931 598 eum
1948 542 2132 597 fuisse

488 630 910 689 consummatis
941 632 1325 705 perfectaeque
1345 631 1706 704 virtutis,qui
1737 633 1994 705 potuerit
2018 648 2138 707 me-

485 722 704 779 morias
733 722 981 778 vendere
1014 725 1401 778 mortuorum.
1435 721 1634 778 Sciant
1663 722 1861 794 igitur,
1894 722 1994 794 qui
2044 739 2134 778 se-

488 810 697 885 pulcra
725 804 870 869 84]
911 810 1234 878 venditant,
1286 815 1341 867 et
1384 828 1500 867 non
1548 815 1853 885 coguntur,
1889 815 1951 867 ut
1980 812 2133 867 acci-

476 902 644 974 piant
675 900 1060 975 pretium,sed
1078 918 1110 957 a
1131 898 1465 957 nolentibus
1493 917 1725 974 quoque
1758 906 2125 974 extorquent,

476 990 779 1048 immutari
811 1006 1025 1047 nomen
1059 1007 1255 1059 suum,
1289 994 1346 1046 et
1374 991 1562 1063 perire
1607 991 1746 1063 quid
1796 991 1868 1046 de
1920 991 2128 1047 merito

477 1083 704 1147 eurum,
731 1096 866 1135 cum
899 1079 1077 1135 etiam
1108 1078 1206 1136 ille
1232 1078 1691 1153 reprehendatur
1739 1079 1986 1151 occulte,
2023 1080 2125 1153 qui

478 1162 698 1227 invitus
729 1169 1033 1241 acceperit.

513 1254 703 1331 (Cap.
736 1258 921 1315 XXIV.
955 1291 1023 1299 —
1055 1258 1219 1315 Vers.
1260 1259 1338 1331 9.)
1389 1259 1459 1314 Et
1508 1259 1705 1331 posuit
1750 1275 1954 1315 servus
1999 1277 2122 1316 ma-

475 1358 617 1424 num
649 1364 819 1405 suam
851 1349 964 1404 sub
997 1348 1213 1405 femore
1245 1348 1485 1403 Abrahae
1518 1348 1739 1404 domini
1773 1348 1886 1416 sui,
1920 1354 1977 1405 et
2016 1350 2120 1420 ju-

473 1436 624 1494 ravit
652 1438 703 1494 ei
734 1454 912 1510 super
938 1438 1113 1493 verbo
1143 1437 1273 1493 hoc.
1307 1468 1377 1477 —
1405 1436 1666 1492 Tradunt
1694 1438 1937 1509 Hebraei,
1963 1440 2117 1510 quod

472 1526 533 1582 in
563 1526 1020 1583 sanctiﬁcatione
1065 1528 1214 1598 ejus,
1265 1526 1374 1582 hoc
1420 1531 1527 1595 est,
1570 1526 1627 1581 in
1674 1526 2118 1584 circumcisione

2252 543 2575 599 venietur‘?
2602 545 2665 600 Et
2701 544 2822 617 quis
2852 543 3000 599 locus
3044 542 3374 600 intellectus?
3414 549 3460 599 et
3502 538 3793 600 abscondelui

2249 632 2316 687 ab
2346 635 2517 689 oculis
2547 635 2725 690 omnis
2754 634 2908 691 842
2941 634 3166 689 viventis
3215 634 3325 701 (Job
3369 650 3543 702 xxvm,
3583 632 3680 700 21).
3711 630 3791 689 Ubi

2245 738 2403 778 nunc
2433 722 2711 787 diximus,
2743 723 3114 791 abscondetur,
3140 721 3200 777 in
3247 721 3465 778 Hebraeo
3494 724 3692 793 propter
3722 721 3796 777 de-

2244 810 2619 868 clinationem
2650 811 2811 868 verbi
2843 810 3009 867 aliter
3036 806 3368 884 ﬁguratum,
3389 795 3794 883 mutamus”)

2241 900 2474 957 dicitur.
2510 901 2652 957 Huic
2686 901 2825 974 quid
2866 900 3077 968 simile,
3127 899 3261 956 licet
3305 897 3599 955 masculino
3638 914 3798 971 genere

2239 989 2580 1058 dcclinetur,
2614 994 2671 1046 et
2700 991 2760 1046 in
2792 991 3125 1063 Regnorum
3155 989 3320 1045 libris
3350 982 3609 1060 scriptum
3636 991 3727 1052 est,
3752 1004 3797 1042 ex

2235 1096 2487 1152 persona
2538 1078 2726 1135 Elisazi
2788 1078 3082 1151 loquentis
3139 1078 3210 1133 ad
3269 1076 3456 1133 Giezi:
3494 1076 3553 1131 Et
3593 1076 3799 1132 Dominus

2232 1169 2508 1225 abscondit
2536 1186 2571 1224 α
2599 1186 2685 1225 me
2715 1169 2806 1240 (IV
2829 1173 2965 1241 Reg.
3022 1184 3100 1234 IV,
3150 1167 3265 1239 27).
3318 1167 3457 1239 Ergo
3484 1183 3639 1235 ALMA,
3686 1164 3799 1237 quod

2232 1256 2649 1331 interpretatur
2684 1257 3018 1323 abscondita,
3049 1256 3107 1313 id
3139 1260 3249 1322 est,
3288 1255 3464 1328 virgo,
3510 1253 3670 1309 nimia
3705 1250 3799 1307 dili-

2230 1347 2428 1420 gentia
2458 1348 2770 1418 custodita,
2796 1347 3039 1418 majoris
3069 1344 3214 1401 mihi
3245 1344 3470 1400 videtur
3498 1342 3669 1399 laudis
3694 1357 3801 1411 esse,

2229 1453 2406 1510 quam
2437 1437 2620 1508 virgo.
2653 1436 2828 1509 Virgo
2861 1435 3079 1508 quippe
3100 1424 3621 1506 juxta‘Apostolum
3662 1434 3804 1503 potest

2226 1542 2357 1581 esse
2387 1542 2647 1597 corpore,
2679 1529 2736 1580 et
2765 1542 2880 1582 non
2913 1524 3147 1597 spiritu.
3176 1522 3526 1579 Abscondita
3551 1536 3686 1585 vero,
3712 1536 3803 1591 qua

462 1612 771 1688 jureverit.
795 1616 912 1672 Nos
958 1620 1151 1672 autem
1199 1615 1470 1687 dicimus,
1495 1617 1732 1687 jurassc
1762 1632 1896 1672 eum
1928 1616 1987 1671 in
2020 1633 2115 1672 se-
2222 1614 2385 1688 virgo
2434 1618 2544 1683 est,
2576 1612 2817 1669 ἐπίτασιν
2856 1604 3328 1687 (incrementum)
3372 1609 3694 1681 virginitatis
3731 1608 3803 1662 ba-

470 1704 627 1760 mine
656 1704 923 1772 Abrahae,
956 1704 1066 1761 hoc
1095 1710 1202 1771 est,
1231 1706 1290 1761 in
1320 1704 1568 1774 Christo,
1602 1706 1701 1778 qui
1745 1722 1814 1761 ex
1862 1704 1960 1762 illo
2010 1723 2112 1762 na-
2223 1702 2339 1772 bet,
2374 1708 2438 1759 ut
2465 1708 2523 1761 et
2550 1703 2713 1776 virgo
2743 1703 2839 1770 sit,
2871 1707 2928 1759 et
2951 1701 3318 1757 abscondita.
3352 1701 3419 1756 Et
3459 1716 3580 1772 quas
3614 1697 3803 1755 abscon-

468 1790 726 1871 s'citurus
775 1797 921 1862 erat,
945 1794 1115 1865 juxta
1162 1791 1590 1866 Evangelistam
1638 1793 1993 1865 Matthmum,
2029 1794 2111 1850 lo-
2227 1792 2350 1848 dita
2377 1797 2484 1859 est,
2510 1793 2681 1864 juxta
2708 1791 2928 1848 idioma
2955 1791 3168 1864 linguae
3206 1790 3479 1859 Hebraeae,
3511 1802 3802 1885 consequen-

468 1882 746 1949 quentem
779 1900 792 1938 :
826 1881 987 1937 Liber
1015 1884 1388 1956 generationis
1440 1885 1565 1939 Iesu
1603 1882 1806 1939 Christi
1848 1884 1960 1955 ﬁlii
2008 1887 2117 1941 Da-
2149 1870 2196 1885 υ
2225 1886 2314 1938 ter
2342 1886 2399 1938 et
2427 1882 2588 1955 virgo
2619 1885 2736 1951 est;
2770 1898 2897 1954 quas
2932 1885 3127 1937 autem
3158 1879 3343 1952 virgo,
3378 1895 3491 1934 non
3539 1870 3708 1934 statim
3742 1890 3802 1929 se-

463 1969 556 2026 υίά
578 1969 687 2041 ﬁlii
714 1966 993 2027 Αδναλαηι
1017 1971 1217 2028 ΜαιιῙι·
1251 1990 1289 2044 Ι,
1326 1972 1400 2039 ⁴)ο
2226 1971 2448 2043 quitur,
2484 1975 2549 2027 ut
2578 1971 2924 2027 abscondita
2956 1969 3053 2025 sit.
3085 1969 3203 2025 Hoc
3238 1969 3393 2024 idem
3427 1962 3652 2023 verbum
3687 1968 3728 2019 et
3759 1963 3801 2044 in

346 2061 351 2067 ’
538 2060 724 2131 (Vers.
760 2060 872 2133 12.)
902 2084 931 2111 ‹‹
964 2061 1032 2116 Et
1078 2056 1211 2117 tulit
1261 2061 1350 2117 vir
1396 2059 1661 2117 inaurem
1712 2077 1971 2133 auream,
2026 2062 2115 2119 di-
2225 2050 2423 2117 Exodo
2465 2060 2537 2116 de
2584 2060 2767 2116 Maria
2811 2074 3010 2116 sorore
3051 2056 3230 2131 Moysi
3283 2057 3508 2130 virgine
3552 2056 3573 2091 ⁸
3614 2046 3805 2124 legimus

362 2182 377 2201 .
464 2142 811 2206 drachmum
836 2150 1073 2238 pondus
1104 2150 1252 2223 ejus.
1292 2173 1319 2199 »
1350 2150 1500 2207 BACE
1522 2151 1710 2238 (ypn),
1742 2152 1897 2224 quod
1923 2152 1982 2207 in
2005 2152 2115 2208 hoc
2224 2146 2415 2221 (Exod.
2445 2167 2506 2220 ιι,
2540 2150 2616 2219 8).
2650 2149 2976 2205 Ostendant
3003 2146 3190 2238 igitur
3211 2145 3402 2238 Judaei
3447 2145 3505 2238 in
3553 2139 3807 2238 scripturis

461 2237 587 2312 loco
619 2255 723 2312 pro
754 2236 1073 2295 didrachmo
1100 2239 1397 2311 scribitur,
1433 2234 1761 2297 semiuncia
1790 2245 1880 2297 est
1904 2259 1917 2296 :
1944 2258 2115 2297 sacer.
2222 2238 2438 2295 alicubi
2465 2238 2726 2311 positum
2759 2254 2934 2305 ALMA,
2974 2236 3075 2293 ubi
3122 2236 3586 2293 adolescentulam
3610 2234 3806 2294 tantum,

461 2311 639 2415 (ἣρω)
668 2344 801 2384 vero
831 2328 931 2400 qui
964 2329 1167 2385 Latino
1199 2345 1469 2385 sermone
1495 2330 1666 2386 siclus
1695 2334 1965 2402 corrupte
2005 2347 2111 2403 ap-
2221 2331 2279 2384 et
2308 2344 2423 2384 non
2453 2329 2727 2400 virginem
2776 2330 2945 2382 sonet
2996 2342 3009 2381 :
3056 2328 3112 2415 et
3148 2322 3556 2415 concedimus
3578 2320 3671 2390 eis,
3698 2316 3806 2415 illud

459 2406 729 2489 pellatur,
761 2418 950 2474 uncias
982 2418 997 2453 ¹
1031 2418 1259 2491 pondus
1291 2419 1485 2475 habet.
2220 2416 2378 2490 quod
2408 2415 2466 2471 in
2502 2415 2653 2472 Isaia
2681 2416 2836 2488 apud
2888 2431 2994 2470 nos
3045 2413 3266 2469 dicitur
3301 2431 3315 2468 :
3348 2414 3477 2468 Ecce
3502 2412 3642 2481 virgo
3673 2406 3807 2463 conci-

531 2506 717 2578 (Vers.
749 2507 863 2578 43.)
894 2529 923 2557 ‹‹
958 2509 1101 2564 Ecce
1150 2524 1257 2579 ego
1304 2512 1394 2564 sto
1445 2525 1624 2583 super
1668 2509 1887 2565 fontem
1920 2526 2107 2582 aquas,
2214 2508 2352 2578 piet,
2383 2510 2434 2563 et
2457 2507 2662 2578 pariet,
2694 2521 2810 2560 non
2842 2503 3247 2560 absconditam
3275 2501 3583 2575 virginem,
3598 2514 3687 2554 seu
3708 2494 3808 2551 ado-

458 2593 678 2675 et'filim
707 2595 1016 2651 hominum
1047 2596 1297 2653 civitatis
1329 2597 1703 2670 egrediantur
1731 2598 1803 2653 ad
1834 2597 2107 2653 haurien-
2217 2586 2601 2652 lescentulam
2633 2593 2965 2667 significare
2999 2594 3123 2665 jam
3153 2594 3428 2664 nuptam.

458 2683 594 2739 dam
625 2699 840 2756 aquam
869 2702 881 2740 :
916 2688 973 2741 et
1002 2686 1117 2741 erit
1137 2686 1266 2759 virg
1287 2705 1323 2757 ι,
1356 2686 1449 2742 cui
1481 2704 1586 2760 ego
1618 2686 1835 2747 dixero.
1856 2686 1930 2741 da
1960 2685 2105 2741 mihi

456 2766 657 2829 bibere
703 2771 1011 2847 paululum
1068 2790 1232 2847 aqua:
1290 2775 1361 2830 de
1408 2775 1615 2848 hydria
1660 2779 1781 2846 tua,
1827 2797 1855 2824 ››
1901 2777 2009 2830 etc.
2041 2774 2105 2829 In

459 2850 699 2918 Hebraeo
730 2862 1017 2935 scriptum
1050 2865 1140 2918 est
1171 2879 1183 2919 :
1221 2886 1249 2913 ‹‹
1281 2863 1426 2920 Ecce
1456 2879 1561 2935 ego
1592 2867 1755 2921 stans
1774 2866 1945 2936 juxta
1968 2862 2101 2931 rion-

452 2952 572 3007 tém
623 2968 812 3023 aqum,
862 2955 919 3007 et
964 2952 1073 3007 erit
1121 2950 1572 3023 adolescentula,
1606 2969 1731 3025 quae
1775 2950 2105 3025 egredietur

456 3040 531 3096 ad
561 3039 954 3097 hauriendum
988 3057 1002 3098 :
1034 3044 1091 3096 et
1120 3041 1318 3097 dixero
1348 3041 1421 3108 ei,
1455 3041 1538 3097 Da
1568 3042 1710 3097 mihi
1735 3042 1932 3098 bibere
1963 3058 2102 3113 pau-

457 3126 648 3187 lulum
679 3146 846 3202 aqum
880 3131 951 3185 de
984 3129 1191 3202 hydria
1217 3133 1338 3201 tua,
1377 3152 1405 3180 ››
1436 3135 1493 3186 et
1521 3134 1747 3186 caetera.
1778 3132 1889 3186 Pro
1916 3130 2098 3186 adole-

2286 2729 2469 2801 (Vers.
2503 2730 2619 2797 59.)
2649 2750 2677 2779 «
2716 2728 2787 2783 Et
2833 2725 3189 2782 dimiserunt
3235 2724 3558 2780 Rebeccam
3603 2732 3809 2777 sororem

2213 2834 2404 2886 suam,
2437 2822 2495 2874 et
2523 2815 2920 2874 substantiam
2949 2815 3099 2887 ejus,
3130 2817 3188 2869 et
3213 2829 3451 2869 servum
3484 2808 3811 2877 Abraham,et

2210 2906 2363 2963 viros
2393 2906 2495 2979 qui
2524 2922 2660 2963 eum
2691 2922 2760 2961 eo
2788 2908 2973 2961 erant.
3008 2926 3037 2953 ››
3071 2903 3134 2958 In
3183 2901 3429 2958 Hebraeo
3474 2901 3677 2957 habet:
3704 2920 3728 2946 ‹‹
3762 2896 3810 2946 Et

2209 2995 2563 3052 dimiserunt
2591 2996 2913 3051 Rebeccam
2943 3008 3203 3049 sororem
3235 3007 3434 3063 suam,
3480 2993 3537 3046 et
3575 2985 3808 3043 nutricem

2208 3085 2359 3157 ejus,
2405 3088 2463 3139 et
2509 3099 2747 3138 servum
2793 3080 3060 3153 Abrahae,
3111 3085 3169 3137 et
3220 3079 3382 3137 viros
3429 3078 3607 3134 illius.
3639 3077 3809 3131 Decens

2129 3172 2171 3253 α
2210 3172 2427 3246 quippe
2448 3175 2591 3241 erat,
2617 3174 2680 3226 ut
2705 3172 2777 3227 ad
2809 3170 3044 3242 nuptias
3075 3170 3299 3242 abSque
3333 3167 3664 3242 parentibus
3688 3162 3809 3232 virgo

2208 3260 2604 3333 proﬁciscens,
2638 3259 2887 3316 nutricis
2918 3258 3126 3316 solatio
3157 3258 3476 3314 foveretur.

2274 3394 2464 3468 (Vers.
2516 3392 2588 3448 62
2634 3396 2691 3449 et
2732 3392 2847 3463 63.)
2903 3412 2930 3445 α
2980 3391 3048 3447 Et
3095 3387 3222 3462 ipse
3269 3389 3579 3447 habitabat
3606 3388 3664 3443 in
3689 3384 3809 3441 terra

2205 3484 2400 3540 Austri
2434 3500 2447 3539 :
2478 3488 2537 3539 et
2565 3497 2838 3555 egressus
2859 3484 2950 3538 est
2976 3484 3140 3537 Isaac
3169 3478 3429 3536 exerceri
3460 3480 3520 3534 in
3551 3490 3737 3547 campo
3757 3469 3811 3527 ad

2200 3589 2529 3646 vesperam.
2573 3595 2595 3625 ι
2630 3572 2808 3627 Terra
2836 3569 3054 3634 Austri,
3088 3569 3371 3626 Geraram
3402 3567 3616 3641 signat,
3638 3562 3811 3620 unde:

2200 3668 2363 3735 patre
2392 3662 2465 3718 ad
2497 3660 2927 3717 immolandum
2959 3658 3259 3731 quondam
3309 3658 3504 3714 fuerat
3541 3654 3808 3712 adductus.

2200 3751 2361 3818 Quod
2393 3755 2592 3807 autem
2624 3749 2725 3817 ait,
2760 3750 2822 3804 Et
2859 3763 3103 3819 egressus
3148 3755 3247 3813 est,
3294 3751 3362 3803 ut
3407 3750 3731 3803 exerceretur
3766 3738 3811 3793 in

2198 3856 2406 3912 campo,
2451 3840 2608 3911 quod
2651 3837 2843 3894 Graece
2883 3836 3119 3903 dicitur,
3164 3830 3547 3911 ἀδολεσχῆσαι
3575 3834 3614 3905 ⁸,
3644 3831 3698 3887 in
3719 3831 3804 3884 He-

2200 3930 2354 3985 braeo
2396 3927 2653 4001 legitur:
2694 3927 2764 3982 Et
2811 3940 3055 3995 egressus
3101 3932 3178 3980 est
3223 3926 3402 3992 Isaac,
3440 3928 3501 3980 ut
3548 3920 3812 3995 loqueretur

455 3219 703 3275 scentqu
730 3227 982 3292 quoque,
1017 3236 1144 3291 qua:
1173 3220 1368 3276 Graeco
1415 3234 1682 3275 sermone
1724 3218 1901 3279 νεανὶς
1949 3214 2095 3275 dici-

450 3308 550 3362 tur
578 3307 659 3363 ibi
689 3307 946 3382 legimus
974 3324 1131 3364 ALMA
1159 3292 1370 3380 (πιών)
1399 3309 1439 3379 ³,
1467 3308 1622 3380 quod
1653 3308 1891 3380 quidem
1932 3310 1987 3363 et
2033 3307 2095 3363 in

452 3395 605 3453 Isaia
650 3397 919 3453 habetur.
954 3397 1100 3452 Nam
1129 3396 1187 3453 in
1222 3414 1289 3453 eo
1318 3397 1443 3455 loco
1476 3396 1575 3453 ubi
1604 3397 1664 3452 in
1696 3396 1878 3453 nostri
1931 3396 2094 3452 codi-

449 3483 619 3542 cibus
648 3486 934 3559 scriptum
964 3490 1054 3542 est
1084 3502 1097 3541 :
1131 3487 1261 3542 Ecce
1306 3489 1456 3559 virgo
1501 3487 1783 3558 concipiet,
1822 3490 1874 3542 et
1913 3488 2095 3559 pariet

450 3573 584 3646 (lca.
614 3591 714 3643 vn,
746 3575 854 3647 Μ).
886 3574 1100 3647 Aquila
1127 3575 1432 3632 transtulit
1469 3592 1482 3630 :
1516 3576 1650 3632 Ecce
1694 3575 2096 3631 adulescentula

448 3665 732 3735 concipiet,
762 3667 814 3720 et
840 3666 1040 3736 pariet.
1095 3665 1160 3720 In
1210 3664 1448 3721 Hebraeo
1490 3664 1705 3737 legitur
1738 3683 1750 3721 :
1784 3667 1915 3721 Ecce
1943 3665 2093 3720 alma

445 3754 731 3825 cbncipiet,
763 3761 815 3809 et
839 3756 1037 3826 pariet.
1071 3753 1407 3812 Notandum
1455 3770 1615 3827 ergo,
1648 3754 1800 3827 quod
1850 3753 2092 3810 verbum

448 3843 598 3898 alma
625 3842 668 3908 ⁸,
699 3858 1003 3914 nunquam
1053 3841 1166 3897 nisi
1215 3841 1287 3897 de
1332 3840 1557 3916 virgine
1582 3843 1877 3913 scribitur,
1910 3847 1968 3898 et
1997 3842 2094 3897 ha-

447 3929 545 3987 bet
597 3929 1008 4002 etymologiam
1068 3927 1400 4007 άπόκρυφος,
1475 3931 1534 3987 id
1606 3935 1697 3988 est
1754 3931 2088 3988 abscondita.

2256 4084 2293 4124 ‘3
2319 4087 2469 4157 Quod
2497 4087 2720 4142 verbum
2748 4085 2916 4152 alma,
2947 4087 3074 4157 etc._
3099 4083 3365 4157 ldipsum
3417 4079 3817 4157 cum_al'lirma-

2201 4176 2323 4216 rem
2336 4153 2629 4214 adversus
2652 4157 2942 4212 doctorem
2975 4153 3279 4211 Hebreum
3304 4155 3551 4212 nomine
3571 4153 3812 4225 Moysem2

2201 4229 2648 4302 responditillc,
2682 4228 3121 4302 Proverbiorum
3140 4298 3149 4302 _
3170 4227 3362 4302 capite
3410 4219 3698 4302 tricesimo
3726 4219 3813 4302 legi

2201 4296 2413 4359 nomen
2460 4296 2645 4366 Alma,
2704 4297 3167 4371 quodﬂmulieri
3203 4296 3486 4354 adulterae
3538 4296 3814 4371 tribuatur.

517 4082 849 4165 "Equidem
879 4089 1118 4146 rescribi
1166 4090 1366 4165 malim
1412 4094 1731 4165 semuncia?
1780 4091 2091 4165 :quando-

445 4160 684 4290 quidem
706 4177 776 4218 ex
804 4161 931 4234 ipso
961 4164 1190 4219 constat
1219 4163 1808 4236 Hieronymo,siclum
1840 4160 2093 4235 quatuor

489 4233 745 4290 rachmis
772 4233 1135 4290 mauivalere.
1167 4239 1295 4290 octo
1325 4250 1458 4290 vero
1490 4235 1802 4290 drachmas
1854 4235 2091 4290 unciam

489 4233 745 4307 rachmis
772 4233 1135 4307 equivalere,
1167 4239 1295 4291 octo
1325 4233 1458 4290 vero
1490 4233 1802 4307 drachmas
1854 4233 2091 4307 unciam

445 4306 728 4382 conﬁcere
772 4304 1201 4382 in'ACcmment.
1252 4307 1311 4362 in
1366 4306 1903 4382 Erechiel_cap.,1v.
1940 4304 2090 4382 «βία
2201 4304 2645 4382 pomenAlma,
2704 4304 3172 4382 ςιιιρίιηξῐιυιίθιιὶ,⁵
3203 4304 3486 4382 adulterae
3538 4304 3617 4377 tri,

444 4361 590 4445 cius,
610 4361 837 4450 inquit,
865 4361 1063 4450 idest,
1094 4361 1281 4434 stater
1303 4361 1594 4449 quatuor
1625 4361 1939 4450 drachmas
1987 4376 2088 4432 ha-
2196 4372 2514 4450 Sed_hujus
2547 4361 2761 4450 erroris
2782 4370 3353 4450 Γᾳᾳὶιίεηοοῐιίξιιῐθειίο
3387 4375 3481 4427 est
3508 4386 3576 4425 ex
3603 4367 3720 4450 ipso
3741 4361 3818 4450 lie-

445 4427 1567 4523 i9§1"1623§i{é§
1600 4427 1937 4515 —
1950 4427 2090 4523 pen~
2202 4427 2394 4523 braico
2412 4427 2733 4523 ucontextu.
2769 4442 2866 4497 ubi
2910 4427 3122 4523 ζῑῄξνι
3152 4441 3366 4523 ὁθαιπξᾳ
3411 4427 3819 4523 separatumlf'

443 4518 579 4577 dere
607 4511 859 4592 quatuor
887 4520 1199 4576 drachmas
1250 4511 1489 4592 Atticas,
1510 4511 1650 4575 ‘hoc'
1677 4527 1796 4592 est,
1831 4511 2089 4592 sem'iun-
2120 4558 2177 4592 η,
2198 4517 2360 4592 gitur
2384 4519 2600 4592 puncto
2631 4514 2834 4592 silouc,
2887 4513 2958 4592 ab
3007 4513 3079 4568 iis
3127 4529 3257 4592 quas
3297 4511 3583 4592 dicuntur
3609 4511 3677 4565 de
3716 4518 3817 4592 tul}-

443 4533 579 4577 cere
607 4533 859 4592 quatuor
887 4533 1199 4576 drachmas
1250 4533 1489 4583 Atticas,
1533 4533 1641 4575 noc
1690 4533 1796 4585 est,
1831 4536 2089 4575 semlun-
2170 4570 2177 4577 .
2239 4533 2360 4572 Itur
2384 4533 2600 4587 puneto
2631 4533 2834 4582 suouc,
2887 4533 2958 4567 an
3007 4533 3079 4568 us
3127 4533 3257 4585 quae
3297 4533 3583 4570 eluuntur
3609 4533 3677 4565 ue
3718 4533 3817 4561 ωυ-

442 4592 616 4659 ciem,
650 4583 973 4664 prbﬁtetur.
998 4592 1253 4664 Denique
1276 4590 1651 4647 notissimum
1673 4590 1816 4647 illud
1837 4591 2042 4646 Fannii
2074 4605 2087 4647 :
2119 4558 2169 4625 D
2198 4533 2340 4669 ﬁere
2370 4585 2654 4669 adultera.
2684 4588 2840 4669 _Vera
2869 4588 2959 4640 est
2988 4600 3125 4656 ergo
3164 4584 3627 4669 hieronymjana
3652 4578 3818 4669 tetigt):

2199 4658 2363 4729 tatic,
2391 4658 2615 4714 verbum
2639 4657 2787 4712 alma
2816 4653 3103 4729 nunquam
3120 4658 3236 4712 nisi
3254 4656 3320 4712 de
3335 4653 3560 4728 virgine
3587 4653 3820 4721 scriptam

2200 4733 2261 4786 in
2288 4727 2460 4786 sacris
2487 4728 2781 4785 codicibus.
2804 4727 3107 4799 AMARTIAN,
3163 4797 3172 4799 _
3262 4798 3267 4799 γ
3435 4727 3438 4728 ⁷
3584 4796 3591 4799 _

2267 4783 2609 4857 tVictorius
2641 4797 2960 4870 rescripsit,
2995 4800 3055 4853 in
3091 4783 3187 4855 30b
3236 4798 3302 4854 de
3344 4796 3645 4872 sapientia.
3701 4783 3824 4872 Unde

2197 4876 2529 4938 invenietur,
2561 4875 2693 4941 etc.,
2726 4887 2859 4926 cum
2908 4874 3081 4925 antea
3127 4872 3301 4941 esset,
3332 4870 3532 4925 in’Job
3559 4870 3612 4924 et
3637 4870 3826 4935 sapia!-

2194 5071 2409 5160 virgine
2423 5071 2541 5144 set
2570 5071 2744 5159 paulo
2775 5082 3022 5139 inferius
3051 5082 3400 5140 concedmus
3450 5071 3567 5156 pro
3603 5071 3822 5136 concedi-

2202 5176 2347 5216 mus.
3382 5176 3389 5183 °

2265 5213 2476 5287 liidem
2509 5244 2681 5301 porro
2710 5227 2954 5298 verbum
2984 5220 3354 5301 ἀδολεσχῆᾳαι
3382 5240 3491 5297 pro
3523 5213 3823 5301 loquiusiva

2195 5288 2743 5376 confabulationibus
2817 5306 3027 5376 tempus
3050 5288 3436 5376 “transigere
3464 5288 3638 5376 arua,
3671 5288 3824 5376 “FF;

2196 5347 2739 5376 νυ-νμηκηηηηη-π-
2817 5347 3022 5369 ,πτη-
3101 5347 3398 5368 -.
3469 5347 3602 5369 ητα

2196 5390 2296 5430 cos
2345 5374 2669 5445 scriptores
2701 5369 3012 5445 invenitur.
3047 5367 3327 5445 Hebr-eice
3355 5372 3467 5445 est,
3501 5347 3817 5445 nimiquch

2196 5449 2368 5524 sonat
2409 5436 2687 5524 meditari,
2721 5446 2825 5497 aut
2869 5441 3048 5524 multa
3094 5436 3526 5524 consideratiane
3552 5436 3811 5492 disserere.

2200 5517 2332 5572 Mox
2363 5532 2518 5570 unus
2552 5514 2782 5586 Regina:
2813 5528 2923 5586 ms.
2948 5520 2998 5567 et
3019 5526 3147 5586 cuin
3173 5516 3349 5567 Isaac.

2269 5618 2335 5659 τ
2364 5586 2427 5659 Et
2450 5572 2694 5655 egressus
2722 5588 2827 5659 est,
2848 5582 3437 5659 Isaac,ut_loqueretur
3454 5582 3524 5659 in

2198 5654 2263 5714 In
2294 5638 2531 5714 Hebraio
2549 5638 3159 5727 inmedium;
3185 5638 3342 5727 haud
3371 5638 3623 5708 "adimit
3648 5638 3820 5725 etate

2196 5731 2313 5805 qui,
2346 5728 2468 5789 sive
2495 5726 2850 5801 confubulari
2877 5725 3520 5800 significatCMmrIAN.
3634 5762 3637 5765 -
3720 5786 3727 5803 1
3802 5736 3825 5777 ί.

536 4716 703 4767 Uncia
729 4715 788 4767 ﬁt
813 4715 1079 4779 drachmis
1097 4714 1634 4779 bls_quatuor,,unde
1659 4716 1959 4779 putandum

539 4728 703 4767 uncia
729 4728 788 4767 nt
813 4728 1079 4765 uracnmis
1097 4728 1179 4764 ms
1209 4728 1460 4826 quatuor,
1490 4728 1634 4765 unde
1659 4728 1959 4779 putandum

533 4780 837 4849 grammata
865 4778 1023 4849 dicta,
1059 4776 1560 4849 quodutseviginti
1590 4779 1904 4849 quatuorin
1936 4792 1992 4828 se

537 4842 704 4893 Uncia
733 4842 914 4901 habet,
939 4844 1018 4890 tot
1037 4837 1179 4888 enim
1209 4837 1394 4889 formis
1423 4837 1527 4889 v'ox
1555 4837 1739 4890 nostra
1760 4845 1991 4899 notatur,

538 4907 692 4957 Horis
720 4909 851 4971 quot
877 4901 1112 4954 mundus
1141 4903 1343 4966 peragit
1368 4907 1689 4968 noctemque
1718 4903 1984 4967 diemque.

438 5020 713 5091 Attamen
746 5018 891 5075 nihil
923 5022 1086 5091 muto
1117 5017 1341 5090 absque
1373 5034 1515 5091 mss.
1540 5017 1851 5091 suffragio,
1883 5022 1945 5091 et
1963 5033 2083 5072 ma-

437 5087 592 5144 xime
621 5107 755 5147 cum
786 5092 871 5147 ita
900 5090 1185 5162 scriptum
1219 5087 1510 5162 memorias
1539 5089 1717 5162 lapsu,
1739 5087 2086 5162 abngiero-

439 5170 617 5233 pymo
645 5168 867 5233 putem,
902 5160 1226 5233 aut—certe,
1278 5160 1341 5233 si,
1378 5160 1751 5217 librariorum
1782 5160 1955 5231 culpa
1987 5160 2086 5233 sit,

431 5227 831 5307 jamdiuplim
863 5227 1463 5307 obtinuerit'Quippe
1492 5233 1574 5288 ita
1602 5233 1662 5307 in
1690 5227 2087 5307 Hieronyme-

439 5301 534 5353 nis
564 5301 865 5378 codicibus
898 5304 1034 5378 legit
1060 5304 1319 5378 Isidorus
1350 5301 1585 5378 quoque
1616 5301 2082 5378 Origin._lib.xv1,

439 5385 566 5444 cap.
597 5371 668 5426 24
700 5388 713 5425 :
755 5394 774 5419 ι
809 5371 988 5444 §ecel,
1024 5374 1121 5444 qui
1174 5371 1386 5431 Latino'
1423 5371 1922 5432 sermone'siclus
1955 5371 2085 5430 cor;

440 5443 609 5522 ruptf.
658 5441 1004 5522 appellatur.
1042 5441 1373 5522 Hpbraeum
1420 5465 1632 5504 nomen
1694 5452 1802 5518 est,
1862 5447 2086 5503 habens

442 5511 941 5585 apudieosuncim
973 5515 1220 5585 pondus.
1256 5539 1283 5566 υ
1788 5511 1800 5584 ς

500 5585 531 5663 _’
554 5583 1230 5663 _Plures__m_ss.nprimum
1261 5592 1308 5640 A
1339 5588 1657 5663 geminant,
1679 5589 1774 5644 alii
1791 5583 2088 5663 praetcrea

500 5601 531 5655 _‘
564 5601 761 5641 rlures
794 5601 1230 5709 mss..gr1mum
1261 5601 1308 5640 A
1339 5601 1657 5659 geminant,
1679 5601 1774 5644 aln
1810 5601 2088 5661 presteres

441 5656 725 5749 sspitem:
757 5654 904 5749 illis
928 5653 1755 5749 usus.assumsisse
1774 5678 1939 5749 sum!
1956 5662 2008 5729 4,
2031 5668 2089 5718 et

451 5723 911 5827 :‘n'propositum
940 5724 1074 5786 Isai.
1104 5723 1302 5785 locum
1331 5723 1815 5788 Commentarios.
