  <div class='ocr_page' id='page_1' title='image "/cluster/home/n/w/nwhite01/storage/ocr_20150623/23/hvd.32044052772480/522.png"; bbox 0 0 4084 6170; ppageno 0'>
   <div class='ocr_carea' id='block_1_1' title="bbox 288 368 448 437">
    <p class='ocr_par' dir='ltr' id='par_1_1' title="bbox 288 368 448 437">
     <span class='ocr_line' id='line_1_1' title="bbox 288 368 448 437; baseline -0.006 0"><span class='ocrx_word' id='word_1_1' title='bbox 288 368 448 437; x_wconf 73' lang='grc'>1029</span> 
     </span>
    </p>
   </div>
   <div class='ocr_carea' id='block_1_2' title="bbox 286 506 2011 581">
    <p class='ocr_par' dir='ltr' id='par_1_2' title="bbox 286 506 2011 581">
     <span class='ocr_line' id='line_1_2' title="bbox 286 506 2011 581; baseline -0.001 -17"><span class='ocrx_word' id='word_1_2' title='bbox 286 516 496 565; x_wconf 82' lang='lat' dir='ltr'>rentem</span> <span class='ocrx_word' id='word_1_3' title='bbox 529 506 707 563; x_wconf 90' lang='lat' dir='ltr'>habet</span> <span class='ocrx_word' id='word_1_4' title='bbox 733 507 794 563; x_wconf 91' lang='lat' dir='ltr'>in</span> <span class='ocrx_word' id='word_1_5' title='bbox 826 507 1083 564; x_wconf 74' lang='lat' dir='ltr'>Hebrmo.</span> <span class='ocrx_word' id='word_1_6' title='bbox 1117 508 1313 581; x_wconf 86' lang='lat' dir='ltr'>Neque</span> <span class='ocrx_word' id='word_1_7' title='bbox 1363 510 1515 564; x_wconf 89' lang='lat' dir='ltr'>enim</span> <span class='ocrx_word' id='word_1_8' title='bbox 1572 511 1727 565; x_wconf 85' lang='lat' dir='ltr'>Isaac</span> <span class='ocrx_word' id='word_1_9' title='bbox 1780 515 1933 579; x_wconf 84' lang='lat' dir='ltr'>post-</span> <span class='ocrx_word' id='word_1_10' title='bbox 1967 512 2011 575; x_wconf 80' lang='grc' dir='ltr'>Α</span> 
     </span>
    </p>
   </div>
   <div class='ocr_carea' id='block_1_3' title="bbox 278 596 1930 670">
    <p class='ocr_par' dir='ltr' id='par_1_3' title="bbox 278 596 1930 670">
     <span class='ocr_line' id='line_1_3' title="bbox 278 596 1930 670; baseline -0.002 -17"><span class='ocrx_word' id='word_1_11' title='bbox 278 614 463 670; x_wconf 89' lang='lat' dir='ltr'>quam</span> <span class='ocrx_word' id='word_1_12' title='bbox 493 597 912 669; x_wconf 87' lang='lat' dir='ltr'>magnificatus</span> <span class='ocrx_word' id='word_1_13' title='bbox 943 601 1051 663; x_wconf 90' lang='lat' dir='ltr'>est,</span> <span class='ocrx_word' id='word_1_14' title='bbox 1105 596 1373 652; x_wconf 76' lang='lat' dir='ltr'>habitare</span> <span class='ocrx_word' id='word_1_15' title='bbox 1420 603 1645 668; x_wconf 79' lang='lat' dir='ltr'>poterat</span> <span class='ocrx_word' id='word_1_16' title='bbox 1680 598 1733 651; x_wconf 88' lang='lat' dir='ltr'>in</span> <span class='ocrx_word' id='word_1_17' title='bbox 1766 598 1930 652; x_wconf 79' lang='lat' dir='ltr'>valle.</span> 
     </span>
    </p>
   </div>
   <div class='ocr_carea' id='block_1_4' title="bbox 281 685 1934 758">
    <p class='ocr_par' dir='ltr' id='par_1_4' title="bbox 281 685 1934 758">
     <span class='ocr_line' id='line_1_4' title="bbox 281 685 1934 758; baseline -0.001 -16"><span class='ocrx_word' id='word_1_18' title='bbox 281 685 576 752; x_wconf 88' lang='lat' dir='ltr'>Habitavi,</span> <span class='ocrx_word' id='word_1_19' title='bbox 610 690 809 742; x_wconf 89' lang='lat' dir='ltr'>autem</span> <span class='ocrx_word' id='word_1_20' title='bbox 840 686 899 741; x_wconf 91' lang='lat' dir='ltr'>in</span> <span class='ocrx_word' id='word_1_21' title='bbox 929 690 1209 752; x_wconf 74' lang='lat' dir='ltr'>torrente,</span> <span class='ocrx_word' id='word_1_22' title='bbox 1244 686 1313 741; x_wconf 91' lang='lat' dir='ltr'>de</span> <span class='ocrx_word' id='word_1_23' title='bbox 1345 702 1460 756; x_wconf 91' lang='lat' dir='ltr'>quo</span> <span class='ocrx_word' id='word_1_24' title='bbox 1493 686 1777 758; x_wconf 87' lang='lat' dir='ltr'>scriptum</span> <span class='ocrx_word' id='word_1_25' title='bbox 1808 690 1934 741; x_wconf 89' lang='lat' dir='ltr'>est:</span> 
     </span>
    </p>
   </div>
   <div class='ocr_carea' id='block_1_5' title="bbox 286 775 1936 846">
    <p class='ocr_par' dir='ltr' id='par_1_5' title="bbox 286 775 1936 846">
     <span class='ocr_line' id='line_1_5' title="bbox 286 775 1936 846; baseline -0.001 -16"><span class='ocrx_word' id='word_1_26' title='bbox 286 777 366 830; x_wconf 90' lang='lat' dir='ltr'>De</span> <span class='ocrx_word' id='word_1_27' title='bbox 395 779 637 831; x_wconf 85' lang='lat' dir='ltr'>torre-nte</span> <span class='ocrx_word' id='word_1_28' title='bbox 664 777 725 829; x_wconf 81' lang='lat' dir='ltr'>in</span> <span class='ocrx_word' id='word_1_29' title='bbox 756 776 848 830; x_wconf 82' lang='lat' dir='ltr'>via</span> <span class='ocrx_word' id='word_1_30' title='bbox 881 775 1020 830; x_wconf 81' lang='lat' dir='ltr'><em>bibet</em></span> <span class='ocrx_word' id='word_1_31' title='bbox 1050 776 1217 845; x_wconf 78' lang='lat' dir='ltr'>(Psal.</span> <span class='ocrx_word' id='word_1_32' title='bbox 1252 792 1361 841; x_wconf 81' lang='lat' dir='ltr'><strong>cxx,</strong></span> <span class='ocrx_word' id='word_1_33' title='bbox 1392 776 1468 841; x_wconf 87' lang='lat'>6).</span> <span class='ocrx_word' id='word_1_34' title='bbox 1502 775 1583 831; x_wconf 89' lang='lat' dir='ltr'>De</span> <span class='ocrx_word' id='word_1_35' title='bbox 1613 792 1728 846; x_wconf 91' lang='lat' dir='ltr'>quo</span> <span class='ocrx_word' id='word_1_36' title='bbox 1761 775 1936 830; x_wconf 91' lang='lat' dir='ltr'>etiam</span> 
     </span>
    </p>
   </div>
   <div class='ocr_carea' id='block_1_6' title="bbox 283 863 1940 936">
    <p class='ocr_par' dir='ltr' id='par_1_6' title="bbox 283 863 1940 936">
     <span class='ocr_line' id='line_1_6' title="bbox 283 863 1940 936; baseline 0 -17"><span class='ocrx_word' id='word_1_37' title='bbox 283 863 446 919; x_wconf 86' lang='lat' dir='ltr'>Elias</span> <span class='ocrx_word' id='word_1_38' title='bbox 476 868 740 935; x_wconf 90' lang='lat' dir='ltr'>tempore</span> <span class='ocrx_word' id='word_1_39' title='bbox 770 863 944 919; x_wconf 88' lang='lat' dir='ltr'>famis</span> <span class='ocrx_word' id='word_1_40' title='bbox 974 864 1141 918; x_wconf 86' lang='lat' dir='ltr'>bibit.</span> <span class='ocrx_word' id='word_1_41' title='bbox 1172 864 1281 919; x_wconf 88' lang='lat' dir='ltr'>Sed</span> <span class='ocrx_word' id='word_1_42' title='bbox 1314 865 1452 936; x_wconf 84' lang='lat' dir='ltr'>quia</span> <span class='ocrx_word' id='word_1_43' title='bbox 1482 863 1637 919; x_wconf 89' lang='lat' dir='ltr'>Elias</span> <span class='ocrx_word' id='word_1_44' title='bbox 1668 882 1782 919; x_wconf 92' lang='lat' dir='ltr'>non</span> <span class='ocrx_word' id='word_1_45' title='bbox 1814 869 1940 919; x_wconf 90' lang='lat' dir='ltr'>erat</span> 
     </span>
    </p>
   </div>
   <div class='ocr_carea' id='block_1_7' title="bbox 282 951 1941 1024">
    <p class='ocr_par' dir='ltr' id='par_1_7' title="bbox 282 951 1941 1024">
     <span class='ocr_line' id='line_1_7' title="bbox 282 951 1941 1024; baseline 0 -17"><span class='ocrx_word' id='word_1_46' title='bbox 282 952 603 1024; x_wconf 86' lang='lat' dir='ltr'>perfectus,</span> <span class='ocrx_word' id='word_1_47' title='bbox 636 956 702 1006; x_wconf 89' lang='lat' dir='ltr'>ut</span> <span class='ocrx_word' id='word_1_48' title='bbox 748 951 1054 1007; x_wconf 82' lang='lat' dir='ltr'>Christus:</span> <span class='ocrx_word' id='word_1_49' title='bbox 1102 951 1232 1008; x_wconf 90' lang='lat' dir='ltr'>ideo</span> <span class='ocrx_word' id='word_1_50' title='bbox 1279 952 1330 1007; x_wconf 91' lang='lat' dir='ltr'>ei</span> <span class='ocrx_word' id='word_1_51' title='bbox 1379 957 1607 1008; x_wconf 85' lang='lat' dir='ltr'>torrens</span> <span class='ocrx_word' id='word_1_52' title='bbox 1656 952 1755 1007; x_wconf 91' lang='lat' dir='ltr'>ille</span> <span class='ocrx_word' id='word_1_53' title='bbox 1786 952 1941 1008; x_wconf 89' lang='lat' dir='ltr'>aruit</span> 
     </span>
    </p>
   </div>
   <div class='ocr_carea' id='block_1_8' title="bbox 284 1040 1937 1109">
    <p class='ocr_par' dir='ltr' id='par_1_8' title="bbox 284 1040 1937 1109">
     <span class='ocr_line' id='line_1_8' title="bbox 284 1040 1937 1109; baseline -0.001 -13"><span class='ocrx_word' id='word_1_54' title='bbox 284 1042 387 1107; x_wconf 87' lang='grc'><strong><em>(111</em></strong></span> <span class='ocrx_word' id='word_1_55' title='bbox 422 1042 549 1107; x_wconf 83' lang='lat' dir='ltr'>Reg.</span> <span class='ocrx_word' id='word_1_56' title='bbox 584 1056 723 1106; x_wconf 81' lang='lat' dir='ltr'><strong>xvxx,</strong></span> <span class='ocrx_word' id='word_1_57' title='bbox 753 1040 832 1109; x_wconf 90' lang='lat'>7).</span> <span class='ocrx_word' id='word_1_58' title='bbox 884 1040 1169 1095; x_wconf 87' lang='lat' dir='ltr'>Dominus</span> <span class='ocrx_word' id='word_1_59' title='bbox 1197 1056 1331 1096; x_wconf 91' lang='lat' dir='ltr'>vero</span> <span class='ocrx_word' id='word_1_60' title='bbox 1384 1046 1601 1106; x_wconf 83' lang='lat' dir='ltr'>noster,</span> <span class='ocrx_word' id='word_1_61' title='bbox 1652 1042 1828 1097; x_wconf 89' lang='lat' dir='ltr'>etiam</span> <span class='ocrx_word' id='word_1_62' title='bbox 1880 1042 1937 1095; x_wconf 93' lang='lat' dir='ltr'>in</span> 
     </span>
    </p>
   </div>
   <div class='ocr_carea' id='block_1_9' title="bbox 285 1128 1938 1201">
    <p class='ocr_par' dir='ltr' id='par_1_9' title="bbox 285 1128 1938 1201">
     <span class='ocr_line' id='line_1_9' title="bbox 285 1128 1938 1201; baseline 0.001 -16"><span class='ocrx_word' id='word_1_63' title='bbox 285 1134 548 1185; x_wconf 81' lang='lat' dir='ltr'>torrente</span> <span class='ocrx_word' id='word_1_64' title='bbox 574 1129 590 1162; x_wconf 86' lang='grc'>¹</span> <span class='ocrx_word' id='word_1_65' title='bbox 635 1128 890 1183; x_wconf 88' lang='lat' dir='ltr'>traditus</span> <span class='ocrx_word' id='word_1_66' title='bbox 939 1133 1074 1184; x_wconf 88' lang='lat' dir='ltr'>est:</span> <span class='ocrx_word' id='word_1_67' title='bbox 1119 1129 1396 1185; x_wconf 85' lang='lat' dir='ltr'>dedicans</span> <span class='ocrx_word' id='word_1_68' title='bbox 1444 1130 1938 1201; x_wconf 81' lang='lat' dir='ltr'>regenerationem</span> 
     </span>
    </p>
   </div>
   <div class='ocr_carea' id='block_1_10' title="bbox 289 1215 1445 1287">
    <p class='ocr_par' dir='ltr' id='par_1_10' title="bbox 289 1215 1445 1287">
     <span class='ocr_line' id='line_1_10' title="bbox 289 1215 1445 1287; baseline 0 -15"><span class='ocrx_word' id='word_1_69' title='bbox 289 1220 555 1272; x_wconf 88' lang='lat' dir='ltr'>nostram</span> <span class='ocrx_word' id='word_1_70' title='bbox 586 1219 645 1271; x_wconf 91' lang='lat' dir='ltr'>et</span> <span class='ocrx_word' id='word_1_71' title='bbox 674 1215 957 1287; x_wconf 90' lang='lat' dir='ltr'>Baptismi</span> <span class='ocrx_word' id='word_1_72' title='bbox 989 1222 1445 1272; x_wconf 84' lang='lat' dir='ltr'>sacramentum.</span> 
     </span>
    </p>
   </div>
   <div class='ocr_carea' id='block_1_11' title="bbox 361 1304 1939 1378">
    <p class='ocr_par' dir='ltr' id='par_1_11' title="bbox 361 1304 1939 1378">
     <span class='ocr_line' id='line_1_11' title="bbox 361 1304 1939 1378; baseline 0.003 -20"><span class='ocrx_word' id='word_1_73' title='bbox 361 1307 553 1375; x_wconf 85' lang='lat' dir='ltr'>(Vers.</span> <span class='ocrx_word' id='word_1_74' title='bbox 586 1304 703 1372; x_wconf 77' lang='grc'>49.)</span> <span class='ocrx_word' id='word_1_75' title='bbox 752 1306 893 1360; x_wconf 71' lang='lat'>347</span> <span class='ocrx_word' id='word_1_76' title='bbox 962 1305 1094 1359; x_wconf 84' lang='lat' dir='ltr'>«Et</span> <span class='ocrx_word' id='word_1_77' title='bbox 1142 1306 1418 1361; x_wconf 85' lang='lat' dir='ltr'>foderunt</span> <span class='ocrx_word' id='word_1_78' title='bbox 1466 1307 1629 1378; x_wconf 89' lang='lat' dir='ltr'>pueri</span> <span class='ocrx_word' id='word_1_79' title='bbox 1679 1308 1836 1362; x_wconf 89' lang='lat' dir='ltr'>Isaac</span> <span class='ocrx_word' id='word_1_80' title='bbox 1881 1307 1939 1362; x_wconf 92' lang='lat' dir='ltr'>in</span> 
     </span>
    </p>
   </div>
   <div class='ocr_carea' id='block_1_12' title="bbox 290 1393 1940 1469">
    <p class='ocr_par' dir='ltr' id='par_1_12' title="bbox 290 1393 1940 1469">
     <span class='ocr_line' id='line_1_12' title="bbox 290 1393 1940 1469; baseline 0.002 -20"><span class='ocrx_word' id='word_1_81' title='bbox 290 1393 440 1449; x_wconf 81' lang='lat' dir='ltr'>valle</span> <span class='ocrx_word' id='word_1_82' title='bbox 482 1393 790 1460; x_wconf 89' lang='lat' dir='ltr'>Gerarum,</span> <span class='ocrx_word' id='word_1_83' title='bbox 844 1398 900 1449; x_wconf 90' lang='lat' dir='ltr'>et</span> <span class='ocrx_word' id='word_1_84' title='bbox 940 1394 1286 1449; x_wconf 87' lang='lat' dir='ltr'>invenerunt</span> <span class='ocrx_word' id='word_1_85' title='bbox 1337 1395 1418 1449; x_wconf 90' lang='lat' dir='ltr'>ibi</span> <span class='ocrx_word' id='word_1_86' title='bbox 1486 1401 1725 1467; x_wconf 87' lang='lat' dir='ltr'>puteum</span> <span class='ocrx_word' id='word_1_87' title='bbox 1777 1414 1940 1469; x_wconf 67' lang='lat' dir='ltr'>aquae</span> 
     </span>
    </p>
   </div>
   <div class='ocr_carea' id='block_1_13' title="bbox 288 1481 1939 1556">
    <p class='ocr_par' dir='ltr' id='par_1_13' title="bbox 288 1481 1939 1556">
     <span class='ocr_line' id='line_1_13' title="bbox 288 1481 1939 1556; baseline 0.002 -19"><span class='ocrx_word' id='word_1_88' title='bbox 288 1484 566 1538; x_wconf 67' lang='lat' dir='ltr'>vivamEt</span> <span class='ocrx_word' id='word_1_89' title='bbox 595 1482 691 1537; x_wconf 91' lang='lat' dir='ltr'>hic</span> <span class='ocrx_word' id='word_1_90' title='bbox 719 1481 1480 1555; x_wconf 75' lang='lat' dir='ltr'>provalletorrcnsscriptus</span> <span class='ocrx_word' id='word_1_91' title='bbox 1504 1490 1595 1539; x_wconf 85' lang='lat' dir='ltr'>est</span> <span class='ocrx_word' id='word_1_92' title='bbox 1615 1502 1939 1556; x_wconf 88' lang='lat' dir='ltr'>;nunquam</span> 
     </span>
    </p>
   </div>
   <div class='ocr_carea' id='block_1_14' title="bbox 286 1569 1675 1644">
    <p class='ocr_par' dir='ltr' id='par_1_14' title="bbox 286 1569 1675 1644">
     <span class='ocr_line' id='line_1_14' title="bbox 286 1569 1675 1644; baseline -0.001 -16"><span class='ocrx_word' id='word_1_93' title='bbox 286 1572 447 1628; x_wconf 88' lang='lat' dir='ltr'>enim</span> <span class='ocrx_word' id='word_1_94' title='bbox 479 1570 538 1625; x_wconf 90' lang='lat' dir='ltr'>in</span> <span class='ocrx_word' id='word_1_95' title='bbox 568 1569 720 1625; x_wconf 91' lang='lat' dir='ltr'>valle</span> <span class='ocrx_word' id='word_1_96' title='bbox 751 1571 1049 1626; x_wconf 84' lang='lat' dir='ltr'>invenitur</span> <span class='ocrx_word' id='word_1_97' title='bbox 1080 1577 1291 1643; x_wconf 90' lang='lat' dir='ltr'>puteus</span> <span class='ocrx_word' id='word_1_98' title='bbox 1322 1589 1487 1644; x_wconf 68' lang='lat' dir='ltr'>aquae</span> <span class='ocrx_word' id='word_1_99' title='bbox 1520 1574 1675 1628; x_wconf 66' lang='lat' dir='ltr'>vivae.</span> 
     </span>
    </p>
   </div>
   <div class='ocr_carea' id='block_1_15' title="bbox 361 1660 1941 1733">
    <p class='ocr_par' dir='ltr' id='par_1_15' title="bbox 361 1660 1941 1733">
     <span class='ocr_line' id='line_1_15' title="bbox 361 1660 1941 1733; baseline 0.001 -18"><span class='ocrx_word' id='word_1_100' title='bbox 361 1660 547 1732; x_wconf 89' lang='lat' dir='ltr'>(Vers.</span> <span class='ocrx_word' id='word_1_101' title='bbox 581 1661 698 1730; x_wconf 80' lang='lat'>21.)</span> <span class='ocrx_word' id='word_1_102' title='bbox 740 1660 809 1714; x_wconf 89' lang='lat' dir='ltr'>Et</span> <span class='ocrx_word' id='word_1_103' title='bbox 861 1660 1130 1715; x_wconf 89' lang='lat' dir='ltr'>foderunt</span> <span class='ocrx_word' id='word_1_104' title='bbox 1183 1666 1426 1733; x_wconf 88' lang='lat' dir='ltr'>puteum</span> <span class='ocrx_word' id='word_1_105' title='bbox 1474 1662 1743 1731; x_wconf 90' lang='lat' dir='ltr'>alterum,</span> <span class='ocrx_word' id='word_1_106' title='bbox 1778 1668 1833 1719; x_wconf 91' lang='lat' dir='ltr'>et</span> <span class='ocrx_word' id='word_1_107' title='bbox 1860 1664 1941 1718; x_wconf 91' lang='lat' dir='ltr'>al-</span> 
     </span>
    </p>
   </div>
   <div class='ocr_carea' id='block_1_16' title="bbox 288 1749 1940 1821">
    <p class='ocr_par' dir='ltr' id='par_1_16' title="bbox 288 1749 1940 1821">
     <span class='ocr_line' id='line_1_16' title="bbox 288 1749 1940 1821; baseline 0.002 -17"><span class='ocrx_word' id='word_1_108' title='bbox 288 1749 494 1805; x_wconf 88' lang='lat' dir='ltr'>tercati</span> <span class='ocrx_word' id='word_1_109' title='bbox 544 1752 687 1805; x_wconf 90' lang='lat' dir='ltr'>sunt</span> <span class='ocrx_word' id='word_1_110' title='bbox 736 1749 911 1803; x_wconf 89' lang='lat' dir='ltr'>etiam</span> <span class='ocrx_word' id='word_1_111' title='bbox 963 1765 1141 1821; x_wconf 90' lang='lat' dir='ltr'>super</span> <span class='ocrx_word' id='word_1_112' title='bbox 1189 1766 1290 1804; x_wconf 90' lang='lat' dir='ltr'>eo:</span> <span class='ocrx_word' id='word_1_113' title='bbox 1349 1755 1406 1805; x_wconf 90' lang='lat' dir='ltr'>et</span> <span class='ocrx_word' id='word_1_114' title='bbox 1462 1752 1685 1806; x_wconf 86' lang='lat' dir='ltr'>vocavit</span> <span class='ocrx_word' id='word_1_115' title='bbox 1729 1768 1940 1807; x_wconf 88' lang='lat' dir='ltr'>nomen</span> 
     </span>
    </p>
   </div>
   <div class='ocr_carea' id='block_1_17' title="bbox 1334 370 2647 447">
    <p class='ocr_par' dir='ltr' id='par_1_17' title="bbox 1334 370 2647 447">
     <span class='ocr_line' id='line_1_17' title="bbox 1334 370 2647 447; baseline -0.002 -11"><span class='ocrx_word' id='word_1_116' title='bbox 1334 374 1568 438; x_wconf 80' lang='lat' dir='ltr'><strong>LIBER</strong></span> <span class='ocrx_word' id='word_1_117' title='bbox 1609 373 1845 437; x_wconf 81' lang='lat' dir='ltr'>HEBR.</span> <span class='ocrx_word' id='word_1_118' title='bbox 1894 373 2196 447; x_wconf 68' lang='lat' dir='ltr'>OUtES&#39;l‘.</span> <span class='ocrx_word' id='word_1_119' title='bbox 2241 372 2324 435; x_wconf 92' lang='lat' dir='ltr'>IN</span> <span class='ocrx_word' id='word_1_120' title='bbox 2369 370 2647 435; x_wconf 88' lang='lat' dir='ltr'>GENES.</span> 
     </span>
    </p>
   </div>
   <div class='ocr_carea' id='block_1_18' title="bbox 3530 379 3689 443">
    <p class='ocr_par' dir='ltr' id='par_1_18' title="bbox 3530 379 3689 443">
     <span class='ocr_line' id='line_1_18' title="bbox 3530 379 3689 443; baseline 0.025 -4"><span class='ocrx_word' id='word_1_121' title='bbox 3530 379 3689 443; x_wconf 73' lang='grc'>1030</span> 
     </span>
    </p>
   </div>
   <div class='ocr_carea' id='block_1_19' title="bbox 2053 504 3686 585">
    <p class='ocr_par' dir='ltr' id='par_1_19' title="bbox 2053 504 3686 585">
     <span class='ocr_line' id='line_1_19' title="bbox 2053 504 3686 585; baseline 0.006 -25"><span class='ocrx_word' id='word_1_122' title='bbox 2053 508 2395 563; x_wconf 84' lang='lat' dir='ltr'>invenerunt</span> <span class='ocrx_word' id='word_1_123' title='bbox 2423 509 2449 561; x_wconf 85' lang='lat'><strong><em>?</em></strong></span> <span class='ocrx_word' id='word_1_124' title='bbox 2476 508 2516 562; x_wconf 82' lang='grc' dir='ltr'>Ε</span> <span class='ocrx_word' id='word_1_125' title='bbox 2549 505 2839 562; x_wconf 88' lang='lat' dir='ltr'>contrario</span> <span class='ocrx_word' id='word_1_126' title='bbox 2863 505 2923 560; x_wconf 92' lang='lat' dir='ltr'>in</span> <span class='ocrx_word' id='word_1_127' title='bbox 2955 504 3314 573; x_wconf 76' lang='lat' dir='ltr'>Hebrmo,eui</span> <span class='ocrx_word' id='word_1_128' title='bbox 3346 509 3686 585; x_wconf 89' lang='lat' dir='ltr'>interpreta-</span> 
     </span>
    </p>
   </div>
   <div class='ocr_carea' id='block_1_20' title="bbox 2049 595 3687 674">
    <p class='ocr_par' dir='ltr' id='par_1_20' title="bbox 2049 595 3687 674">
     <span class='ocr_line' id='line_1_20' title="bbox 2049 595 3687 674; baseline 0.005 -25"><span class='ocrx_word' id='word_1_129' title='bbox 2049 597 2189 651; x_wconf 86' lang='lat' dir='ltr'>tioni</span> <span class='ocrx_word' id='word_1_130' title='bbox 2219 597 2428 667; x_wconf 81' lang='lat' dir='ltr'>Aquila</span> <span class='ocrx_word' id='word_1_131' title='bbox 2458 596 2746 651; x_wconf 78' lang='lat' dir='ltr'>consentit</span> <span class='ocrx_word' id='word_1_132' title='bbox 2774 600 2831 650; x_wconf 90' lang='lat' dir='ltr'>ct</span> <span class='ocrx_word' id='word_1_133' title='bbox 2876 595 3284 667; x_wconf 83' lang='lat' dir='ltr'>Symmachus,</span> <span class='ocrx_word' id='word_1_134' title='bbox 3317 598 3426 655; x_wconf 88' lang='lat' dir='ltr'>hoc</span> <span class='ocrx_word' id='word_1_135' title='bbox 3458 601 3687 674; x_wconf 81' lang='lat' dir='ltr'>signiﬁ-</span> 
     </span>
    </p>
   </div>
   <div class='ocr_carea' id='block_1_21' title="bbox 2047 684 3687 761">
    <p class='ocr_par' dir='ltr' id='par_1_21' title="bbox 2047 684 3687 761">
     <span class='ocr_line' id='line_1_21' title="bbox 2047 684 3687 761; baseline 0.004 -22"><span class='ocrx_word' id='word_1_136' title='bbox 2047 690 2159 752; x_wconf 85' lang='lat' dir='ltr'>cat,</span> <span class='ocrx_word' id='word_1_137' title='bbox 2195 685 2334 756; x_wconf 88' lang='lat' dir='ltr'>quia</span> <span class='ocrx_word' id='word_1_138' title='bbox 2366 684 2693 740; x_wconf 89' lang='lat' dir='ltr'>invenerint</span> <span class='ocrx_word' id='word_1_139' title='bbox 2722 701 2957 756; x_wconf 88' lang='lat' dir='ltr'>aquam,</span> <span class='ocrx_word' id='word_1_140' title='bbox 3008 688 3065 739; x_wconf 91' lang='lat' dir='ltr'>et</span> <span class='ocrx_word' id='word_1_141' title='bbox 3097 691 3400 756; x_wconf 86' lang='lat' dir='ltr'>propterea</span> <span class='ocrx_word' id='word_1_142' title='bbox 3432 690 3687 761; x_wconf 87' lang='lat' dir='ltr'>appella-</span> 
     </span>
    </p>
   </div>
   <div class='ocr_carea' id='block_1_22' title="bbox 2047 775 3688 845">
    <p class='ocr_par' dir='ltr' id='par_1_22' title="bbox 2047 775 3688 845">
     <span class='ocr_line' id='line_1_22' title="bbox 2047 775 3688 845; baseline 0.004 -18"><span class='ocrx_word' id='word_1_143' title='bbox 2047 778 2142 828; x_wconf 90' lang='lat' dir='ltr'>tus</span> <span class='ocrx_word' id='word_1_144' title='bbox 2194 775 2270 829; x_wconf 89' lang='lat' dir='ltr'>sit</span> <span class='ocrx_word' id='word_1_145' title='bbox 2326 780 2540 845; x_wconf 88' lang='lat' dir='ltr'>puteus</span> <span class='ocrx_word' id='word_1_146' title='bbox 2598 775 2723 845; x_wconf 89' lang='lat' dir='ltr'>ipse</span> <span class='ocrx_word' id='word_1_147' title='bbox 2768 776 3077 829; x_wconf 78' lang='lat' dir='ltr'>saturitas:</span> <span class='ocrx_word' id='word_1_148' title='bbox 3132 779 3189 827; x_wconf 89' lang='lat' dir='ltr'>et</span> <span class='ocrx_word' id='word_1_149' title='bbox 3233 781 3437 831; x_wconf 88' lang='lat' dir='ltr'>vocata</span> <span class='ocrx_word' id='word_1_150' title='bbox 3485 777 3688 835; x_wconf 81' lang='lat' dir='ltr'>civitas</span> 
     </span>
    </p>
   </div>
   <div class='ocr_carea' id='block_1_23' title="bbox 2047 863 3688 939">
    <p class='ocr_par' dir='ltr' id='par_1_23' title="bbox 2047 863 3688 939">
     <span class='ocr_line' id='line_1_23' title="bbox 2047 863 3688 939; baseline 0.005 -24"><span class='ocrx_word' id='word_1_151' title='bbox 2047 880 2354 927; x_wconf 62' lang='lat' dir='ltr'>nsnsanss,</span> <span class='ocrx_word' id='word_1_152' title='bbox 2404 863 2514 917; x_wconf 92' lang='lat' dir='ltr'>hoc</span> <span class='ocrx_word' id='word_1_153' title='bbox 2571 873 2679 927; x_wconf 85' lang='lat' dir='ltr'>est,</span> <span class='ocrx_word' id='word_1_154' title='bbox 2727 868 2923 933; x_wconf 76' lang='lat' dir='ltr'>puteus</span> <span class='ocrx_word' id='word_1_155' title='bbox 2967 866 3280 918; x_wconf 80' lang='lat' dir='ltr'>saturitatis</span> <span class='ocrx_word' id='word_1_156' title='bbox 3325 865 3477 934; x_wconf 83' lang='lat' dir='ltr'>(Gen.</span> <span class='ocrx_word' id='word_1_157' title='bbox 3529 869 3688 939; x_wconf 74' lang='lat' dir='ltr'><strong>xxx):</strong></span> 
     </span>
    </p>
   </div>
   <div class='ocr_carea' id='block_1_24' title="bbox 2048 950 3687 1026">
    <p class='ocr_par' dir='ltr' id='par_1_24' title="bbox 2048 950 3687 1026">
     <span class='ocr_line' id='line_1_24' title="bbox 2048 950 3687 1026; baseline 0.004 -22"><span class='ocrx_word' id='word_1_158' title='bbox 2048 950 2182 1005; x_wconf 88' lang='lat' dir='ltr'>licet</span> <span class='ocrx_word' id='word_1_159' title='bbox 2239 951 2396 1006; x_wconf 89' lang='lat' dir='ltr'>enim</span> <span class='ocrx_word' id='word_1_160' title='bbox 2453 950 2557 1023; x_wconf 80' lang='grc' dir='ltr'>[Αἰ.</span> <span class='ocrx_word' id='word_1_161' title='bbox 2607 953 2734 1021; x_wconf 84' lang='lat' dir='ltr'>nos]</span> <span class='ocrx_word' id='word_1_162' title='bbox 2780 968 2957 1022; x_wconf 86' lang='lat' dir='ltr'>supra</span> <span class='ocrx_word' id='word_1_163' title='bbox 3003 968 3070 1005; x_wconf 86' lang='lat' dir='ltr'><strong>ex</strong></span> <span class='ocrx_word' id='word_1_164' title='bbox 3125 953 3298 1007; x_wconf 91' lang='lat' dir='ltr'>verbo</span> <span class='ocrx_word' id='word_1_165' title='bbox 3338 954 3687 1026; x_wconf 90' lang='lat' dir='ltr'>juramenti,</span> 
     </span>
    </p>
   </div>
   <div class='ocr_carea' id='block_1_25' title="bbox 2048 1040 3688 1113">
    <p class='ocr_par' dir='ltr' id='par_1_25' title="bbox 2048 1040 3688 1113">
     <span class='ocr_line' id='line_1_25' title="bbox 2048 1040 3688 1113; baseline 0.004 -19"><span class='ocrx_word' id='word_1_166' title='bbox 2048 1040 2166 1094; x_wconf 87' lang='lat' dir='ltr'>sive</span> <span class='ocrx_word' id='word_1_167' title='bbox 2224 1055 2292 1094; x_wconf 85' lang='lat' dir='ltr'><strong>ex</strong></span> <span class='ocrx_word' id='word_1_168' title='bbox 2352 1040 2680 1111; x_wconf 88' lang='lat' dir='ltr'>septenario</span> <span class='ocrx_word' id='word_1_169' title='bbox 2729 1040 2923 1094; x_wconf 90' lang='lat' dir='ltr'>ovium</span> <span class='ocrx_word' id='word_1_170' title='bbox 2986 1057 3248 1106; x_wconf 88' lang='lat' dir='ltr'>numero,</span> <span class='ocrx_word' id='word_1_171' title='bbox 3299 1043 3450 1113; x_wconf 91' lang='lat' dir='ltr'>quod</span> <span class='ocrx_word' id='word_1_172' title='bbox 3513 1061 3688 1101; x_wconf 81' lang='lat' dir='ltr'>SABEE</span> 
     </span>
    </p>
   </div>
   <div class='ocr_carea' id='block_1_26' title="bbox 2050 1129 3693 1205">
    <p class='ocr_par' dir='ltr' id='par_1_26' title="bbox 2050 1129 3693 1205">
     <span class='ocr_line' id='line_1_26' title="bbox 2050 1129 3693 1205; baseline 0.006 -26"><span class='ocrx_word' id='word_1_173' title='bbox 2050 1130 2229 1199; x_wconf 63' lang='lat' dir='ltr'>(mw)</span> <span class='ocrx_word' id='word_1_174' title='bbox 2261 1130 2415 1184; x_wconf 74' lang='lat'>348</span> <span class='ocrx_word' id='word_1_175' title='bbox 2447 1129 2678 1184; x_wconf 90' lang='lat' dir='ltr'>dicitur.</span> <span class='ocrx_word' id='word_1_176' title='bbox 2711 1130 3135 1184; x_wconf 85' lang='lat' dir='ltr'>asseruerimus</span> <span class='ocrx_word' id='word_1_177' title='bbox 3176 1147 3462 1186; x_wconf 60' lang='lat' dir='ltr'>cessasse</span> <span class='ocrx_word' id='word_1_178' title='bbox 3494 1133 3693 1205; x_wconf 86' lang='lat' dir='ltr'>appel-</span> 
     </span>
    </p>
   </div>
   <div class='ocr_carea' id='block_1_27' title="bbox 2049 1216 3689 1290">
    <p class='ocr_par' dir='ltr' id='par_1_27' title="bbox 2049 1216 3689 1290">
     <span class='ocr_line' id='line_1_27' title="bbox 2049 1216 3689 1290; baseline 0.004 -19"><span class='ocrx_word' id='word_1_179' title='bbox 2049 1216 2261 1272; x_wconf 89' lang='lat' dir='ltr'>latam:</span> <span class='ocrx_word' id='word_1_180' title='bbox 2331 1223 2525 1272; x_wconf 89' lang='lat' dir='ltr'>tamen</span> <span class='ocrx_word' id='word_1_181' title='bbox 2586 1235 2741 1272; x_wconf 86' lang='lat' dir='ltr'>nunc</span> <span class='ocrx_word' id='word_1_182' title='bbox 2800 1234 2868 1271; x_wconf 82' lang='lat' dir='ltr'><strong>ex</strong></span> <span class='ocrx_word' id='word_1_183' title='bbox 2923 1234 2990 1271; x_wconf 90' lang='lat' dir='ltr'>eo</span> <span class='ocrx_word' id='word_1_184' title='bbox 3048 1218 3201 1288; x_wconf 91' lang='lat' dir='ltr'>quod</span> <span class='ocrx_word' id='word_1_185' title='bbox 3254 1236 3407 1290; x_wconf 89' lang='lat' dir='ltr'>aqua</span> <span class='ocrx_word' id='word_1_186' title='bbox 3454 1221 3689 1278; x_wconf 90' lang='lat' dir='ltr'>inventa</span> 
     </span>
    </p>
   </div>
   <div class='ocr_carea' id='block_1_28' title="bbox 2050 1306 3692 1377">
    <p class='ocr_par' dir='ltr' id='par_1_28' title="bbox 2050 1306 3692 1377">
     <span class='ocr_line' id='line_1_28' title="bbox 2050 1306 3692 1377; baseline 0.004 -18"><span class='ocrx_word' id='word_1_187' title='bbox 2050 1310 2157 1371; x_wconf 88' lang='lat' dir='ltr'>est,</span> <span class='ocrx_word' id='word_1_188' title='bbox 2196 1306 2355 1361; x_wconf 89' lang='lat' dir='ltr'>Isaac</span> <span class='ocrx_word' id='word_1_189' title='bbox 2388 1307 2457 1360; x_wconf 89' lang='lat' dir='ltr'>ad</span> <span class='ocrx_word' id='word_1_190' title='bbox 2508 1323 2718 1361; x_wconf 88' lang='lat' dir='ltr'>nomen</span> <span class='ocrx_word' id='word_1_191' title='bbox 2769 1306 3042 1373; x_wconf 85' lang='lat' dir='ltr'>civitatis,</span> <span class='ocrx_word' id='word_1_192' title='bbox 3089 1323 3214 1377; x_wconf 63' lang='lat' dir='ltr'>qua:</span> <span class='ocrx_word' id='word_1_193' title='bbox 3266 1308 3346 1363; x_wconf 90' lang='lat' dir='ltr'>ita</span> <span class='ocrx_word' id='word_1_194' title='bbox 3373 1310 3692 1366; x_wconf 90' lang='lat' dir='ltr'>vocabatur</span> 
     </span>
    </p>
   </div>
   <div class='ocr_carea' id='block_1_29' title="bbox 2053 1394 3695 1470">
    <p class='ocr_par' dir='ltr' id='par_1_29' title="bbox 2053 1394 3695 1470">
     <span class='ocr_line' id='line_1_29' title="bbox 2053 1394 3695 1470; baseline 0.004 -21"><span class='ocrx_word' id='word_1_195' title='bbox 2053 1396 2344 1459; x_wconf 82' lang='lat' dir='ltr'>alludens,</span> <span class='ocrx_word' id='word_1_196' title='bbox 2377 1394 2689 1450; x_wconf 89' lang='lat' dir='ltr'>declinavit</span> <span class='ocrx_word' id='word_1_197' title='bbox 2720 1394 3025 1465; x_wconf 75' lang='lat' dir='ltr'>paululum</span> <span class='ocrx_word' id='word_1_198' title='bbox 3058 1394 3408 1464; x_wconf 90' lang='lat' dir='ltr'>litteram,et</span> <span class='ocrx_word' id='word_1_199' title='bbox 3439 1416 3543 1470; x_wconf 91' lang='lat' dir='ltr'>pro</span> <span class='ocrx_word' id='word_1_200' title='bbox 3565 1401 3695 1455; x_wconf 84' lang='lat' dir='ltr'>stri-</span> 
     </span>
    </p>
   </div>
   <div class='ocr_carea' id='block_1_30' title="bbox 2052 1484 3692 1557">
    <p class='ocr_par' dir='ltr' id='par_1_30' title="bbox 2052 1484 3692 1557">
     <span class='ocr_line' id='line_1_30' title="bbox 2052 1484 3692 1557; baseline 0.003 -19"><span class='ocrx_word' id='word_1_201' title='bbox 2052 1484 2189 1538; x_wconf 88' lang='lat' dir='ltr'>dulo</span> <span class='ocrx_word' id='word_1_202' title='bbox 2220 1484 2589 1538; x_wconf 66' lang='lat' dir='ltr'>Hebraeorum</span> <span class='ocrx_word' id='word_1_203' title='bbox 2621 1501 2712 1538; x_wconf 74' lang='lat' dir='ltr'><strong>st</strong></span> <span class='ocrx_word' id='word_1_204' title='bbox 2733 1486 2773 1549; x_wconf 81' lang='grc'>⁵,</span> <span class='ocrx_word' id='word_1_205' title='bbox 2809 1501 2843 1537; x_wconf 93' lang='lat' dir='ltr'>a</span> <span class='ocrx_word' id='word_1_206' title='bbox 2874 1500 2987 1554; x_wconf 91' lang='lat' dir='ltr'>quo</span> <span class='ocrx_word' id='word_1_207' title='bbox 3020 1501 3192 1538; x_wconf 62' lang='lat' dir='ltr'>sxsss</span> <span class='ocrx_word' id='word_1_208' title='bbox 3225 1484 3521 1557; x_wconf 86' lang='lat' dir='ltr'>incipitur,</span> <span class='ocrx_word' id='word_1_209' title='bbox 3545 1491 3692 1543; x_wconf 73' lang='lat' dir='ltr'>Gras-</span> 
     </span>
    </p>
   </div>
   <div class='ocr_carea' id='block_1_31' title="bbox 2052 1572 3693 1645">
    <p class='ocr_par' dir='ltr' id='par_1_31' title="bbox 2052 1572 3693 1645">
     <span class='ocr_line' id='line_1_31' title="bbox 2052 1572 3693 1645; baseline 0.002 -16"><span class='ocrx_word' id='word_1_210' title='bbox 2052 1590 2186 1629; x_wconf 89' lang='lat' dir='ltr'>cum</span> <span class='ocrx_word' id='word_1_211' title='bbox 2216 1573 2427 1643; x_wconf 81' lang='lat' dir='ltr'>sigma,</span> <span class='ocrx_word' id='word_1_212' title='bbox 2462 1573 2517 1626; x_wconf 89' lang='lat' dir='ltr'>id</span> <span class='ocrx_word' id='word_1_213' title='bbox 2550 1577 2638 1626; x_wconf 92' lang='lat' dir='ltr'>est</span> <span class='ocrx_word' id='word_1_214' title='bbox 2666 1572 2969 1626; x_wconf 70' lang='lat' dir='ltr'>Hebrmum</span> <span class='ocrx_word' id='word_1_215' title='bbox 3012 1589 3237 1626; x_wconf 62' lang='lat' dir='ltr'>sasxscu</span> <span class='ocrx_word' id='word_1_216' title='bbox 3288 1575 3520 1645; x_wconf 89' lang='lat' dir='ltr'>posuit:</span> <span class='ocrx_word' id='word_1_217' title='bbox 3552 1576 3693 1631; x_wconf 91' lang='lat' dir='ltr'>alio-</span> 
     </span>
    </p>
   </div>
   <div class='ocr_carea' id='block_1_32' title="bbox 2053 1660 3695 1735">
    <p class='ocr_par' dir='ltr' id='par_1_32' title="bbox 2053 1660 3695 1735">
     <span class='ocr_line' id='line_1_32' title="bbox 2053 1660 3695 1735; baseline 0.004 -22"><span class='ocrx_word' id='word_1_218' title='bbox 2053 1660 2193 1733; x_wconf 80' lang='lat' dir='ltr'>quin</span> <span class='ocrx_word' id='word_1_219' title='bbox 2225 1662 2465 1731; x_wconf 88' lang='lat' dir='ltr'>etjuxta</span> <span class='ocrx_word' id='word_1_220' title='bbox 2509 1660 2798 1732; x_wconf 64' lang='lat' dir='ltr'>allegoria:</span> <span class='ocrx_word' id='word_1_221' title='bbox 2848 1661 3054 1731; x_wconf 82' lang='lat' dir='ltr'>legem,</span> <span class='ocrx_word' id='word_1_222' title='bbox 3108 1666 3239 1733; x_wconf 89' lang='lat' dir='ltr'>post</span> <span class='ocrx_word' id='word_1_223' title='bbox 3265 1666 3459 1717; x_wconf 89' lang='lat' dir='ltr'>tantos</span> <span class='ocrx_word' id='word_1_224' title='bbox 3490 1669 3695 1735; x_wconf 90' lang='lat' dir='ltr'>puteos</span> 
     </span>
    </p>
   </div>
   <div class='ocr_carea' id='block_1_33' title="bbox 2054 1748 3695 1820">
    <p class='ocr_par' dir='ltr' id='par_1_33' title="bbox 2054 1748 3695 1820">
     <span class='ocr_line' id='line_1_33' title="bbox 2054 1748 3695 1820; baseline 0.004 -17"><span class='ocrx_word' id='word_1_225' title='bbox 2054 1751 2111 1804; x_wconf 92' lang='lat' dir='ltr'>in</span> <span class='ocrx_word' id='word_1_226' title='bbox 2143 1750 2257 1803; x_wconf 82' lang='lat' dir='ltr'>tine</span> <span class='ocrx_word' id='word_1_227' title='bbox 2305 1748 2606 1814; x_wconf 90' lang='lat' dir='ltr'>virtutum,</span> <span class='ocrx_word' id='word_1_228' title='bbox 2665 1765 3035 1820; x_wconf 85' lang='lat' dir='ltr'>nequaquam</span> <span class='ocrx_word' id='word_1_229' title='bbox 3082 1751 3369 1820; x_wconf 79' lang='lat' dir='ltr'>congruit,</span> <span class='ocrx_word' id='word_1_230' title='bbox 3421 1757 3485 1807; x_wconf 86' lang='lat' dir='ltr'>ut</span> <span class='ocrx_word' id='word_1_231' title='bbox 3536 1754 3695 1809; x_wconf 88' lang='lat' dir='ltr'>Isaac</span> 
     </span>
    </p>
   </div>
   <div class='ocr_carea' id='block_1_34' title="bbox 288 1835 2913 1940">
    <p class='ocr_par' dir='ltr' id='par_1_34' title="bbox 288 1835 2913 1940">
     <span class='ocr_line' id='line_1_34' title="bbox 288 1835 2913 1940; baseline -0.001 -47"><span class='ocrx_word' id='word_1_232' title='bbox 288 1840 419 1909; x_wconf 88' lang='lat' dir='ltr'>ejus</span> <span class='ocrx_word' id='word_1_233' title='bbox 439 1835 936 1892; x_wconf 68' lang='lat' dir='ltr'>inimicitias.»Pro</span> <span class='ocrx_word' id='word_1_234' title='bbox 958 1837 1285 1894; x_wconf 88' lang='lat' dir='ltr'>inimicitiis</span> <span class='ocrx_word' id='word_1_235' title='bbox 1301 1840 1451 1909; x_wconf 91' lang='lat' dir='ltr'>quod</span> <span class='ocrx_word' id='word_1_236' title='bbox 1477 1839 1692 1910; x_wconf 86' lang='lat' dir='ltr'>Aquila</span> <span class='ocrx_word' id='word_1_237' title='bbox 1706 1844 1764 1894; x_wconf 87' lang='lat' dir='ltr'>et</span> <span class='ocrx_word' id='word_1_238' title='bbox 1785 1844 1944 1912; x_wconf 85' lang='lat' dir='ltr'>Sym-</span> <span class='ocrx_word' id='word_1_239' title='bbox 1974 1876 2021 1940; x_wconf 79' lang='grc' dir='ltr'><strong>Β</strong></span> <span class='ocrx_word' id='word_1_240' title='bbox 2052 1854 2266 1908; x_wconf 85' lang='lat' dir='ltr'>aquam</span> <span class='ocrx_word' id='word_1_241' title='bbox 2302 1837 2545 1891; x_wconf 90' lang='lat' dir='ltr'>minime</span> <span class='ocrx_word' id='word_1_242' title='bbox 2575 1838 2913 1908; x_wconf 63' lang='lat' dir='ltr'>repererit“.</span> 
     </span>
    </p>
   </div>
   <div class='ocr_carea' id='block_1_35' title="bbox 286 1924 1941 1997">
    <p class='ocr_par' dir='ltr' id='par_1_35' title="bbox 286 1924 1941 1997">
     <span class='ocr_line' id='line_1_35' title="bbox 286 1924 1941 1997; baseline 0.002 -16"><span class='ocrx_word' id='word_1_243' title='bbox 286 1926 537 1981; x_wconf 91' lang='lat' dir='ltr'>machus</span> <span class='ocrx_word' id='word_1_244' title='bbox 579 1925 678 1992; x_wconf 76' lang='grc' dir='ltr'>τήν</span> <span class='ocrx_word' id='word_1_245' title='bbox 731 1924 1104 1997; x_wconf 66' lang='grc' dir='ltr'>ἀντικειμένην</span> <span class='ocrx_word' id='word_1_246' title='bbox 1175 1931 1232 1981; x_wconf 86' lang='lat' dir='ltr'>et.</span> <span class='ocrx_word' id='word_1_247' title='bbox 1280 1924 1636 1979; x_wconf 62' lang='grc' dir='ltr'>ἐνοιν-ιτίωετιν1</span> <span class='ocrx_word' id='word_1_248' title='bbox 1684 1934 1941 1984; x_wconf 82' lang='lat' dir='ltr'>transtu-</span> 
     </span>
    </p>
   </div>
   <div class='ocr_carea' id='block_1_36' title="bbox 286 2014 1941 2086">
    <p class='ocr_par' dir='ltr' id='par_1_36' title="bbox 286 2014 1941 2086">
     <span class='ocr_line' id='line_1_36' title="bbox 286 2014 1941 2086; baseline 0.002 -16"><span class='ocrx_word' id='word_1_249' title='bbox 286 2015 506 2081; x_wconf 88' lang='lat' dir='ltr'>lerunt,</span> <span class='ocrx_word' id='word_1_250' title='bbox 538 2014 595 2068; x_wconf 93' lang='lat' dir='ltr'>id</span> <span class='ocrx_word' id='word_1_251' title='bbox 628 2019 740 2080; x_wconf 91' lang='lat' dir='ltr'>est,</span> <span class='ocrx_word' id='word_1_252' title='bbox 772 2014 1063 2070; x_wconf 80' lang='lat' dir='ltr'>adversum</span> <span class='ocrx_word' id='word_1_253' title='bbox 1114 2020 1291 2086; x_wconf 88' lang='lat' dir='ltr'>atque</span> <span class='ocrx_word' id='word_1_254' title='bbox 1339 2019 1712 2081; x_wconf 84' lang='lat' dir='ltr'>contrarium,</span> <span class='ocrx_word' id='word_1_255' title='bbox 1742 2018 1801 2072; x_wconf 92' lang='lat' dir='ltr'>in</span> <span class='ocrx_word' id='word_1_256' title='bbox 1834 2019 1941 2073; x_wconf 85' lang='lat' dir='ltr'>He-</span> 
     </span>
    </p>
   </div>
   <div class='ocr_carea' id='block_1_37' title="bbox 294 2102 1944 2177">
    <p class='ocr_par' dir='ltr' id='par_1_37' title="bbox 294 2102 1944 2177">
     <span class='ocr_line' id='line_1_37' title="bbox 294 2102 1944 2177; baseline 0.003 -20"><span class='ocrx_word' id='word_1_257' title='bbox 294 2105 453 2158; x_wconf 66' lang='lat' dir='ltr'>braeo</span> <span class='ocrx_word' id='word_1_258' title='bbox 482 2102 672 2171; x_wconf 87' lang='lat' dir='ltr'>habet,</span> <span class='ocrx_word' id='word_1_259' title='bbox 705 2119 921 2157; x_wconf 61' lang='lat' dir='ltr'>suam</span> <span class='ocrx_word' id='word_1_260' title='bbox 971 2104 1218 2175; x_wconf 63' lang='lat' dir='ltr'>(mue),</span> <span class='ocrx_word' id='word_1_261' title='bbox 1269 2105 1352 2159; x_wconf 82' lang='lat' dir='ltr'><strong>Ex</strong></span> <span class='ocrx_word' id='word_1_262' title='bbox 1398 2121 1513 2176; x_wconf 91' lang='lat' dir='ltr'>quo</span> <span class='ocrx_word' id='word_1_263' title='bbox 1562 2106 1944 2177; x_wconf 78' lang='lat' dir='ltr'>intelligimus</span> 
     </span>
    </p>
   </div>
   <div class='ocr_carea' id='block_1_38' title="bbox 297 2191 1356 2264">
    <p class='ocr_par' dir='ltr' id='par_1_38' title="bbox 297 2191 1356 2264">
     <span class='ocr_line' id='line_1_38' title="bbox 297 2191 1356 2264; baseline -0.001 -17"><span class='ocrx_word' id='word_1_264' title='bbox 297 2191 565 2247; x_wconf 83' lang='lat' dir='ltr'>Satanam</span> <span class='ocrx_word' id='word_1_265' title='bbox 591 2193 937 2246; x_wconf 82' lang='lat' dir='ltr'>contrarium</span> <span class='ocrx_word' id='word_1_266' title='bbox 968 2192 1356 2264; x_wconf 90' lang='lat' dir='ltr'>interpretari.</span> 
     </span>
    </p>
   </div>
   <div class='ocr_carea' id='block_1_39' title="bbox 376 2278 1945 2352">
    <p class='ocr_par' dir='ltr' id='par_1_39' title="bbox 376 2278 1945 2352">
     <span class='ocr_line' id='line_1_39' title="bbox 376 2278 1945 2352; baseline 0.004 -20"><span class='ocrx_word' id='word_1_267' title='bbox 376 2278 558 2350; x_wconf 88' lang='lat' dir='ltr'>(Vers.</span> <span class='ocrx_word' id='word_1_268' title='bbox 586 2281 701 2350; x_wconf 87' lang='lat'>22.)</span> <span class='ocrx_word' id='word_1_269' title='bbox 741 2302 765 2333; x_wconf 78' lang='grc' dir='ltr'>ι</span> <span class='ocrx_word' id='word_1_270' title='bbox 798 2284 866 2334; x_wconf 87' lang='lat' dir='ltr'>Et</span> <span class='ocrx_word' id='word_1_271' title='bbox 895 2280 1171 2335; x_wconf 85' lang='lat' dir='ltr'>foderunt</span> <span class='ocrx_word' id='word_1_272' title='bbox 1223 2285 1464 2352; x_wconf 89' lang='lat' dir='ltr'>puteum</span> <span class='ocrx_word' id='word_1_273' title='bbox 1490 2282 1693 2349; x_wconf 91' lang='lat' dir='ltr'>alium,</span> <span class='ocrx_word' id='word_1_274' title='bbox 1744 2289 1801 2339; x_wconf 90' lang='lat' dir='ltr'>et</span> <span class='ocrx_word' id='word_1_275' title='bbox 1830 2301 1945 2339; x_wconf 92' lang='lat' dir='ltr'>non</span> 
     </span>
    </p>
   </div>
   <div class='ocr_carea' id='block_1_40' title="bbox 288 2368 1946 2442">
    <p class='ocr_par' dir='ltr' id='par_1_40' title="bbox 288 2368 1946 2442">
     <span class='ocr_line' id='line_1_40' title="bbox 288 2368 1946 2442; baseline 0.002 -19"><span class='ocrx_word' id='word_1_276' title='bbox 288 2368 674 2440; x_wconf 80' lang='lat' dir='ltr'>litigaverunt</span> <span class='ocrx_word' id='word_1_277' title='bbox 714 2384 849 2424; x_wconf 90' lang='lat' dir='ltr'>cum</span> <span class='ocrx_word' id='word_1_278' title='bbox 882 2368 1006 2424; x_wconf 89' lang='lat' dir='ltr'>eis:</span> <span class='ocrx_word' id='word_1_279' title='bbox 1058 2374 1115 2423; x_wconf 89' lang='lat' dir='ltr'>et</span> <span class='ocrx_word' id='word_1_280' title='bbox 1142 2370 1369 2425; x_wconf 89' lang='lat' dir='ltr'>vocavit</span> <span class='ocrx_word' id='word_1_281' title='bbox 1409 2386 1622 2426; x_wconf 88' lang='lat' dir='ltr'>nomen</span> <span class='ocrx_word' id='word_1_282' title='bbox 1652 2372 1780 2442; x_wconf 89' lang='lat' dir='ltr'>ejus</span> <span class='ocrx_word' id='word_1_283' title='bbox 1811 2372 1946 2427; x_wconf 88' lang='lat' dir='ltr'>lati-</span> 
     </span>
    </p>
   </div>
   <div class='ocr_carea' id='block_1_41' title="bbox 285 2456 1944 2525">
    <p class='ocr_par' dir='ltr' id='par_1_41' title="bbox 285 2456 1944 2525">
     <span class='ocr_line' id='line_1_41' title="bbox 285 2456 1944 2525; baseline 0.002 -12"><span class='ocrx_word' id='word_1_284' title='bbox 285 2459 451 2513; x_wconf 87' lang='lat' dir='ltr'>tudo.</span> <span class='ocrx_word' id='word_1_285' title='bbox 492 2479 521 2507; x_wconf 84' lang='lat'>»</span> <span class='ocrx_word' id='word_1_286' title='bbox 558 2461 670 2512; x_wconf 91' lang='lat' dir='ltr'>Pro</span> <span class='ocrx_word' id='word_1_287' title='bbox 702 2456 1033 2525; x_wconf 89' lang='lat' dir='ltr'>latitudine,</span> <span class='ocrx_word' id='word_1_288' title='bbox 1068 2459 1127 2512; x_wconf 90' lang='lat' dir='ltr'>in</span> <span class='ocrx_word' id='word_1_289' title='bbox 1172 2458 1412 2514; x_wconf 71' lang='lat' dir='ltr'>Hebrazo</span> <span class='ocrx_word' id='word_1_290' title='bbox 1459 2459 1634 2515; x_wconf 89' lang='lat' dir='ltr'>habet</span> <span class='ocrx_word' id='word_1_291' title='bbox 1684 2477 1944 2517; x_wconf 78' lang='lat' dir='ltr'>aooso&#39;rxx</span> 
     </span>
    </p>
   </div>
   <div class='ocr_carea' id='block_1_42' title="bbox 288 2546 1942 2619">
    <p class='ocr_par' dir='ltr' id='par_1_42' title="bbox 288 2546 1942 2619">
     <span class='ocr_line' id='line_1_42' title="bbox 288 2546 1942 2619; baseline 0.007 -25"><span class='ocrx_word' id='word_1_292' title='bbox 288 2549 541 2615; x_wconf 68' lang='lat' dir='ltr'>(num),</span> <span class='ocrx_word' id='word_1_293' title='bbox 575 2546 646 2600; x_wconf 90' lang='lat' dir='ltr'>ad</span> <span class='ocrx_word' id='word_1_294' title='bbox 678 2546 1049 2617; x_wconf 90' lang='lat' dir='ltr'>probandum</span> <span class='ocrx_word' id='word_1_295' title='bbox 1082 2546 1250 2614; x_wconf 93' lang='lat' dir='ltr'>illud,</span> <span class='ocrx_word' id='word_1_296' title='bbox 1271 2548 1426 2617; x_wconf 92' lang='lat' dir='ltr'>quod</span> <span class='ocrx_word' id='word_1_297' title='bbox 1458 2565 1639 2619; x_wconf 90' lang='lat' dir='ltr'>supra</span> <span class='ocrx_word' id='word_1_298' title='bbox 1668 2550 1942 2606; x_wconf 82' lang='lat' dir='ltr'>diximus:</span> 
     </span>
    </p>
   </div>
   <div class='ocr_carea' id='block_1_43' title="bbox 292 2634 1943 2707">
    <p class='ocr_par' dir='ltr' id='par_1_43' title="bbox 292 2634 1943 2707">
     <span class='ocr_line' id='line_1_43' title="bbox 292 2634 1943 2707; baseline 0.002 -16"><span class='ocrx_word' id='word_1_299' title='bbox 292 2637 411 2707; x_wconf 69' lang='lat' dir='ltr'>Ipse</span> <span class='ocrx_word' id='word_1_300' title='bbox 438 2634 743 2703; x_wconf 72' lang='lat' dir='ltr'>aediﬁcavit</span> <span class='ocrx_word' id='word_1_301' title='bbox 772 2636 1008 2690; x_wconf 84' lang='lat' dir='ltr'>Niniven</span> <span class='ocrx_word' id='word_1_302' title='bbox 1032 2638 1330 2703; x_wconf 85' lang='lat' dir='ltr'>civitatem,</span> <span class='ocrx_word' id='word_1_303' title='bbox 1382 2645 1433 2691; x_wconf 86' lang='lat' dir='ltr'>et</span> <span class='ocrx_word' id='word_1_304' title='bbox 1473 2638 1717 2707; x_wconf 70' lang='lat' dir='ltr'>roobotlt,</span> <span class='ocrx_word' id='word_1_305' title='bbox 1746 2638 1802 2693; x_wconf 90' lang='lat' dir='ltr'>id</span> <span class='ocrx_word' id='word_1_306' title='bbox 1834 2644 1943 2707; x_wconf 90' lang='lat' dir='ltr'>est,</span> 
     </span>
    </p>
   </div>
   <div class='ocr_carea' id='block_1_44' title="bbox 288 2723 1060 2795">
    <p class='ocr_par' dir='ltr' id='par_1_44' title="bbox 288 2723 1060 2795">
     <span class='ocr_line' id='line_1_44' title="bbox 288 2723 1060 2795; baseline -0.003 -16"><span class='ocrx_word' id='word_1_307' title='bbox 288 2725 503 2795; x_wconf 78' lang='lat' dir='ltr'>plateas</span> <span class='ocrx_word' id='word_1_308' title='bbox 530 2724 649 2795; x_wconf 79' lang='lat' dir='ltr'>ejus</span> <span class='ocrx_word' id='word_1_309' title='bbox 680 2723 833 2794; x_wconf 85' lang='lat' dir='ltr'>(Gen.</span> <span class='ocrx_word' id='word_1_310' title='bbox 862 2741 916 2790; x_wconf 89' lang='lat' dir='ltr'><strong>x,</strong></span> <span class='ocrx_word' id='word_1_311' title='bbox 950 2724 1060 2791; x_wconf 82' lang='lat' dir='ltr'>lt).</span> 
     </span>
    </p>
   </div>
   <div class='ocr_carea' id='block_1_45' title="bbox 368 2811 1944 2884">
    <p class='ocr_par' dir='ltr' id='par_1_45' title="bbox 368 2811 1944 2884">
     <span class='ocr_line' id='line_1_45' title="bbox 368 2811 1944 2884; baseline 0.005 -20"><span class='ocrx_word' id='word_1_312' title='bbox 368 2813 553 2884; x_wconf 90' lang='lat' dir='ltr'>(Vers.</span> <span class='ocrx_word' id='word_1_313' title='bbox 583 2812 704 2882; x_wconf 86' lang='lat'>26.)</span> <span class='ocrx_word' id='word_1_314' title='bbox 756 2834 783 2860; x_wconf 91' lang='grc'>‹‹</span> <span class='ocrx_word' id='word_1_315' title='bbox 836 2813 907 2866; x_wconf 91' lang='lat' dir='ltr'>Et</span> <span class='ocrx_word' id='word_1_316' title='bbox 940 2811 1279 2868; x_wconf 82' lang='lat' dir='ltr'>Abimelech</span> <span class='ocrx_word' id='word_1_317' title='bbox 1312 2813 1417 2868; x_wconf 90' lang='lat' dir='ltr'>ivit</span> <span class='ocrx_word' id='word_1_318' title='bbox 1446 2815 1520 2869; x_wconf 88' lang='lat' dir='ltr'>ad</span> <span class='ocrx_word' id='word_1_319' title='bbox 1548 2832 1681 2870; x_wconf 89' lang='lat' dir='ltr'>eum</span> <span class='ocrx_word' id='word_1_320' title='bbox 1738 2817 1809 2871; x_wconf 93' lang='lat' dir='ltr'>de</span> <span class='ocrx_word' id='word_1_321' title='bbox 1838 2818 1944 2872; x_wconf 91' lang='lat' dir='ltr'>Ge-</span> 
     </span>
    </p>
   </div>
   <div class='ocr_carea' id='block_1_46' title="bbox 293 2899 1946 2976">
    <p class='ocr_par' dir='ltr' id='par_1_46' title="bbox 293 2899 1946 2976">
     <span class='ocr_line' id='line_1_46' title="bbox 293 2899 1946 2976; baseline 0.002 -21"><span class='ocrx_word' id='word_1_322' title='bbox 293 2900 470 2969; x_wconf 88' lang='lat' dir='ltr'>raris,</span> <span class='ocrx_word' id='word_1_323' title='bbox 502 2904 558 2955; x_wconf 88' lang='lat' dir='ltr'>et</span> <span class='ocrx_word' id='word_1_324' title='bbox 589 2899 885 2955; x_wconf 90' lang='lat' dir='ltr'>Ochozath</span> <span class='ocrx_word' id='word_1_325' title='bbox 912 2901 1217 2972; x_wconf 91' lang='lat' dir='ltr'>pronubus</span> <span class='ocrx_word' id='word_1_326' title='bbox 1260 2902 1408 2971; x_wconf 89' lang='lat' dir='ltr'>ejus,</span> <span class='ocrx_word' id='word_1_327' title='bbox 1462 2908 1519 2957; x_wconf 91' lang='lat' dir='ltr'>et</span> <span class='ocrx_word' id='word_1_328' title='bbox 1565 2903 1761 2959; x_wconf 92' lang='lat' dir='ltr'>Phieol</span> <span class='ocrx_word' id='word_1_329' title='bbox 1794 2904 1946 2976; x_wconf 89' lang='lat' dir='ltr'>prin-</span> 
     </span>
    </p>
   </div>
   <div class='ocr_carea' id='block_1_47' title="bbox 292 2986 1944 3062">
    <p class='ocr_par' dir='ltr' id='par_1_47' title="bbox 292 2986 1944 3062">
     <span class='ocr_line' id='line_1_47' title="bbox 292 2986 1944 3062; baseline 0.002 -18"><span class='ocrx_word' id='word_1_330' title='bbox 292 3006 432 3061; x_wconf 87' lang='lat' dir='ltr'>ceps</span> <span class='ocrx_word' id='word_1_331' title='bbox 477 2986 703 3043; x_wconf 70' lang='lat' dir='ltr'>militia:</span> <span class='ocrx_word' id='word_1_332' title='bbox 753 2989 901 3058; x_wconf 84' lang='lat' dir='ltr'>ejus.</span> <span class='ocrx_word' id='word_1_333' title='bbox 938 3011 965 3038; x_wconf 92' lang='grc'><strong>››</strong></span> <span class='ocrx_word' id='word_1_334' title='bbox 1017 2988 1124 3043; x_wconf 89' lang='lat' dir='ltr'>Pro</span> <span class='ocrx_word' id='word_1_335' title='bbox 1180 2988 1470 3045; x_wconf 88' lang='lat' dir='ltr'>Ochozath</span> <span class='ocrx_word' id='word_1_336' title='bbox 1520 2993 1784 3062; x_wconf 90' lang='lat' dir='ltr'>pronubo</span> <span class='ocrx_word' id='word_1_337' title='bbox 1804 2994 1844 3060; x_wconf 74' lang='lat'>3,</span> <span class='ocrx_word' id='word_1_338' title='bbox 1888 2993 1944 3047; x_wconf 92' lang='lat' dir='ltr'>in</span> 
     </span>
    </p>
   </div>
   <div class='ocr_carea' id='block_1_48' title="bbox 297 3076 1946 3152">
    <p class='ocr_par' dir='ltr' id='par_1_48' title="bbox 297 3076 1946 3152">
     <span class='ocr_line' id='line_1_48' title="bbox 297 3076 1946 3152; baseline 0.003 -19"><span class='ocrx_word' id='word_1_339' title='bbox 297 3079 532 3134; x_wconf 68' lang='lat' dir='ltr'>Hebraeo</span> <span class='ocrx_word' id='word_1_340' title='bbox 600 3076 796 3148; x_wconf 89' lang='lat' dir='ltr'>habet,</span> <span class='ocrx_word' id='word_1_341' title='bbox 845 3078 1135 3146; x_wconf 80' lang='lat' dir='ltr'>collegium</span> <span class='ocrx_word' id='word_1_342' title='bbox 1186 3080 1487 3135; x_wconf 82' lang='lat' dir='ltr'>amicorum</span> <span class='ocrx_word' id='word_1_343' title='bbox 1515 3082 1666 3152; x_wconf 80' lang='lat' dir='ltr'>ejus:</span> <span class='ocrx_word' id='word_1_344' title='bbox 1720 3087 1784 3137; x_wconf 91' lang='lat' dir='ltr'>ut</span> <span class='ocrx_word' id='word_1_345' title='bbox 1832 3100 1946 3138; x_wconf 91' lang='lat' dir='ltr'>non</span> 
     </span>
    </p>
   </div>
   <div class='ocr_carea' id='block_1_49' title="bbox 294 3165 1944 3239">
    <p class='ocr_par' dir='ltr' id='par_1_49' title="bbox 294 3165 1944 3239">
     <span class='ocr_line' id='line_1_49' title="bbox 294 3165 1944 3239; baseline 0.002 -17"><span class='ocrx_word' id='word_1_346' title='bbox 294 3172 418 3222; x_wconf 91' lang='lat' dir='ltr'>tam</span> <span class='ocrx_word' id='word_1_347' title='bbox 450 3165 750 3222; x_wconf 89' lang='lat' dir='ltr'>hominem</span> <span class='ocrx_word' id='word_1_348' title='bbox 782 3165 1076 3238; x_wconf 85' lang='lat' dir='ltr'>significet</span> <span class='ocrx_word' id='word_1_349' title='bbox 1126 3183 1303 3238; x_wconf 87' lang='lat' dir='ltr'>quam</span> <span class='ocrx_word' id='word_1_350' title='bbox 1335 3168 1657 3224; x_wconf 84' lang='lat' dir='ltr'>amicorum</span> <span class='ocrx_word' id='word_1_351' title='bbox 1690 3171 1944 3239; x_wconf 88' lang='lat' dir='ltr'>turbam,</span> 
     </span>
    </p>
   </div>
   <div class='ocr_carea' id='block_1_50' title="bbox 294 3243 2020 3329">
    <p class='ocr_par' dir='ltr' id='par_1_50' title="bbox 294 3243 2020 3329">
     <span class='ocr_line' id='line_1_50' title="bbox 294 3243 2020 3329; baseline 0.002 -19"><span class='ocrx_word' id='word_1_352' title='bbox 294 3273 426 3328; x_wconf 66' lang='lat' dir='ltr'>quae</span> <span class='ocrx_word' id='word_1_353' title='bbox 476 3270 611 3309; x_wconf 92' lang='lat' dir='ltr'>cum</span> <span class='ocrx_word' id='word_1_354' title='bbox 661 3269 796 3326; x_wconf 87' lang='lat' dir='ltr'>rege</span> <span class='ocrx_word' id='word_1_355' title='bbox 841 3260 1097 3325; x_wconf 90' lang='lat' dir='ltr'>venerat,</span> <span class='ocrx_word' id='word_1_356' title='bbox 1151 3255 1209 3310; x_wconf 91' lang='lat' dir='ltr'>in</span> <span class='ocrx_word' id='word_1_357' title='bbox 1259 3256 1472 3329; x_wconf 87' lang='lat' dir='ltr'>quibus</span> <span class='ocrx_word' id='word_1_358' title='bbox 1522 3258 1635 3313; x_wconf 88' lang='lat' dir='ltr'>fuit</span> <span class='ocrx_word' id='word_1_359' title='bbox 1663 3262 1718 3313; x_wconf 92' lang='lat' dir='ltr'>et</span> <span class='ocrx_word' id='word_1_360' title='bbox 1749 3258 1945 3315; x_wconf 85' lang='lat' dir='ltr'>Phicol</span> <span class='ocrx_word' id='word_1_361' title='bbox 1977 3243 2020 3308; x_wconf 74' lang='grc' dir='ltr'><strong>Ο</strong></span> 
     </span>
    </p>
   </div>
   <div class='ocr_carea' id='block_1_51' title="bbox 291 3342 1067 3416">
    <p class='ocr_par' dir='ltr' id='par_1_51' title="bbox 291 3342 1067 3416">
     <span class='ocr_line' id='line_1_51' title="bbox 291 3342 1067 3416; baseline -0.001 -18"><span class='ocrx_word' id='word_1_362' title='bbox 291 3344 569 3416; x_wconf 87' lang='lat' dir='ltr'>princeps</span> <span class='ocrx_word' id='word_1_363' title='bbox 599 3342 889 3399; x_wconf 83' lang='lat' dir='ltr'>exercitus</span> <span class='ocrx_word' id='word_1_364' title='bbox 920 3344 1067 3413; x_wconf 84' lang='lat' dir='ltr'>ejus.</span> 
     </span>
    </p>
   </div>
   <div class='ocr_carea' id='block_1_52' title="bbox 367 3431 1953 3504">
    <p class='ocr_par' dir='ltr' id='par_1_52' title="bbox 367 3431 1953 3504">
     <span class='ocr_line' id='line_1_52' title="bbox 367 3431 1953 3504; baseline 0.004 -19"><span class='ocrx_word' id='word_1_365' title='bbox 367 3431 555 3503; x_wconf 87' lang='lat' dir='ltr'>(Vers.</span> <span class='ocrx_word' id='word_1_366' title='bbox 599 3432 670 3486; x_wconf 84' lang='lat'>32</span> <span class='ocrx_word' id='word_1_367' title='bbox 700 3436 757 3486; x_wconf 90' lang='lat' dir='ltr'>et</span> <span class='ocrx_word' id='word_1_368' title='bbox 801 3432 917 3503; x_wconf 90' lang='lat'>33.)</span> <span class='ocrx_word' id='word_1_369' title='bbox 971 3453 992 3482; x_wconf 81' lang='grc' dir='ltr'>ι</span> <span class='ocrx_word' id='word_1_370' title='bbox 1026 3433 1096 3487; x_wconf 90' lang='lat' dir='ltr'>Et</span> <span class='ocrx_word' id='word_1_371' title='bbox 1142 3437 1429 3488; x_wconf 88' lang='lat' dir='ltr'>venerunt</span> <span class='ocrx_word' id='word_1_372' title='bbox 1475 3434 1623 3489; x_wconf 88' lang='lat' dir='ltr'>servi</span> <span class='ocrx_word' id='word_1_373' title='bbox 1672 3436 1851 3504; x_wconf 89' lang='lat' dir='ltr'>Isaac,</span> <span class='ocrx_word' id='word_1_374' title='bbox 1896 3442 1953 3492; x_wconf 89' lang='lat' dir='ltr'>et</span> 
     </span>
    </p>
   </div>
   <div class='ocr_carea' id='block_1_53' title="bbox 294 3520 1949 3593">
    <p class='ocr_par' dir='ltr' id='par_1_53' title="bbox 294 3520 1949 3593">
     <span class='ocr_line' id='line_1_53' title="bbox 294 3520 1949 3593; baseline 0.001 -16"><span class='ocrx_word' id='word_1_375' title='bbox 294 3521 719 3577; x_wconf 87' lang='lat' dir='ltr'>nuntiaverunt</span> <span class='ocrx_word' id='word_1_376' title='bbox 749 3520 801 3576; x_wconf 91' lang='lat' dir='ltr'>ei</span> <span class='ocrx_word' id='word_1_377' title='bbox 833 3521 906 3576; x_wconf 92' lang='lat' dir='ltr'>de</span> <span class='ocrx_word' id='word_1_378' title='bbox 935 3525 1132 3593; x_wconf 91' lang='lat' dir='ltr'>puteo,</span> <span class='ocrx_word' id='word_1_379' title='bbox 1166 3536 1341 3592; x_wconf 91' lang='lat' dir='ltr'>quem</span> <span class='ocrx_word' id='word_1_380' title='bbox 1374 3522 1674 3577; x_wconf 86' lang='lat' dir='ltr'>foderunt:</span> <span class='ocrx_word' id='word_1_381' title='bbox 1701 3529 1759 3578; x_wconf 91' lang='lat' dir='ltr'>et</span> <span class='ocrx_word' id='word_1_382' title='bbox 1788 3526 1949 3580; x_wconf 86' lang='lat' dir='ltr'>dixe-</span> 
     </span>
    </p>
   </div>
   <div class='ocr_carea' id='block_1_54' title="bbox 299 3608 1952 3684">
    <p class='ocr_par' dir='ltr' id='par_1_54' title="bbox 299 3608 1952 3684">
     <span class='ocr_line' id='line_1_54' title="bbox 299 3608 1952 3684; baseline 0.003 -20"><span class='ocrx_word' id='word_1_383' title='bbox 299 3613 445 3664; x_wconf 85' lang='lat' dir='ltr'>runt</span> <span class='ocrx_word' id='word_1_384' title='bbox 469 3608 543 3675; x_wconf 90' lang='lat' dir='ltr'>ei,</span> <span class='ocrx_word' id='word_1_385' title='bbox 574 3608 911 3665; x_wconf 88' lang='lat' dir='ltr'>Invenimus</span> <span class='ocrx_word' id='word_1_386' title='bbox 941 3626 1157 3681; x_wconf 89' lang='lat' dir='ltr'>aquam</span> <span class='ocrx_word' id='word_1_387' title='bbox 1189 3611 1211 3644; x_wconf 78' lang='grc'><strong>⁴</strong></span> <span class='ocrx_word' id='word_1_388' title='bbox 1235 3628 1246 3665; x_wconf 94' lang='lat'>:</span> <span class='ocrx_word' id='word_1_389' title='bbox 1271 3614 1327 3664; x_wconf 91' lang='lat' dir='ltr'>et</span> <span class='ocrx_word' id='word_1_390' title='bbox 1346 3611 1569 3665; x_wconf 88' lang='lat' dir='ltr'>vocavit</span> <span class='ocrx_word' id='word_1_391' title='bbox 1591 3628 1799 3667; x_wconf 90' lang='lat' dir='ltr'>nomen</span> <span class='ocrx_word' id='word_1_392' title='bbox 1823 3615 1952 3684; x_wconf 86' lang='lat' dir='ltr'>ejus</span> 
     </span>
    </p>
   </div>
   <div class='ocr_carea' id='block_1_55' title="bbox 303 3695 1951 3771">
    <p class='ocr_par' dir='ltr' id='par_1_55' title="bbox 303 3695 1951 3771">
     <span class='ocr_line' id='line_1_55' title="bbox 303 3695 1951 3771; baseline 0.004 -20"><span class='ocrx_word' id='word_1_393' title='bbox 303 3695 617 3751; x_wconf 87' lang='lat' dir='ltr'>Saturitas.</span> <span class='ocrx_word' id='word_1_394' title='bbox 648 3719 676 3748; x_wconf 83' lang='lat'>»</span> <span class='ocrx_word' id='word_1_395' title='bbox 708 3698 915 3753; x_wconf 89' lang='lat' dir='ltr'>Nescio</span> <span class='ocrx_word' id='word_1_396' title='bbox 949 3699 1242 3769; x_wconf 91' lang='lat' dir='ltr'>quomodo</span> <span class='ocrx_word' id='word_1_397' title='bbox 1274 3698 1332 3753; x_wconf 92' lang='lat' dir='ltr'>in</span> <span class='ocrx_word' id='word_1_398' title='bbox 1365 3699 1744 3771; x_wconf 88' lang='lat' dir='ltr'>Septuaginta</span> <span class='ocrx_word' id='word_1_399' title='bbox 1774 3701 1951 3757; x_wconf 91' lang='lat' dir='ltr'>inter-</span> 
     </span>
    </p>
   </div>
   <div class='ocr_carea' id='block_1_56' title="bbox 302 3784 1953 3860">
    <p class='ocr_par' dir='ltr' id='par_1_56' title="bbox 302 3784 1953 3860">
     <span class='ocr_line' id='line_1_56' title="bbox 302 3784 1953 3860; baseline 0.004 -21"><span class='ocrx_word' id='word_1_400' title='bbox 302 3784 571 3858; x_wconf 90' lang='lat' dir='ltr'>pretibus</span> <span class='ocrx_word' id='word_1_401' title='bbox 602 3785 921 3842; x_wconf 86' lang='lat' dir='ltr'>habeatur:</span> <span class='ocrx_word' id='word_1_402' title='bbox 975 3811 1001 3837; x_wconf 90' lang='grc'><em>‹‹</em></span> <span class='ocrx_word' id='word_1_403' title='bbox 1035 3787 1105 3841; x_wconf 88' lang='lat' dir='ltr'>Et</span> <span class='ocrx_word' id='word_1_404' title='bbox 1151 3792 1439 3842; x_wconf 88' lang='lat' dir='ltr'>venerunt</span> <span class='ocrx_word' id='word_1_405' title='bbox 1486 3790 1649 3860; x_wconf 90' lang='lat' dir='ltr'>pueri</span> <span class='ocrx_word' id='word_1_406' title='bbox 1683 3790 1861 3858; x_wconf 89' lang='lat' dir='ltr'>Isaac,</span> <span class='ocrx_word' id='word_1_407' title='bbox 1895 3796 1953 3847; x_wconf 90' lang='lat' dir='ltr'>et</span> 
     </span>
    </p>
   </div>
   <div class='ocr_carea' id='block_1_57' title="bbox 297 3874 1954 3948">
    <p class='ocr_par' dir='ltr' id='par_1_57' title="bbox 297 3874 1954 3948">
     <span class='ocr_line' id='line_1_57' title="bbox 297 3874 1954 3948; baseline 0.003 -18"><span class='ocrx_word' id='word_1_408' title='bbox 297 3874 726 3930; x_wconf 88' lang='lat' dir='ltr'>nuntiaverunt</span> <span class='ocrx_word' id='word_1_409' title='bbox 754 3876 803 3931; x_wconf 92' lang='lat' dir='ltr'>ei</span> <span class='ocrx_word' id='word_1_410' title='bbox 838 3877 907 3931; x_wconf 91' lang='lat' dir='ltr'>de</span> <span class='ocrx_word' id='word_1_411' title='bbox 940 3882 1133 3948; x_wconf 86' lang='lat' dir='ltr'>puteo,</span> <span class='ocrx_word' id='word_1_412' title='bbox 1164 3893 1338 3948; x_wconf 90' lang='lat' dir='ltr'>quem</span> <span class='ocrx_word' id='word_1_413' title='bbox 1371 3878 1640 3932; x_wconf 88' lang='lat' dir='ltr'>foderunt</span> <span class='ocrx_word' id='word_1_414' title='bbox 1675 3895 1686 3933; x_wconf 93' lang='lat'>:</span> <span class='ocrx_word' id='word_1_415' title='bbox 1714 3884 1770 3934; x_wconf 91' lang='lat' dir='ltr'>et</span> <span class='ocrx_word' id='word_1_416' title='bbox 1800 3881 1954 3935; x_wconf 85' lang='lat' dir='ltr'>dixe-</span> 
     </span>
    </p>
   </div>
   <div class='ocr_carea' id='block_1_58' title="bbox 298 3963 1948 4035">
    <p class='ocr_par' dir='ltr' id='par_1_58' title="bbox 298 3963 1948 4035">
     <span class='ocr_line' id='line_1_58' title="bbox 298 3963 1948 4035; baseline 0.004 -18"><span class='ocrx_word' id='word_1_417' title='bbox 298 3967 443 4018; x_wconf 86' lang='lat' dir='ltr'>runt</span> <span class='ocrx_word' id='word_1_418' title='bbox 472 3963 545 4030; x_wconf 91' lang='lat' dir='ltr'>ei,</span> <span class='ocrx_word' id='word_1_419' title='bbox 577 3964 700 4018; x_wconf 91' lang='lat' dir='ltr'>Non</span> <span class='ocrx_word' id='word_1_420' title='bbox 734 3964 1063 4019; x_wconf 90' lang='lat' dir='ltr'>invenimus</span> <span class='ocrx_word' id='word_1_421' title='bbox 1113 3981 1327 4035; x_wconf 90' lang='lat' dir='ltr'>aquam</span> <span class='ocrx_word' id='word_1_422' title='bbox 1354 3982 1365 4018; x_wconf 91' lang='lat'>:</span> <span class='ocrx_word' id='word_1_423' title='bbox 1400 3970 1458 4020; x_wconf 92' lang='lat' dir='ltr'>et</span> <span class='ocrx_word' id='word_1_424' title='bbox 1485 3968 1707 4021; x_wconf 88' lang='lat' dir='ltr'>vocavit</span> <span class='ocrx_word' id='word_1_425' title='bbox 1737 3984 1948 4023; x_wconf 90' lang='lat' dir='ltr'>nomen</span> 
     </span>
    </p>
   </div>
   <div class='ocr_carea' id='block_1_59' title="bbox 288 4053 1949 4128">
    <p class='ocr_par' dir='ltr' id='par_1_59' title="bbox 288 4053 1949 4128">
     <span class='ocr_line' id='line_1_59' title="bbox 288 4053 1949 4128; baseline 0.004 -22"><span class='ocrx_word' id='word_1_426' title='bbox 288 4053 426 4123; x_wconf 89' lang='lat' dir='ltr'>ejus</span> <span class='ocrx_word' id='word_1_427' title='bbox 476 4054 914 4121; x_wconf 89' lang='lat' dir='ltr'>juramentum.</span> <span class='ocrx_word' id='word_1_428' title='bbox 974 4077 999 4101; x_wconf 86' lang='grc'><strong>››</strong></span> <span class='ocrx_word' id='word_1_429' title='bbox 1048 4056 1182 4119; x_wconf 73' lang='lat' dir='ltr'>Qua:</span> <span class='ocrx_word' id='word_1_430' title='bbox 1240 4054 1398 4109; x_wconf 91' lang='lat' dir='ltr'>enim</span> <span class='ocrx_word' id='word_1_431' title='bbox 1458 4056 1809 4128; x_wconf 78' lang='lat' dir='ltr'>etymologia</span> <span class='ocrx_word' id='word_1_432' title='bbox 1839 4063 1949 4125; x_wconf 91' lang='lat' dir='ltr'>est,</span> 
     </span>
    </p>
   </div>
   <div class='ocr_carea' id='block_1_60' title="bbox 290 4142 1948 4215">
    <p class='ocr_par' dir='ltr' id='par_1_60' title="bbox 290 4142 1948 4215">
     <span class='ocr_line' id='line_1_60' title="bbox 290 4142 1948 4215; baseline 0.004 -20"><span class='ocrx_word' id='word_1_433' title='bbox 290 4144 605 4213; x_wconf 87' lang='lat' dir='ltr'>propterea</span> <span class='ocrx_word' id='word_1_434' title='bbox 653 4142 847 4197; x_wconf 86' lang='lat' dir='ltr'>vocari</span> <span class='ocrx_word' id='word_1_435' title='bbox 886 4145 1297 4214; x_wconf 83' lang='lat' dir='ltr'>juramentum,</span> <span class='ocrx_word' id='word_1_436' title='bbox 1358 4144 1515 4215; x_wconf 90' lang='lat' dir='ltr'>quod</span> <span class='ocrx_word' id='word_1_437' title='bbox 1566 4160 1781 4215; x_wconf 89' lang='lat' dir='ltr'>aquam</span> <span class='ocrx_word' id='word_1_438' title='bbox 1833 4163 1948 4203; x_wconf 90' lang='lat' dir='ltr'>non</span> 
     </span>
    </p>
   </div>
   <div class='ocr_carea' id='block_1_61' title="bbox 368 4281 1945 4353">
    <p class='ocr_par' dir='ltr' id='par_1_61' title="bbox 368 4281 1945 4353">
     <span class='ocr_line' id='line_1_61' title="bbox 368 4281 1945 4353; baseline 0.004 -17"><span class='ocrx_word' id='word_1_439' title='bbox 368 4284 383 4315; x_wconf 88' lang='grc'>¹</span> <span class='ocrx_word' id='word_1_440' title='bbox 418 4282 476 4336; x_wconf 91' lang='lat' dir='ltr'>S.</span> <span class='ocrx_word' id='word_1_441' title='bbox 510 4281 792 4349; x_wconf 85' lang='lat' dir='ltr'>Joannes,</span> <span class='ocrx_word' id='word_1_442' title='bbox 842 4283 998 4353; x_wconf 89' lang='lat' dir='ltr'>quod</span> <span class='ocrx_word' id='word_1_443' title='bbox 1049 4287 1106 4337; x_wconf 88' lang='lat' dir='ltr'>et</span> <span class='ocrx_word' id='word_1_444' title='bbox 1153 4282 1488 4338; x_wconf 69' lang='lat' dir='ltr'>Martianzeo</span> <span class='ocrx_word' id='word_1_445' title='bbox 1534 4288 1803 4341; x_wconf 88' lang='lat' dir='ltr'>notatum</span> <span class='ocrx_word' id='word_1_446' title='bbox 1835 4291 1945 4352; x_wconf 81' lang='lat' dir='ltr'>est,</span> 
     </span>
    </p>
   </div>
   <div class='ocr_carea' id='block_1_62' title="bbox 284 4354 1568 4424">
    <p class='ocr_par' dir='ltr' id='par_1_62' title="bbox 284 4354 1568 4424">
     <span class='ocr_line' id='line_1_62' title="bbox 284 4354 1568 4424; baseline 0.001 -16"><span class='ocrx_word' id='word_1_447' title='bbox 284 4359 452 4409; x_wconf 75' lang='lat' dir='ltr'>trans</span> <span class='ocrx_word' id='word_1_448' title='bbox 480 4355 778 4408; x_wconf 81' lang='lat' dir='ltr'>torrentem</span> <span class='ocrx_word' id='word_1_449' title='bbox 806 4354 953 4408; x_wconf 85' lang='lat' dir='ltr'>dixit</span> <span class='ocrx_word' id='word_1_450' title='bbox 981 4370 1107 4422; x_wconf 77' lang='lat' dir='ltr'>cap.</span> <span class='ocrx_word' id='word_1_451' title='bbox 1139 4369 1301 4424; x_wconf 86' lang='lat' dir='ltr'>xvxu,</span> <span class='ocrx_word' id='word_1_452' title='bbox 1332 4372 1481 4410; x_wconf 86' lang='lat' dir='ltr'>vers.</span> <span class='ocrx_word' id='word_1_453' title='bbox 1514 4355 1568 4409; x_wconf 75' lang='grc'>4.</span> 
     </span>
    </p>
   </div>
   <div class='ocr_carea' id='block_1_63' title="bbox 369 4426 1945 4499">
    <p class='ocr_par' dir='ltr' id='par_1_63' title="bbox 369 4426 1945 4499">
     <span class='ocr_line' id='line_1_63' title="bbox 369 4426 1945 4499; baseline 0.003 -21"><span class='ocrx_word' id='word_1_454' title='bbox 369 4455 440 4464; x_wconf 92' lang='lat'><strong>--</strong></span> <span class='ocrx_word' id='word_1_455' title='bbox 482 4426 541 4499; x_wconf 63' lang='lat' dir='ltr'>In</span> <span class='ocrx_word' id='word_1_456' title='bbox 599 4430 839 4499; x_wconf 74' lang='lat' dir='ltr'>torrente</span> <span class='ocrx_word' id='word_1_457' title='bbox 892 4426 1127 4499; x_wconf 68' lang='lat' dir='ltr'>traditus</span> <span class='ocrx_word' id='word_1_458' title='bbox 1157 4430 1277 4499; x_wconf 57' lang='grc' dir='ltr'>ωε.</span> <span class='ocrx_word' id='word_1_459' title='bbox 1351 4426 1607 4499; x_wconf 85' lang='lat' dir='ltr'>Respicit</span> <span class='ocrx_word' id='word_1_460' title='bbox 1635 4427 1945 4499; x_wconf 16' lang='lat' dir='ltr'>Allierony-</span> 
     </span>
    </p>
   </div>
   <div class='ocr_carea' id='block_1_64' title="bbox 289 4494 1947 4566">
    <p class='ocr_par' dir='ltr' id='par_1_64' title="bbox 289 4494 1947 4566">
     <span class='ocr_line' id='line_1_64' title="bbox 289 4494 1947 4566; baseline 0.001 -15"><span class='ocrx_word' id='word_1_461' title='bbox 289 4512 433 4551; x_wconf 90' lang='lat' dir='ltr'>mus</span> <span class='ocrx_word' id='word_1_462' title='bbox 459 4496 531 4550; x_wconf 91' lang='lat' dir='ltr'>ad</span> <span class='ocrx_word' id='word_1_463' title='bbox 584 4494 910 4566; x_wconf 88' lang='lat' dir='ltr'>capitulum</span> <span class='ocrx_word' id='word_1_464' title='bbox 957 4496 1203 4552; x_wconf 88' lang='lat' dir='ltr'>Joannis</span> <span class='ocrx_word' id='word_1_465' title='bbox 1250 4514 1409 4563; x_wconf 83' lang='lat' dir='ltr'>xvux,</span> <span class='ocrx_word' id='word_1_466' title='bbox 1461 4494 1516 4558; x_wconf 72' lang='grc'>1,</span> <span class='ocrx_word' id='word_1_467' title='bbox 1552 4497 1650 4552; x_wconf 92' lang='lat' dir='ltr'>ubi</span> <span class='ocrx_word' id='word_1_468' title='bbox 1680 4494 1947 4553; x_wconf 64' lang='lat' dir='ltr'>Dominus</span> 
     </span>
    </p>
   </div>
   <div class='ocr_carea' id='block_1_65' title="bbox 287 4566 2021 4673">
    <p class='ocr_par' dir='ltr' id='par_1_65' title="bbox 287 4566 2021 4673">
     <span class='ocr_line' id='line_1_65' title="bbox 287 4566 2021 4673; baseline 0.003 -52"><span class='ocrx_word' id='word_1_469' title='bbox 287 4566 516 4673; x_wconf 57' lang='lat' dir='ltr'>dicitur</span> <span class='ocrx_word' id='word_1_470' title='bbox 546 4582 794 4648; x_wconf 64' lang='lat' dir='ltr'>egressus</span> <span class='ocrx_word' id='word_1_471' title='bbox 841 4576 1001 4673; x_wconf 46' lang='lat' dir='ltr'>trima</span> <span class='ocrx_word' id='word_1_472' title='bbox 1047 4571 1344 4673; x_wconf 57' lang='lat' dir='ltr'>tprrentem</span> <span class='ocrx_word' id='word_1_473' title='bbox 1371 4568 1637 4673; x_wconf 45' lang='lat' dir='ltr'>ACedrori,</span> <span class='ocrx_word' id='word_1_474' title='bbox 1702 4571 1796 4623; x_wconf 81' lang='lat' dir='ltr'>ubi</span> <span class='ocrx_word' id='word_1_475' title='bbox 1829 4579 1949 4626; x_wconf 85' lang='lat' dir='ltr'>erat</span> <span class='ocrx_word' id='word_1_476' title='bbox 1976 4608 2021 4673; x_wconf 83' lang='lat' dir='ltr'>D</span> 
     </span>
     <span class='ocr_line' id='line_1_66' title="bbox 325 4641 1921 4673; baseline 0 0"><span class='ocrx_word' id='word_1_477' title='bbox 325 4655 394 4673; x_wconf 73' lang='grc' dir='ltr'>ηερ</span> <span class='ocrx_word' id='word_1_478' title='bbox 424 4655 484 4673; x_wconf 71' lang='lat' dir='ltr'>ne</span> <span class='ocrx_word' id='word_1_479' title='bbox 539 4654 596 4673; x_wconf 57' lang='lat' dir='ltr'>an</span> <span class='ocrx_word' id='word_1_480' title='bbox 632 4654 787 4673; x_wconf 70' lang='lat' dir='ltr'>nonam</span> <span class='ocrx_word' id='word_1_481' title='bbox 830 4655 886 4673; x_wconf 63' lang='lat' dir='ltr'>in</span> <span class='ocrx_word' id='word_1_482' title='bbox 918 4641 1058 4673; x_wconf 64' lang='lat' dir='ltr'>mnam’</span> <span class='ocrx_word' id='word_1_483' title='bbox 1122 4642 1230 4673; x_wconf 70' lang='grc' dir='ltr'>ἱππ-η</span> <span class='ocrx_word' id='word_1_484' title='bbox 1274 4649 1325 4673; x_wconf 68' lang='grc' dir='ltr'>οι</span> <span class='ocrx_word' id='word_1_485' title='bbox 1409 4642 1581 4673; x_wconf 62' lang='grc' dir='ltr'>ξυνίῃ..</span> <span class='ocrx_word' id='word_1_486' title='bbox 1619 4642 1778 4673; x_wconf 56' lang='lat' dir='ltr'>ini...</span> <span class='ocrx_word' id='word_1_487' title='bbox 1836 4647 1921 4673; x_wconf 65' lang='lat' dir='ltr'>non</span> 
     </span>
    </p>
   </div>
   <div class='ocr_carea' id='block_1_66' title="bbox 284 4639 1943 4711">
    <p class='ocr_par' dir='ltr' id='par_1_66' title="bbox 284 4639 1943 4711">
     <span class='ocr_line' id='line_1_67' title="bbox 284 4639 1943 4711; baseline 0.002 -18"><span class='ocrx_word' id='word_1_488' title='bbox 284 4639 504 4711; x_wconf 63' lang='lat' dir='ltr'>hortus,</span> <span class='ocrx_word' id='word_1_489' title='bbox 539 4639 600 4691; x_wconf 86' lang='lat' dir='ltr'>in</span> <span class='ocrx_word' id='word_1_490' title='bbox 630 4654 791 4708; x_wconf 87' lang='lat' dir='ltr'>quem</span> <span class='ocrx_word' id='word_1_491' title='bbox 830 4640 1079 4711; x_wconf 72' lang='lat' dir='ltr'>introivit</span> <span class='ocrx_word' id='word_1_492' title='bbox 1120 4642 1230 4710; x_wconf 83' lang='lat' dir='ltr'>ipse</span> <span class='ocrx_word' id='word_1_493' title='bbox 1273 4649 1325 4695; x_wconf 82' lang='lat' dir='ltr'>et</span> <span class='ocrx_word' id='word_1_494' title='bbox 1370 4639 1640 4711; x_wconf 77' lang='lat' dir='ltr'>discipuli</span> <span class='ocrx_word' id='word_1_495' title='bbox 1661 4642 1799 4710; x_wconf 81' lang='lat' dir='ltr'>eius,</span> <span class='ocrx_word' id='word_1_496' title='bbox 1835 4647 1943 4696; x_wconf 88' lang='lat' dir='ltr'>etc.</span> 
     </span>
    </p>
   </div>
   <div class='ocr_carea' id='block_1_67' title="bbox 283 4709 1945 4783">
    <p class='ocr_par' dir='ltr' id='par_1_67' title="bbox 283 4709 1945 4783">
     <span class='ocr_line' id='line_1_68' title="bbox 283 4709 1945 4783; baseline 0.002 -19"><span class='ocrx_word' id='word_1_497' title='bbox 283 4710 470 4783; x_wconf 58' lang='lat' dir='ltr'>2[uitta</span> <span class='ocrx_word' id='word_1_498' title='bbox 501 4712 818 4783; x_wconf 88' lang='lat' dir='ltr'>torrentem</span> <span class='ocrx_word' id='word_1_499' title='bbox 869 4709 1048 4781; x_wconf 86' lang='lat' dir='ltr'>igitur</span> <span class='ocrx_word' id='word_1_500' title='bbox 1104 4710 1355 4783; x_wconf 85' lang='lat' dir='ltr'>traditus</span> <span class='ocrx_word' id='word_1_501' title='bbox 1403 4709 1753 4783; x_wconf 39' lang='lat' dir='ltr'>est—Jesus;</span> <span class='ocrx_word' id='word_1_502' title='bbox 1789 4713 1945 4783; x_wconf 84' lang='lat' dir='ltr'>quod</span> 
     </span>
    </p>
   </div>
   <div class='ocr_carea' id='block_1_68' title="bbox 284 4780 1946 4853">
    <p class='ocr_par' dir='ltr' id='par_1_68' title="bbox 284 4780 1946 4853">
     <span class='ocr_line' id='line_1_69' title="bbox 284 4780 1946 4853; baseline 0.002 -17"><span class='ocrx_word' id='word_1_503' title='bbox 284 4780 684 4853; x_wconf 71' lang='lat' dir='ltr'>Hieronymus</span> <span class='ocrx_word' id='word_1_504' title='bbox 731 4782 792 4853; x_wconf 83' lang='lat' dir='ltr'>in</span> <span class='ocrx_word' id='word_1_505' title='bbox 822 4780 1272 4853; x_wconf 16' lang='lat' dir='ltr'>torrentewdixit,</span> <span class='ocrx_word' id='word_1_506' title='bbox 1322 4786 1387 4836; x_wconf 88' lang='lat' dir='ltr'>ut</span> <span class='ocrx_word' id='word_1_507' title='bbox 1416 4781 1724 4853; x_wconf 78' lang='lat' dir='ltr'>allegorice</span> <span class='ocrx_word' id='word_1_508' title='bbox 1756 4780 1946 4839; x_wconf 78' lang='lat' dir='ltr'>saera-</span> 
     </span>
    </p>
   </div>
   <div class='ocr_carea' id='block_1_69' title="bbox 289 4848 1835 4909">
    <p class='ocr_par' dir='ltr' id='par_1_69' title="bbox 289 4848 1835 4909">
     <span class='ocr_line' id='line_1_70' title="bbox 289 4848 1835 4909; baseline 0.002 -3"><span class='ocrx_word' id='word_1_509' title='bbox 289 4851 476 4907; x_wconf 88' lang='lat' dir='ltr'>menti</span> <span class='ocrx_word' id='word_1_510' title='bbox 510 4848 935 4908; x_wconf 80' lang='lat' dir='ltr'>dedicationem</span> <span class='ocrx_word' id='word_1_511' title='bbox 970 4852 1197 4907; x_wconf 84' lang='lat' dir='ltr'>facilius</span> <span class='ocrx_word' id='word_1_512' title='bbox 1228 4853 1510 4908; x_wconf 86' lang='lat' dir='ltr'>edoceret.</span> <span class='ocrx_word' id='word_1_513' title='bbox 1532 4848 1835 4909; x_wconf 47' lang='lat' dir='ltr'>‘Man&#39;rmv.</span> 
     </span>
    </p>
   </div>
   <div class='ocr_carea' id='block_1_70' title="bbox 365 4921 1505 4994">
    <p class='ocr_par' dir='ltr' id='par_1_70' title="bbox 365 4921 1505 4994">
     <span class='ocr_line' id='line_1_71' title="bbox 365 4921 1505 4994; baseline 0 -17"><span class='ocrx_word' id='word_1_514' title='bbox 365 4923 389 4955; x_wconf 85' lang='grc'><strong>²</strong></span> <span class='ocrx_word' id='word_1_515' title='bbox 420 4921 580 4994; x_wconf 90' lang='lat' dir='ltr'>Unus</span> <span class='ocrx_word' id='word_1_516' title='bbox 611 4922 813 4994; x_wconf 84' lang='lat' dir='ltr'>Regin.</span> <span class='ocrx_word' id='word_1_517' title='bbox 848 4940 984 4989; x_wconf 92' lang='lat' dir='ltr'>ms.,</span> <span class='ocrx_word' id='word_1_518' title='bbox 1017 4932 1069 4978; x_wconf 82' lang='lat' dir='ltr'>et</span> <span class='ocrx_word' id='word_1_519' title='bbox 1101 4923 1199 4990; x_wconf 67' lang='grc' dir='ltr'>τὴν</span> <span class='ocrx_word' id='word_1_520' title='bbox 1235 4922 1505 4977; x_wconf 78' lang='grc' dir='ltr'>ἀντίωσιν.</span> 
     </span>
    </p>
   </div>
   <div class='ocr_carea' id='block_1_71' title="bbox 359 4993 1941 5065">
    <p class='ocr_par' dir='ltr' id='par_1_71' title="bbox 359 4993 1941 5065">
     <span class='ocr_line' id='line_1_72' title="bbox 359 4993 1941 5065; baseline 0.001 -18"><span class='ocrx_word' id='word_1_521' title='bbox 359 4993 383 5027; x_wconf 86' lang='grc'>³</span> <span class='ocrx_word' id='word_1_522' title='bbox 419 4995 528 5048; x_wconf 86' lang='lat' dir='ltr'>Pro</span> <span class='ocrx_word' id='word_1_523' title='bbox 555 4993 823 5049; x_wconf 57' lang='lat' dir='ltr'>Ochoiuth</span> <span class='ocrx_word' id='word_1_524' title='bbox 853 4995 1117 5065; x_wconf 74' lang='lat' dir='ltr'>pronubo,</span> <span class='ocrx_word' id='word_1_525' title='bbox 1151 5000 1258 5049; x_wconf 89' lang='lat' dir='ltr'>etc.</span> <span class='ocrx_word' id='word_1_526' title='bbox 1309 4994 1461 5065; x_wconf 86' lang='lat' dir='ltr'>Editi</span> <span class='ocrx_word' id='word_1_527' title='bbox 1507 4999 1677 5049; x_wconf 88' lang='lat' dir='ltr'>antea</span> <span class='ocrx_word' id='word_1_528' title='bbox 1700 4994 1829 5048; x_wconf 88' lang='lat' dir='ltr'>libri</span> <span class='ocrx_word' id='word_1_529' title='bbox 1862 4994 1941 5049; x_wconf 89' lang='lat' dir='ltr'>le-</span> 
     </span>
    </p>
   </div>
   <div class='ocr_carea' id='block_1_72' title="bbox 279 5064 1938 5146">
    <p class='ocr_par' dir='ltr' id='par_1_72' title="bbox 279 5064 1938 5146">
     <span class='ocr_line' id='line_1_73' title="bbox 279 5064 1938 5146; baseline 0.001 -27"><span class='ocrx_word' id='word_1_530' title='bbox 279 5069 441 5136; x_wconf 85' lang='lat' dir='ltr'>gunt</span> <span class='ocrx_word' id='word_1_531' title='bbox 470 5065 715 5146; x_wconf 31' lang='lat' dir='ltr'>Albusat‘h</span> <span class='ocrx_word' id='word_1_532' title='bbox 740 5064 1035 5146; x_wconf 73' lang='lat' dir='ltr'>;_V’ulgata</span> <span class='ocrx_word' id='word_1_533' title='bbox 1066 5071 1261 5146; x_wconf 76' lang='lat' dir='ltr'>autem</span> <span class='ocrx_word' id='word_1_534' title='bbox 1283 5064 1759 5146; x_wconf 60' lang='lat' dir='ltr'>_Oc_lio.zatli,quod</span> <span class='ocrx_word' id='word_1_535' title='bbox 1795 5084 1938 5121; x_wconf 80' lang='lat' dir='ltr'>mss.</span> 
     </span>
    </p>
   </div>
   <div class='ocr_carea' id='block_1_73' title="bbox 281 5136 1636 5262">
    <p class='ocr_par' dir='ltr' id='par_1_73' title="bbox 281 5136 1636 5262">
     <span class='ocr_line' id='line_1_74' title="bbox 281 5136 1636 5262; baseline 0 -71"><span class='ocrx_word' id='word_1_536' title='bbox 281 5136 645 5262; x_wconf 61' lang='lat' dir='ltr'>exemglaria</span> <span class='ocrx_word' id='word_1_537' title='bbox 673 5136 852 5207; x_wconf 92' lang='lat' dir='ltr'>hujus</span> <span class='ocrx_word' id='word_1_538' title='bbox 884 5136 1015 5191; x_wconf 88' lang='lat' dir='ltr'>libri</span> <span class='ocrx_word' id='word_1_539' title='bbox 1050 5137 1317 5193; x_wconf 88' lang='lat' dir='ltr'>retinent.</span> <span class='ocrx_word' id='word_1_540' title='bbox 1352 5140 1636 5191; x_wconf 72' lang='grc' dir='ltr'>ΜΑιπιτιΑΝ.</span> 
     </span>
     <span class='ocr_line' id='line_1_75' title="bbox 352 5208 1636 5262; baseline -0.001 0"><span class='ocrx_word' id='word_1_541' title='bbox 352 5239 424 5248; x_wconf 81' lang='lat'>——</span> <span class='ocrx_word' id='word_1_542' title='bbox 506 5224 651 5262; x_wconf 87' lang='lat' dir='ltr'>unra</span> <span class='ocrx_word' id='word_1_543' title='bbox 676 5208 736 5262; x_wconf 88' lang='lat' dir='ltr'>in</span> <span class='ocrx_word' id='word_1_544' title='bbox 768 5225 895 5262; x_wconf 85' lang='lat' dir='ltr'>can.</span> <span class='ocrx_word' id='word_1_545' title='bbox 930 5225 1045 5262; x_wconf 88' lang='lat' dir='ltr'><strong>xxx.</strong></span> <span class='ocrx_word' id='word_1_546' title='bbox 1077 5225 1226 5262; x_wconf 91' lang='lat' dir='ltr'>vers.</span> <span class='ocrx_word' id='word_1_547' title='bbox 1258 5210 1347 5262; x_wconf 80' lang='lat'>‘22.</span> <span class='ocrx_word' id='word_1_548' title='bbox 1401 5208 1636 5262; x_wconf 87' lang='lat' dir='ltr'>omnino</span> 
     </span>
    </p>
   </div>
   <div class='ocr_carea' id='block_1_74' title="bbox 352 5208 1938 5280">
    <p class='ocr_par' dir='ltr' id='par_1_74' title="bbox 352 5208 1938 5280">
     <span class='ocr_line' id='line_1_76' title="bbox 352 5208 1938 5280; baseline 0.001 -19"><span class='ocrx_word' id='word_1_549' title='bbox 352 5239 424 5280; x_wconf 81' lang='lat'>—_—</span> <span class='ocrx_word' id='word_1_550' title='bbox 459 5208 736 5280; x_wconf 81' lang='lat' dir='ltr'>Suprain</span> <span class='ocrx_word' id='word_1_551' title='bbox 768 5225 895 5280; x_wconf 90' lang='lat' dir='ltr'>cap.</span> <span class='ocrx_word' id='word_1_552' title='bbox 930 5225 1045 5275; x_wconf 88' lang='lat' dir='ltr'><strong>xxx,</strong></span> <span class='ocrx_word' id='word_1_553' title='bbox 1077 5225 1226 5263; x_wconf 89' lang='lat' dir='ltr'>vers.</span> <span class='ocrx_word' id='word_1_554' title='bbox 1258 5210 1347 5272; x_wconf 81' lang='lat'>‘22,</span> <span class='ocrx_word' id='word_1_555' title='bbox 1401 5208 1640 5263; x_wconf 90' lang='lat' dir='ltr'>omnino</span> <span class='ocrx_word' id='word_1_556' title='bbox 1692 5226 1805 5280; x_wconf 83' lang='lat' dir='ltr'>non</span> <span class='ocrx_word' id='word_1_557' title='bbox 1838 5209 1938 5263; x_wconf 91' lang='lat' dir='ltr'>ha-</span> 
     </span>
    </p>
   </div>
   <div class='ocr_carea' id='block_1_75' title="bbox 282 5277 1937 5352">
    <p class='ocr_par' dir='ltr' id='par_1_75' title="bbox 282 5277 1937 5352">
     <span class='ocr_line' id='line_1_77' title="bbox 282 5277 1937 5352; baseline 0.001 -20"><span class='ocrx_word' id='word_1_558' title='bbox 282 5277 410 5352; x_wconf 69' lang='lat' dir='ltr'>beri</span> <span class='ocrx_word' id='word_1_559' title='bbox 474 5277 1080 5352; x_wconf 43' lang='lat' dir='ltr'>indlebrazo&#39;nomen</span> <span class='ocrx_word' id='word_1_560' title='bbox 1132 5280 1397 5352; x_wconf 71' lang='lat' dir='ltr'>Oclxomth</span> <span class='ocrx_word' id='word_1_561' title='bbox 1429 5280 1662 5335; x_wconf 89' lang='lat' dir='ltr'>docuit:</span> <span class='ocrx_word' id='word_1_562' title='bbox 1714 5279 1808 5333; x_wconf 90' lang='lat' dir='ltr'>hic</span> <span class='ocrx_word' id='word_1_563' title='bbox 1841 5297 1937 5352; x_wconf 89' lang='lat' dir='ltr'>ap-</span> 
     </span>
    </p>
   </div>
   <div class='ocr_carea' id='block_1_76' title="bbox 280 5348 1931 5423">
    <p class='ocr_par' dir='ltr' id='par_1_76' title="bbox 280 5348 1931 5423">
     <span class='ocr_line' id='line_1_78' title="bbox 280 5348 1931 5423; baseline 0.001 -19"><span class='ocrx_word' id='word_1_564' title='bbox 280 5348 565 5423; x_wconf 77' lang='lat' dir='ltr'>pellativo</span> <span class='ocrx_word' id='word_1_565' title='bbox 596 5366 772 5406; x_wconf 89' lang='lat' dir='ltr'>sensu</span> <span class='ocrx_word' id='word_1_566' title='bbox 803 5349 1035 5422; x_wconf 88' lang='lat' dir='ltr'>accipit,</span> <span class='ocrx_word' id='word_1_567' title='bbox 1070 5367 1196 5421; x_wconf 68' lang='lat' dir='ltr'>qua:</span> <span class='ocrx_word' id='word_1_568' title='bbox 1242 5351 1498 5421; x_wconf 89' lang='lat' dir='ltr'>plurium</span> <span class='ocrx_word' id='word_1_569' title='bbox 1550 5348 1931 5423; x_wconf 79' lang='lat' dir='ltr'>interpretum</span> 
     </span>
    </p>
   </div>
   <div class='ocr_carea' id='block_1_77' title="bbox 274 5419 712 5477">
    <p class='ocr_par' dir='ltr' id='par_1_77' title="bbox 274 5419 712 5477">
     <span class='ocr_line' id='line_1_79' title="bbox 274 5419 712 5477; baseline 0.002 -2"><span class='ocrx_word' id='word_1_570' title='bbox 274 5419 577 5477; x_wconf 86' lang='lat' dir='ltr'>sententia</span> <span class='ocrx_word' id='word_1_571' title='bbox 604 5425 712 5476; x_wconf 89' lang='lat' dir='ltr'>est.</span> 
     </span>
    </p>
   </div>
   <div class='ocr_carea' id='block_1_78' title="bbox 354 5489 1935 5548">
    <p class='ocr_par' dir='ltr' id='par_1_78' title="bbox 354 5489 1935 5548">
     <span class='ocr_line' id='line_1_80' title="bbox 354 5489 1935 5548; baseline 0.001 -2"><span class='ocrx_word' id='word_1_572' title='bbox 354 5489 584 5547; x_wconf 74' lang='lat' dir='ltr'>‘Falso</span> <span class='ocrx_word' id='word_1_573' title='bbox 642 5497 700 5548; x_wconf 90' lang='lat' dir='ltr'>et</span> <span class='ocrx_word' id='word_1_574' title='bbox 756 5493 1047 5548; x_wconf 90' lang='lat' dir='ltr'>contrario</span> <span class='ocrx_word' id='word_1_575' title='bbox 1104 5509 1282 5548; x_wconf 90' lang='lat' dir='ltr'>sensu</span> <span class='ocrx_word' id='word_1_576' title='bbox 1341 5493 1713 5548; x_wconf 81' lang='lat' dir='ltr'>Martianxeus</span> <span class='ocrx_word' id='word_1_577' title='bbox 1773 5493 1935 5548; x_wconf 87' lang='lat' dir='ltr'>addit</span> 
     </span>
    </p>
   </div>
   <div class='ocr_carea' id='block_1_79' title="bbox 279 5560 1930 5688">
    <p class='ocr_par' dir='ltr' id='par_1_79' title="bbox 279 5560 1930 5688">
     <span class='ocr_line' id='line_1_81' title="bbox 279 5560 1930 5688; baseline 0.003 -74"><span class='ocrx_word' id='word_1_578' title='bbox 279 5563 542 5633; x_wconf 84' lang='lat' dir='ltr'>negandi</span> <span class='ocrx_word' id='word_1_579' title='bbox 592 5563 959 5688; x_wconf 70' lang='lat' dir='ltr'>particulam.</span> <span class='ocrx_word' id='word_1_580' title='bbox 1008 5567 1129 5621; x_wconf 84' lang='lat' dir='ltr'>Non</span> <span class='ocrx_word' id='word_1_581' title='bbox 1182 5560 1491 5618; x_wconf 58' lang='lat' dir='ltr'>invenimus</span> <span class='ocrx_word' id='word_1_582' title='bbox 1540 5581 1763 5635; x_wconf 83' lang='lat' dir='ltr'>aquam,</span> <span class='ocrx_word' id='word_1_583' title='bbox 1795 5570 1930 5630; x_wconf 89' lang='lat' dir='ltr'>etc.,</span> 
     </span>
     <span class='ocr_line' id='line_1_82' title="bbox 279 5634 1930 5688; baseline 0.002 -4"><span class='ocrx_word' id='word_1_584' title='bbox 279 5647 423 5688; x_wconf 88' lang='lat' dir='ltr'>cum</span> <span class='ocrx_word' id='word_1_585' title='bbox 472 5634 529 5688; x_wconf 91' lang='lat' dir='ltr'>in</span> <span class='ocrx_word' id='word_1_586' title='bbox 618 5635 850 5688; x_wconf 64' lang='lat' dir='ltr'>Iebrteo.</span> <span class='ocrx_word' id='word_1_587' title='bbox 910 5651 1084 5688; x_wconf 85' lang='lat' dir='ltr'>ouem</span> <span class='ocrx_word' id='word_1_588' title='bbox 1127 5635 1220 5688; x_wconf 89' lang='lat' dir='ltr'>hic</span> <span class='ocrx_word' id='word_1_589' title='bbox 1269 5640 1487 5688; x_wconf 87' lang='lat' dir='ltr'>textum</span> <span class='ocrx_word' id='word_1_590' title='bbox 1544 5636 1930 5688; x_wconf 83' lang='lat' dir='ltr'>Hieronvmus</span> 
     </span>
    </p>
   </div>
   <div class='ocr_carea' id='block_1_80' title="bbox 278 5634 1933 5707">
    <p class='ocr_par' dir='ltr' id='par_1_80' title="bbox 278 5634 1933 5707">
     <span class='ocr_line' id='line_1_83' title="bbox 278 5634 1933 5707; baseline 0.003 -22"><span class='ocrx_word' id='word_1_591' title='bbox 278 5647 423 5707; x_wconf 78' lang='lat' dir='ltr'>cum</span> <span class='ocrx_word' id='word_1_592' title='bbox 472 5634 529 5707; x_wconf 80' lang='lat' dir='ltr'>in</span> <span class='ocrx_word' id='word_1_593' title='bbox 592 5634 850 5707; x_wconf 69' lang='lat' dir='ltr'>Hebrzeo,</span> <span class='ocrx_word' id='word_1_594' title='bbox 884 5651 1084 5707; x_wconf 85' lang='lat' dir='ltr'>quem</span> <span class='ocrx_word' id='word_1_595' title='bbox 1127 5635 1220 5689; x_wconf 88' lang='lat' dir='ltr'>hic</span> <span class='ocrx_word' id='word_1_596' title='bbox 1269 5640 1487 5691; x_wconf 85' lang='lat' dir='ltr'>textum</span> <span class='ocrx_word' id='word_1_597' title='bbox 1544 5634 1933 5707; x_wconf 81' lang='lat' dir='ltr'>Hieronymus</span> 
     </span>
    </p>
   </div>
   <div class='ocr_carea' id='block_1_81' title="bbox 269 5703 1932 5783">
    <p class='ocr_par' dir='ltr' id='par_1_81' title="bbox 269 5703 1932 5783">
     <span class='ocr_line' id='line_1_84' title="bbox 269 5703 1932 5783; baseline 0.002 -22"><span class='ocrx_word' id='word_1_598' title='bbox 269 5703 478 5783; x_wconf 88' lang='lat' dir='ltr'>primo</span> <span class='ocrx_word' id='word_1_599' title='bbox 508 5705 635 5765; x_wconf 86' lang='lat' dir='ltr'>loco</span> <span class='ocrx_word' id='word_1_600' title='bbox 662 5705 846 5781; x_wconf 89' lang='lat' dir='ltr'>ponit,</span> <span class='ocrx_word' id='word_1_601' title='bbox 880 5703 1007 5781; x_wconf 73' lang='lat' dir='ltr'>ipso</span> <span class='ocrx_word' id='word_1_602' title='bbox 1038 5706 1097 5764; x_wconf 91' lang='lat' dir='ltr'>S.</span> <span class='ocrx_word' id='word_1_603' title='bbox 1130 5707 1364 5764; x_wconf 90' lang='lat' dir='ltr'>doctore</span> <span class='ocrx_word' id='word_1_604' title='bbox 1396 5710 1565 5775; x_wconf 83' lang='lat' dir='ltr'>teste,</span> <span class='ocrx_word' id='word_1_605' title='bbox 1615 5708 1722 5765; x_wconf 81' lang='lat' dir='ltr'>Hoc</span> <span class='ocrx_word' id='word_1_606' title='bbox 1749 5703 1932 5781; x_wconf 60' lang='lat' dir='ltr'>signi-</span> 
     </span>
    </p>
   </div>
   <div class='ocr_carea' id='block_1_82' title="bbox 2125 1926 3700 1997">
    <p class='ocr_par' dir='ltr' id='par_1_82' title="bbox 2125 1926 3700 1997">
     <span class='ocr_line' id='line_1_85' title="bbox 2125 1926 3700 1997; baseline 0.003 -15"><span class='ocrx_word' id='word_1_607' title='bbox 2125 1928 2283 1997; x_wconf 89' lang='lat' dir='ltr'>(Cap.</span> <span class='ocrx_word' id='word_1_608' title='bbox 2318 1926 2534 1981; x_wconf 76' lang='lat' dir='ltr'>XXVII.</span> <span class='ocrx_word' id='word_1_609' title='bbox 2585 1958 2653 1966; x_wconf 91' lang='lat'>——</span> <span class='ocrx_word' id='word_1_610' title='bbox 2704 1926 2866 1980; x_wconf 87' lang='lat' dir='ltr'>Vers.</span> <span class='ocrx_word' id='word_1_611' title='bbox 2920 1927 3030 1995; x_wconf 82' lang='lat' dir='ltr'>ll.)</span> <span class='ocrx_word' id='word_1_612' title='bbox 3075 1950 3100 1976; x_wconf 91' lang='grc'>‹‹</span> <span class='ocrx_word' id='word_1_613' title='bbox 3141 1928 3281 1982; x_wconf 86' lang='lat' dir='ltr'>Ecce</span> <span class='ocrx_word' id='word_1_614' title='bbox 3328 1929 3478 1985; x_wconf 88' lang='lat' dir='ltr'>Esau</span> <span class='ocrx_word' id='word_1_615' title='bbox 3522 1930 3700 1986; x_wconf 84' lang='lat' dir='ltr'>frater</span> 
     </span>
    </p>
   </div>
   <div class='ocr_carea' id='block_1_83' title="bbox 2054 2014 3697 2085">
    <p class='ocr_par' dir='ltr' id='par_1_83' title="bbox 2054 2014 3697 2085">
     <span class='ocr_line' id='line_1_86' title="bbox 2054 2014 3697 2085; baseline 0.003 -16"><span class='ocrx_word' id='word_1_616' title='bbox 2054 2032 2221 2070; x_wconf 90' lang='lat' dir='ltr'>meus</span> <span class='ocrx_word' id='word_1_617' title='bbox 2254 2015 2339 2068; x_wconf 89' lang='lat' dir='ltr'>vir</span> <span class='ocrx_word' id='word_1_618' title='bbox 2368 2014 2609 2085; x_wconf 78' lang='lat' dir='ltr'>pilosus,</span> <span class='ocrx_word' id='word_1_619' title='bbox 2643 2019 2701 2069; x_wconf 86' lang='lat' dir='ltr'>et</span> <span class='ocrx_word' id='word_1_620' title='bbox 2743 2032 2847 2085; x_wconf 87' lang='lat' dir='ltr'>ego</span> <span class='ocrx_word' id='word_1_621' title='bbox 2897 2032 3025 2069; x_wconf 91' lang='lat' dir='ltr'>sum</span> <span class='ocrx_word' id='word_1_622' title='bbox 3074 2016 3161 2070; x_wconf 92' lang='lat' dir='ltr'>vir</span> <span class='ocrx_word' id='word_1_623' title='bbox 3191 2016 3350 2071; x_wconf 88' lang='lat' dir='ltr'>levis.</span> <span class='ocrx_word' id='word_1_624' title='bbox 3388 2042 3415 2066; x_wconf 90' lang='grc'><strong>››</strong></span> <span class='ocrx_word' id='word_1_625' title='bbox 3449 2018 3554 2073; x_wconf 91' lang='lat' dir='ltr'>Ubi</span> <span class='ocrx_word' id='word_1_626' title='bbox 3592 2036 3697 2075; x_wconf 89' lang='lat' dir='ltr'>nos</span> 
     </span>
    </p>
   </div>
   <div class='ocr_carea' id='block_1_84' title="bbox 2048 2103 3697 2177">
    <p class='ocr_par' dir='ltr' id='par_1_84' title="bbox 2048 2103 3697 2177">
     <span class='ocr_line' id='line_1_87' title="bbox 2048 2103 3697 2177; baseline 0.004 -20"><span class='ocrx_word' id='word_1_627' title='bbox 2048 2105 2293 2174; x_wconf 80' lang='lat' dir='ltr'>pilosum</span> <span class='ocrx_word' id='word_1_628' title='bbox 2354 2103 2626 2173; x_wconf 83' lang='lat' dir='ltr'>legimus,</span> <span class='ocrx_word' id='word_1_629' title='bbox 2687 2104 2745 2156; x_wconf 90' lang='lat' dir='ltr'>in</span> <span class='ocrx_word' id='word_1_630' title='bbox 2798 2103 3034 2157; x_wconf 60' lang='lat' dir='ltr'>Hebraeo</span> <span class='ocrx_word' id='word_1_631' title='bbox 3091 2106 3375 2177; x_wconf 86' lang='lat' dir='ltr'>scriptum</span> <span class='ocrx_word' id='word_1_632' title='bbox 3434 2113 3525 2162; x_wconf 90' lang='lat' dir='ltr'>est</span> <span class='ocrx_word' id='word_1_633' title='bbox 3569 2126 3697 2164; x_wconf 75' lang='lat' dir='ltr'>saxa</span> 
     </span>
    </p>
   </div>
   <div class='ocr_carea' id='block_1_85' title="bbox 2055 2192 3696 2267">
    <p class='ocr_par' dir='ltr' id='par_1_85' title="bbox 2055 2192 3696 2267">
     <span class='ocr_line' id='line_1_88' title="bbox 2055 2192 3696 2267; baseline 0.004 -23"><span class='ocrx_word' id='word_1_634' title='bbox 2055 2194 2269 2262; x_wconf 48' lang='lat' dir='ltr'>(sine).</span> <span class='ocrx_word' id='word_1_635' title='bbox 2331 2192 2492 2246; x_wconf 90' lang='lat' dir='ltr'>Unde</span> <span class='ocrx_word' id='word_1_636' title='bbox 2543 2197 2745 2263; x_wconf 80' lang='lat' dir='ltr'>postea</span> <span class='ocrx_word' id='word_1_637' title='bbox 2807 2198 3033 2248; x_wconf 89' lang='lat' dir='ltr'>montes</span> <span class='ocrx_word' id='word_1_638' title='bbox 3091 2195 3229 2260; x_wconf 83' lang='lat' dir='ltr'>Seir,</span> <span class='ocrx_word' id='word_1_639' title='bbox 3282 2201 3339 2249; x_wconf 89' lang='lat' dir='ltr'>et</span> <span class='ocrx_word' id='word_1_640' title='bbox 3396 2197 3575 2267; x_wconf 89' lang='lat' dir='ltr'>regio,</span> <span class='ocrx_word' id='word_1_641' title='bbox 3636 2197 3696 2251; x_wconf 92' lang='lat' dir='ltr'>in</span> 
     </span>
    </p>
   </div>
   <div class='ocr_carea' id='block_1_86' title="bbox 2056 2280 3696 2353">
    <p class='ocr_par' dir='ltr' id='par_1_86' title="bbox 2056 2280 3696 2353">
     <span class='ocr_line' id='line_1_89' title="bbox 2056 2280 3696 2353; baseline 0.002 -17"><span class='ocrx_word' id='word_1_642' title='bbox 2056 2298 2173 2353; x_wconf 89' lang='lat' dir='ltr'>qua</span> <span class='ocrx_word' id='word_1_643' title='bbox 2201 2280 2561 2346; x_wconf 86' lang='lat' dir='ltr'>versabatur,</span> <span class='ocrx_word' id='word_1_644' title='bbox 2596 2284 2684 2335; x_wconf 88' lang='lat' dir='ltr'>est</span> <span class='ocrx_word' id='word_1_645' title='bbox 2732 2280 2923 2335; x_wconf 87' lang='lat' dir='ltr'>dicta:</span> <span class='ocrx_word' id='word_1_646' title='bbox 2976 2281 3232 2336; x_wconf 87' lang='lat' dir='ltr'>diximus</span> <span class='ocrx_word' id='word_1_647' title='bbox 3271 2283 3342 2337; x_wconf 91' lang='lat' dir='ltr'>de</span> <span class='ocrx_word' id='word_1_648' title='bbox 3372 2282 3480 2338; x_wconf 92' lang='lat' dir='ltr'>hoc</span> <span class='ocrx_word' id='word_1_649' title='bbox 3511 2287 3566 2338; x_wconf 88' lang='lat' dir='ltr'>et</span> <span class='ocrx_word' id='word_1_650' title='bbox 3597 2301 3696 2339; x_wconf 91' lang='lat' dir='ltr'>su-</span> 
     </span>
    </p>
   </div>
   <div class='ocr_carea' id='block_1_87' title="bbox 2055 2388 2179 2443">
    <p class='ocr_par' dir='ltr' id='par_1_87' title="bbox 2055 2388 2179 2443">
     <span class='ocr_line' id='line_1_90' title="bbox 2055 2388 2179 2443; baseline -0.008 -18"><span class='ocrx_word' id='word_1_651' title='bbox 2055 2388 2179 2443; x_wconf 89' lang='lat' dir='ltr'>pra.</span> 
     </span>
    </p>
   </div>
   <div class='ocr_carea' id='block_1_88' title="bbox 2126 2457 3699 2530">
    <p class='ocr_par' dir='ltr' id='par_1_88' title="bbox 2126 2457 3699 2530">
     <span class='ocr_line' id='line_1_91' title="bbox 2126 2457 3699 2530; baseline 0.003 -18"><span class='ocrx_word' id='word_1_652' title='bbox 2126 2460 2309 2527; x_wconf 89' lang='lat' dir='ltr'>(Vers.</span> <span class='ocrx_word' id='word_1_653' title='bbox 2371 2461 2460 2513; x_wconf 72' lang='lat'>1.”).</span> <span class='ocrx_word' id='word_1_654' title='bbox 2524 2481 2544 2508; x_wconf 79' lang='grc' dir='ltr'>ι</span> <span class='ocrx_word' id='word_1_655' title='bbox 2609 2458 2675 2512; x_wconf 89' lang='lat' dir='ltr'>Et</span> <span class='ocrx_word' id='word_1_656' title='bbox 2732 2457 2987 2530; x_wconf 89' lang='lat' dir='ltr'>sumpsit</span> <span class='ocrx_word' id='word_1_657' title='bbox 3043 2458 3300 2514; x_wconf 78' lang='lat' dir='ltr'>Rebecca</span> <span class='ocrx_word' id='word_1_658' title='bbox 3350 2460 3699 2517; x_wconf 90' lang='lat' dir='ltr'>vestimenta</span> 
     </span>
    </p>
   </div>
   <div class='ocr_carea' id='block_1_89' title="bbox 2057 2546 3697 2617">
    <p class='ocr_par' dir='ltr' id='par_1_89' title="bbox 2057 2546 3697 2617">
     <span class='ocr_line' id='line_1_92' title="bbox 2057 2546 3697 2617; baseline 0.001 -14"><span class='ocrx_word' id='word_1_659' title='bbox 2057 2551 2203 2604; x_wconf 85' lang='lat' dir='ltr'>Esau</span> <span class='ocrx_word' id='word_1_660' title='bbox 2264 2547 2368 2601; x_wconf 83' lang='lat' dir='ltr'>filii</span> <span class='ocrx_word' id='word_1_661' title='bbox 2422 2546 2511 2602; x_wconf 88' lang='lat' dir='ltr'>sui</span> <span class='ocrx_word' id='word_1_662' title='bbox 2571 2547 2830 2616; x_wconf 85' lang='lat' dir='ltr'>majoris,</span> <span class='ocrx_word' id='word_1_663' title='bbox 2882 2564 3007 2617; x_wconf 65' lang='lat' dir='ltr'>quae</span> <span class='ocrx_word' id='word_1_664' title='bbox 3066 2551 3232 2603; x_wconf 91' lang='lat' dir='ltr'>erant</span> <span class='ocrx_word' id='word_1_665' title='bbox 3288 2549 3697 2605; x_wconf 87' lang='lat' dir='ltr'>desiderabilia</span> 
     </span>
    </p>
   </div>
   <div class='ocr_carea' id='block_1_90' title="bbox 2054 2635 3696 2708">
    <p class='ocr_par' dir='ltr' id='par_1_90' title="bbox 2054 2635 3696 2708">
     <span class='ocr_line' id='line_1_93' title="bbox 2054 2635 3696 2708; baseline 0.001 -16"><span class='ocrx_word' id='word_1_666' title='bbox 2054 2636 2219 2692; x_wconf 89' lang='lat' dir='ltr'>valde</span> <span class='ocrx_word' id='word_1_667' title='bbox 2243 2637 2395 2708; x_wconf 88' lang='lat' dir='ltr'>apud</span> <span class='ocrx_word' id='word_1_668' title='bbox 2430 2652 2491 2690; x_wconf 89' lang='lat' dir='ltr'>se</span> <span class='ocrx_word' id='word_1_669' title='bbox 2521 2635 2700 2690; x_wconf 92' lang='lat' dir='ltr'>domi.</span> <span class='ocrx_word' id='word_1_670' title='bbox 2727 2659 2753 2685; x_wconf 89' lang='grc'><strong>‹‹</strong></span> <span class='ocrx_word' id='word_1_671' title='bbox 2789 2636 2854 2690; x_wconf 88' lang='lat' dir='ltr'>Et</span> <span class='ocrx_word' id='word_1_672' title='bbox 2903 2636 2962 2689; x_wconf 92' lang='lat' dir='ltr'>in</span> <span class='ocrx_word' id='word_1_673' title='bbox 3013 2636 3121 2691; x_wconf 92' lang='lat' dir='ltr'>hoc</span> <span class='ocrx_word' id='word_1_674' title='bbox 3153 2636 3277 2691; x_wconf 92' lang='lat' dir='ltr'>loco</span> <span class='ocrx_word' id='word_1_675' title='bbox 3306 2638 3550 2694; x_wconf 87' lang='lat' dir='ltr'>tradunt</span> <span class='ocrx_word' id='word_1_676' title='bbox 3583 2640 3696 2694; x_wconf 83' lang='lat' dir='ltr'>He-</span> 
     </span>
    </p>
   </div>
   <div class='ocr_carea' id='block_1_91' title="bbox 2055 2724 3698 2797">
    <p class='ocr_par' dir='ltr' id='par_1_91' title="bbox 2055 2724 3698 2797">
     <span class='ocr_line' id='line_1_94' title="bbox 2055 2724 3698 2797; baseline 0.002 -16"><span class='ocrx_word' id='word_1_677' title='bbox 2055 2727 2215 2791; x_wconf 57' lang='lat' dir='ltr'>braei,</span> <span class='ocrx_word' id='word_1_678' title='bbox 2250 2724 2670 2797; x_wconf 85' lang='lat' dir='ltr'>primogenitos</span> <span class='ocrx_word' id='word_1_679' title='bbox 2714 2726 2946 2780; x_wconf 90' lang='lat' dir='ltr'>functos</span> <span class='ocrx_word' id='word_1_680' title='bbox 2995 2726 3185 2780; x_wconf 81' lang='lat' dir='ltr'>ofﬁcio</span> <span class='ocrx_word' id='word_1_681' title='bbox 3218 2728 3608 2794; x_wconf 89' lang='lat' dir='ltr'>sacerdotum,</span> <span class='ocrx_word' id='word_1_682' title='bbox 3641 2734 3698 2784; x_wconf 90' lang='lat' dir='ltr'>et</span> 
     </span>
    </p>
   </div>
   <div class='ocr_carea' id='block_1_92' title="bbox 2056 2811 3700 2884">
    <p class='ocr_par' dir='ltr' id='par_1_92' title="bbox 2056 2811 3700 2884">
     <span class='ocr_line' id='line_1_95' title="bbox 2056 2811 3700 2884; baseline 0.001 -16"><span class='ocrx_word' id='word_1_683' title='bbox 2056 2813 2334 2869; x_wconf 90' lang='lat' dir='ltr'>habuisse</span> <span class='ocrx_word' id='word_1_684' title='bbox 2365 2812 2778 2867; x_wconf 89' lang='lat' dir='ltr'>vestimentum</span> <span class='ocrx_word' id='word_1_685' title='bbox 2811 2811 3185 2879; x_wconf 86' lang='lat' dir='ltr'>sacerdotale,</span> <span class='ocrx_word' id='word_1_686' title='bbox 3220 2830 3336 2884; x_wconf 93' lang='lat' dir='ltr'>quo</span> <span class='ocrx_word' id='word_1_687' title='bbox 3368 2814 3700 2884; x_wconf 89' lang='lat' dir='ltr'>induti,Deo</span> 
     </span>
    </p>
   </div>
   <div class='ocr_carea' id='block_1_93' title="bbox 2054 2900 3698 2971">
    <p class='ocr_par' dir='ltr' id='par_1_93' title="bbox 2054 2900 3698 2971">
     <span class='ocr_line' id='line_1_96' title="bbox 2054 2900 3698 2971; baseline 0.002 -15"><span class='ocrx_word' id='word_1_688' title='bbox 2054 2902 2322 2957; x_wconf 86' lang='lat' dir='ltr'>victimas</span> <span class='ocrx_word' id='word_1_689' title='bbox 2352 2900 2695 2966; x_wconf 78' lang='lat' dir='ltr'>offerebant,</span> <span class='ocrx_word' id='word_1_690' title='bbox 2743 2905 3055 2971; x_wconf 87' lang='lat' dir='ltr'>antequam</span> <span class='ocrx_word' id='word_1_691' title='bbox 3088 2903 3277 2955; x_wconf 90' lang='lat' dir='ltr'>Aaron</span> <span class='ocrx_word' id='word_1_692' title='bbox 3322 2901 3382 2956; x_wconf 92' lang='lat' dir='ltr'>in</span> <span class='ocrx_word' id='word_1_693' title='bbox 3428 2904 3698 2959; x_wconf 90' lang='lat' dir='ltr'>sacerdo-</span> 
     </span>
    </p>
   </div>
   <div class='ocr_carea' id='block_1_94' title="bbox 2054 2988 2567 3060">
    <p class='ocr_par' dir='ltr' id='par_1_94' title="bbox 2054 2988 2567 3060">
     <span class='ocr_line' id='line_1_97' title="bbox 2054 2988 2567 3060; baseline -0.008 -15"><span class='ocrx_word' id='word_1_694' title='bbox 2054 2991 2201 3045; x_wconf 93' lang='lat' dir='ltr'>tium</span> <span class='ocrx_word' id='word_1_695' title='bbox 2235 2988 2567 3060; x_wconf 88' lang='lat' dir='ltr'>eligeretur.</span> 
     </span>
    </p>
   </div>
   <div class='ocr_carea' id='block_1_95' title="bbox 2129 3074 3702 3148">
    <p class='ocr_par' dir='ltr' id='par_1_95' title="bbox 2129 3074 3702 3148">
     <span class='ocr_line' id='line_1_98' title="bbox 2129 3074 3702 3148; baseline 0.004 -19"><span class='ocrx_word' id='word_1_696' title='bbox 2129 3077 2319 3148; x_wconf 79' lang='lat' dir='ltr'>(Vers.</span> <span class='ocrx_word' id='word_1_697' title='bbox 2359 3076 2474 3146; x_wconf 82' lang='lat'>36.)</span> <span class='ocrx_word' id='word_1_698' title='bbox 2522 3098 2548 3124; x_wconf 93' lang='grc'>‹‹</span> <span class='ocrx_word' id='word_1_699' title='bbox 2582 3076 2652 3129; x_wconf 86' lang='lat' dir='ltr'>Et</span> <span class='ocrx_word' id='word_1_700' title='bbox 2683 3074 2828 3129; x_wconf 83' lang='lat' dir='ltr'>dixit</span> <span class='ocrx_word' id='word_1_701' title='bbox 2879 3076 3050 3144; x_wconf 90' lang='lat' dir='ltr'>Esau,</span> <span class='ocrx_word' id='word_1_702' title='bbox 3084 3076 3251 3133; x_wconf 87' lang='lat' dir='ltr'>Juste</span> <span class='ocrx_word' id='word_1_703' title='bbox 3294 3083 3564 3135; x_wconf 88' lang='lat' dir='ltr'>vocatum</span> <span class='ocrx_word' id='word_1_704' title='bbox 3609 3085 3702 3135; x_wconf 88' lang='lat' dir='ltr'>est</span> 
     </span>
    </p>
   </div>
   <div class='ocr_carea' id='block_1_96' title="bbox 2057 3164 3699 3235">
    <p class='ocr_par' dir='ltr' id='par_1_96' title="bbox 2057 3164 3699 3235">
     <span class='ocr_line' id='line_1_99' title="bbox 2057 3164 3699 3235; baseline 0.002 -14"><span class='ocrx_word' id='word_1_705' title='bbox 2057 3182 2269 3221; x_wconf 90' lang='lat' dir='ltr'>nomen</span> <span class='ocrx_word' id='word_1_706' title='bbox 2319 3165 2448 3234; x_wconf 88' lang='lat' dir='ltr'>ejus</span> <span class='ocrx_word' id='word_1_707' title='bbox 2520 3164 2722 3218; x_wconf 85' lang='lat' dir='ltr'>Jacob.</span> <span class='ocrx_word' id='word_1_708' title='bbox 2774 3164 3183 3235; x_wconf 87' lang='lat' dir='ltr'>Supplantavit</span> <span class='ocrx_word' id='word_1_709' title='bbox 3224 3167 3380 3221; x_wconf 91' lang='lat' dir='ltr'>enim</span> <span class='ocrx_word' id='word_1_710' title='bbox 3427 3184 3521 3223; x_wconf 91' lang='lat' dir='ltr'>me</span> <span class='ocrx_word' id='word_1_711' title='bbox 3567 3185 3699 3223; x_wconf 89' lang='lat' dir='ltr'>ecce</span> 
     </span>
    </p>
   </div>
   <div class='ocr_carea' id='block_1_97' title="bbox 2059 3252 3698 3326">
    <p class='ocr_par' dir='ltr' id='par_1_97' title="bbox 2059 3252 3698 3326">
     <span class='ocr_line' id='line_1_100' title="bbox 2059 3252 3698 3326; baseline 0.001 -16"><span class='ocrx_word' id='word_1_712' title='bbox 2059 3254 2335 3310; x_wconf 87' lang='lat' dir='ltr'>secundo.</span> <span class='ocrx_word' id='word_1_713' title='bbox 2374 3276 2399 3301; x_wconf 83' lang='lat'>»</span> <span class='ocrx_word' id='word_1_714' title='bbox 2447 3252 2648 3320; x_wconf 87' lang='lat' dir='ltr'>Jacob,</span> <span class='ocrx_word' id='word_1_715' title='bbox 2700 3253 3080 3324; x_wconf 76' lang='lat' dir='ltr'>sapplmztalor</span> <span class='ocrx_word' id='word_1_716' title='bbox 3130 3254 3563 3326; x_wconf 89' lang='lat' dir='ltr'>interpretatur.</span> <span class='ocrx_word' id='word_1_717' title='bbox 3609 3258 3698 3312; x_wconf 87' lang='lat' dir='ltr'>Ab</span> 
     </span>
    </p>
   </div>
   <div class='ocr_carea' id='block_1_98' title="bbox 2060 3341 3700 3415">
    <p class='ocr_par' dir='ltr' id='par_1_98' title="bbox 2060 3341 3700 3415">
     <span class='ocr_line' id='line_1_101' title="bbox 2060 3341 3700 3415; baseline 0.001 -17"><span class='ocrx_word' id='word_1_718' title='bbox 2060 3360 2125 3398; x_wconf 92' lang='lat' dir='ltr'>eo</span> <span class='ocrx_word' id='word_1_719' title='bbox 2158 3344 2358 3415; x_wconf 86' lang='lat' dir='ltr'>igitur,</span> <span class='ocrx_word' id='word_1_720' title='bbox 2391 3342 2546 3413; x_wconf 90' lang='lat' dir='ltr'>quod</span> <span class='ocrx_word' id='word_1_721' title='bbox 2580 3341 2819 3397; x_wconf 85' lang='lat' dir='ltr'>fratrem</span> <span class='ocrx_word' id='word_1_722' title='bbox 2852 3346 2972 3397; x_wconf 89' lang='lat' dir='ltr'>arte</span> <span class='ocrx_word' id='word_1_723' title='bbox 3020 3343 3330 3415; x_wconf 86' lang='lat' dir='ltr'>deceperit,</span> <span class='ocrx_word' id='word_1_724' title='bbox 3381 3344 3581 3400; x_wconf 89' lang='lat' dir='ltr'>allusit</span> <span class='ocrx_word' id='word_1_725' title='bbox 3628 3346 3700 3400; x_wconf 91' lang='lat' dir='ltr'>ad</span> 
     </span>
    </p>
   </div>
   <div class='ocr_carea' id='block_1_99' title="bbox 2060 3431 3701 3505">
    <p class='ocr_par' dir='ltr' id='par_1_99' title="bbox 2060 3431 3701 3505">
     <span class='ocr_line' id='line_1_102' title="bbox 2060 3431 3701 3505; baseline 0.001 -18"><span class='ocrx_word' id='word_1_726' title='bbox 2060 3449 2293 3487; x_wconf 90' lang='lat' dir='ltr'>nomen.</span> <span class='ocrx_word' id='word_1_727' title='bbox 2326 3432 2433 3495; x_wconf 88' lang='lat' dir='ltr'>Qui</span> <span class='ocrx_word' id='word_1_728' title='bbox 2470 3431 2598 3486; x_wconf 91' lang='lat' dir='ltr'>ideo</span> <span class='ocrx_word' id='word_1_729' title='bbox 2626 3431 2791 3486; x_wconf 85' lang='lat' dir='ltr'>Jaeob</span> <span class='ocrx_word' id='word_1_730' title='bbox 2820 3436 2954 3487; x_wconf 89' lang='lat' dir='ltr'>ante</span> <span class='ocrx_word' id='word_1_731' title='bbox 2991 3437 3228 3487; x_wconf 91' lang='lat' dir='ltr'>vocatus</span> <span class='ocrx_word' id='word_1_732' title='bbox 3276 3438 3382 3500; x_wconf 91' lang='lat' dir='ltr'>est,</span> <span class='ocrx_word' id='word_1_733' title='bbox 3435 3434 3590 3505; x_wconf 89' lang='lat' dir='ltr'>quod</span> <span class='ocrx_word' id='word_1_734' title='bbox 3641 3433 3701 3488; x_wconf 91' lang='lat' dir='ltr'>in</span> 
     </span>
    </p>
   </div>
   <div class='ocr_carea' id='block_1_100' title="bbox 2061 3518 3219 3591">
    <p class='ocr_par' dir='ltr' id='par_1_100' title="bbox 2061 3518 3219 3591">
     <span class='ocr_line' id='line_1_103' title="bbox 2061 3518 3219 3591; baseline 0 -16"><span class='ocrx_word' id='word_1_735' title='bbox 2061 3526 2190 3575; x_wconf 89' lang='lat' dir='ltr'>ortu</span> <span class='ocrx_word' id='word_1_736' title='bbox 2212 3519 2474 3591; x_wconf 90' lang='lat' dir='ltr'>plantam</span> <span class='ocrx_word' id='word_1_737' title='bbox 2508 3518 2703 3574; x_wconf 84' lang='lat' dir='ltr'>fratris</span> <span class='ocrx_word' id='word_1_738' title='bbox 2735 3520 3219 3590; x_wconf 89' lang='lat' dir='ltr'>apprehenderat.</span> 
     </span>
    </p>
   </div>
   <div class='ocr_carea' id='block_1_101' title="bbox 2133 3608 3705 3680">
    <p class='ocr_par' dir='ltr' id='par_1_101' title="bbox 2133 3608 3705 3680">
     <span class='ocr_line' id='line_1_104' title="bbox 2133 3608 3705 3680; baseline 0.003 -19"><span class='ocrx_word' id='word_1_739' title='bbox 2133 3609 2315 3680; x_wconf 89' lang='lat' dir='ltr'>(Vers.</span> <span class='ocrx_word' id='word_1_740' title='bbox 2378 3609 2491 3677; x_wconf 82' lang='grc'>40.)</span> <span class='ocrx_word' id='word_1_741' title='bbox 2566 3630 2591 3655; x_wconf 77' lang='grc' dir='ltr'>ι(</span> <span class='ocrx_word' id='word_1_742' title='bbox 2651 3611 2719 3661; x_wconf 89' lang='lat' dir='ltr'>Et</span> <span class='ocrx_word' id='word_1_743' title='bbox 2775 3608 2938 3662; x_wconf 87' lang='lat' dir='ltr'>fratri</span> <span class='ocrx_word' id='word_1_744' title='bbox 2996 3613 3096 3663; x_wconf 86' lang='lat' dir='ltr'>tuo</span> <span class='ocrx_word' id='word_1_745' title='bbox 3152 3610 3422 3664; x_wconf 88' lang='lat' dir='ltr'>servies:</span> <span class='ocrx_word' id='word_1_746' title='bbox 3483 3614 3541 3665; x_wconf 88' lang='lat' dir='ltr'>et</span> <span class='ocrx_word' id='word_1_747' title='bbox 3594 3611 3705 3666; x_wconf 90' lang='lat' dir='ltr'>erit</span> 
     </span>
    </p>
   </div>
   <div class='ocr_carea' id='block_1_102' title="bbox 2062 3694 3702 3768">
    <p class='ocr_par' dir='ltr' id='par_1_102' title="bbox 2062 3694 3702 3768">
     <span class='ocr_line' id='line_1_105' title="bbox 2062 3694 3702 3768; baseline 0.001 -17"><span class='ocrx_word' id='word_1_748' title='bbox 2062 3699 2295 3768; x_wconf 89' lang='lat' dir='ltr'>quando</span> <span class='ocrx_word' id='word_1_749' title='bbox 2328 3697 2606 3767; x_wconf 89' lang='lat' dir='ltr'>depones,</span> <span class='ocrx_word' id='word_1_750' title='bbox 2641 3700 2698 3750; x_wconf 92' lang='lat' dir='ltr'>et</span> <span class='ocrx_word' id='word_1_751' title='bbox 2745 3694 2932 3750; x_wconf 90' lang='lat' dir='ltr'>solves</span> <span class='ocrx_word' id='word_1_752' title='bbox 2971 3696 3185 3767; x_wconf 88' lang='lat' dir='ltr'>jugum</span> <span class='ocrx_word' id='word_1_753' title='bbox 3239 3695 3396 3751; x_wconf 91' lang='lat' dir='ltr'>illius</span> <span class='ocrx_word' id='word_1_754' title='bbox 3446 3697 3515 3751; x_wconf 89' lang='lat' dir='ltr'>de</span> <span class='ocrx_word' id='word_1_755' title='bbox 3554 3696 3702 3753; x_wconf 91' lang='lat' dir='ltr'>collo</span> 
     </span>
    </p>
   </div>
   <div class='ocr_carea' id='block_1_103' title="bbox 2061 3783 3701 3855">
    <p class='ocr_par' dir='ltr' id='par_1_103' title="bbox 2061 3783 3701 3855">
     <span class='ocr_line' id='line_1_106' title="bbox 2061 3783 3701 3855; baseline -0.001 -15"><span class='ocrx_word' id='word_1_756' title='bbox 2061 3791 2181 3841; x_wconf 94' lang='lat' dir='ltr'>tuo.</span> <span class='ocrx_word' id='word_1_757' title='bbox 2218 3808 2245 3833; x_wconf 88' lang='grc'>››</span> <span class='ocrx_word' id='word_1_758' title='bbox 2280 3784 2482 3855; x_wconf 89' lang='lat' dir='ltr'>Signat</span> <span class='ocrx_word' id='word_1_759' title='bbox 2530 3784 2685 3855; x_wconf 73' lang='lat' dir='ltr'>quod</span> <span class='ocrx_word' id='word_1_760' title='bbox 2734 3783 2971 3837; x_wconf 67' lang='lat' dir='ltr'>ldumazi</span> <span class='ocrx_word' id='word_1_761' title='bbox 3019 3783 3288 3838; x_wconf 77' lang='lat' dir='ltr'>servituri</span> <span class='ocrx_word' id='word_1_762' title='bbox 3318 3785 3435 3839; x_wconf 88' lang='lat' dir='ltr'>sint</span> <span class='ocrx_word' id='word_1_763' title='bbox 3462 3785 3701 3851; x_wconf 65' lang='lat' dir='ltr'>Judmis,</span> 
     </span>
    </p>
   </div>
   <div class='ocr_carea' id='block_1_104' title="bbox 2062 3872 3699 3946">
    <p class='ocr_par' dir='ltr' id='par_1_104' title="bbox 2062 3872 3699 3946">
     <span class='ocr_line' id='line_1_107' title="bbox 2062 3872 3699 3946; baseline 0 -17"><span class='ocrx_word' id='word_1_764' title='bbox 2062 3880 2117 3929; x_wconf 90' lang='lat' dir='ltr'>et</span> <span class='ocrx_word' id='word_1_765' title='bbox 2146 3880 2379 3944; x_wconf 83' lang='lat' dir='ltr'>tempus</span> <span class='ocrx_word' id='word_1_766' title='bbox 2412 3889 2539 3928; x_wconf 88' lang='lat' dir='ltr'>esse</span> <span class='ocrx_word' id='word_1_767' title='bbox 2570 3876 2904 3938; x_wconf 90' lang='lat' dir='ltr'>venturum,</span> <span class='ocrx_word' id='word_1_768' title='bbox 2938 3873 3173 3943; x_wconf 90' lang='lat' dir='ltr'>quando</span> <span class='ocrx_word' id='word_1_769' title='bbox 3216 3874 3286 3928; x_wconf 92' lang='lat' dir='ltr'>de</span> <span class='ocrx_word' id='word_1_770' title='bbox 3315 3872 3462 3929; x_wconf 92' lang='lat' dir='ltr'>collo</span> <span class='ocrx_word' id='word_1_771' title='bbox 3484 3875 3699 3946; x_wconf 88' lang='lat' dir='ltr'>jugum</span> 
     </span>
    </p>
   </div>
   <div class='ocr_carea' id='block_1_105' title="bbox 2060 3961 3699 4033">
    <p class='ocr_par' dir='ltr' id='par_1_105' title="bbox 2060 3961 3699 4033">
     <span class='ocr_line' id='line_1_108' title="bbox 2060 3961 3699 4033; baseline 0.002 -16"><span class='ocrx_word' id='word_1_772' title='bbox 2060 3962 2354 4017; x_wconf 87' lang='lat' dir='ltr'>servitutis</span> <span class='ocrx_word' id='word_1_773' title='bbox 2404 3961 2700 4030; x_wconf 87' lang='lat' dir='ltr'>abjiciant,</span> <span class='ocrx_word' id='word_1_774' title='bbox 2751 3978 3072 4032; x_wconf 89' lang='lat' dir='ltr'>eorumque</span> <span class='ocrx_word' id='word_1_775' title='bbox 3120 3962 3364 4033; x_wconf 91' lang='lat' dir='ltr'>imperio</span> <span class='ocrx_word' id='word_1_776' title='bbox 3412 3965 3699 4020; x_wconf 87' lang='lat' dir='ltr'>contradi-</span> 
     </span>
    </p>
   </div>
   <div class='ocr_carea' id='block_1_106' title="bbox 2060 4051 3697 4125">
    <p class='ocr_par' dir='ltr' id='par_1_106' title="bbox 2060 4051 3697 4125">
     <span class='ocr_line' id='line_1_109' title="bbox 2060 4051 3697 4125; baseline 0.002 -18"><span class='ocrx_word' id='word_1_777' title='bbox 2060 4056 2212 4107; x_wconf 88' lang='lat' dir='ltr'>cant.</span> <span class='ocrx_word' id='word_1_778' title='bbox 2273 4051 2607 4105; x_wconf 88' lang='lat' dir='ltr'>Secundum</span> <span class='ocrx_word' id='word_1_779' title='bbox 2657 4055 2852 4105; x_wconf 88' lang='lat' dir='ltr'>autem</span> <span class='ocrx_word' id='word_1_780' title='bbox 2903 4051 3284 4123; x_wconf 86' lang='lat' dir='ltr'>Septuaginta</span> <span class='ocrx_word' id='word_1_781' title='bbox 3327 4054 3697 4125; x_wconf 87' lang='lat' dir='ltr'>Interpretes,</span> 
     </span>
    </p>
   </div>
   <div class='ocr_carea' id='block_1_107' title="bbox 2059 4139 3701 4212">
    <p class='ocr_par' dir='ltr' id='par_1_107' title="bbox 2059 4139 3701 4212">
     <span class='ocr_line' id='line_1_110' title="bbox 2059 4139 3701 4212; baseline 0.002 -17"><span class='ocrx_word' id='word_1_782' title='bbox 2059 4141 2159 4212; x_wconf 91' lang='lat' dir='ltr'>qui</span> <span class='ocrx_word' id='word_1_783' title='bbox 2210 4140 2519 4195; x_wconf 90' lang='lat' dir='ltr'>dixerunt:</span> <span class='ocrx_word' id='word_1_784' title='bbox 2576 4161 2604 4187; x_wconf 83' lang='grc'><strong>‹‹</strong></span> <span class='ocrx_word' id='word_1_785' title='bbox 2643 4139 2764 4193; x_wconf 82' lang='lat' dir='ltr'>Erit</span> <span class='ocrx_word' id='word_1_786' title='bbox 2806 4144 3000 4193; x_wconf 89' lang='lat' dir='ltr'>autem</span> <span class='ocrx_word' id='word_1_787' title='bbox 3055 4156 3186 4195; x_wconf 90' lang='lat' dir='ltr'>cum</span> <span class='ocrx_word' id='word_1_788' title='bbox 3233 4142 3593 4212; x_wconf 88' lang='lat' dir='ltr'>deposueris,</span> <span class='ocrx_word' id='word_1_789' title='bbox 3643 4149 3701 4199; x_wconf 91' lang='lat' dir='ltr'>et</span> 
     </span>
    </p>
   </div>
   <div class='ocr_carea' id='block_1_108' title="bbox 2056 4281 3697 4354">
    <p class='ocr_par' dir='ltr' id='par_1_108' title="bbox 2056 4281 3697 4354">
     <span class='ocr_line' id='line_1_111' title="bbox 2056 4281 3697 4354; baseline 0.001 -17"><span class='ocrx_word' id='word_1_790' title='bbox 2056 4284 2197 4354; x_wconf 67' lang='grc' dir='ltr'>[ἱραί.</span> <span class='ocrx_word' id='word_1_791' title='bbox 2260 4284 2391 4352; x_wconf 84' lang='lat' dir='ltr'>quia</span> <span class='ocrx_word' id='word_1_792' title='bbox 2438 4282 2750 4354; x_wconf 78' lang='lat' dir='ltr'>invenerint</span> <span class='ocrx_word' id='word_1_793' title='bbox 2799 4298 2999 4354; x_wconf 73' lang='lat' dir='ltr'>aquam</span> <span class='ocrx_word' id='word_1_794' title='bbox 3039 4302 3056 4340; x_wconf 89' lang='lat'>:</span> <span class='ocrx_word' id='word_1_795' title='bbox 3094 4287 3290 4354; x_wconf 84' lang='lat' dir='ltr'>atque</span> <span class='ocrx_word' id='word_1_796' title='bbox 3351 4281 3697 4354; x_wconf 77' lang='lat' dir='ltr'>Hebraicum</span> 
     </span>
    </p>
   </div>
   <div class='ocr_carea' id='block_1_109' title="bbox 2058 4352 3696 4424">
    <p class='ocr_par' dir='ltr' id='par_1_109' title="bbox 2058 4352 3696 4424">
     <span class='ocr_line' id='line_1_112' title="bbox 2058 4352 3696 4424; baseline 0.001 -15"><span class='ocrx_word' id='word_1_797' title='bbox 2058 4352 2211 4409; x_wconf 87' lang='lat' dir='ltr'>inter</span> <span class='ocrx_word' id='word_1_798' title='bbox 2239 4360 2296 4407; x_wconf 87' lang='lat' dir='ltr'>et</span> <span class='ocrx_word' id='word_1_799' title='bbox 2317 4353 2700 4424; x_wconf 83' lang='lat' dir='ltr'>Septuaginta</span> <span class='ocrx_word' id='word_1_800' title='bbox 2717 4352 3029 4424; x_wconf 87' lang='lat' dir='ltr'>peculiaris</span> <span class='ocrx_word' id='word_1_801' title='bbox 3046 4352 3696 4411; x_wconf 89' lang='lat' dir='ltr'>diversitasintercedat:</span> 
     </span>
    </p>
   </div>
   <div class='ocr_carea' id='block_1_110' title="bbox 2102 4424 3698 4495">
    <p class='ocr_par' dir='ltr' id='par_1_110' title="bbox 2102 4424 3698 4495">
     <span class='ocr_line' id='line_1_113' title="bbox 2102 4424 3698 4495; baseline 0.001 -16"><span class='ocrx_word' id='word_1_802' title='bbox 2102 4426 2157 4479; x_wconf 87' lang='lat' dir='ltr'>ui</span> <span class='ocrx_word' id='word_1_803' title='bbox 2190 4426 2332 4479; x_wconf 90' lang='lat' dir='ltr'>adeo</span> <span class='ocrx_word' id='word_1_804' title='bbox 2354 4426 2736 4495; x_wconf 83' lang='lat' dir='ltr'>juramentum</span> <span class='ocrx_word' id='word_1_805' title='bbox 2780 4424 3143 4495; x_wconf 88' lang='lat' dir='ltr'>interpretati</span> <span class='ocrx_word' id='word_1_806' title='bbox 3191 4428 3328 4478; x_wconf 88' lang='lat' dir='ltr'>sunt</span> <span class='ocrx_word' id='word_1_807' title='bbox 3374 4441 3476 4495; x_wconf 91' lang='lat' dir='ltr'>pro</span> <span class='ocrx_word' id='word_1_808' title='bbox 3521 4425 3698 4482; x_wconf 66' lang='lat' dir='ltr'>abun-</span> 
     </span>
    </p>
   </div>
   <div class='ocr_carea' id='block_1_111' title="bbox 2056 4444 3695 4567">
    <p class='ocr_par' dir='ltr' id='par_1_111' title="bbox 2056 4444 3695 4567">
     <span class='ocr_line' id='line_1_114' title="bbox 2102 4444 3695 4495; baseline 0.001 -16"><span class='ocrx_word' id='word_1_809' title='bbox 2102 4444 2157 4479; x_wconf 84' lang='lat' dir='ltr'><strong>ux</strong></span> <span class='ocrx_word' id='word_1_810' title='bbox 2190 4444 2332 4479; x_wconf 79' lang='lat' dir='ltr'>adeo</span> <span class='ocrx_word' id='word_1_811' title='bbox 2354 4444 2736 4495; x_wconf 73' lang='lat' dir='ltr'>jtlrmnenutm</span> <span class='ocrx_word' id='word_1_812' title='bbox 2780 4444 3143 4495; x_wconf 70' lang='lat' dir='ltr'>Interpretau</span> <span class='ocrx_word' id='word_1_813' title='bbox 3191 4444 3328 4478; x_wconf 73' lang='lat' dir='ltr'>sunt</span> <span class='ocrx_word' id='word_1_814' title='bbox 3374 4444 3476 4495; x_wconf 89' lang='lat' dir='ltr'>pro</span> <span class='ocrx_word' id='word_1_815' title='bbox 3521 4444 3695 4482; x_wconf 77' lang='lat' dir='ltr'>amm-</span> 
     </span>
     <span class='ocr_line' id='line_1_115' title="bbox 2056 4444 3695 4567; baseline 0.001 -16"><span class='ocrx_word' id='word_1_816' title='bbox 2056 4444 2266 4561; x_wconf 55' lang='lat' dir='ltr'>Jantia,</span> <span class='ocrx_word' id='word_1_817' title='bbox 2302 4497 2421 4550; x_wconf 86' lang='lat' dir='ltr'>sive</span> <span class='ocrx_word' id='word_1_818' title='bbox 2449 4498 2766 4550; x_wconf 78' lang='lat' dir='ltr'>saturitate.</span> <span class='ocrx_word' id='word_1_819' title='bbox 2799 4495 2915 4549; x_wconf 76' lang='lat' dir='ltr'>Nos</span> <span class='ocrx_word' id='word_1_820' title='bbox 2942 4512 3069 4549; x_wconf 88' lang='lat' dir='ltr'>eam</span> <span class='ocrx_word' id='word_1_821' title='bbox 3102 4495 3445 4567; x_wconf 88' lang='lat' dir='ltr'>particulam</span> <span class='ocrx_word' id='word_1_822' title='bbox 3478 4499 3604 4552; x_wconf 92' lang='lat' dir='ltr'>tum</span> <span class='ocrx_word' id='word_1_823' title='bbox 3622 4498 3695 4553; x_wconf 90' lang='lat' dir='ltr'>ad</span> 
     </span>
    </p>
   </div>
   <div class='ocr_carea' id='block_1_112' title="bbox 2056 4567 3699 4629">
    <p class='ocr_par' dir='ltr' id='par_1_112' title="bbox 2056 4567 3699 4629">
     <span class='ocr_line' id='line_1_116' title="bbox 2056 4567 3699 4629; baseline 0.001 -6"><span class='ocrx_word' id='word_1_824' title='bbox 2056 4568 2205 4623; x_wconf 89' lang='lat' dir='ltr'>sacri</span> <span class='ocrx_word' id='word_1_825' title='bbox 2238 4572 2451 4629; x_wconf 82' lang='lat' dir='ltr'>textus,</span> <span class='ocrx_word' id='word_1_826' title='bbox 2478 4571 2603 4620; x_wconf 89' lang='lat' dir='ltr'>tum</span> <span class='ocrx_word' id='word_1_827' title='bbox 2638 4568 2707 4621; x_wconf 88' lang='lat' dir='ltr'>ad</span> <span class='ocrx_word' id='word_1_828' title='bbox 2734 4583 2877 4621; x_wconf 89' lang='lat' dir='ltr'>mss.</span> <span class='ocrx_word' id='word_1_829' title='bbox 2912 4571 3244 4622; x_wconf 87' lang='lat' dir='ltr'>nostrorum</span> <span class='ocrx_word' id='word_1_830' title='bbox 3267 4572 3324 4622; x_wconf 91' lang='lat' dir='ltr'>et</span> <span class='ocrx_word' id='word_1_831' title='bbox 3350 4567 3699 4625; x_wconf 63' lang='lat' dir='ltr'>Victorianas</span> 
     </span>
    </p>
   </div>
   <div class='ocr_carea' id='block_1_113' title="bbox 2056 4637 3047 4708">
    <p class='ocr_par' dir='ltr' id='par_1_113' title="bbox 2056 4637 3047 4708">
     <span class='ocr_line' id='line_1_117' title="bbox 2056 4637 3047 4708; baseline -0.004 -14"><span class='ocrx_word' id='word_1_832' title='bbox 2056 4638 2326 4694; x_wconf 85' lang='lat' dir='ltr'>editionis</span> <span class='ocrx_word' id='word_1_833' title='bbox 2359 4638 2533 4692; x_wconf 81' lang='lat' dir='ltr'>fidem</span> <span class='ocrx_word' id='word_1_834' title='bbox 2567 4637 2974 4708; x_wconf 87' lang='lat' dir='ltr'>expunximus.</span> <span class='ocrx_word' id='word_1_835' title='bbox 3010 4638 3047 4691; x_wconf 87' lang='lat' dir='ltr'>fi</span> 
     </span>
    </p>
   </div>
   <div class='ocr_carea' id='block_1_114' title="bbox 2126 4708 3693 4775">
    <p class='ocr_par' dir='ltr' id='par_1_114' title="bbox 2126 4708 3693 4775">
     <span class='ocr_line' id='line_1_118' title="bbox 2126 4708 3693 4775; baseline 0.001 -12"><span class='ocrx_word' id='word_1_836' title='bbox 2126 4711 2146 4743; x_wconf 74' lang='grc'>⁵</span> <span class='ocrx_word' id='word_1_837' title='bbox 2175 4711 2280 4763; x_wconf 85' lang='lat' dir='ltr'>Pro</span> <span class='ocrx_word' id='word_1_838' title='bbox 2299 4709 2530 4763; x_wconf 77' lang='lat' dir='ltr'>stridulo</span> <span class='ocrx_word' id='word_1_839' title='bbox 2580 4710 2927 4764; x_wconf 70' lang='lat' dir='ltr'>Hebraeorum</span> <span class='ocrx_word' id='word_1_840' title='bbox 2980 4709 3096 4764; x_wconf 73' lang='lat' dir='ltr'>Sin.</span> <span class='ocrx_word' id='word_1_841' title='bbox 3153 4708 3299 4775; x_wconf 87' lang='lat' dir='ltr'>Quid</span> <span class='ocrx_word' id='word_1_842' title='bbox 3348 4709 3426 4763; x_wconf 88' lang='lat' dir='ltr'>sit</span> <span class='ocrx_word' id='word_1_843' title='bbox 3464 4709 3565 4763; x_wconf 88' lang='lat' dir='ltr'>illa</span> <span class='ocrx_word' id='word_1_844' title='bbox 3594 4711 3693 4765; x_wconf 89' lang='lat' dir='ltr'>de-</span> 
     </span>
    </p>
   </div>
   <div class='ocr_carea' id='block_1_115' title="bbox 2055 4779 3693 4851">
    <p class='ocr_par' dir='ltr' id='par_1_115' title="bbox 2055 4779 3693 4851">
     <span class='ocr_line' id='line_1_119' title="bbox 2055 4779 3693 4851; baseline 0.002 -17"><span class='ocrx_word' id='word_1_845' title='bbox 2055 4780 2288 4835; x_wconf 89' lang='lat' dir='ltr'>clinatio</span> <span class='ocrx_word' id='word_1_846' title='bbox 2322 4779 2525 4834; x_wconf 65' lang='lat' dir='ltr'>litterae</span> <span class='ocrx_word' id='word_1_847' title='bbox 2555 4783 2641 4835; x_wconf 81' lang='lat' dir='ltr'>sin</span> <span class='ocrx_word' id='word_1_848' title='bbox 2676 4781 2933 4835; x_wconf 84' lang='lat' dir='ltr'>diximus</span> <span class='ocrx_word' id='word_1_849' title='bbox 2965 4780 3023 4834; x_wconf 88' lang='lat' dir='ltr'>in</span> <span class='ocrx_word' id='word_1_850' title='bbox 3058 4779 3332 4851; x_wconf 85' lang='lat' dir='ltr'>Apologia</span> <span class='ocrx_word' id='word_1_851' title='bbox 3362 4796 3465 4851; x_wconf 91' lang='lat' dir='ltr'>pro</span> <span class='ocrx_word' id='word_1_852' title='bbox 3492 4779 3693 4837; x_wconf 86' lang='lat' dir='ltr'>Hiero-</span> 
     </span>
    </p>
   </div>
   <div class='ocr_carea' id='block_1_116' title="bbox 2055 4851 2569 4923">
    <p class='ocr_par' dir='ltr' id='par_1_116' title="bbox 2055 4851 2569 4923">
     <span class='ocr_line' id='line_1_120' title="bbox 2055 4851 2569 4923; baseline -0.004 -17"><span class='ocrx_word' id='word_1_853' title='bbox 2055 4868 2248 4923; x_wconf 74' lang='lat' dir='ltr'>nymo.</span> <span class='ocrx_word' id='word_1_854' title='bbox 2284 4851 2569 4905; x_wconf 75' lang='grc' dir='ltr'>ΜΑΒἮΑΝ.</span> 
     </span>
    </p>
   </div>
   <div class='ocr_carea' id='block_1_117' title="bbox 2123 4921 3690 4993">
    <p class='ocr_par' dir='ltr' id='par_1_117' title="bbox 2123 4921 3690 4993">
     <span class='ocr_line' id='line_1_121' title="bbox 2123 4921 3690 4993; baseline 0.002 -18"><span class='ocrx_word' id='word_1_855' title='bbox 2123 4955 2189 4962; x_wconf 93' lang='lat'><strong>—</strong></span> <span class='ocrx_word' id='word_1_856' title='bbox 2205 4927 2472 4977; x_wconf 83' lang='lat' dir='ltr'>Attamen</span> <span class='ocrx_word' id='word_1_857' title='bbox 2489 4934 2665 4985; x_wconf 61' lang='lat' dir='ltr'>nne</span> <span class='ocrx_word' id='word_1_858' title='bbox 2680 4922 2959 4976; x_wconf 88' lang='lat' dir='ltr'>scribitur</span> <span class='ocrx_word' id='word_1_859' title='bbox 2990 4922 3047 4975; x_wconf 91' lang='lat' dir='ltr'>in</span> <span class='ocrx_word' id='word_1_860' title='bbox 3071 4921 3369 4993; x_wconf 85' lang='lat' dir='ltr'>Hebraicis</span> <span class='ocrx_word' id='word_1_861' title='bbox 3399 4922 3690 4993; x_wconf 88' lang='lat' dir='ltr'>exempla-</span> 
     </span>
    </p>
   </div>
   <div class='ocr_carea' id='block_1_118' title="bbox 2054 4992 3688 5074">
    <p class='ocr_par' dir='ltr' id='par_1_118' title="bbox 2054 4992 3688 5074">
     <span class='ocr_line' id='line_1_122' title="bbox 2054 4992 3688 5074; baseline 0.002 -28"><span class='ocrx_word' id='word_1_862' title='bbox 2054 4993 2236 5074; x_wconf 76' lang='lat' dir='ltr'>ribus,</span> <span class='ocrx_word' id='word_1_863' title='bbox 2271 5011 2400 5074; x_wconf 42' lang='lat' dir='ltr'>qua}.</span> <span class='ocrx_word' id='word_1_864' title='bbox 2428 4993 2605 5074; x_wconf 75' lang='lat' dir='ltr'>dictio</span> <span class='ocrx_word' id='word_1_865' title='bbox 2626 4995 2866 5074; x_wconf 63' lang='lat' dir='ltr'>proprie</span> <span class='ocrx_word' id='word_1_866' title='bbox 2895 4996 3103 5074; x_wconf 62' lang='lat' dir='ltr'>septem</span> <span class='ocrx_word' id='word_1_867' title='bbox 3117 4992 3546 5074; x_wconf 68' lang='lat' dir='ltr'>interpretatur</span> <span class='ocrx_word' id='word_1_868' title='bbox 3568 4992 3688 5074; x_wconf 65' lang='lat' dir='ltr'>fea-</span> 
     </span>
    </p>
   </div>
   <div class='ocr_carea' id='block_1_119' title="bbox 2052 5062 3692 5137">
    <p class='ocr_par' dir='ltr' id='par_1_119' title="bbox 2052 5062 3692 5137">
     <span class='ocr_line' id='line_1_123' title="bbox 2052 5062 3692 5137; baseline 0.001 -18"><span class='ocrx_word' id='word_1_869' title='bbox 2052 5062 2303 5137; x_wconf 84' lang='lat' dir='ltr'>demque</span> <span class='ocrx_word' id='word_1_870' title='bbox 2348 5064 2519 5135; x_wconf 89' lang='lat' dir='ltr'>plane</span> <span class='ocrx_word' id='word_1_871' title='bbox 2550 5062 2861 5118; x_wconf 17' lang='lat' dir='ltr'>deliincatio</span> <span class='ocrx_word' id='word_1_872' title='bbox 2884 5070 2971 5137; x_wconf 87' lang='lat' dir='ltr'>est</span> <span class='ocrx_word' id='word_1_873' title='bbox 3068 5062 3351 5137; x_wconf 33' lang='lat' dir='ltr'>litterze’in</span> <span class='ocrx_word' id='word_1_874' title='bbox 3383 5065 3692 5130; x_wconf 82' lang='lat' dir='ltr'>textu,sive</span> 
     </span>
    </p>
   </div>
   <div class='ocr_carea' id='block_1_120' title="bbox 2051 5135 3690 5204">
    <p class='ocr_par' dir='ltr' id='par_1_120' title="bbox 2051 5135 3690 5204">
     <span class='ocr_line' id='line_1_124' title="bbox 2051 5135 3690 5204; baseline 0.001 -14"><span class='ocrx_word' id='word_1_875' title='bbox 2051 5154 2182 5190; x_wconf 93' lang='lat' dir='ltr'>cum</span> <span class='ocrx_word' id='word_1_876' title='bbox 2212 5135 2283 5191; x_wconf 85' lang='lat' dir='ltr'>ea</span> <span class='ocrx_word' id='word_1_877' title='bbox 2310 5153 2417 5190; x_wconf 84' lang='lat' dir='ltr'>vox</span> <span class='ocrx_word' id='word_1_878' title='bbox 2461 5144 2685 5204; x_wconf 79' lang='lat' dir='ltr'>septem,</span> <span class='ocrx_word' id='word_1_879' title='bbox 2736 5140 2836 5188; x_wconf 88' lang='lat' dir='ltr'>aut</span> <span class='ocrx_word' id='word_1_880' title='bbox 2869 5136 3269 5204; x_wconf 75' lang='lat' dir='ltr'>juramentum,</span> <span class='ocrx_word' id='word_1_881' title='bbox 3303 5135 3420 5189; x_wconf 89' lang='lat' dir='ltr'>sive</span> <span class='ocrx_word' id='word_1_882' title='bbox 3446 5152 3577 5190; x_wconf 90' lang='lat' dir='ltr'>cum</span> <span class='ocrx_word' id='word_1_883' title='bbox 3607 5154 3690 5192; x_wconf 77' lang='lat' dir='ltr'>sa-</span> 
     </span>
    </p>
   </div>
   <div class='ocr_carea' id='block_1_121' title="bbox 2048 5206 3686 5276">
    <p class='ocr_par' dir='ltr' id='par_1_121' title="bbox 2048 5206 3686 5276">
     <span class='ocr_line' id='line_1_125' title="bbox 2048 5206 3686 5276; baseline 0.001 -15"><span class='ocrx_word' id='word_1_884' title='bbox 2048 5210 2314 5269; x_wconf 83' lang='lat' dir='ltr'>tietatem,</span> <span class='ocrx_word' id='word_1_885' title='bbox 2352 5212 2452 5261; x_wconf 91' lang='lat' dir='ltr'>aut</span> <span class='ocrx_word' id='word_1_886' title='bbox 2480 5207 2785 5276; x_wconf 81' lang='lat' dir='ltr'>plenitwlin</span> <span class='ocrx_word' id='word_1_887' title='bbox 2795 5221 2875 5258; x_wconf 87' lang='lat' dir='ltr'>em</span> <span class='ocrx_word' id='word_1_888' title='bbox 2900 5206 3475 5261; x_wconf 89' lang='lat' dir='ltr'>sonat.Grammatici</span> <span class='ocrx_word' id='word_1_889' title='bbox 3492 5212 3686 5263; x_wconf 90' lang='lat' dir='ltr'>autem</span> 
     </span>
    </p>
   </div>
   <div class='ocr_carea' id='block_1_122' title="bbox 2049 5276 3691 5349">
    <p class='ocr_par' dir='ltr' id='par_1_122' title="bbox 2049 5276 3691 5349">
     <span class='ocr_line' id='line_1_126' title="bbox 2049 5276 3691 5349; baseline 0.002 -17"><span class='ocrx_word' id='word_1_890' title='bbox 2049 5279 2130 5333; x_wconf 87' lang='lat' dir='ltr'>ita</span> <span class='ocrx_word' id='word_1_891' title='bbox 2146 5279 2611 5349; x_wconf 87' lang='lat' dir='ltr'>distinguunt,ut</span> <span class='ocrx_word' id='word_1_892' title='bbox 2633 5276 2871 5349; x_wconf 84' lang='lat' dir='ltr'>sinistro</span> <span class='ocrx_word' id='word_1_893' title='bbox 2886 5292 3061 5330; x_wconf 90' lang='lat' dir='ltr'>cornu</span> <span class='ocrx_word' id='word_1_894' title='bbox 3080 5283 3359 5346; x_wconf 91' lang='lat' dir='ltr'>punctum</span> <span class='ocrx_word' id='word_1_895' title='bbox 3385 5277 3691 5349; x_wconf 89' lang='lat' dir='ltr'>imponant</span> 
     </span>
    </p>
   </div>
   <div class='ocr_carea' id='block_1_123' title="bbox 2048 5348 3687 5421">
    <p class='ocr_par' dir='ltr' id='par_1_123' title="bbox 2048 5348 3687 5421">
     <span class='ocr_line' id='line_1_127' title="bbox 2048 5348 3687 5421; baseline 0.002 -17"><span class='ocrx_word' id='word_1_896' title='bbox 2048 5351 2093 5404; x_wconf 89' lang='lat' dir='ltr'>si</span> <span class='ocrx_word' id='word_1_897' title='bbox 2145 5348 2363 5420; x_wconf 73' lang='lat' dir='ltr'>septem,</span> <span class='ocrx_word' id='word_1_898' title='bbox 2407 5350 2627 5421; x_wconf 88' lang='lat' dir='ltr'>dextro,</span> <span class='ocrx_word' id='word_1_899' title='bbox 2677 5348 2724 5401; x_wconf 91' lang='lat' dir='ltr'>si</span> <span class='ocrx_word' id='word_1_900' title='bbox 2792 5349 3141 5421; x_wconf 68' lang='lat' dir='ltr'>saturitatem</span> <span class='ocrx_word' id='word_1_901' title='bbox 3200 5348 3507 5419; x_wconf 80' lang='lat' dir='ltr'>signiticet.</span> <span class='ocrx_word' id='word_1_902' title='bbox 3560 5352 3687 5421; x_wconf 87' lang='lat' dir='ltr'>Ipse</span> 
     </span>
    </p>
   </div>
   <div class='ocr_carea' id='block_1_124' title="bbox 2048 5418 3687 5491">
    <p class='ocr_par' dir='ltr' id='par_1_124' title="bbox 2048 5418 3687 5491">
     <span class='ocr_line' id='line_1_128' title="bbox 2048 5418 3687 5491; baseline 0.002 -16"><span class='ocrx_word' id='word_1_903' title='bbox 2048 5418 2217 5491; x_wconf 88' lang='lat' dir='ltr'>porro</span> <span class='ocrx_word' id='word_1_904' title='bbox 2254 5424 2414 5475; x_wconf 87' lang='lat' dir='ltr'>lsaac</span> <span class='ocrx_word' id='word_1_905' title='bbox 2446 5420 2503 5473; x_wconf 92' lang='lat' dir='ltr'>in</span> <span class='ocrx_word' id='word_1_906' title='bbox 2540 5418 3022 5491; x_wconf 81' lang='lat' dir='ltr'>pronunciatione</span> <span class='ocrx_word' id='word_1_907' title='bbox 3045 5418 3222 5489; x_wconf 89' lang='lat' dir='ltr'>hujus</span> <span class='ocrx_word' id='word_1_908' title='bbox 3242 5418 3400 5475; x_wconf 72' lang='lat' dir='ltr'>vocis</span> <span class='ocrx_word' id='word_1_909' title='bbox 3431 5421 3513 5475; x_wconf 90' lang='lat' dir='ltr'>sic</span> <span class='ocrx_word' id='word_1_910' title='bbox 3545 5418 3687 5478; x_wconf 81' lang='lat' dir='ltr'>sono</span> 
     </span>
    </p>
   </div>
   <div class='ocr_carea' id='block_1_125' title="bbox 2044 5489 3513 5560">
    <p class='ocr_par' dir='ltr' id='par_1_125' title="bbox 2044 5489 3513 5560">
     <span class='ocr_line' id='line_1_129' title="bbox 2044 5489 3513 5560; baseline 0.003 -16"><span class='ocrx_word' id='word_1_911' title='bbox 2044 5489 2471 5560; x_wconf 79' lang='lat' dir='ltr'>temperaverit,</span> <span class='ocrx_word' id='word_1_912' title='bbox 2506 5489 2569 5544; x_wconf 88' lang='lat' dir='ltr'>ut</span> <span class='ocrx_word' id='word_1_913' title='bbox 2601 5489 2787 5560; x_wconf 86' lang='lat' dir='ltr'>magis</span> <span class='ocrx_word' id='word_1_914' title='bbox 2819 5490 2887 5543; x_wconf 87' lang='lat' dir='ltr'>ad</span> <span class='ocrx_word' id='word_1_915' title='bbox 2922 5489 3166 5545; x_wconf 87' lang='lat' dir='ltr'>Samech</span> <span class='ocrx_word' id='word_1_916' title='bbox 3199 5492 3513 5548; x_wconf 89' lang='lat' dir='ltr'>accederet.</span> 
     </span>
    </p>
   </div>
   <div class='ocr_carea' id='block_1_126' title="bbox 2114 5562 3678 5635">
    <p class='ocr_par' dir='ltr' id='par_1_126' title="bbox 2114 5562 3678 5635">
     <span class='ocr_line' id='line_1_130' title="bbox 2114 5562 3678 5635; baseline -0.001 -18"><span class='ocrx_word' id='word_1_917' title='bbox 2114 5562 2135 5595; x_wconf 76' lang='grc'>⁸</span> <span class='ocrx_word' id='word_1_918' title='bbox 2166 5562 2345 5635; x_wconf 80' lang='lat' dir='ltr'>Unus</span> <span class='ocrx_word' id='word_1_919' title='bbox 2380 5562 2579 5631; x_wconf 78' lang='lat' dir='ltr'>Regia.</span> <span class='ocrx_word' id='word_1_920' title='bbox 2630 5576 2742 5617; x_wconf 86' lang='lat' dir='ltr'>ms.</span> <span class='ocrx_word' id='word_1_921' title='bbox 2794 5578 2996 5635; x_wconf 77' lang='lat' dir='ltr'>aquam</span> <span class='ocrx_word' id='word_1_922' title='bbox 3059 5565 3237 5617; x_wconf 82' lang='lat' dir='ltr'>vivam</span> <span class='ocrx_word' id='word_1_923' title='bbox 3288 5567 3535 5635; x_wconf 73' lang='lat' dir='ltr'>minime,</span> <span class='ocrx_word' id='word_1_924' title='bbox 3569 5567 3678 5635; x_wconf 90' lang='lat' dir='ltr'>etc.</span> 
     </span>
    </p>
   </div>
   <div class='ocr_carea' id='block_1_127' title="bbox 2041 5630 3681 5707">
    <p class='ocr_par' dir='ltr' id='par_1_127' title="bbox 2041 5630 3681 5707">
     <span class='ocr_line' id='line_1_131' title="bbox 2041 5630 3681 5707; baseline 0.002 -20"><span class='ocrx_word' id='word_1_925' title='bbox 2041 5634 2182 5707; x_wconf 79' lang='lat' dir='ltr'>Cum</span> <span class='ocrx_word' id='word_1_926' title='bbox 2242 5630 2726 5707; x_wconf 55' lang='lat' dir='ltr'>Vulgataautem</span> <span class='ocrx_word' id='word_1_927' title='bbox 2782 5630 2978 5703; x_wconf 83' lang='lat' dir='ltr'>paulo,</span> <span class='ocrx_word' id='word_1_928' title='bbox 3032 5640 3180 5705; x_wconf 85' lang='lat' dir='ltr'>post,</span> <span class='ocrx_word' id='word_1_929' title='bbox 3243 5636 3380 5691; x_wconf 75' lang='lat' dir='ltr'>lenis</span> <span class='ocrx_word' id='word_1_930' title='bbox 3418 5630 3681 5707; x_wconf 48' lang='lat' dir='ltr'>pro&#39;levis</span> 
     </span>
    </p>
   </div>
   <div class='ocr_carea' id='block_1_128' title="bbox 2042 5703 3029 5804">
    <p class='ocr_par' dir='ltr' id='par_1_128' title="bbox 2042 5703 3029 5804">
     <span class='ocr_line' id='line_1_132' title="bbox 2042 5703 3029 5804; baseline -0.002 -39"><span class='ocrx_word' id='word_1_931' title='bbox 2042 5703 2247 5767; x_wconf 82' lang='lat' dir='ltr'>malim</span> <span class='ocrx_word' id='word_1_932' title='bbox 2274 5705 2426 5765; x_wconf 68' lang='lat' dir='ltr'>laevis</span> <span class='ocrx_word' id='word_1_933' title='bbox 2456 5704 2526 5763; x_wconf 84' lang='lat' dir='ltr'>ad</span> <span class='ocrx_word' id='word_1_934' title='bbox 2559 5704 2861 5786; x_wconf 64' lang='lat' dir='ltr'>Hebraeum</span> <span class='ocrx_word' id='word_1_935' title='bbox 2891 5715 3029 5804; x_wconf 65' lang='grc' dir='ltr'>ΡἿΠ.</span> 
     </span>
    </p>
   </div>
  </div>
