4058 6172
529 317 678 390 1031

1755 315 1822 374 S.
1867 310 2180 376 EUSEBII
2224 311 2695 384 HIERONYMI.

3689 309 3822 404 illi,

525 446 770 506 solveris
797 413 1011 519 jugum
1042 444 1113 506 de
1140 441 1287 502 collo
1319 447 1479 513 tuo,»
1502 443 1734 501 videtur
1753 444 2006 516 pendere
2037 460 2169 500 sen-
2196 448 2253 512 Α
2280 446 2360 502 sit
2389 441 3825 528 exaudita,Simeonnomenimposuit.Smsan(um§)

518 536 722 603 tentia,
756 551 861 592 nec
891 551 1019 590 esse
1050 533 1360 606 completa.

588 626 748 697 (Cap.
784 623 1029 681 XXVIII.
1066 655 1134 664 —
1181 623 1345 680 Vers.
1395 623 1506 693 19.)
1556 644 1584 672 ‹‹
1621 623 1689 677 Et
1734 621 1960 678 vocavit
1989 622 2168 678 Jacob

518 730 732 770 nomen
778 712 889 771 loci
943 711 1104 769 illius
1156 712 1376 780 Bethel,
1429 716 1486 766 et
1527 709 1878 767 Ulammaus
1907 715 2030 768 erat
2060 728 2168 767 no-

517 803 687 860 men’
742 801 991 858 civitatis
1035 801 1280 873 prius.»
1332 801 1416 856 Ab
1469 817 1535 856 eo
1589 801 1743 872 quod
1794 817 1975 872 supra
2007 799 2166 855 dixe-

515 896 641 947 rat:
676 892 830 962 349
865 912 892 941 «
929 893 1112 956 Quam
1145 889 1422 946 terribilis
1441 894 1531 946 est
1553 889 1717 945 locus
1738 888 1850 944 iste
1884 905 1898 944 :
1933 905 2047 944 non
2079 892 2168 944 est

514 981 606 1038 hic
638 981 750 1036 nisi
785 981 996 1036 domus
1035 979 1219 1047 Dei,et
1249 978 1378 1034 haec
1408 982 1573 1052 porta
1605 977 1822 1052 caeli”
1850 994 2006 1032 nunc
2037 976 2164 1033 loco

514 1085 726 1126 nomen
758 1068 1028 1142 imponit,
1061 1073 1118 1124 et
1146 1073 1310 1124 vocat
1339 1051 1508 1123 illum
1540 1084 1751 1123 BETHEL
1793 1051 1889 1138 (‘78
1921 1067 2072 1138 ΝΞ),
2104 1065 2162 1122 id

512 1163 600 1216 est
639 1159 860 1215 domum
918 1157 1044 1212 Dei:
1107 1155 1206 1228 qui
1268 1155 1432 1212 locus
1489 1156 1802 1213 vocabatur
1857 1159 1991 1211 ante
2022 1171 2164 1212 LUZA

511 1232 644 1320 (ΠΒ)
703 1247 857 1319 quod
919 1247 1334 1318 interpretatur
1395 1261 1533 1313 nux,
1612 1244 1733 1301 sive
1808 1244 2157 1316 amygdalon.

514 1334 678 1391 Unde
726 1334 968 1391 ridicule
1015 1334 1254 1406 quidam
1303 1333 1545 1389 verbum
1597 1333 1945 1389 Hebraicum
2001 1349 2160 1388 ULAM

510 1407 730 1496 (D‘mz),
766 1439 976 1479 nomen
1025 1437 1154 1477 esse
1197 1421 1362 1478 urbis
1410 1424 1654 1493 putant:
1707 1437 1840 1476 cum
1873 1437 2030 1476 υιΑΜ
2069 1422 2158 1476 in-

507 1517 860 1585 terpretetur
879 1513 1060 1583 prius.
1095 1510 1248 1565 Ordo
1296 1510 1492 1582 itaque
1536 1513 1624 1565 est
1677 1508 1974 1565 lectionis:
2026 1532 2053 1558 ‹‹
2089 1509 2160 1564 Et

506 1601 728 1658 vocavit
776 1617 987 1656 nomen
1031 1598 1142 1654 loci
1201 1597 1358 1653 illius
1418 1595 1638 1666 Bethel,
1693 1602 1750 1654 et
1809 1597 1972 1671 prius
2005 1597 2158 1654 Luza

505 1689 855 1744 vocabulum
882 1692 1004 1744 erat
1023 1687 1293 1742 civitatis.
1309 1686 1609 1758 «Antiquae
1628 1703 1834 1742 omnes
1849 1685 2154 1758 scripturae
2208 1745 2214 1750 ,

504 1777 926 1885 verbp,.ulam,
984 1776 1104 1878 sive
1152 1792 1300 1830 sum
1346 1774 1532 1847 plenae
1590 1779 1767 1885 sunt,1
1799 1775 1956 1885 quodl
2003 1773 2149 1885 nihil
2181 1813 2227 1877 Β
2266 1773 2294 1778 ⁷
2330 1815 2347 1885 (

505 1867 663 1924 aliud
690 1866 905 1939 signat,
955 1864 1065 1922 nisi
1109 1871 1264 1933 ante,
1317 1869 1420 1920 aut
1463 1867 1641 1937 prius,
1683 1864 1768 1918 vel
1803 1864 2148 1932 vestibulum,

504 1955 625 2012 sive
660 1954 1105 2026 superliminare,
1138 1951 1226 2008 vel
1253 1956 1454 2024 postes.

573 2046 732 2117 (Cap.
767 2043 959 2098 XXIX.
994 2074 1062 2083 —
1090 2041 1254 2098 Vers.
1278 2042 1393 2112 27.)
1424 2064 1452 2091 «
1485 2041 1724 2114 Comple
1751 2058 1887 2116 ergo
1932 2042 2149 2099 hebdo-

503 2134 739 2192 madam
770 2132 979 2188 istius:
1031 2135 1088 2188 et
1135 2131 1284 2187 dabo
1329 2131 1505 2186 etiam
1549 2131 1702 2188 hanc
1753 2133 1882 2189 tibi.
1916 2152 1942 2185 ι)
1979 2130 2146 2188 Post-

503 2239 681 2297 quam
724 2223 886 2278 Liam
935 2221 1115 2278 Jacob
1166 2220 1365 2276 fraude
1431 2221 1712 2293 deceptus
1761 2237 1866 2294 pro
1936 2219 2149 2277 Rachel

502 2328 741 2368 uxorem
793 2314 1114 2382 acceperat,
1166 2309 1381 2365 dicitur
1429 2310 1481 2364 ei
1531 2328 1566 2366 a
1609 2327 1809 2366 socero
1861 2311 2054 2366 Laban
2088 2313 2151 2365 ut

501 2403 725 2472 septem
760 2399 883 2454 dies
915 2404 1046 2471 post
1072 2397 1308 2469 nuptias
1337 2398 1555 2454 sororis
1585 2398 1800 2471 prioris
1830 2398 2152 2470 eXpleat,et

501 2490 585 2545 sic
615 2488 862 2562 accipiat
891 2485 1125 2556 Rachel,
1159 2504 1263 2558 pro
1313 2503 1429 2559 qua
1468 2487 1680 2543 iterum
1715 2492 1942 2560 septem
1979 2487 2151 2543 annis

501 2577 632 2634 aliis
660 2577 983 2633 serviturus
1015 2576 1110 2631 sit.
1162 2575 1286 2632 Non
1344 2575 1543 2648 igitur,
1591 2580 1656 2632 ut
1706 2577 1947 2648 quidam
1997 2577 2151 2633 male

500 2665 793 2732 aestimant
816 2667 858 2732 ²,
891 2669 1023 2738 post
1051 2668 1274 2736 septem
1297 2681 1483 2721 annos
1512 2664 1658 2720 alios
1682 2665 1895 2723 Rachel
1927 2666 2153 2740 accepit

502 2770 764 2821 uxorem,
797 2755 897 2810 sed
944 2758 1077 2827 post
1123 2762 1344 2824 septem
1385 2753 1510 2809 dies
1559 2754 1899 2826 nuptiarum
1950 2756 2149 2811 uxoris

505 2845 727 2919 primis.
768 2843 916 2899 Nam
963 2841 1232 2914 sequitur
1271 2844 1432 2910 (vers.
1481 2842 1613 2912 30):
1672 2865 1699 2892 ‹‹
1730 2843 1798 2898 Et
1848 2843 2152 2915 ingressus

507 2939 597 2990 est
626 2934 698 2990 ad
730 2931 1039 2999 Rachel,et
1067 2929 1267 2986 dilexit
1297 2929 1509 2986 Rachel
1527 2931 1714 3005 magis
1745 2948 1924 3005 quam
1961 2933 2146 3002 Liam,

509 3028 566 3081 et
595 3021 829 3080 servivit
856 3021 907 3077 ei
937 3024 1161 3094 septem
1186 3019 1357 3076 annis
1387 3019 1538 3076 aliis.
1572 3042 1601 3069 »

579 3112 764 3184 (Vers.
815 3111 943 3178 32.)
993 3109 1122 3164 «Et
1167 3107 1452 3180 concepit,
1498 3113 1555 3164 et
1603 3109 1825 3180 peperit
1854 3110 2061 3178 ﬁlium,
2093 3115 2151 3166 et

2279 534 2494 607 quippe
2539 535 2958 607 interpretatur
3004 533 3233 591 auditio.
3287 533 3364 590 De
3403 533 3558 592 tertio
3595 549 3706 604 vero
3759 549 3826 606 se-

2279 623 2480 696 quitur
2502 640 2516 680 :

2345 731 2532 796 (Vers.
2561 730 2677 798 34.)
2712 729 2866 787 850
2913 751 2942 779 ‹‹
2973 731 3042 790 Et
3072 728 3333 802 concepit
3368 727 3561 798 adhuc,
3585 731 3636 784 et
3658 728 3832 800 peperit

2276 816 2488 886 filium,
2519 823 2576 874 et
2605 819 2750 875 dixit
2777 835 2790 874 :
2823 819 2986 875 Nunc
3036 835 3261 875 mecum
3305 818 3409 882 erit
3435 817 3515 873 vir
3539 833 3704 884 meus,
3730 815 3832 895 quia

2273 907 2470 978 peperi
2513 907 2565 963 ei
2626 911 2742 963 tres
2803 907 2996 964 ﬁlios:
3056 907 3186 964 ideo
3239 906 3458 976 vocavit
3507 921 3696 982 nomen
3738 904 3830 976 eius

2274 996 2428 1052 Levi.
2460 1018 2488 1048 »
2553 997 2660 1053 Ubi
2708 1013 2815 1054 nos
2870 995 3148 1070 legimus,
3207 1020 3234 1048 ‹‹
3285 995 3448 1068 Apud
3502 1009 3586 1050 me
3636 993 3730 1050 erit
3771 993 3832 1066 vir

2272 1099 2464 1157 meus,
2497 1107 2518 1138 ι
2576 1084 2789 1158 Aquila
2844 1084 3259 1156 interpretatus
3290 1087 3394 1156 est,
3435 1107 3462 1135 ς(
3505 1080 3834 1158 Applicabitur

2274 1171 2418 1228 mihi
2444 1154 2540 1229 vir
2571 1154 2822 1242 meus,»
2862 1154 3018 1245 quod
3062 1173 3338 1230 Hebraice
3382 1154 3834 1242 dieitur-(nivos-

2273 1278 2411 1318 LAVE
2427 1263 2468 1331 ‘,
2500 1266 2558 1318 et
2586 1279 2620 1319 a
2648 1262 2987 1320 doctoribus
3016 1261 3388 1320 Hebraeorum
3437 1259 3593 1328 aliter
3612 1257 3831 1330 transfer-

2268 1353 2384 1418 tur,
2431 1353 2497 1406 ut
2543 1349 2762 1420 dicant,
2816 1372 2844 1401 «
2897 1350 3290 1422 Prosequetur
3332 1364 3423 1405 me
3449 1348 3532 1405 vir
3558 1362 3723 1414 meus,
3751 1368 3772 1396 ››
3793 1345 3832 1400 id

2267 1444 2376 1509 est,
2407 1456 2524 1494 non
2555 1439 2786 1512 ambigo
2808 1439 2878 1494 de
2909 1455 3106 1496 amore
3135 1438 3196 1495 in
3219 1455 3314 1495 me
3341 1437 3444 1494 viri
3466 1437 3572 1508 mei
3596 1435 3710 1492 :erit
3725 1433 3830 1490 mihi

2266 1527 2325 1582 in
2358 1527 2465 1583 hac
2496 1527 2614 1583 vita
2641 1543 2857 1595 comes,
2887 1532 2942 1584 et
2971 1529 3099 1600 ejus
3143 1527 3376 1584 dilectio
3423 1542 3514 1583 me
3549 1525 3614 1583 ad
3643 1526 3831 1592 mortem

2266 1632 2453 1688 usque
2483 1617 2752 1686 deducet,
2791 1621 2848 1673 et
2876 1621 3303 1690 prosequetur:
3335 1619 3452 1673 tres
3486 1614 3630 1670 enim
3655 1611 3776 1668 ﬁlios
3797 1609 3833 1665 ei

2262 1721 2463 1778 genui.

2358 1813 2521 1870 Vers.
2577 1813 2691 1882 35.)
2738 1835 2766 1864 «
2796 1812 2862 1868 Et
2891 1811 3176 1884 concepit,
3223 1817 3282 1868 et
3333 1811 3554 1885 peperit
3600 1808 3832 1876 filium,“

2259 1901 2445 1958 dixit:
2495 1900 2663 1958 Nunc
2711 1918 2889 1974 super
2935 1900 3044 1957 hoc
3089 1902 3413 1958 confitebor
3455 1900 3693 1964 Domino,
3727 1896 3826 1952 etid

2259 1991 2480 2047 vocavit
2500 2006 2714 2046 nomen
2748 1991 2876 2062 ejus
2904 1990 3077 2046 Juda.
3112 2012 3142 2041 ››
3180 1991 3339 2047 Jum
3384 1990 3593 2060 (n-nrv)
3633 1985 3832 2056 confessio

2261 2078 2495 2136 dicitur.
2544 2082 2590 2136 A
2635 2079 3001 2136 confessione
3047 2079 3242 2152 itaque
3293 2077 3634 2136 confessoris
3675 2089 3829 2131 nomen

2259 2172 2348 2225 est
2378 2169 2621 2224 dictum.
2671 2167 3089 2225 Verumtamen
3138 2167 3232 2223 hic
3259 2169 3526 2237 confessio
3554 2180 3647 2238 pro
3672 2160 3830 2235 gratia-

2259 2274 2391 2313 rum
2422 2256 2700 2323 actione‘,
2723 2261 2824 2312 aut
2853 2273 2957 2329 pro
3005 2257 3180 2314 laude
3203 2257 3512 2330 accipitur,
3541 2259 3603 2310 ut
3627 2253 3832 2323 frequen-

2258 2351 2348 2402 ter
2375 2346 2434 2400 in
2467 2344 2800 2416 Psalmis,et
2829 2345 2889 2400 in
2919 2345 3228 2418 Evangelio
3260 2346 3444 2418 (Psal.
3475 2361 3564 2411 cx,
3594 2344 3656 2409 1;
3694 2336 3830 2396 Matth.

2257 2451 2336 2500 x1,
2366 2436 2457 2507 25)
2487 2452 2499 2491 :
2536 2435 2836 2506 ϐοηθείεὸον
2861 2435 2982 2506 tibi,
3013 2436 3256 2506 Domine,
3295 2439 3454 2508 pater
3479 2433 3599 2492 caeli
3621 2439 3668 2488 et
3695 2437 3828 2494 terra,

2258 2525 2317 2580 id
2347 2528 2457 2596 est,
2488 2524 2705 2596 gratias
2735 2539 2842 2597 ago
2871 2524 3001 2593 tibi,
3031 2523 3154 2581 sive
3183 2523 3452 2597 glorifico
3479 2527 3553 2580 te.

2330 2649 2488 2720 (Cap.
2521 2647 2684 2704 XXX.
2712 2677 2778 2689 —
2798 2648 2963 2703 Vers.
2988 2649 3024 2702 5
3052 2651 3108 2704 et
3137 2647 3216 2719 6.)
3252 2669 3284 2697 ‹‹
3317 2648 3389 2704 Et
3435 2643 3682 2718 concepit
3719 2637 3830 2718 Bala,

2258 2743 2315 2794 et
2343 2737 2569 2809 peperit
2595 2737 2774 2793 Jacob
2808 2735 3023 2797 ﬁlium;
3059 2741 3115 2792 et
3141 2735 3294 2791 dixit
3325 2735 3537 2793 Rachel
3563 2751 3574 2789 :
3611 2724 3832 2789 Judicavit

2259 2842 2352 2881 me
2383 2824 2686 2893 Dominus,
2727 2830 2784 2881 et
2843 2824 3135 2880 exaudivit
3161 2841 3371 2881 vocem
3415 2839 3620 2891 meam,
3648 2824 3698 2877 et
3721 2813 3833 2873 dedit

2259 2914 2405 2970 mihi
2445 2913 2666 2970 filium:
2696 2918 3005 2990 propterea
3033 2913 3259 2970 vocavit
3291 2929 3508 2970 nomen
3538 2913 3656 2982 eius
3683 2913 3790 2964 Dan.
3815 2923 3832 2949 ιν

2258 3003 2505 3059 Causam
2538 3003 2795 3059 nominis
2827 3003 3132 3076 expressit,
3166 3006 3232 3059 ut
3259 3003 3338 3059 ab
3371 3019 3437 3059 eo
3471 3001 3616 3075 quod
3637 2995 3834 3071 judican-

2258 3096 2348 3148 set
2403 3109 2465 3147 se
2527 3091 2837 3162 Dominus,
2910 3091 3027 3148 filio
3099 3090 3350 3159 ancillas,
3416 3089 3618 3163 judicii
3676 3097 3832 3142 nomen

503 3202 727 3258 vocavit
758 3215 969 3256 nomen
995 3199 1124 3270 ejus
1157 3198 1383 3253 Ruben.
1420 3220 1448 3247 ››
1479 3197 1754 3253 Omnium
1786 3198 2145 3270 patriarcha-

2261 3181 2620 3254 imponerct:
2677 3179 2797 3236 DAN
2850 3180 2955 3268 (γι)
3023 3179 3242 3254 quippe
3307 3181 3704 3252 interpretatur
3728 3169 3833 3246 judi-

501 3308 632 3347 rum
687 3293 921 3364 propter
967 3285 1381 3360 compendium
1425 3285 1709 3358 lectionis,
1761 3287 2143 3362 etymologias

501 3379 807 3448 nominum
836 3377 963 3433 volo
994 3376 1212 3450 pariter
1235 3375 1425 3433 dicere
1444 3377 1486 3430 ³.

572 3492 601 3519 ‹‹
635 3469 700 3523 Et
728 3466 969 3535 vocavit,
1006 3467 1219 3538 inquit,
1255 3465 1456 3520 Ruben
1490 3481 1701 3522 nomen
1733 3467 1881 3537 ejus,
1901 3467 2140 3524 dicens:

499 3557 648 3623 Quia
676 3557 817 3612 vidit
865 3557 1147 3612 Dominus
1196 3554 1588 3610 humilitatem
1641 3571 1851 3610 meam.
1888 3579 1916 3604 »
1952 3556 2143 3612 RusEN

501 3649 710 3722 (131m)
739 3646 955 3719 quippe
987 3646 1404 3716 interpretatur
1433 3645 1660 3698 visionis
1687 3645 1858 3715 ﬁlius.

573 3736 759 3808 (Vers.
791 3735 905 3806 33.)
939 3757 967 3786 u
1006 3735 1076 3790 Et
1104 3733 1387 3805 concepit,
1422 3733 1634 3804 inquit,
1677 3732 1924 3789 alterum
1956 3733 2143 3789 ﬁlium

499 3829 556 3881 et
585 3825 765 3879 dixit:
801 3823 1086 3887 Quoniam
1118 3821 1412 3878 exaudivit
1442 3837 1534 3876 me
1565 3821 1872 3887 Dominus,
1895 3839 1960 3878 eo
1987 3822 2141 3894 quod

501 3913 632 3968 odio
659 3928 752 3967 me
807 3911 1048 3966 haberet
1101 3909 1186 3965 vir
1235 3925 1423 3978 meus,
1474 3915 1531 3965 et
1587 3911 1748 3966 dedit
1793 3909 1934 3966 mihi
1967 3911 2144 3966 etiam

500 4000 656 4055 hunc
679 4003 757 4056 :et
785 3999 1007 4055 vocavit
1037 4014 1248 4054 nomen
1269 3999 1398 4069 ejus
1418 3998 1675 4054 Simeon.
1711 4021 1738 4048 »
1773 3999 1860 4053 Ab
1891 4017 1956 4054 eo
1989 3999 2142 4071 quod

572 4125 588 4158 ¹
619 4126 693 4180 Et
752 4124 1066 4180 Ulammaus
1110 4126 1228 4178 erat
1268 4139 1486 4189 nomen,
1557 4127 1666 4179 etc.
1717 4123 1915 4178 Graeca
1964 4123 2144 4179 editio

504 4198 766 4276 Romana
968 4195 1353 4276 Interpretum
1386 4194 1529 4276 legit
1557 4190 2142 4276 Oblaplobt,uﬂlam-

502 4271 634 4324 lux:
669 4267 824 4340 quod
856 4265 1142 4340 Erasmus
1179 4266 1239 4321 in
1279 4267 1396 4340 hoc
1419 4265 1568 4340 libro
1616 4265 2142 4340 retin_et.__Ms._a_u-

504 4347 622 4395 tem
652 4335 1080 4395 Alexandrinus
1110 4354 1245 4394 cum
1278 4336 1500 4394 Latinis
1550 4335 1980 4407 exemplaribus
2012 4335 2141 4391 Hie-

504 4411 752 4466 ronvmi.
786 4406 1142 4466 Οὐλαμιιοΰς.
1179 4410 1513 4466 Ulammaus.
1551 4408 1837 4462 MARTIAN.

503 4415 752 4484 ronymi,
786 4415 1142 4482 Οὐλαμιιοὺς,
1179 4415 1513 4466 Ulammaus.
1551 4415 1837 4462 MARTIAN.

573 4513 642 4522 -—-
671 4483 756 4537 Ita
802 4486 859 4537 et
902 4497 1044 4536 mss.
1096 4479 1279 4535 nostri
1327 4496 1461 4534 cum
1507 4479 1836 4533 Martianaao
1869 4477 2140 4534 retinent.

503 4553 738 4608 Veteres
767 4552 1052 4608 editiones
1079 4553 1150 4607 ad
1171 4551 1514 4624 Romanum
1542 4552 1648 4602 τῶν
1684 4549 1824 4605 LXX
1854 4549 2150 4624 exemplar
2175 4543 2225 4608 D
2256 4554 2491 4624 Nomina
2519 4543 2999 4624 patriarcharum
3013 4566 3138 4624 eum
3189 4543 3628 4622 interpretationi

507 4625 665 4682 Ulam
691 4625 824 4691 Luz,
859 4623 1056 4679 minus
1086 4621 1719 4694 quidemicorrupte,at
1742 4621 1937 4677 nescio
1969 4638 2145 4694 quam

501 4712 670 4753 vere:
707 4694 913 4761 reliqui
943 4694 1098 4750 enim
1134 4710 1276 4748 mss.
1324 4693 1810 4761 Greeci’codices,
1867 4693 2144 4748 mendose

503 4773 569 4824 ut
596 4767 757 4846 libet,
801 4760 1026 4846 diserte
1065 4770 1260 4846 tamen
1291 4763 1396 4846 “vel
1437 4760 1901 4846 o‘elgpnabqtvel
1936 4761 2144 4846 celan-

507 4838 700 4917 auehe,
731 4837 819 4894 vel
851 4834 1143 4917 ξὲμμαοὺς
1168 4836 1507 4917 praeferunt.
1532 4834 1655 4917 Dixi
1687 4837 1766 4917 de.
1809 4835 1916 4917 hac
1947 4834 2144 4916 lectio-

504 4906 577 4966 ne
609 4931 622 4980 ;
656 4913 844 4983 deque
862 4906 1195 4983 Hieronymi
1215 4908 1475 4983 subnexa
1494 4906 1970 4983 interpretatione
1993 4907 2146 4962 vocis

503 4977 658 5053 uiam
707 4977 769 5036 in
814 4983 993 5053 prius,
1046 4977 1252 5053 multa,
1277 4979 1348 5034 ad
1383 4980 1529 5034 hanc
1568 4977 1767 5053 vocem
1798 4979 1857 5053 in
1889 4979 2148 5032 Locorum

504 5051 692 5121 libro;
751 5049 997 5126 eamque
1053 5050 1419 5126 verissimam
1477 5051 1729 5126 ostendi,
1789 5049 2147 5126 dignamque

505 5118 740 5178 summa
768 5118 1102 5193 Hieronymi
1134 5122 1478 5190 eruditione,
1525 5125 1728 5193 contra
1758 5118 2144 5193 quamACle’ri-

505 5207 610 5247 cus
639 5193 854 5267 aliique
885 5189 1016 5267 post
1045 5211 1179 5250 eum
1228 5189 1471 5267 ridicule
1517 5189 1883 5267 cavillantur,
1914 5189 1962 5246 si
1994 5191 2146 5246 ulam

507 5277 609 5343 pro
638 5265 797 5343 prius
824 5265 1178 5343 usurpetur,
1230 5267 1320 5343 bis
1350 5266 1426 5343 _i_n
1477 5265 1699 5343 eodem
1730 5266 1919 5343 textu.
1945 5277 2144 5343 vocem

503 5332 660 5404 prius
691 5333 910 5391 frustra
939 5332 1260 5393 occurrere.
1282 5338 1442 5392 Addo
1458 5352 1611 5390 nunc
1637 5332 1923 5404 Theodori
1947 5338 2145 5404 notam

507 5399 576 5460 ex
606 5420 760 5475 mss._
787 5420 961 5474 penes
1015 5405 1756 5475 MontfauconiumfIc-zéov
1813 5403 1896 5458 δτι
1927 5399 2147 5475 edulia

505 5477 602 5552 τᾳῦ
658 5472 925 5552 πρόέερον,
981 5475 1126 5528 εἶπον
1187 5479 1238 5530 οἱ
1286 5479 1409 5552 mai
1463 5472 1718 5552 ’Auﬁlav,
1781 5476 1870 5552 τεαὶ
1911 5473 2016 5552 οὐχ
2069 5472 2144 5552 ὥς

511 5548 674 5636 μέρος
702 5543 803 5636 τοξ
828 5543 1125 5636 evinctos.
1158 5543 1424 5636 magis:
1451 5549 1548 5617 τὴν
1585 5543 1745 5636 πιόλὶν
1796 5543 2147 5636 ρῃτῶξμξτὰ

707 5613 1466 5708 mererieediesnna
1487 5613 1654 5708 apud.
1676 5613 1947 5708 Αραειξυη.
1983 5613 2147 5708 ens

508 5695 782 5761 redditum
807 5706 942 5769 esse,
971 5687 1064 5752 sed
1092 5704 1205 5751 non
1229 5693 1494 5766 tanquam
1518 5687 1746 5770 partem
1787 5687 2036 5753 nominis
2062 5692 2144 5752 ci-

2253 3287 2422 3328 cmm.

2325 3375 2512 3449 (Vers.
2544 3377 2579 3429 7
2611 3379 2668 3432 et
2712 3375 2792 3448 8.)
2841 3399 2869 3426 «
2902 3376 2972 3432 Et
3019 3375 3286 3448 concepit
3347 3376 3556 3450 adhuc,
3583 3378 3635 3430 et
3667 3364 3834 3445 peperit

2255 3465 2393 3522 Bala
2438 3464 2648 3522 ancilla
2697 3464 2910 3524 Rachel
2959 3463 3147 3521 filium
3196 3467 3529 3522 secundum
3573 3460 3759 3538 Jacob;
3797 3455 3835 3520 εί

2254 3555 2398 3612 dixit
2430 3553 2986 3612 Racheleabitare
3033 3552 3167 3610 fecit
3215 3569 3312 3611 me
3363 3560 3514 3610 Deus
3545 3546 3835 3609 habitatione

2254 3661 2388 3699 cum
2430 3660 2629 3700 sorore
2681 3659 2832 3713 mea,
2884 3648 2940 3699 et
2997 3641 3255 3699 invalui:
3309 3648 3371 3700 et
3418 3641 3635 3699 vocavit
3676 3646 3835 3696 nomen

2254 3735 2382 3804 ejus
2448 3732 2803 3805 Nepthalim.
2886 3755 2915 3782 »
2993 3735 3179 3788 Causa
3244 3732 3506 3788 nominis
3568 3724 3832 3801 Nepthalim.

2255 3822 2370 3878 alia
2398 3822 2493 3878 hic
2525 3821 2712 3878 multo
2743 3820 3070 3894 exponitur,
3105 3837 3284 3894 quam
3334 3821 3395 3878 in
3442 3820 3588 3877 libro
3630 3815 3835 3875 Hebrae-

2256 3929 2386 3968 rum
2425 3911 2754 4018 'Nominum
2807 3909 3024 4019 scripta
3060 3913 3172 4014 est.
3224 3908 3390 4017 Unde
3437 3915 3494 3966 et
3538 3895 3728 4010 Aquila
3765 3897 3834 4019 ait,

2255 3999 2666 4074 συνανέπρεψὲν
2761 4017 2826 4072 με
2882 3998 2910 4051 ὁ
2985 3997 3136 4066 Θεὸς,
3185 3996 3274 4050 καὶ
3370 3993 3765 4070 συνανεστράφην
3806 3993 3834 4038 '-

2253 4127 2457 4205 vitalis,
2490 4124 2593 4205 illa
2621 4124 2770 4205 enim
2800 4123 2947 4204 eam
2974 4139 3104 4205 mag:
3130 4121 3332 4205 diserte
3351 4123 3654 4205 well“;

2325 4199 2346 4232 ²
2382 4185 2540 4251 [ἀει
2566 4194 2676 4249 fuit
2722 4194 2994 4265 opinione
3041 4193 3338 4265 Josephus
3383 4185 3672 4266 'A'ntiquitt.
3700 4185 3783 4240 lib.
3808 4196 3836 4233 ι.

2325 4285 2378 4330 β.
2417 4267 2501 4321 19:
2544 4262 2873 4330 Διελθούσης
2905 4261 3085 4330 ἄλλης
3152 4262 3456 4330 ἑπταετίας,
3485 4269 3582 4330 τῆν
3617 4249 3836 4330 Ῥαχήλᾳν

2252 4285 2378 4340 cap.
2417 4283 2501 4321 tu:
2544 4283 2873 4332 ΔιεΛυουσης
2905 4283 3085 4333 αΛΛης
3153 4283 3456 4333 επταετιας,
3485 4283 3582 4332 την
3624 4283 3835 4334 rumne:-

2251 4331 2605 4420 παρέλαϐεν]
2660 4338 2840 4392 Altero
2877 4340 3110 4420 peracto
3139 4339 3441 4408 septennia,
3495 4331 3756 4392 Rachelem
3797 4337 3840 4377 ιη

2252 4411 2677 4466 matrimonium
2704 4411 2928 4479 accepit.

2326 4482 2347 4516 ³
2383 4483 2442 4536 In
2475 4496 2591 4535 uno
2624 4467 2862 4554 Regina:
2894 4494 3006 4534 ms.
3041 4477 3160 4533 haec
3189 4478 3506 4551 apponitur
3532 4467 3838 4595 epimbqi

2326 4554 2491 4595 iminn
2521 4549 2980 4595 nnlrinrnlmrum
3017 4566 3138 4595 cum
3189 4549 3628 4595 internretaﬁtmi
3735 4549 3838 4595 εαυ-

2327 4613 2530 4680 ⁴ιόθηὶ
2558 4638 2699 4694 γωδ.
2759 4638 2890 4677 cum
2950 4620 3081 4677 aliis
3133 4613 3388 4693 quatuor
3441 4635 3614 4694 penes
3656 4613 3841 4672 Martia-

2258 4711 2470 4759 naeum,
2502 4693 2709 4748 Ellave.
3444 4693 3457 4694 ί
3733 4751 3765 4762 η

2326 4798 2393 4807 -
2415 4753 2671 4821 Hebr-uice
2715 4763 2919 4819 dicitur
2965 4763 3149 4818 illave.
3201 4763 3462 4826 Quatuor
3491 4776 3628 4817 mss.
3658 4753 3838 4826 οοάίεθε

2253 4838 2432 4895 ellave
2462 4839 2786 4909 posuerunt
2811 4858 2824 4902 ;
2857 4833 2958 4889 sed
2987 4837 3009 4888 i
3040 4824 3371 4909 frequenter
3398 4834 3515 4909 in_e
3559 4827 3702 4902 apud
3727 4824 3838 4878 vetn-

2257 4926 2349 4965 res
2375 4905 3086 4980 exscriptores_:nutatum
3104 4905 3396 4961 novimus.
3413 4905 3706 4980 _MAn11AN_._
3748 4957 3786 4980 η

2325 4961 2346 5016 ε
2378 4961 3052 5052 λὶὲιίιὲἔέιδοοσοξεριιυε
3074 4977 3198 5052 i090
3218 4961 3836 5052 ευρναᾹειυάδίονἸθύῖἶί

2325 4993 2346 5016 δ
2378 4993 2568 5052 Atque
2597 4993 2738 5034 adeo
2759 4993 2894 5032 Jose
2941 4993 3052 5033 nus
3074 4993 3198 5032 ioco
3218 4993 3398 5049 supra
3413 4993 3661 5039 laudato,
3689 4993 3834 5042 ιυυυγι.

2256 5049 2599 5126 εὐχαριστίαν
2621 5051 2781 5102 τοῦτο
2826 4993 3011 5117 δηςοῖ.
3061 5048 3224 5115 Iuda,
3271 5047 3411 5121 quod
3457 5061 3646 5102 nomen
3670 5038 3837 5109 grm'

2255 5124 2403 5179 rium
2431 5124 2699 5178 actionem
2723 5127 2899 5176 sonat.

2325 5196 2346 5230 ⁶
2375 5191 2714 5266 Copulativa
2759 5189 2848 5243 καὶ
2896 5189 3188 5266 particula
3230 5205 3417 5266 neque
3441 5189 3502 5266 in
3532 5184 3644 5242 ullo
3671 5197 3698 5236 e
3720 5185 3833 5266 mg.

2257 5243 2488 5322 nostrisr
2501 5243 2989 5334 iisiiéiﬁrgetfaé
3010 5243 3078 5317 'ié
3093 5243 3523 5334 ipsaiii'e'braico
3552 5243 3832 5334 respondgi:

2752 5313 3229 5405 ’HBB‘rai'cEdﬁ;
3248 5313 3676 5405 {dﬁééeeupiu}
3699 5313 3836 5405 νθξι

2255 5408 2469 5462 Grmcis
2499 5405 2710 5462 litteris
2761 5397 3112 5460 exaranturf
3144 5405 3274 5460 Mox
3332 5397 3481 5460 unus
3532 5397 3714 5468 Regia.
3742 5397 3831 5468 m9;

2253 5481 2715 5534 conversationem
2758 5492 2860 5547 pro
2908 5477 3260 5548 conchst
3301 5474 3525 5548 Ρνωῖθτί
3547 5465 3832 5548 υίίτῗίῖῗῖῗῖ

2255 5548 2404 5634 loco,
2439 5534 2936 5634 quemadmodum
2967 5552 3025 5605 et
3041 5534 3322 5605 Erasmus
3349 5534 3832 5620 exposuerat,qu8l|

2253 5618 2549 5681 Victorius
2578 5619 2848 5702 castigat.
