4084 6170
207 308 381 383 4063

1270 308 1506 372 LIBER
1546 309 1785 381 HEBR.
1827 304 2133 379 QUIEST.
2178 304 2257 366 IN
2300 304 2579 381 GENES.

3452 306 3625 387 10%|

208 460 325 516 pro
352 458 468 514 quo
492 441 557 499 in
573 441 813 507 Hebrao
833 442 1118 515 scriptum
1141 446 1249 509 est,
1275 459 1612 499 NEPHTHULE
1646 442 1857 498 ELOIM‘
1889 441 1945 507 Α
1980 436 2172 495 bitaln't
2219 455 2449 505 mecum,
2497 442 2555 494 et
2601 438 2984 511 Septuaginta
3029 438 3399 512 interpretati
3453 445 3622 516 sunt,

212 542 664 597 Hermaeum.
696 530 862 587 Unde
891 548 927 587 a
954 532 1350 601 conversione,
1386 531 1506 587 sive
1553 548 1587 586 a
1623 546 1861 602 compa-

210 620 463 687 ratione,
486 620 626 692 quia
676 624 994 693 utrumque
1045 624 1234 690 sonat,
1285 621 1690 676 conversionem
1745 618 1863 674 sive

207 711 695 782 comparationem,
719 707 1097 781 Nephthalim
1123 708 1273 766 851
1301 724 1514 766 nomen
1542 707 1664 763 ﬁlio
1682 708 1865 780 impo-

207 798 352 855 suit.
386 798 549 864 Quod
580 800 776 853 autem
808 797 1076 869 sequitur
1107 814 1122 855 :

282 885 468 959 (Vers.
502 888 571 943 10
599 889 657 943 et
680 886 795 959 44,)
826 909 855 936 «
885 887 953 942 Et
986 887 1210 960 peperit
1237 886 1453 960 Zelpha
1499 884 1710 943 ancilla
1750 883 1861 939 Lia

205 974 392 1035 Jacob
421 973 612 1030 ﬁlium
648 991 661 1031 :
694 979 751 1030 et
781 974 925 1030 dixit
953 975 1055 1030 Lia
1104 977 1165 1031 In
1211 976 1446 1032 fortuna
1478 990 1491 1030 :
1524 977 1581 1030 et
1639 972 1864 1029 vocavit

205 1079 426 1119 nomen
457 1063 586 1135 ejus
613 1063 737 1119 Gad
770 1078 786 1119 :
821 1087 843 1115 ι
880 1064 983 1119 ubi
1012 1080 1119 1119 nos
1150 1063 1486 1136 posuimus,
1533 1064 1595 1117 in
1635 1063 1862 1131 fortuna

206 1156 270 1207 et
296 1155 494 1207 Grece
524 1151 761 1222 dicitur,
794 1151 845 1204 ἐν
876 1148 1044 1225 xix/1;,
1072 1168 1198 1223 quae
1230 1155 1420 1224 potest
1448 1155 1669 1206 eventus
1708 1149 1856 1205 dici:

207 1242 273 1294 in
304 1240 543 1295 Hebraeo
572 1239 751 1296 habet
779 1256 966 1295 mean
997 1240 1173 1312 (ηε),
1223 1240 1379 1312 quod
1427 1238 1632 1311 Aquila
1679 1238 1861 1294 inter-

205 1332 493 1401 pretatur,
522 1329 672 1384 venit
747 1331 1039 1384 accinetio.
1086 1329 1203 1385 Nos
1225 1332 1423 1385 autem
1446 1328 1638 1383 dicere
1659 1343 1860 1399 possu-

204 1432 348 1477 mus
375 1418 436 1472 in
459 1420 767 1490 procinctu.
814 1422 895 1472 ΒΑ
937 1420 1093 1472 enim
1143 1421 1339 1489 potest
1387 1416 1857 1489 praepositionem

201 1521 419 1563 sonare
429 1508 573 1571 in,et
590 1507 842 1562 venit'.A
854 1507 889 1561 b
903 1511 1111 1562 eventu
1126 1506 1412 1579 ergo,sive
1426 1504 1857 1578 procinctu,qui

200 1608 316 1654 (ὶΑο
346 1597 479 1667 ((τλ)
526 1594 759 1665 dicitur,
809 1594 1032 1666 Zelphae
1086 1594 1243 1651 ﬁlius
1294 1594 1404 1652 Gud
1455 1597 1695 1650 vocatus
1747 1597 1854 1651 est.

201 1683 485 1756 Sequitur
520 1700 533 1739 :

276 1773 461 1871 _(Vers.
495 1774 565 1828 12
592 1777 650 1871 et
680 1774 792 1843 13.)
822 1797 849 1824 ‹‹
985 1774 1211 1871 peperit
1238 1772 1454 1871 Zelpha
1483 1771 1694 1871 ancilla
1743 1771 1854 1826 Liaa
1885 1806 1938 1871 Β

200 1861 393 1917 ﬁlium
426 1862 753 1918 secundum
791 1863 973 1918 Jacob
1006 1880 1020 1918 :
1053 1866 1111 1918 et
1151 1861 1296 1916 dixit
1344 1860 1465 1931 Lia,
1509 1862 1683 1917 Beata
1727 1876 1855 1933 ego,

198 1950 345 2022 quia
375 1951 716 2006 beatiﬁcant
758 1968 851 2007 me
896 1951 1172 2007 mulieres
1221 1968 1233 2005 :
1286 1954 1343 2006 et
1376 1950 1600 2006 vocavit
1646 1966 1860 2006 nomen

198 2041 335 2109 ejus
364 2043 510 2095 Aser
539 2038 836 2096 divitias.’»
869 2040 1018 2096 Male
1071 2040 1281 2095 additae
1326 2043 1466 2095 sunt
1512 2038 1748 2107 divitiae,
1802 2038 1861 2093 id

203 2130 326 2196 est,
356 2124 592 2187 πλοῦτος
621 2127 733 2198 (At.
793 2124 1100 2199 πλουτῶν],
1151 2144 1282 2184 cum
1356 2126 1708 2200 etymologia
1755 2143 1862 2182 no-

207 2214 400 2270 minis
426 2219 570 2271 Aser
594 2216 905 2289 Scriptura:
938 2217 1282 2273 auctoritate
1333 2217 1627 2289 pandatur
1666 2216 1862 2272 dicen-

200 2303 294 2359 tis
327 2320 343 2357 :
374 2307 542 2360 Beata
568 2320 693 2359 sum
722 2321 843 2375 ego,
875 2316 926 2361 et
976 2306 1292 2377 beatiﬁcant
1338 2321 1424 2361 me
1469 2305 1750 2361 mulieres.
1797 2305 1865 2360 Et

200 2391 285 2447 ab
315 2407 385 2446 eo
413 2392 570 2463 quod
604 2393 774 2449 beata
797 2393 1028 2449 dicatur
1070 2393 1142 2450 ah
1189 2393 1530 2449 hominibus
1580 2394 1685 2465 [Αἱ.
1736 2408 1862 2449 om-

201 2479 429 2551 nibus],
456 2480 646 2537 ﬁlium
666 2498 841 2537 suum
870 2482 1110 2538 beatum
1127 2482 1419 2538 vocaverit
1452 2501 1465 2551 ;
1500 2488 1661 2537 Anus
1685 2482 1861 2553 (γεῖς)

201 2584 350 2641 ergo
380 2584 497 2624 non
531 2569 766 2640 divitiae,
799 2572 897 2626 sed
952 2571 1139 2627 beatus
1186 2570 1422 2641 dicitur,
1472 2570 1755 2625 duntaxat
1801 2570 1860 2625 in

198 2658 487 2729 praesenti
520 2657 668 2715 loco.
701 2658 848 2717 Nam
890 2659 950 2715 in
982 2659 1112 2715 aliis
1143 2659 1465 2715 secundum
1507 2659 1863 2731 ambiguita-

199 2751 329 2803 tem
354 2746 378 2780 ³
405 2746 566 2802 verbi
592 2753 843 2820 possunt
870 2752 928 2804 et
956 2748 1167 2803 divitiae
1198 2747 1282 2804 sic
1314 2747 1529 2804 vocari.

262 2831 467 2904 ,(Vcrs.
506 2834 571 2888 17
600 2837 658 2888 et
688 2835 801 2906 18.)
833 2858 861 2884 ‹‹
893 2834 964 2890 Et
980 2835 1208 2890 audivit
1238 2839 1391 2890 Deus
1421 2834 1607 2902 Liam,
1639 2839 1697 2891 et
1724 2852 1861 2891 con-

200 2921 386 2992 cepit,
415 2924 475 2976 et
521 2922 748 2993 peperit
793 2923 974 2979 Jacob
1026 2922 1211 2978 ﬁlium
1263 2923 1560 2995 quintum,
1617 2928 1674 2979 et
1719 2923 1865 2980 dixit

201 3010 313 3066 Lia
343 3026 358 3064 :
388 3008 557 3065 Dedit
584 3009 739 3066 Deus
771 3012 1097 3067 mercedem
1129 3028 1319 3069 meam
1353 3012 1521 3078 mihi,
1557 3011 1696 3084 quia
1725 3012 1861 3068 dedi

201 3097 485 3154 ancillam
518 3114 710 3154 meam
741 3099 863 3155 viro
894 3116 1062 3156 meo:
1097 3105 1154 3156 et
1197 3101 1422 3157 vocavit
1464 3117 1679 3158 nomen
1729 3102 1860 3172 ejus

1971 527 2124 584 352
2155 527 2347 598 diliget
2375 544 2480 596 me,
2513 526 2572 582 in
2601 527 2841 583 Hebraeo
2867 526 3046 583 habet
3072 545 3369 586 IEZBULENI
3394 515 3639 605 (1.15371).

1973 618 2040 671 Et
2067 621 2156 672 est
2187 634 2419 683 sensus,
2460 616 2601 689 quia
2647 634 2749 674 sex
2795 616 2948 673 ﬁlios
2996 619 3173 691 genui
3216 619 3620 694 Jacob,prop—

1970 711 2128 761 terea
2148 706 2276 777 jam
2310 721 2518 761 secura
2542 721 2675 761 sum
2704 724 2717 773 ;
2750 705 3036 762 habitavit
3064 707 3223 763 enim
3256 723 3487 764 mecum
3530 709 3622 765 vir

1972 809 2161 849 meus.
2196 793 2360 850 Unde
2406 798 2464 849 et
2510 792 2668 849 ﬁlius
2717 810 2885 851 meus
2930 800 3171 852 vocatur
3213 795 3618 868 habitaculum,

1971 880 2120 937 Male
2149 881 2330 955 igitur
2357 885 2414 938 et
2440 880 2717 938 violenter
2737 883 2798 951 in
2826 883 2975 940 libro
2996 884 3339 953 Nominum,
3372 886 3619 945 Zabulon

1968 972 2155 1040 ﬂuxus
2183 972 2357 1027 noctis
2385 971 2823 1043 interpretatur.

2041 1060 2228 1131 (Vers.
2263 1058 2377 1130 2t.)
2412 1080 2441 1110 «
2473 1059 2542 1115 Et
2570 1064 2702 1132 post
2730 1060 2852 1116 haec
2883 1061 3106 1133 peperit
3150 1061 3359 1129 ﬁliam,
3403 1067 3462 1119 et
3512 1079 3622 1121 vo-

1969 1148 2120 1204 cavit
2148 1165 2361 1204 nomen
2401 1149 2529 1219 ejus
2577 1148 2726 1204 Dina
2773 1149 2969 1222 (ΠΒ-ε),
3019 1171 3048 1200 ››
3093 1150 3223 1206 Haec
3270 1152 3624 1210 transfertur

1968 1236 2029 1291 in
2057 1253 2305 1303 causam,
2336 1254 2516 1309 quam
2547 1236 2977 1309 signiﬁcantius
3007 1241 3188 1297 Grmci
3217 1236 3371 1308 δίκην
3407 1246 3622 1299 vocant

1966 1325 2157 1398 Jurgii
2189 1326 2347 1381 enim
2371 1327 2430 1381 in
2462 1325 2699 1383 Sicimis
2729 1343 2906 1382 causa
2953 1328 3191 1384 exstitit.
3242 1333 3383 1386 Post
3437 1329 3613 1399 ﬁlios,

1967 1419 2025 1470 et
2049 1419 2362 1485 parentum
2391 1415 2663 1486 ponenda
2691 1420 2831 1471 sunt
2858 1417 3119 1492 nomina.
3171 1417 3272 1473 Lia
3318 1403 3484 1492 (.1245)
3528 1418 3621 1475 in-

1966 1506 2327 1573 terpretatur
2379 1503 2663 1571 laborans,
2726 1504 2952 1561 ΙὶΑοΗει
3016 1489 3192 1575 (5.11),
3248 1489 3380 1575 ovis,
3447 1489 3620 1580 cujus

1968 1589 2126 1647 ﬁlius
2152 1607 2353 1647 IOSEPH
2386 1596 2586 1680 (Ἴων),
2635 1592 2707 1647 ab
2746 1608 2812 1647 eo
2870 1593 3025 1662 quod
3085 1594 3196 1650 sibi
3243 1593 3428 1651 alium
3478 1596 3618 1653 addi

1966 1685 2154 1736 mater
2182 1684 2501 1752 optaverat,
2531 1685 2773 1736 vocatur
2799 1690 3185 1752 augmentum.

2037 1768 2223 1840 (Vers.
2265 1769 2336 1823 32
2371 1772 2426 1825 et
2456 1769 2576 1839 35.)
2611 1770 2957 1845 anransibo
3000 1770 3060 1825 in
3096 1771 3367 1827 universo
3398 1788 3608 1844 pecore

1970 1862 2071 1913 tuo
2113 1857 2284 1913 hodie
2336 1874 2348 1911 :
2401 1875 2608 1929 separa
2654 1858 2790 1913 inde
2834 1875 3006 1915 omne
3064 1876 3244 1931 pecus
3285 1860 3516 1916 varium
3556 1866 3617 1919 et

1973 1945 2228 2002 discolor
2261 1963 2273 2002 :
2306 1951 2363 2002 et
2390 1964 2564 2003 omne
2594 1964 2771 2019 pecus
2799 1947 2975 2004 unius
3008 1948 3219 2005 coloris
3250 1949 3310 2005 in
3355 1950 3524 2023 agnis
3559 1954 3619 2007 et

1970 2036 2194 2092 varium
2229 2040 2283 2092 et
2315 2035 2570 2092 discolor
2597 2035 2657 2091 in
2690 2037 2906 2108 capris,
2936 2037 3049 2093 erit
3078 2053 3302 2094 merces
3333 2055 3463 2096 mea
3490 2040 3540 2108 °;
3563 2042 3624 2096 et

1971 2124 2351 2196 respondebit
2376 2123 2519 2179 mihi
2543 2124 2769 2194 ju.titia
2800 2141 2928 2180 mea
2959 2125 3017 2179 in
3049 2125 3143 2180 die
3170 2126 3449 2195 crastino,
3482 2142 3621 2184 cum

1970 2214 2191 2269 venerit
2220 2228 2443 2268 merces
2475 2229 2609 2268 mea
2640 2229 2837 2268 coram
2874 2217 2929 2268 te
2962 2231 2976 2269 :
3010 2229 3185 2269 omne
3227 2213 3287 2269 in
3338 2231 3453 2286 quo
3501 2231 3621 2271 non

1974 2302 2147 2358 fuerit
2189 2301 2418 2357 varium
2468 2305 2526 2357 et
2568 2300 2821 2357 discolor
2864 2301 2923 2356 in
2973 2302 3165 2372 capris
3211 2306 3269 2357 et
3315 2302 3375 2357 in
3426 2303 3618 2375 agnis,

1973 2392 2194 2445 furtum
2221 2390 2333 2445 erit
2363 2390 2518 2461 apud
2551 2406 2644 2445 me
2674 2392 2716 2455 ⁷,
2750 2412 2776 2439 ››
2802 2394 2858 2445 et
2886 2394 3110 2445 caetera.
3162 2389 3412 2446 Multum
3460 2392 3618 2463 apud

1971 2478 2356 2551 Septuaginta
2401 2478 2744 2550 interpretes
2814 2479 3097 2535 confusus
3145 2483 3237 2535 est
3281 2496 3513 2548 sensus,
3563 2485 3623 2536 et

1971 2584 2159 2640 usque
2190 2568 2249 2622 in
2282 2571 2627 2639 praesentem
2666 2567 2821 2623 diem
2870 2565 3100 2623 nullum
3151 2567 3312 2641 potui
3359 2567 3623 2624 invenire

1972 2661 2335 2723 nostrorum,
2370 2657 2471 2728 qui
2502 2658 2573 2713 ad
2602 2656 2896 2728 liquidum
2924 2656 3068 2729 quid
3098 2657 3158 2712 in
3191 2656 3300 2712 hoc
3319 2656 3446 2713 loco
3467 2658 3624 2714 dice-

1970 2750 2150 2815 retur,
2182 2750 2515 2818 exponeret.
2548 2745 2672 2811 Vis,
2705 2745 2919 2818 inquit,
2939 2746 3139 2813 Jacob,
3159 2762 3252 2803 me
3283 2746 3498 2802 servire
3514 2745 3626 2804 tibi

1970 2835 2146 2890 etiam
2178 2834 2324 2890 alios
2354 2838 2579 2907 septem
2607 2851 2817 2903 annos,
2837 2834 2926 2890 fac
2952 2835 3108 2907 quod
3130 2834 3385 2907 postulo.
3406 2835 3625 2908 Separa

1970 2940 2175 2979 omnes
2204 2922 2522 2979 discolores
2559 2927 2617 2980 et
2635 2924 2844 2991 varias,
2895 2927 3016 2980 tam
3038 2941 3172 2980 oves
3216 2940 3392 2995 quam
3413 2939 3622 2996 capras

1970 3016 2027 3067 et
2061 3013 2224 3068 trade
2254 3012 2311 3066 in
2344 3028 2557 3068 manus
2588 3011 2842 3068 ﬁliorum
2874 3016 3131 3068 tuorum.
3157 3012 3530 3085 Rursumque
3549 3030 3621 3069 ex

1971 3105 2223 3172 utroque
2239 3100 2574 3173 grege,alba
2594 3105 2651 3156 et
2670 3101 2837 3173 nigra
2862 3117 3089 3173 pecora,
3131 3102 3189 3157 id
3210 3102 3505 3168 est,unius
3526 3118 3620 3158 co-

202 3186 500 3243 Issachar.
544 3207 573 3237 »
613 3187 1037 3261 Etymologiam
1085 3189 1261 3260 hujus
1307 3189 1564 3245 nominis
1608 3166 1857 3262 Septua-
1887 3166 1930 3234 (ἶ
1971 3166 2217 3244 loris-da
2240 3166 2416 3244 mihi.
2448 3189 2508 3244 Si
2540 3189 2680 3262 quid
2713 3166 2891 3261 igitur
2919 3205 2988 3244 ex
3018 3166 3166 3246 albis
3182 3194 3241 3246 et
3268 3166 3613 3262 nigris,quee

203 3276 376 3348 ginta
402 3275 749 3347 interpretes
778 3276 1105 3347 ediderunt,
1137 3282 1215 3333 est
1241 3294 1465 3334 merces.
1494 3279 1619 3334 Non
1651 3278 1856 3351 utique

204 3367 276 3420 ut
304 3362 572 3436 plerique
602 3365 625 3398 ⁴
654 3364 851 3421 addito
881 3366 1227 3438 pronomine
1256 3367 1408 3423 male
1438 3368 1661 3440 legunt,
1702 3368 1856 3423 testi-

206 3453 498 3509 mandum
529 3458 619 3509 est
646 3453 730 3509 ita
775 3455 1062 3526 scriptum
1111 3471 1260 3523 esse,
1314 3456 1454 3527 quod
1505 3464 1582 3512 est
1628 3472 1852 3525 merces,

207 3542 316 3597 sed
350 3545 539 3597 totum
598 3558 812 3599 nomen
869 3542 1312 3616 interpretatur,
1381 3549 1459 3599 est
1511 3560 1743 3611 merces,
1803 3546 1859 3599 Is

209 3629 435 3701 quippe
462 3630 669 3686 dicitur
697 3640 774 3688 est
804 3632 944 3704 (ei),
1006 3637 1065 3688 et
1121 3650 1341 3688 sscsaa
1398 3634 1583 3705 (Ὅτε),
1633 3650 1855 3689 merces.

208 3718 339 3772 Hoc
360 3721 551 3773 autem
582 3720 729 3787 ideo,
753 3721 893 3793 quia
928 3721 1337 3794 mandragoris
1369 3721 1475 3777 ﬁlii
1525 3722 1732 3777 Ruben
1767 3724 1859 3777 in-

208 3807 481 3875 troitum,
515 3807 611 3878 qui
644 3808 880 3865 Racheli
910 3810 1254 3879 debebatur,
1286 3812 1358 3867 ad
1391 3827 1454 3867 se
1478 3811 1588 3865 viri
1612 3816 1857 3867 emerat.

206 3893 492 3966 Sequitur
524 3914 537 3951 ε

281 3983 472 4055 (Vers.
510 3983 576 4039 19
611 3989 669 4040 et
717 3987 835 4053 20.)
899 4008 927 4040 α
971 3988 1041 4043 Et
1084 3989 1350 4060 concepit
1396 3987 1593 4043 adhuc
1652 3988 1771 4054 Lia,
1805 3993 1863 4043 et

208 4071 443 4144 peperit
471 4072 661 4129 ﬁlium
694 4078 923 4131 sextum
943 4076 1145 4145 Jacob,
1179 4081 1236 4131 et
1266 4075 1411 4131 dixit
1458 4076 1580 4145 Lia,
1634 4076 1863 4131 Dotavit

209 4177 309 4217 me
339 4162 493 4216 Deus
524 4162 656 4217 dote
687 4162 840 4219 bona
872 4181 885 4219 :
918 4164 981 4219 In
1042 4166 1151 4220 hoc
1203 4168 1464 4236 tempore
1518 4166 1539 4198 ⁵
1581 4164 1864 4221 habitavit

208 4264 449 4303 mecum
479 4249 571 4305 vir
594 4266 780 4322 meus,
816 4253 956 4323 quia
984 4253 1182 4325 peperi
1213 4252 1265 4308 ei
1295 4270 1395 4309 sex
1434 4253 1606 4323 ﬁlios,
1657 4258 1714 4309 et
1757 4270 1862 4309 vo-

208 4337 366 4411 cavit
393 4353 605 4393 nomen
639 4339 767 4409 ejus
797 4340 1112 4397 Zabulon.»
1146 4340 1255 4397 Ubi
1286 4358 1393 4398 nos
1422 4341 1863 4414 posuimus,ha-
1900 4358 1906 4364 '

286 4515 301 4595 _‘
335 4514 645 4595 Nephthu‘le
670 4517 868 4595 Etoim,
898 4518 1305 4590 Nephthalethi.
1339 4520 1408 4574 In
1460 4520 1697 4576 Hebrazo
1751 4524 1859 4590 est,
1892 4531 1938 4595 D

209 4587 439 4683 ῖηντθξ-ιες
474 4587 665 4683 ειχπίυκ
694 4589 939 4668 whims:
971 4587 1234 4683 naphtute
1252 4609 1458 4683 _Eloim_,
1480 4587 1861 4683 niphtalti,vel

205 4676 389 4750 juxta
410 4671 1373 4750 lectionemveterum;nephthule
1400 4671 1566 4735 elosm
1599 4671 1861 4750 nephtha-

211 4746 378 4822 (eihi,
410 4743 492 4822 D_e
521 4760 698 4801 sensu
730 4746 944 4822 horum
970 4743 1281 4806 verborum
1310 4750 1565 4806 diximus
1595 4743 1776 4822 supra
1802 4752 1861 4806 in

207 4814 505 4891 Apologia
532 4822 733 4891 nostra
753 4835 857 4891 pro
878 4819 1250 4891 Hieronymo.
1284 4822 1562 4877 MARTIAN.

238 4886 316 4964 '_-’
347 4886 508 4964 Quod
535 4886 1281 4964 scilicetpronuntiationis
1311 4909 1543 4961 sonum,
1574 4908 1689 4948 non
1712 4909 1866 4964 quoa

215 4956 633 5034 characterum
665 4956 976 5034 utriusque
996 4962 1154 5034 vocis
1181 4964 1450 5019 formam.
1505 4956 1659 5020 Venit
1708 4956 1863 5019 enim

216 5040 303 5105 tt:
333 5026 614 5105 scribitur
643 5046 777 5086 cum
806 5026 990 5105 Aleph
1020 5033 1233 5102 littera,
1268 5050 1447 5105 quam
1469 5034 1528 5089 in
1553 5035 1661 5091 hoc
1690 5036 1866 5090 verbo

216 5099 808 5182 supprimerehneque
838 5099 1002 5176 usus,
1046 5099 1237 5177 neque
1280 5099 1671 5182 grammaticae
1710 5107 1866 5182 leges

214 5172 550 5249 patiuntur.
585 5172 876 5249 Qzetérum
898 5172 1013 5233 non
1038 5172 1338 5249 moramur
1356 5176 1551 5232 Drusii
1568 5172 1869 5249 reprehén-

217 5243 454 5323 sionem
506 5244 566 5297 in
604 5244 755 5300 hanc
809 5246 1147 5319 Hieronymi
1183 5243 1648 5323 conjecturam;
1673 5266 1742 5303 ex
1791 5265 1867 5323 _eo

213 5313 381 5394 quod
414 5313 476 5367 in
496 5323 838 5394 “Lucum
859 5313 1058 5394 carneis
1083 5313 1375 5394 scribatur
1401 5337 1413 5375 :
1440 5313 1687 5394 inﬁrmae
1711 5319 1868 5394 enim

212 5384 479 5439 nimium
509 5391 649 5440 sunt
675 5390 1161 5445 Massoretharum
1196 5390 1462 5447 notiones
1492 5391 1565 5446 ad
1595 5389 1870 5448 lectiones

217 5455 526 5527 quaslibet
548 5460 911 5516 asserendas.

246 5526 315 5601 ξ’
381 5526 690 5601 Secundum
756 5531 1191 5601 ambiguitatem.
1269 5531 1635 5601 Ambiguitas
1708 5533 1870 5590 verbi

210 5595 363 5655 Aser
388 5598 578 5671 posita
602 5604 694 5656 est
744 5601 803 5657 in
848 5595 1172 5660 mutatione
1214 5604 1420 5659 mediae
1440 5595 1685 5663 litteras.
1730 5622 1871 5664 nam

547 5727 816 5793 ΡΑτιοι..
862 5723 1086 5795 ΧΧΙΙΙ.

1966 3277 2140 3334 unius
2159 3276 2771 3344 coloris,suntvarium
2787 3281 2990 3334 natum
3009 3278 3406 3345 fuerit,meum
3421 3278 3617 3341 eritzsi

1967 3365 2107 3437 quid
2138 3383 2272 3423 vero
2302 3366 2480 3422 unius
2509 3365 2742 3434 coloris,
2766 3371 2959 3422 tuum.
2984 3366 3129 3423 Rem
3161 3384 3277 3423 non
3308 3366 3613 3424 difﬁcilem

1968 3454 2219 3527 postulo.
2255 3455 2473 3511 Tecum
2504 3454 2641 3509 facit
2679 3459 2892 3511 natura
2939 3470 3216 3527 pecorum
3260 3460 3326 3511 ut
3372 3455 3507 3513 alba
3544 3472 3617 3513 ex

1970 3543 2139 3614 albis,
2171 3547 2228 3599 et
2257 3543 2426 3613 nigra
2458 3547 2781 3599 nascantur
2824 3559 2893 3598 ex
2938 3544 3124 3616 nigris
3157 3561 3169 3599 :
3226 3560 3459 3600 mecum
3507 3544 3621 3600 erit

1961 3631 2200 3702 justitia
2231 3632 2527 3698 mea,dum
2562 3631 2717 3686 Deus
2748 3630 3142 3687 humilitatem
3162 3648 3352 3687 meam
3378 3631 3619 3703 respicit

1971 3724 2027 3776 et
2057 3720 2336 3776 laborem.
2365 3719 2670 3791 Optionem
2703 3720 2898 3775 Laban
2930 3721 3130 3775 datam
3169 3719 3419 3775 libenter
3464 3719 3614 3775 arri-

1970 3809 2181 3880 puit,et
2201 3807 2283 3862 ita
2300 3811 2365 3862 ut
2385 3808 2565 3863 Jacob
2588 3806 2923 3880 postulabat
2936 3806 3361 3875 faciens,trium
3384 3808 3616 3863 dierum

1971 3897 2081 3951 iter
2107 3895 2260 3951 inter
2286 3896 2466 3951 Jacob
2507 3901 2564 3951 et
2592 3896 2744 3953 ﬁlios
2787 3910 2927 3952 suos
2977 3897 3286 3968 separavit,
3338 3896 3494 3953 858
3545 3912 3619 3953 ne

1971 3985 2107 4056 quis
2136 4001 2205 4040 ex
2230 3985 2526 4040 vicinitate
2557 3986 2783 4057 pecoris
2810 3990 3149 4041 nasceretur
3177 3985 3368 4042 dolus.
3420 3988 3623 4059 Itaque

1968 4072 2146 4128 Jacob
2179 4089 2387 4127 novam
2418 4072 2722 4144 stropham
2743 4078 3176 4130 commentatus
3196 4078 3305 4145 est,
3328 4079 3387 4130 et
3406 4078 3613 4132 contra

1973 4167 2244 4217 naturam
2276 4161 2394 4216 albi
2426 4166 2483 4217 et
2508 4161 2658 4234 nigri
2690 4163 2935 4234 pecoris,
2969 4162 3223 4219 naturali
3254 4168 3375 4218 arte
3396 4179 3623 4235 pugna-

1971 4250 2075 4307 vit.
2109 4252 2252 4307 Tres
2276 4251 2431 4306 enim
2458 4252 2672 4323 virgas,
2705 4250 2986 4323 populeas
3020 4256 3077 4307 et
3125 4251 3530 4326 amygdalinas
3561 4255 3621 4308 et

1973 4339 2366 4412 maligranati,
2401 4356 2741 4411 quanquam
2774 4340 3160 4413 Septuaginta
3197 4340 3522 4411 styracinas
3564 4343 3625 4398 et

1971 4531 2101 4579 Wex
2134 4518 2419 4590 scriptum
2441 4518 2583 4573 bum
2616 4517 2808 4573 medio
2840 4518 3127 4591 elemento
3159 4520 3277 4588 Sin,
3327 4519 3625 4591 signiﬁcat

1973 4591 2190 4646 beatum
2222 4607 2235 4657 ;
2268 4602 2385 4650 wn
2417 4606 2539 4645 aser
2564 4594 2759 4645 autem
2792 4607 2926 4645 cum
2959 4590 3097 4647 Sade
3128 4591 3186 4645 in
3218 4590 3411 4646 medio
3452 4594 3625 4647 sonat

1971 4663 2211 4717 divitias.
2246 4660 2409 4716 Unde
2439 4661 2549 4716 Isa.
2582 4679 2744 4730 xxm,
2783 4662 2868 4729 10,
2901 4673 3042 4723 1va
3075 4665 3268 4732 ieaser,
3303 4663 3361 4718 id
3416 4667 3528 4732 est,
3556 4665 3622 4718 in

1972 4734 2252 4788 thesauros
2282 4737 2589 4787 renovetur.
2626 4733 2909 4788 Murrus.

2043 4835 2111 4844 —-
2141 4804 2284 4858 Cum
2320 4802 2538 4857 scilicet
2571 4817 2730 4875 per}:
2762 4820 2973 4859 nomen
3008 4804 3118 4859 hoc
3147 4805 3448 4873 scribitur,
3496 4815 3618 4875 ‘13:»:

1972 4892 2042 4931 ex
2072 4891 2187 4946 quo
2217 4878 2306 4929 est
2334 4874 2633 4946 cimoliam,
2666 4877 2923 4946 apotheca
2964 4876 3217 4932 thesauro
3262 4874 3619 4932 recondenda.

1974 4949 2035 5002 ln
2064 4945 2179 5001 uno
2210 4945 2413 5017 Regia.
2449 4962 2584 5013 ms.,
2618 4945 2838 5017 possunt
2868 4955 2918 5001 et
2942 4947 3136 5001 divites
3164 4950 3244 5001 sic
3272 4948 3477 5001 vocari.

2044 5028 2066 5060 ‘
2095 5026 2328 5081 Rectius
2360 5025 2475 5079 fere
2518 5024 2575 5079 in
2604 5026 2807 5081 eodem
2842 5042 2952 5081 ms.
3004 5027 3121 5080 Non
3151 5028 3347 5095 igitur,
3400 5030 3459 5081 ut
3504 5026 3625 5098 ple-

1975 5100 2154 5171 rique,
2187 5100 2295 5152 etc.

2047 5178 2068 5211 ⁶
2100 5178 2187 5232 Ita
2213 5176 2597 5232 emendamus
2626 5192 2656 5229 e
2688 5191 2855 5242 mss.,
2888 5174 3015 5246 ipso
3046 5179 3241 5232 Graeco
3284 5180 3442 5232 textu
3496 5176 3625 5232 suf-

1978 5247 2454 5321 fragante,qévfc€u
2506 5248 2833 5321 viv‘xazpﬁi.
2887 5249 3065 5302 Antea
3111 5247 3172 5301 in
3228 5248 3400 5305 editis
3456 5247 3625 5305 libris

1980 5316 2126 5375 falso
2158 5319 2484 5385 obtinebat,
2511 5334 2579 5373 en
2609 5316 2706 5373 hoc
2733 5316 2991 5388 tempore.

1976 5393 1998 5426 ⁸
2031 5390 2261 5462 Reginae
2301 5390 2445 5444 alter
2475 5406 2587 5443 ms.
2619 5404 2814 5462 separa
2864 5390 2987 5462 inde
3037 5406 3194 5445 omne
3244 5393 3409 5462 pecus
3459 5393 3628 5447 unius

1978 5461 2173 5536 coloris
2203 5463 2261 5515 in
2291 5462 2472 5530 agnis,
2503 5463 2551 5515 et
2584 5461 2800 5514 varium
2846 5467 2896 5516 et
2942 5461 3178 5518 discolor
3220 5461 3280 5517 in
3325 5465 3553 5536 capris;
3575 5465 3628 5521 et

1978 5535 2217 5598 erit,etc.

2050 5606 2069 5639 ⁷
2102 5604 2341 5662 Temere
2369 5602 2525 5662 idem
2557 5618 2692 5671 ms.,
2722 5603 2979 5676 futurum
3010 5607 3137 5675 erit,
3171 5622 3276 5680 pro
3304 5607 3540 5679 furtum.

3230 5732 3310 5796 33
