4084 6170
521 280 691 363 Ωῦθέ

1757 296 1819 362 S.
1867 290 2179 362 EUSEBII
2217 290 2687 362 HIERONYMI.

3694 289 3830 361 1080

519 430 804 488 nucinas‘
824 433 882 488 et
899 430 1230 504 plataninas
1244 431 1599 497 habeant,ex
1614 437 1776 503 parte
1796 432 2160 487 decorticans
2192 436 2245 499 Α
2275 432 2469 501 virgas
2498 431 2698 497 Jacob,
2728 430 2922 502 virgas
2953 445 3100 501 quas
3128 394 3396 501 posuerat
3432 442 3606 484 coram
3642 428 3832 500 pecori-

501 520 744 577 -varium
774 518 1072 593 virgarum
1103 520 1236 577 fecit
1275 521 1552 590 colorem,
1604 525 1672 576 ut
1717 521 2053 591 ubicunque
2099 520 2163 574 in

518 610 683 682 virga
729 609 1007 665 corticem
1066 609 1429 682 reliquisset,
1473 610 1751 682 antiquus
1801 615 2167 680 permaneret

521 697 679 755 color
710 715 723 754 :
758 698 861 753 ubi
888 715 1024 754 vero
1060 698 1295 755 tulisset
1327 699 1631 765 corticem,
1675 697 1832 754 color
1879 697 2164 753 candidus

521 786 893 860 panderetur.
944 786 1305 843 Observabat
1351 802 1489 859 ergo
1549 786 1731 842 Jacob
1777 790 1836 841 et
1880 789 2162 856 tempore,

521 890 639 947 quo
669 874 1137 931 ascendebantur
1163 890 1392 946 pecora,
1425 879 1482 931 et
1510 878 1643 948 post
1671 873 1922 930 calorem
1955 873 2069 929 diei
2091 873 2163 929 ad

521 964 845 1036 potandum
875 962 1044 1019 avida
1074 964 1412 1037 pergebant,
1445 963 1765 1021 discolores
1780 962 1974 1035 virgas
1996 978 2167 1035 pone-

522 1053 624 1109 bat
650 1052 710 1107 in
740 1051 1067 1120 canalibus,
1100 1056 1157 1108 et
1203 1052 1479 1109 admissis
1528 1052 1812 1109 arietibus
1860 1055 1918 1106 et
1964 1050 2163 1106 hircis.

522 1141 582 1195 in
609 1138 739 1213 ipsa
766 1140 1007 1213 potandi
1050 1141 1345 1209 aviditate,
1399 1158 1533 1197 oves
1574 1146 1632 1198 et
1672 1157 1878 1214 capras
1922 1139 2168 1195 faciebat

524 1229 783 1298 accendi,
806 1232 872 1285 ut
895 1246 963 1285 ex
993 1228 1213 1302 duplici
1243 1230 1553 1296 desiderio,
1586 1231 1729 1285 dum
1760 1229 1925 1284 avide
1959 1227 2168 1283 bibunt

522 1322 581 1373 et
609 1319 1011 1375 ascenduntur
1037 1335 1071 1373 a
1100 1319 1385 1386 maribus,
1417 1318 1565 1375 tales
1591 1319 1747 1374 fetus
1773 1317 2163 1388 conciperent,

523 1407 729 1479 quales
757 1407 1002 1462 umbras
1031 1407 1280 1462 arietum
1302 1412 1359 1463 et
1377 1407 1674 1463 hircorum
1699 1407 1951 1477 desuper
1971 1420 2168 1460 ascen-

524 1495 789 1551 dentium
816 1494 877 1550 in
908 1511 1193 1566 aquarum
1224 1494 1462 1566 speculo
1492 1493 2063 1566 contemplabantur.
2087 1493 2168 1547 Ex

523 1582 704 1656 virgis
732 1581 890 1639 enim
920 1582 981 1637 in
1011 1582 1317 1639 canalibus
1347 1582 1557 1654 positis
1586 1582 1784 1637 varius
1814 1582 1961 1637 erat2
1989 1582 2165 1636 etiam

525 1670 853 1742 imaginum
883 1669 1061 1726 color.
1091 1670 1209 1727 Nec
1235 1671 1453 1727 mirum
1485 1671 1634 1726 hanc
1662 1670 1722 1726 in
1765 1673 2048 1742 conceptu
2088 1671 2164 1724 fe-

527 1759 823 1815 minarum
863 1773 992 1814 esse
1039 1762 1332 1827 naturam,
1384 1762 1450 1814 ut
1492 1759 1696 1831 quales
1746 1759 2164 1830 perspexerint,

525 1847 645 1903 sive
675 1850 869 1902 mente
897 1847 1269 1919 conceperint
1299 1848 1358 1902 in
1389 1851 1645 1904 extremo
1665 1846 1979 1919 voluptatis
2000 1851 2165 1913 aestu,

528 1953 654 2009 quas
702 1934 1040 2007 concipiunt
1083 1935 1260 1993 talem
1310 1935 1571 1992 sobolem
1630 1939 1935 2008 procreent
1984 1951 2165 2002 ;cum

526 2025 636 2080 hoc
683 2024 881 2096 ipsum
921 2022 1099 2079 etiam
1153 2023 1215 2079 in
1271 2040 1559 2096 equarum
1617 2024 1891 2096 gregibus
1944 2024 1966 2057 ³
2013 2025 2167 2096 apud

527 2114 825 2186 Hispanos
864 2112 1095 2169 dicatur
1124 2112 1250 2168 ﬁeri
1282 2128 1296 2167 :
1327 2117 1384 2169 et
1403 2112 1799 2177 Quintilianus
1831 2112 1891 2168 in
1922 2128 1991 2169 ea
2031 2130 2171 2168 con-

526 2201 812 2258 troversia
838 2201 897 2256 in
934 2217 1053 2272 qua
1081 2201 1469 2257 accusabatur
1496 2206 1763 2257 matrona
1791 2218 1916 2272 qua:
1949 2201 2167 2257 Ethio-

526 2306 659 2364 pem
691 2288 999 2364 pepererit,
1032 2304 1136 2361 pro
1166 2289 1504 2346 defensione
1532 2288 1694 2345 illius
1726 2294 2170 2362 argumentetur

523 2380 677 2435 hanc
706 2382 1094 2450 conceptuum
1123 2393 1252 2434 esse
1281 2382 1555 2434 naturam
1587 2395 1765 2450 quam
1796 2396 1976 2451 supra
2014 2379 2165 2434 dixi-

526 2484 663 2524 mus
691 2469 732 2524 ‘.
757 2467 1073 2538 Postquam
1105 2470 1300 2522 autem
1324 2466 1446 2522 nati
1477 2468 1708 2523 fuerant
1735 2467 1907 2534 haedi,
1938 2471 1996 2523 et
2033 2468 2166 2540 agni

530 2557 676 2614 varii
705 2561 765 2612 et
793 2554 1110 2612 discolores
1139 2572 1209 2610 ex
1237 2554 1387 2611 albis
1417 2559 1472 2611 et
1501 2555 1679 2611 unius
1724 2555 1935 2611 coloris
1978 2555 2168 2629 gregi-

526 2646 640 2702 bus
671 2644 981 2717 separabat
1008 2642 1140 2700 illos
1166 2644 1362 2714 Jacob,
1398 2649 1455 2700 et
1499 2644 1701 2716 procul
1748 2660 1877 2700 esse
1923 2644 2170 2700 faciebat

527 2734 685 2791 354
726 2750 762 2788 a
789 2732 1060 2806 pristimo
1091 2747 1284 2805 grege.
1317 2733 1376 2788 Si
1407 2732 1509 2804 qui
1541 2737 1735 2788 autem
1775 2733 2170 2789 nascebantur

530 2823 710 2883 unius
734 2820 967 2888 coloris,
1010 2821 1071 2876 id
1115 2825 1206 2879 est
1245 2820 1362 2877 albi
1405 2820 1525 2877 sive
1571 2821 1744 2894 nigri,
1791 2821 2061 2878 tradebat
2107 2822 2167 2877 in

527 2922 744 2969 manus
792 2910 1052 2968 filiorum
1101 2910 1300 2966 Laban
1333 2927 1347 2966 :
1380 2914 1438 2966 et
1482 2910 1736 2982 ponebat
1780 2909 1972 2982 virgas
2021 2927 2166 2982 quas

527 3000 1008 3071 decorticaverat,
1043 2999 1102 3054 in
1133 2998 1440 3055 canalibus
1470 2998 1686 3070 quibus
1716 2998 2168 3055 effundebantur

528 3106 716 3162 aquas,
766 3095 825 3145 et
861 3087 1175 3145 veniebant
1211 3089 1284 3144 ad
1332 3088 1654 3160 potandum
1694 3092 1895 3143 contra
1936 3103 2165 3158 pecora,

2276 521 2383 575 bus
2414 521 2518 589 (Al.
2553 520 2777 591 pecore]
2809 519 2868 574 in
2899 518 3204 575 canalibus
3234 520 3305 574 ad
3350 516 3745 588 concipiendum
3784 516 3833 571 in

2272 608 2378 675 eis,
2408 612 2466 663 et
2493 607 2555 663 in
2586 607 2857 662 serotinis
2877 608 3083 662 ovibus
3126 624 3244 662 non
3275 607 3514 678 ponebat
3545 629 3558 671 ;
3585 608 3636 661 et
3661 604 3837 660 ﬁebant

2274 697 2533 751 serotina
2562 696 2779 764 Laban,
2811 700 2867 751 et
2894 701 3273 767 temporanea
3326 695 3513 750 Jacob.
3568 716 3594 743 »
3646 697 3745 747 Hoc
3788 692 3835 746 in

2271 784 2654 857 Septuaginta
2706 785 3129 856 Interpretibus
3176 800 3291 839 non
3333 783 3583 847 habetur,
3635 781 3721 836 sed
3760 792 3840 852 pro

2271 874 2524 929 serotinis
2547 877 2598 929 et
2626 875 3010 945 temporaneis,
3043 872 3201 928 aliud
3235 872 3425 928 nescio
3455 870 3585 942 quid
3621 869 3754 941 quod
3787 869 3839 924 ad

2274 978 2516 1018 sensum
2546 979 2663 1018 non
2691 962 2942 1035 pertinet
2971 963 3011 1029 ⁵,
3041 961 3487 1017 transtulerunt.
3511 957 3659 1023 Quod
3691 960 3842 1013 autem

2273 1049 2415 1105 dicit
2441 1051 2759 1122 Scriptura,
2792 1051 2902 1107 hoc
2930 1056 3020 1106 cst
3053 1068 3065 1105 :
3097 1051 3274 1106 Jacob
3305 1050 3553 1121 prudens
3580 1051 3631 1102 et
3647 1044 3845 1101 callidus

2267 1138 2564 1208 justitiam
2591 1143 2647 1194 et
2676 1140 3007 1211 mquitatem
3041 1141 3061 1174 ⁶
3086 1139 3263 1195 etiam
3293 1138 3353 1193 in
3384 1154 3525 1193 nova
3551 1139 3661 1193 arte
3696 1149 3842 1190 serva-

2276 1228 2394 1282 bat.
2430 1227 2488 1282 Si
2519 1227 2676 1283 enim
2708 1245 2914 1285 omnes
2945 1245 3126 1301 agnos
3158 1233 3215 1284 et
3244 1228 3439 1283 haados
3470 1224 3646 1281 varios
3686 1238 3847 1295 pecora

2277 1319 2700 1386 procreassent,
2732 1320 2861 1370 erat
2891 1315 3087 1387 aliqua
3118 1316 3372 1386 suspicio
3412 1313 3544 1379 doli,
3595 1316 3647 1367 et
3695 1315 3845 1384 aperte

2277 1403 2414 1458 huic
2444 1404 2527 1458 rei
2560 1404 2755 1459 Laban
2782 1403 3016 1460 invidus
3048 1404 3415 1461 contraisset.
3450 1404 3588 1475 Ergo
3614 1400 3849 1455 itaomnia

2276 1491 2714 1563 temperavit,ut
2742 1498 2798 1548 et
2829 1493 2954 1564 ipse
2975 1493 3229 1550 fructum
3264 1493 3358 1551 sui
3388 1490 3597 1548 laboris
3625 1488 3849 1560 acciperet
3894 1516 3900 1525 -

2277 1585 2335 1635 et
2362 1581 2552 1636 Laban
2586 1597 2700 1636 non
2729 1581 2964 1653 penitus
3002 1582 3370 1653 spoliaretur.
3421 1580 3478 1635 Si
3514 1578 3724 1650 quando
3755 1588 3849 1631 oves

2277 1672 2333 1723 et
2362 1686 2545 1741 capra)
2576 1670 2764 1741 primo
2793 1673 3054 1742 tempore
3087 1670 3569 1733 ascendebantur,
3610 1666 3736 1738 quia
3760 1678 3848 1719 meo

2277 1756 2387 1812 lior
2414 1773 2629 1813 vernus
2658 1762 2749 1814 est
2778 1758 2950 1828 fetus,
2985 1763 3119 1814 ante
3148 1758 3311 1831 ipsas
3341 1758 3591 1830 ponebat
3610 1754 3787 1827 virgas,
3803 1755 3847 1806 iit

2275 1845 2467 1902 varias
2498 1846 2726 1902 soboles
2759 1852 3118 1903 nasceretur.
3152 1849 3522 1918 Quaecunque
3550 1848 3723 1899 autem
3754 1854 3850 1897 om

2277 1940 2334 1989 et
2421 1951 2604 2007 capra:
2671 1951 2801 1991 sero
2825 1936 3158 2007 querebant
3222 1951 3465 2003 marem,
3533 1936 3658 1989 ante
3706 1921 3850 1986 caram

2278 2022 2479 2079 oculos
2508 2039 2626 2078 non
2659 2024 2932 2095 ponebat,
2969 2036 3033 2079 ut
3080 2024 3258 2080 unius
3308 2023 3517 2079 coloris
3560 2035 3744 2093 pecora
3777 2032 3851 2070 na-

2278 2116 2597 2169 scerentur.
2626 2113 2697 2168 Et
2727 2112 3013 2184 quidquid
3043 2112 3304 2184 primum
3337 2110 3688 2178 nascebatur,
3725 2118 3848 2161 suum

2277 2205 2417 2272 erat,
2452 2204 2592 2272 quia
2622 2200 2877 2257 discolor
2904 2206 2961 2257 et
2989 2202 3215 2257 varium
3247 2206 3394 2257 erat:
3421 2198 3691 2272 quidquid
3706 2196 3851 2268 postea

2279 2289 2476 2345 Laban
2509 2306 2523 2345 :
2559 2290 2736 2345 unius
2769 2289 2925 2344 enim
2959 2294 3080 2345 tam
3115 2291 3171 2345 in
3205 2288 3397 2362 nigro,
3451 2304 3623 2360 quam
3671 2286 3722 2340 in
3756 2280 3849 2338 albo

2278 2377 2491 2434 eoloris
2517 2395 2695 2450 pecus
2722 2377 3037 2433 oriebatur.
3070 2379 3132 2433 In
3164 2394 3231 2433 eo
3258 2383 3459 2433 autem
3489 2375 3608 2431 loco
3635 2373 3721 2430 ubi
3747 2368 3848 2427 scii-

2280 2471 2444 2539 ptum
2473 2472 2587 2538 est,
2614 2472 2674 2521 ut
2704 2469 3046 2538 conciperent
3074 2469 3131 2521 in
3160 2468 3336 2537 virgis
3367 2468 3426 2522 in
3472 2465 3693 2520 Hebraeo
3727 2459 3853 2515 habet

2279 2557 2533 2611 IEAMENA
2563 2555 2822 2627 ((nmin’)
2852 2556 2892 2610 ⁸.
2926 2555 3057 2611 Vim
3085 2555 3242 2611 verbi
3282 2554 3551 2611 chraici
3597 2551 3700 2608 nisi
3739 2543 3847 2603 ³68

2280 2644 2587 2700 circumitu
2621 2644 2942 2715 exprimere
2993 2661 3105 2699 non
3150 2660 3420 2715 possum.
3476 2645 3703 2698 imum
3742 2634 3853 2691 enim

2278 2733 2511 2805 proprie
2541 2731 2756 2788 dicitur
2786 2736 3082 2789 extremus
3111 2733 3171 2788 in
3205 2733 3366 2788 coitu
3415 2730 3585 2800 calor,
3633 2743 3732 2800 quo
3767 2738 3852 2779 cor-

2277 2838 2388 2892 pus
2410 2838 2581 2877 omne
2611 2820 2964 2889 concutitur,
2997 2825 3055 2877 et
3083 2821 3342 2893 patranti
3383 2816 3660 2891 voluptati
3684 2811 3851 2870 vicinus

2276 2914 2365 2966 est
2383 2909 2539 2965 ﬁnis.

2348 2998 2508 3070 (Cap.
2540 2998 2728 3054 XXXI.
2759 3030 2829 3039 —
2858 2998 3023 3054 Vers.
3052 3000 3086 3054 7
3125 3003 3181 3053 et
3223 2998 3313 3061 8.}
3348 3018 3374 3050 «ι
3419 2998 3489 3052 Et
3534 2998 3686 3068 pater
3718 2989 3855 3045 vester

2277 3087 2560 3142 mentitus
2589 3091 2680 3142 est
2702 3085 2930 3155 mihi,et
2960 3086 3206 3141 mutavit
3235 3086 3567 3142 mercedem
3596 3094 3760 3137 meam
3790 3075 3855 3130 de-

532 3160 599 3234 ut
626 3178 999 3251 conciperent
1043 3192 1111 3232 eo
1138 3180 1418 3247 tempore,
1459 3191 1595 3232 cum
1638 3176 1900 3231 venirent
1941 3176 2013 3231 ad
2063 3193 2171 3248 po—
2203 3162 2246 3229 C
2284 3191 2410 3231 cem
2442 3175 2686 3243 vicibus,
2720 3180 2779 3230 et
2809 3191 2925 3230 non
2957 3175 3118 3230 dedit
3142 3174 3198 3229 ei
3228 3173 3389 3230 Deus
3420 3179 3483 3228 ut
3505 3172 3716 3227 noceret
3733 3160 3852 3225 mibi,

528 3266 883 3423 “213312.41
912 3357 970 3409 et
999 3352 1112 3425 42.)
1145 3374 1173 3404 ‹‹
1205 3352 1273 3408 Et
1300 3352 1705 3425 concipiebant
1733 3369 1942 3425 pecora
1970 3358 2174 3411 contra

602 3499 618 3532 ¹
646 3497 965 3571 Styracinas
991 3496 1324 3571 etnucinas,
1371 3495 1761 3571 etc._Aliquot
1808 3512 1951 3571 mss.
2009 3499 2165 3554 codi-

528 3585 645 3637 ces,
676 3567 963 3625 saracinas
985 3571 1037 3625 et
1063 3568 1326 3622 nucineas
1364 3577 1415 3622 et
1451 3567 1741 3639 plataneas
1767 3584 1788 3629 ;
1820 3567 1938 3634 alii,
1987 3578 2166 3641 styra-

530 3659 653 3698 ceas
682 3645 733 3697 et
760 3656 980 3707 nuceas,
1007 3643 1116 3695 etc.
1149 3641 1432 3693 MARTIAN.

598 3745 665 3755 —
694 3717 817 3768 Duo
849 3727 991 3768 mss.
1018 3718 1312 3782 styraceas,
1345 3713 1656 3782 etngiiceas,
1675 3713 1726 3765 et
1751 3712 2090 3782 plataninas.

595 3786 618 3820 ³
644 3784 902 3841 Verbum
932 3790 1052 3838 erat
1071 3780 1151 3837 'ex
1181 3798 1324 3837 mss.
1357 3786 1415 3836 et
1442 3780 1698 3837 Victorio
1713 3780 2074 3838 suffecimus.

522 3926 543 3981 1
594 3856 1024 3982 :igcprqi‘tqiiam
1055 3852 1350 3925 eleganter
1380 3852 1680 3924 Oppianus
1728 3852 1788 3907 in
1836 3854 2161 3926 Cygenetic.

551 3969 562 3982 .
597 3944 616 3982 Ῐ
646 3942 856 3983 οθειωῑ
887 3942 900 3980 ζ

594 4022 797 4109 θηράκι
828 4018 1021 4109 ξ’ἅλλοξ
1056 4020 1243 4109 βροτρὶ
1272 4018 1643 4109 παξξίτῖίφρονᾳ
1668 4018 1984 4109 pyris-avre,

591 4088 786 4149 Πῶλον
829 4088 1120 4170 ἐπιγράςραίι
1148 4092 1243 4145 κᾶν
1274 4088 1436 4161 νηδύϊ
1470 4088 1678 4165 51the:
1708 4088 1883 4159 ἔοντα,
1908 4097 2018 4147 etc.

589 4184 761 4241 Multa
779 4183 1022 4240 homines
1051 4182 1237 4237 animo
1266 4195 1422 4253 saepe
1438 4181 1696 4236 invenere
1721 4182 1930 4253 sagaci,

593 4257 657 4315 Ut
671 4256 891 4329 pullum
906 4254 1138 4310 maculis
1154 4251 1369 4308 varient
1388 4251 1520 4306 dum
1535 4253 1731 4307 matris
1742 4253 1802 4306 in
1821 4252 2162 4320 alvo,est,etc

515 4354 721 4428 viginti
770 4351 1064 4409 continuis
1107 4349 1395 4431 versibus,
1459 4365 1607 4420 quos
1647 4348 1881 4431 juvabit
1926 4348 2156 4422 legisse.

515 4426 662 4481 Vide
689 4430 987 4492 S.quoque
1012 4424 1433 4492 Augustinum,
1455 4423 1659 4492 quaest.
1692 4420 1763 4492 92
1808 4436 1870 4475 in
1900 4420 2055 4488 Gen.,
2105 4426 2161 4477 et

526 4440 662 4481 νιαθ
689 4440 987 4495 S.quoque
1012 4440 1433 4492 ﬂugusunum,
1455 4440 1659 4490 qUESL
1692 4440 1763 4474 νζ.
1808 4440 1870 4475 m
1900 4440 2055 4488 (πεπυ
2105 4440 2160 4477 CI.

515 4501 572 4551 Β.
608 4495 917 4559 Isidorum,
949 4492 1052 4555 lib,
1078 4509 1159 4547 xii
1189 4491 1404 4559 Origin.
1428 4506 1554 4561 cap.
1585 4491 1632 4559 1,
1658 4491 1757 4545 ubi
1778 4491 2019 4548 totidem
2042 4492 2160 4550 fere

514 4565 707 4622 verbis
737 4560 1155 4635 Hieronymum
1184 4561 1481 4635 describit,

587 4636 609 4669 ‘
628 4638 934 4715 fostquam
954 4631 1160 4715 antem.
1193 4632 1297 4714 iiic
1334 4648 1412 4715 ex.
1441 4631 1576 4715 libri
1598 4708 1607 4715 ι
1626 4632 1994 4715 Hippocratis
2032 4634 2158 4691 edi-

514 4706 597 4762 tio
627 4702 971 4762 Erasmiana
1000 4703 1312 4777 hrstoriam
1341 4702 1485 4759 falso
1516 4702 1799 4774 obtrudit,
1831 4722 2007 4777 quam
2057 4723 2157 4762 co-

516 4778 675 4836 dices
708 4792 852 4834 mss.
887 4793 1003 4832 non
1035 4776 1307 4831 retinent.
1343 4778 1626 4831 MARTIAN.

584 4883 655 4892 -
684 4851 764 4906 Ex
795 4848 854 4906 S.
888 4847 1248 4920 Augustino,
1273 4852 1479 4920 quiest.
1512 4847 1583 4920 93
1625 4849 1686 4902 in
1741 4848 1877 4920 Gen.
1920 4864 2066 4920 non_
2094 4851 2159 4902 ut

515 4921 889 4979 Martianieus
921 4918 1108 4993 putat,
1136 4918 1424 4993 enipsius
1453 4918 1821 4993 Hippocratis
1844 4919 2030 4984 libris,
2054 4918 2159 4973 hu-

505 4994 767 5067 jusmodi
793 4990 1096 5067 historiam
1120 4990 1346 5067 addunt
1367 4993 1586 5067 veteres
1604 4990 1859 5067 editores
1878 4994 2155 5067 Erasmus

513 5060 579 5122 ac
608 5066 919 5135 Victorius,
974 5078 1192 5136 proque
1241 5060 1689 5136 Hieronymiano
1724 5064 2007 5136 contextu
2054 5061 2156 5115 ob-

512 5139 760 5194 trudunt
791 5154 804 5193 :
838 5160 863 5188 ‹‹
901 5131 1280 5206 Εἶδονῐριυω
1308 5131 1596 5206 reperitur
1625 5134 1685 5206 in
1724 5132 1890 5206 libris
1940 5131 2154 5206 Hippo-

513 5209 710 5290 cratis,
744 5208 896 5290 quod
950 5202 1236 5290 quaedam.
1266 5202 1497 5290 (supple
1548 5203 1788 5290 mulier).
1826 5202 2155 5290 suspicione

513 5274 783 5335 adulterii
850 5274 1039 5334 fuerat
1096 5274 1422 5349 punienda,
1473 5290 1606 5349 cum
1694 5274 2154 5349 pulcherrimum

511 5350 743 5432 (supple
770 5348 1041 5472 puerum?
1092 5346 1435 5420 peperisset,
1472 5346 1705 5417 utrique
1752 5346 1999 5419 parenti,
2056 5361 2151 5417 ge-

511 5437 752 5475 nerioue
781 5420 1010 5475 dissimi
1040 5435 1153 5475 em.
1186 5418 1300 5473 nisi
1328 5423 1687 5473 memoratus
1735 5417 1999 5473 medicus
2044 5415 2151 5473 sol-

510 5437 752 5493 nerique
781 5434 1153 5486 dissimilem,
1186 5435 1300 5473 DISI
1328 5434 1687 5473 memoratus
1735 5434 1999 5473 medicus
2044 5434 2152 5473 sci-

508 5491 688 5548 visset
717 5489 1611 5571 quaestionem,‘monens-(Aug:
1647 5488 1766 5544 illis
1814 5487 2152 5571 admpnitis)

509 5558 870 5636 quaererene
902 5562 1050 5636 forte
1079 5559 1277 5636 aliqua
1325 5558 1461 5636 tal_i_s
1499 5558 1731 5633 pietura
1756 5565 1912 5636 esset
1955 5558 2152 5636 iuncu-

508 5627 704 5695 biculo
738 5633 835 5706 ;in
867 5648 981 5709 quo
1001 5627 1254 5700 inventa,
1290 5627 1520 5687 mulier'
1543 5647 1578 5687 a
1622 5630 1954 5706 suspicione
2005 5629 2148 5691 libe-

2284 3264 2341 3318 Si
2374 3262 2613 3333 dixerat,
2646 3262 2756 3318 hoc
2783 3263 3010 3318 varium
3043 3278 3222 3335 pecus
3250 3263 3367 3317 erit
3399 3274 3614 3317 merces
3654 3260 3755 3319 tua,
3782 3266 3853 3306 n8-

2283 3352 2555 3408 scebatur
2584 3351 2692 3422 [Αι.
2726 3352 3083 3421 nasceretur]
3116 3366 3291 3406 omne
3316 3366 3494 3424 pecus
3512 3347 3738 3405 varium.
3758 3335 3854 3395 Etsi

2277 3498 2405 3551 rata
2432 3496 2541 3550 est.

2350 3568 2370 3600 ⁵
2401 3565 2551 3634 Quod
2578 3567 2652 3621 ad
2679 3581 2898 3621 sensum
2924 3581 3033 3620 non
3053 3566 3315 3637 pertinet,
3364 3564 3533 3637 Apud
3558 3557 3705 3637 LXX

2279 3627 2437 3707 mus;
2466 3639 2621 3692 Facta
2651 3646 2777 3692 sunt
2805 3640 2989 3692 autem
3016 3627 3129 3690 non
3165 3638 3401 3704 signata
3420 3627 3437 3637 ’
3462 3636 3625 3707 ipsius
3676 3627 3853 3707 ιαὺίξηξ

2274 3694 2492 3780 signata
2523 3712 2705 3763 autem
2736 3709 2913 3779 ipsius
2940 3709 3126 3780 Jacob.
3152 3694 3575 3780 quodsensum
3596 3701 3752 3771 hujus
3775 3694 3851 3749 loci

2276 3778 2647 3857 nequaquam
2678 3780 3015 3857 exprimere
3019 3778 3285 3857 _videtur.
3302 3779 3604 3857 ’liiaa'riAN.
3626 3847 3649 3856 θ
3714 3847 3723 3857 _
3750 3830 3789 3857 ’ρ

2346 3838 2419 3923 -ξ
2463 3838 2694 3923 Scilicet
2738 3838 2948 3923 ἐίίένὲτο
2988 3845 3045 3901 δὲ
3085 3848 3170 3923 id
3205 3848 3299 3923 μξν
3345 3850 3530 3919 ἄσημα
3564 3838 3851 3923 τοῦ-Δᾴδ²ξι

2272 3921 2339 3973 τὰ
2382 3917 2439 3974 δὲ
2498 3920 2741 3992 ἐπίσημα
2777 3910 2893 3974 ’τοῦ
2950 3913 3166 3987 Ἰακώϐ,
3205 3910 3635 3992 ’(ι’θιςιςϐνιὶἠιιμιειςΔ
3661 3910 3851 3992 Labana,

2273 4008 2399 4063 quae
2451 4008 2558 4049 non
2617 3978 2778 4047 erant
2832 3993 3053 4060 signata
3098 4008 3118 4053 ;
3149 3978 3273 4061 quae
3325 4007 3450 4047 vero
3504 3978 3669 4059 s‘igata
3714 3978 3851 4063 erant3

2271 4060 2489 4120 Iacobo.
2557 4066 2689 4118 Jam
2745 4079 2902 4128 vero,
2971 4078 3087 4133 quo
3151 4060 3395 4118 serotina
3458 4065 3533 4133 et;
3569 4060 3853 4133 tempome

2267 4136 2656 4206 Hieronymus
2719 4130 3138 4206 interpretatur
3206 4131 3683 4206 autumnalis__ac
3731 4130 3852 4206 very}

2271 4187 3181 4288 tessags‘iiiusa‘iqqidemex
3212 4187 3854 4288 sissinadiserﬁnig

2272 4268 2582 4343 sententia,
2616 4292 2749 4347 oves
2774 4268 2839 4331 in
2861 4268 3267 4347 Mesopotania:
3304 4275 3398 4330 bis
3447 4268 3681 4347 singulis
3722 4272 3852 4347 anilis

2271 4335 2637 4427 pariebant'),_
2651 4346 2972 4427 Orientales
3010 4335 3403 4427 ihterprctes,_
3432 4335 3735 4427 Chaldaeus,
3754 4335 3851 4427 ζῇς

2271 4401 2794 4489 ἱύέἐῐρυθᾌναὺέ
2834 4401 3119 4489 probanti
3162 4401 3496 4483 innuentes,
3543 4401 3852 4489 virgas

2276 4507 2391 4546 non
2442 4475 3322 4561 supposuisse‘lacobumcumq
3350 4475 3702 4542 autu'mnales
3739 4475 3853 4561 figit}?

2193 4534 2236 4598 θ
2265 4534 2729 4632 οοηοίρθῖέῐιιωδ,
2784 4564 2983 4631 utpote
3025 4560 3481 4632 imbecilliores,
3552 4568 3689 4626 quos
3716 4544 3851 4632 .ultj‘f

2267 4622 2498 4688 Labano
2529 4622 2887 4703 concederet.
2922 4630 3041 4686 Etsi
3069 4630 3225 4687 enim
3248 4622 3541 4703 proditum
3566 4622 3595 4681 ὁ
3615 4622 3851 4703 contrarie

2267 4704 2343 4758 sit
2368 4701 2706 4768 Columella,
2745 4700 2845 4770 lib,
2870 4717 2993 4761 vui.
3028 4718 3154 4773 cap.
3176 4704 3209 4757 3
3243 4695 3320 4756 ἴα
3357 4699 3549 4773 Melior
3575 4698 3658 4773 est
3682 4695 3850 4773 agnus

2265 4772 2626 4830 autumnalis
2669 4761 2865 4840 verno,
2930 4761 3198 4829 sicul'ait
3261 4772 3559 4827 verissime
3612 4761 3849 4840 Celsii8,>_'

2267 4851 2402 4915 ϐίου
2472 4847 2555 4919 Sic
2623 4849 2817 4899 tamen
2851 4837 2858 4840 ⁷
2893 4844 3188 4919 conciliari
3258 4842 3412 4919 cum‘
3456 4837 3850 4919 Hieronvm‘iagl

2267 4904 2556 4972 sententia
2586 4921 2798 4987 potest,
2832 4920 2896 4969 ut
2923 4921 2979 4969 S.
3014 4916 3213 4970 doctor
3242 4916 3314 4969 de
3346 4904 3719 4987 conceptionis
3739 4904 3848 4987 “fl:

2269 5006 2427 5060 pore,
2464 4966 2681 5060 nonrde
2711 4966 2894 5060 effusi
2932 4966 3203 5060 iisiiss:
3240 4966 3540 5055 subiectas
3589 4996 3622 5034 a
3677 4966 3846 5060 183012?

2267 5040 2866 5138 vi‘r'gasni‘ntelleiierit,
2904 5040 3083 5138 atque
3115 5040 3643 5138 adcoieiunporanea
3644 5040 3847 5138 102333

2267 5121 2393 5202 ί]υῶ
2426 5148 2557 5186 vere
2581 5130 2818 5201 quidem
2841 5121 3284 5200 conciperentur
3314 5128 3385 5182 ad
3402 5121 3694 5195 'virgarum
3719 5121 3846 5179 aspe'

2263 5208 2443 5268 ctum,
2474 5202 2784 5257 ederentur
2822 5204 3013 5254 autem
3045 5206 3349 5254 autumno.

2335 5275 2355 5308 ⁸
2384 5273 2622 5344 Aliquot
2652 5288 2795 5344 mss.
2834 5275 2896 5344 Et
2925 5272 3311 5341 a’qualitatem.
3347 5273 3455 5324 etc.
3619 5334 3658 5344 __
3774 5316 3824 5344 Α

2333 5346 2353 5425 7_
2388 5332 2567 5399 Iidem
2603 5341 2875 5425 Q'lil'flqujd
2903 5332 3027 5425 pero
3064 5347 3271 5413 postea,
3319 5344 3377 5395 et
3421 5352 3547 5392 mox
3577 5348 3591 5385 :
3619 5334 3739 5386 Tam
3773 5332 3842 5372 νει·

2261 5417 2560 5540 graduum
2593 5413 2958 5493 albi_eoloris.
3217 5483 3227 5494 .
3333 5482 3341 5491 .
3462 5477 3473 5489 _
3585 5478 3596 5490 '

2332 5488 2352 5521 ⁸
2434 5502 2545 5555 nus
2592 5485 2993 5555 Reginiems,
3051 5484 3264 5540 GI‘tBCIS
3306 5481 3508 5536 litteris
3562 5458 3835 5525 MAMHNA

2262 5561 2512 5630 utroque
2532 5554 2591 5612 in
2625 5554 2774 5626 loco,
2805 5554 2955 5614 alius
2988 5555 3191 5615 Latine
3219 5557 3500 5614 laamena.
