4058 6172
257 259 414 339 M37

1313 252 1543 317 LIBER
1584 249 1817 316 HEBR.
1861 248 2167 324 QUIEST.
2214 249 2296 313 IN
2341 249 2617 313 GENES.

3501 250 3667 323 1088

258 393 505 458 dixerat,
537 386 714 457 unius
753 385 967 445 coloris
993 386 1104 443 erit
1132 403 1355 443 merces
1379 393 1520 443 tua:
1552 386 1902 442 nascebatur
1932 386 1984 451 Α
2017 382 2220 455 lingua
2245 385 2386 455 Syra
2414 401 2642 440 acervus
2694 398 2829 440 IGAR
2873 383 3235 456 appellatur:
3285 386 3665 445 testimonium

253 498 432 540 omne
463 496 644 554 pecus
673 477 851 535 unius
882 475 1113 534 coloris.
1149 499 1177 525 ››
1227 481 1338 532 Pro
1387 492 1454 532 eo
1486 476 1642 548 quod
1670 492 1775 530 nos
1807 491 1904 546 po-

248 571 511 637 suimus,
569 568 796 623 Mutavit
855 564 1156 622 mercedem
1218 580 1396 621 meam
1440 564 1621 620 decem
1677 563 1906 630 vicibus,

248 657 640 732 Septuaginta
683 656 1037 727 lnterpretes
1096 656 1440 726 posuerunt,
1499 652 1680 708 decem
1728 653 1907 723 agnis,

249 746 453 806 nescio
469 762 589 818 qua
608 743 882 817 opinione
907 742 1089 814 ducti,
1108 758 1243 797 cum
1265 741 1510 798 verbum
1533 739 1905 813 Hebraicum,

250 853 399 895 nom
444 836 459 870 ¹
508 831 660 904 (un)
692 848 989 888 numerum
1020 830 1209 904 magis
1262 847 1440 902 quam
1505 845 1677 900 agnos
1719 832 1904 885 sonet.

247 925 513 997 Denique
533 927 591 979 et
607 940 676 979 ex
697 920 1193 993 consequentibus
1214 918 1310 975 hic
1329 918 1519 992 magis
1542 935 1752 975 sensus
1775 934 1908 990 pro-

249 1014 448 1081 batur,
481 1010 638 1085 quod
671 1028 773 1084 per
803 1009 1071 1083 singulos
1103 1009 1254 1065 fetus
1285 1025 1518 1081 semper
1547 1007 1743 1063 Laban
1774 1023 1909 1063 con-

249 1101 538 1158 ditionem
571 1098 904 1155 mutaverit.
932 1098 993 1154 Si
1013 1096 1247 1153 videbat
1268 1096 1490 1151 varium
1515 1095 1678 1151 nasci
1700 1111 1903 1168 pecus,

249 1194 389 1264 post
416 1190 602 1246 fetum
634 1187 885 1254 dicebat,
915 1186 1044 1265 volo
1074 1190 1140 1241 ut
1167 1185 1229 1241 in
1272 1186 1537 1241 futurum
1569 1174 1715 1240 mihi
1746 1184 1908 1240 varia

249 1284 597 1336 nascantur.
616 1278 874 1333 Rursum
892 1292 1026 1333 cum
1042 1274 1286 1332 vidisset
1307 1273 1484 1329 unius
1506 1273 1716 1330 coloris
1741 1272 1904 1329 nasci

251 1385 466 1441 pecora
503 1367 706 1441 (Jacob
733 1366 974 1439 quippe,
1006 1366 1115 1420 hoc
1146 1364 1366 1427 audito,
1415 1362 1608 1435 virgas
1639 1363 1699 1418 in
1732 1379 1908 1418 cana-

252 1455 416 1513 libus
443 1474 558 1512 non
587 1454 885 1527 ponebat),
918 1454 1166 1521 dicebat,
1204 1457 1268 1507 ut
1289 1452 1516 1508 futuros
1548 1451 1696 1507 fetus
1728 1451 1906 1507 unius

258 1543 474 1601 coloris
514 1542 624 1599 sibi
672 1558 884 1615 pecora
936 1544 1324 1614 procrearent.
1377 1541 1445 1598 Et
1495 1541 1638 1612 quid
1690 1539 1909 1612 plura?

261 1648 453 1704 usque
472 1632 540 1687 ad
561 1632 719 1688 vices
741 1632 942 1688 decem
974 1647 1208 1703 semper
1236 1647 1270 1685 a
1300 1630 1498 1686 Laban
1528 1629 1758 1701 pecoris
1788 1628 1905 1696 sui,

254 1722 379 1778 sive
418 1720 618 1790 Jacob,
663 1724 891 1776 mutata
931 1719 1186 1776 conditio
1235 1723 1344 1774 est.
1398 1719 1468 1773 Et
1517 1719 1911 1790 quodcunque

251 1808 369 1867 sibi
400 1813 788 1882 proposuerat
817 1813 883 1864 ut
911 1812 1272 1874 nasceretur,
1305 1807 1364 1862 in
1398 1807 1653 1865 colorem
1686 1810 1914 1863 contra-

248 1898 411 1954 rium
441 1898 795 1954 vertebatur.
834 1898 914 1953 Ne
943 1896 1038 1953 cui
1068 1900 1263 1953 autem
1296 1897 1356 1951 in
1387 1912 1487 1952 sex
1516 1896 1687 1952 annis
1711 1896 1912 1952 decem

249 1986 521 2060 pariendi
537 1987 692 2043 vices
709 1983 1085 2042 incredibiles
1101 1984 1429 2052 videantur,
1455 1983 1581 2057 lege
1601 1983 1911 2058 Virgilium

251 2076 478 2149 (Georg.
510 2077 597 2145 ιι),
630 2075 692 2130 in
722 2090 838 2147 quo
879 2072 1129 2129 dicitur:

508 2164 591 2214 Bis
620 2163 849 2229 gravidm
879 2161 1134 2227 pecudes.

249 2245 480 2301 Natura
510 2244 707 2300 autem
738 2241 1075 2299 Italicarum
1125 2240 1323 2298 ovium
1372 2244 1429 2297 et
1477 2238 1911 2311 Mesopotamiae

256 2351 380 2391 una
411 2349 543 2389 esse
581 2331 855 2388 traditur.

326 2421 516 2494 (Vere.
553 2421 664 2492 19.)
702 2440 729 2473 α
759 2420 830 2475 Et
876 2419 1068 2475 furata
1123 2422 1214 2475 est
1267 2417 1481 2474 Rachel
1532 2417 1686 2473 idola
1728 2415 1912 2489 patris

252 2510 371 2567 sui.
407 2531 435 2559 ι)
471 2508 582 2565 Ubi
608 2524 766 2564 nunc
820 2508 975 2563 idola
1000 2507 1292 2583 legimus,
1323 2506 1383 2562 in
1436 2506 1670 2562 Hebraeo
1699 2523 1913 2561 resan-

253 2615 407 2655 PHIM
436 2597 723 2670 ’(mswn)
754 2596 1041 2669 scriptum
1092 2601 1201 2662 est,
1252 2613 1378 2667 quae
1425 2593 1641 2666 Aquila
1688 2594 1912 2671 μορφώ-

262 2706 434 2760 pata,
485 2686 543 2742 id
598 2690 689 2742 est
732 2684 948 2757 ﬁguras
992 2683 1079 2740 vel
1124 2686 1417 2754 imagines,
1470 2684 1909 2756 interpretatur.

256 2776 384 2832 Hoc
411 2778 609 2830 autem
641 2774 793 2839 ideo,
845 2778 911 2829 ut
959 2772 1218 2830 sciamus
1264 2772 1405 2846 quid
1457 2772 1733 2829 Judicum
1764 2771 1913 2828 libro

256 2881 402 2933 xvn,
435 2864 494 2935 5)
524 2879 859 2919 THERAPHIM
881 2865 1068 2919 sonet.

332 2951 524 3025 (Vere.
562 2952 681 3023 2i.)
715 2972 747 3002 «
790 2952 857 3007 Et
913 2951 1185 3008 transivit
1240 2944 1507 3022 ﬂuvium,
1556 2954 1614 3007 et
1664 2950 1824 3007 venit
1852 2950 1913 3006 in

253 3045 522 3098 montem
554 3038 793 3096 Galaad.
821 3062 849 3089 »
891 3040 1021 3096 Non
1072 3040 1226 3113 quod
1276 3056 1342 3096 eo
1391 3045 1650 3112 tempore
1698 3039 1912 3095 Galaad

2019 489 2275 527 ssnu'rua
2296 474 2611 546 (am-mw).
2629 474 2659 529 ,Ι
2668 473 2811 530 acob
2833 472 3012 545 igitur
3024 490 3295 531 acervum
3314 475 3661 545 testimonii,

2019 561 2126 616 hoc
2159 567 2244 616 est
2271 579 2512 630 CALAAD,
2544 561 2749 635 lingua
2795 561 3112 635 appellavit
3151 563 3427 620 Hebraea:
3460 564 3661 621 Laban

2018 666 2151 705 vero
2205 650 2483 722 idipsum,
2554 651 2612 706 id
2665 655 2757 708 est
2812 667 3084 708 acervum
3134 651 3476 721 testimonii,
3529 669 3663 711 IGAR

2020 754 2299 809 securas,
2331 739 2526 795 nantis
2573 756 2694 795 sum
2745 756 3013 797 sermone
3053 739 3293 796 vocavit.
3344 741 3480 797 Erat
3507 740 3665 799 enim

2018 826 2220 898 Syrus,
2257 830 2315 882 et
2344 827 2648 899 antiquam
2671 827 2934 901 linguam
2966 833 3300 901 parentum,
3334 828 3664 901 provincias,

2017 916 2078 970 in
2111 932 2227 987 qua
2256 915 2577 984 habitabat,
2620 933 2890 974 sermone
2922 920 3268 973 mutaverat.

2090 1003 2250 1076 (Cap.
2284 1004 2498 1060 XXXII.
2531 1036 2600 1046 —-
2629 1006 2796 1061 Vers.
2835 1012 2853 1061 1
2890 1010 2948 1061 et
2964 1006 3044 1076 2.)
3070 1028 3099 1056 «
3122 1005 3192 1061 Et
3212 1008 3596 1063 occurrerunt
3614 1006 3669 1063 ei

2017 1092 2211 1166 angeli
2245 1093 2363 1162 Dei,
2390 1098 2447 1148 et
2474 1093 2620 1149 dixit
2648 1094 2830 1150 Jacob
2859 1098 2925 1150 ut
2948 1093 3093 1149 vidit
3143 1110 3243 1150 eos
3268 1111 3280 1150 :
3332 1094 3535 1151 Castra
3563 1094 3668 1153 Dei

2018 1181 2137 1237 haec
2177 1185 2337 1251 sunt,
2370 1188 2426 1237 et
2454 1182 2679 1239 vocavit
2706 1199 2919 1239 nomen
2948 1182 3061 1239 loci
3091 1183 3220 1254 ejus
3236 1184 3464 1240 Castra.
3503 1204 3533 1235 ››
3556 1183 3668 1240 Ubi

2016 1270 2112 1325 hic
2142 1276 2323 1326 castra
2352 1272 2544 1343 posita
2591 1275 2749 1339 sunt,
2808 1273 2867 1326 in
2922 1272 3158 1329 Hebraeo
3211 1271 3389 1328 habet
3442 1288 3671 1333 MANAIII

2018 1359 2269 1429 (nisum)
2297 1378 2310 1426 ;
2342 1363 2407 1414 ut
2435 1360 2717 1427 sciamus,
2748 1361 2798 1417 si
2819 1361 3054 1432 quando
3076 1377 3193 1417 non
3214 1360 3668 1433 interpretatum

2018 1448 2078 1503 in
2110 1448 2223 1504 alio
2254 1447 2378 1504 loco
2412 1448 2668 1520 ponitur,
2702 1465 2875 1522 quem
2902 1450 3093 1505 locum
3116 1448 3422 1522 signiﬁcet.
3448 1452 3517 1505 Et
3544 1446 3669 1521 pul-

2019 1536 2178 1602 chre,
2212 1537 2284 1591 ad
2339 1537 2577 1593 fratrem
2618 1538 2809 1594 iturus
2855 1537 3183 1608 inimicum,
3230 1536 3573 1610 angelorum
3604 1554 3671 1599 se

2018 1624 2493 1681 commitantium
2535 1626 2822 1698 excipitur
2850 1626 3063 1682 choris.
3364 1643 3368 1646 ‘

2091 1714 2277 1786 (Vers.
2309 1718 2339 1770 7
2372 1720 2429 1770 et
2458 1714 2571 1784 lO.)
2613 1735 2640 1768 α
2660 1716 2731 1771 Et
2754 1716 2899 1771 dixit
2921 1716 3101 1772 Jacob
3128 1732 3140 1771 :
3167 1715 3319 1772 Deus
3345 1715 3529 1788 patris
3554 1715 3671 1773 mei

2026 1805 2209 1873 Isaac,
2240 1803 2504 1872 Domine,
2538 1804 2639 1875 qui
2670 1804 2873 1860 dixisti
2905 1805 2976 1861 ad
2999 1821 3093 1862 me
3116 1820 3131 1862 :
3156 1804 3460 1861 Revertere
3478 1804 3539 1860 in
3561 1808 3674 1861 ter-

2024 1910 2148 1949 ram
2203 1896 2390 1960 tuam,
2421 1897 2479 1949 et
2518 1893 2855 1950 benedicam
2908 1894 3048 1950 tibi:
3102 1894 3296 1951 minor
3341 1910 3476 1951 sum
3505 1893 3670 1951 omni

2024 1980 2427 2037 misericordia
2454 1985 2577 2050 tua,
2611 1986 2669 2037 et
2713 1982 2875 2038 omni
2920 1982 3165 2039 veritate
3214 1988 3336 2049 tua,
3381 1999 3560 2055 quam
3590 1982 3674 2039 fe-

2023 2069 2153 2126 cisti
2183 2086 2288 2143 pro
2319 2085 2483 2125 servo
2512 2074 2634 2126 tuo.
2664 2093 2693 2121 »
2734 2072 2841 2127 Pro
2891 2088 2956 2127 eo
3006 2072 3163 2143 quod
3213 2086 3320 2128 nos
3365 2071 3678 2144 posuimus

2021 2158 2206 2214 minor
2229 2174 2369 2224 sum,
2404 2156 2563 2213 aliud
2597 2156 2791 2213 nescio
2822 2157 2962 2229 quid
2992 2158 3033 2226 ³,
3085 2158 3241 2229 quod
3274 2173 3519 2214 sensum
3548 2161 3677 2214 tur-

2022 2246 2141 2305 bet.
2166 2245 2224 2300 in
2258 2244 2472 2302 Graecis
2505 2249 2562 2300 et
2592 2245 2810 2301 Latinis
2842 2245 3143 2301 codicibus
3174 2245 3528 2302 continetur.

2093 2334 2278 2404 (Vers.
2304 2337 2370 2387 2i
2404 2338 2461 2389 et
2482 2333 2607 2401 ‘28.)
2643 2355 2671 2384 ‹‹
2701 2334 2771 2389 Et
2800 2334 2948 2389 dixit
2976 2333 3065 2389 ei:
3094 2333 3256 2398 Quod
3282 2348 3498 2389 nomen
3519 2332 3675 2390 tibi?

2021 2423 2129 2489 Qui
2159 2424 2261 2494 ait,
2294 2423 2496 2490 Jacob,
2526 2422 2681 2478 Dixit
2703 2427 2901 2479 autem
2936 2423 2993 2479 ei
3019 2440 3032 2479 :
3063 2423 3092 2478 J
3102 2439 3197 2478 am
3227 2438 3343 2478 non
3374 2422 3679 2479 vocabitur

2018 2512 2198 2567 Jacob
2228 2527 2440 2568 nomen
2490 2516 2683 2581 tuum,
2735 2512 2837 2567 sed
2889 2511 3193 2568 vocabitur
3242 2526 3455 2567 nomen
3503 2514 3675 2568 tuum

2022 2599 2200 2656 Israel
2225 2618 2237 2656 :
2271 2600 2408 2672 quia
2440 2599 2739 2656 invaluisti
2774 2617 2908 2656 cum
2932 2600 3071 2669 Deo,
3099 2604 3309 2655 etcum
3331 2598 3679 2655 hominibus

2021 2687 2257 2745 valebis.
2294 2710 2322 2740 »
2363 2689 2660 2761 Josephus
2705 2688 2765 2743 in
2814 2689 3004 2760 primo
3049 2688 3457 2761 Antiquilatum
3504 2687 3676 2759 libro,

2024 2778 2201 2835 Israel
2231 2779 2360 2835 ideo
2392 2776 2749 2851 appellatum
2780 2781 2967 2851 putat,
3024 2778 3181 2850 quod
3225 2778 3539 2833 adversum
3570 2794 3676 2833 an-

2022 2867 2217 2940 gelum
2250 2867 2513 2923 steterit:
2548 2867 2703 2938 quod
2747 2882 2853 2939 ego
2902 2865 3214 2938 diligenter
3262 2865 3584 2935 excutiens,
3616 2864 3680 2921 in

2023 2957 2260 3013 Hebraeo
2318 2955 2553 3028 penitus
2606 2956 2865 3011 invenire
2921 2973 3036 3011 non
3103 2954 3336 3028 potui‘.
3396 2954 3468 3009 Et
3523 2953 3675 3011 357

2026 3045 2166 3118 quid
2194 3061 2283 3101 me
2306 3061 2544 3101 necesse
2564 3049 2656 3100 est
2678 3044 2980 3116 opiniones
3001 3060 3259 3116 quaerere
3281 3043 3677 3116 singulorum,

254 3146 433 3187 mons
471 3128 798 3186 diceretur:
853 3129 953 3184 sed
1011 3145 1113 3201 per
1159 3128 1664 3200 anticipationem,
1703 3132 1767 3183 ut
1797 3128 1908 3184 fre-
1939 3121 1984 3188 C
2023 3151 2156 3190 cum
2179 3133 2590 3206 etymologiam
2613 3132 2868 3189 nominis
2891 3138 3140 3205 exponat
3162 3132 3287 3206 ipse
3308 3130 3409 3205 qui
3430 3129 3675 3204 posuit?

253 3221 510 3291 quenter
559 3216 838 3287 diximus,
889 3217 1048 3273 356
1096 3216 1194 3272 illo
1241 3222 1480 3273 vocatur
1527 3217 1763 3273 nomine
1793 3233 1910 3289 quo

253 3312 463 3380 postea
482 3310 863 3378 nuncupatus
892 3310 1000 3361 est.

330 3395 521 3467 (Vere.
556 3393 671 3466 41.)
700 3416 727 3444 ‹‹
762 3394 831 3449 Et
861 3394 1104 3451 mutasti
1136 3394 1464 3450 mercedem
1497 3410 1687 3450 meam
1710 3395 1911 3451 decem

256 3483 455 3556 agnis.
488 3505 517 3533 »
565 3482 725 3539 Idem
776 3499 957 3549 error,
1004 3483 1104 3554 qui
1151 3499 1371 3554 supra:
1425 3499 1708 3538 numerus
1757 3484 1912 3539 enim

256 3589 373 3645 pro
404 3572 570 3643 agnis
598 3570 883 3644 legendus
914 3575 1022 3627 est.

342 3661 534 3728 (Vers.
563 3660 671 3730 46.)
707 3681 736 3710 ‹‹
768 3660 836 3715 Et
873 3658 1018 3714 dixit
1062 3659 1241 3715 Jacob
1296 3660 1575 3716 fratribus
1606 3660 1754 3728 suis,
1787 3659 1914 3717 Col-

263 3748 531 3821 ligamus
558 3745 806 3821 lapides.
830 3749 900 3804 Et
928 3747 1294 3822 congregatis
1324 3748 1622 3821 lapidibus
1655 3750 1918 3805 fecerunt

257 3853 542 3895 acervum
572 3843 629 3894 et
659 3838 1042 3895 comederunt
1072 3855 1249 3910 super
1288 3855 1445 3895 eum.
1497 3839 1567 3894 Et
1596 3839 1818 3894 vocavit
1850 3838 1919 3893 il-

259 3929 389 3983 lum
425 3927 626 3983 Laban
657 3931 943 3982 Acervum
994 3926 1335 3996 testimonii,
1386 3932 1444 3983 et
1488 3927 1666 3983 Jacob
1695 3927 1922 3983 vocavit

260 4016 440 4072 illum
471 4018 752 4073 Acervum
776 4015 966 4073 testis.
1002 4038 1030 4065 ››
1064 4018 1298 4072 Acervus
1322 4016 1561 4072 Hebraea
1590 4015 1791 4089 lingua
1813 4000 1921 4089 (‘71)

260 4122 373 4163 BAL
407 4103 664 4160 dicitur:
717 4121 825 4160 ΔΑΒ
875 4105 995 4177 (Ἰν)
1037 4121 1173 4161 vero
1225 4107 1611 4161 testimonium.
1664 4105 1921 4161 Rursum

337 4266 354 4300 ¹
388 4265 620 4339 Verbum
652 4266 978 4339 Hebraicum
1005 4265 1172 4321 Moni.
1207 4266 1358 4339 Editi
1408 4270 1579 4323 antea
1606 4265 1753 4339 libri;
1776 4266 1926 4339 lege-

268 4339 412 4393 bant
446 4337 507 4391 in
536 4336 751 4409 plurali
783 4347 936 4410 cui;
966 4341 1172 4410 monim
1206 4353 1217 4393 :
1263 4338 1364 4393 sed
1411 4355 1517 4394 nos
1563 4336 1925 4410 singularem

265 4408 588 4464 numerum
605 4410 760 4464 mani
780 4408 1168 4476 restituimus,
1185 4411 1356 4480 juxta
1374 4410 1447 4464 {id
1458 4426 1547 4465 em
1569 4408 1713 4466 mss.
1740 4426 1928 4465 exem-

268 4480 527 4554 plurium
538 4523 560 4554 ._
584 4480 870 4554 Maurus.

342 4582 417 4592 -—
448 4550 602 4624 Vide
630 4552 689 4607 S.
732 4551 1047 4624 Augustin.
1079 4556 1286 4624 quaest.
1319 4552 1387 4607 93
1418 4550 1476 4606 in
1510 4552 1714 4607 Gen.M
1734 4568 1804 4606 ox
1834 4569 1924 4624 ve-

270 4628 428 4679 teres
485 4622 741 4696 editores
800 4622 1013 4690 meum,
1087 4622 1152 4678 ut
1210 4624 1268 4678 in
1329 4625 1456 4696 ipso
1505 4627 1593 4679 est
1651 4623 1929 4679 Hebraico

268 4694 619 4766 exemplari.
653 4704 825 4766 Dim-

340 4767 366 4801 ²
393 4764 524 4821 Duo
554 4782 701 4820 mss.
736 4765 933 4836 Taraﬁ,
962 4769 1315 4821 constanter.
1346 4765 1490 4820 Vide
1521 4764 1699 4836 Epist.
1738 4765 1796 4819 in
1834 4781 1930 4820 no-

1961 4490 2006 4554 D
2037 4488 2122 4543 dit
2155 4486 2291 4541 huic
2322 4483 2667 4555 expositioni

2018 3225 2136 3280 Non
2188 3224 2487 3290 vocabitur,
2572 3222 2786 3293 inquit,
2861 3238 3056 3279 nomen
3130 3230 3289 3277 tuum
3342 3221 3524 3289 Jacob,
3583 3218 3675 3275 sed

2020 3314 2190 3369 Israel
2210 3315 2316 3369 erit
2335 3328 2531 3368 nomen
2554 3315 2730 3367 tuum.
2747 3312 2934 3375 Quare
2953 3312 2981 3366 ?
3000 3310 3425 3382 Interpretatur
3443 3308 3674 3381 Aquila,

2022 3397 2105 3455 ὄτι
2153 3401 2319 3475 ἦρξας
2382 3400 2516 3473 μετὰ
2566 3402 2700 3453 Θεοῦ
2744 3400 3149 3473 Symmachus,
3196 3393 3279 3451 ὅτι
3330 3397 3481 3473 ἤρξω
3536 3395 3676 3472 πρὸς

2023 3489 2175 3545 Θεόν.
2211 3488 2595 3561 Septuaginta
2624 3491 2681 3542 et
2717 3487 3057 3554 Theodotio,
3089 3480 3172 3539 ὅτι
3219 3486 3506 3560 svio-xum:
3543 3482 3677 3557 μετᾶ

2024 3582 2158 3633 Θεοῦ
2189 3576 2682 3647 Sxm'rn(n7‘1w)5
2731 3575 2910 3646 enim,
2964 3576 3120 3647 quod
3171 3575 3244 3629 ab
3292 3573 3467 3629 Israel
3507 3588 3677 3628 voca-

2030 3667 2171 3724 bulo
2202 3666 2517 3734 derivatur,
2551 3665 2857 3735 principem
2882 3668 3069 3719 sonat.
3116 3663 3338 3718 Sensus
3366 3660 3565 3732 itaque
3590 3661 3682 3716 est

2026 3758 2152 3814 Non
2184 3754 2485 3811 vocabitur
2513 3768 2724 3808 nomen
2755 3756 2926 3807 tuum
2975 3751 3376 3822 supplanlalor,
3409 3748 3519 3805 hoc
3549 3751 3640 3804 est
3661 3760 3703 3803 :‘

2026 3845 2206 3912 Jacob,
2240 3843 2342 3899 sed
2373 3841 2679 3897 vocabitur
2701 3857 2913 3896 nomen
2935 3844 3104 3895 tuum
3124 3841 3378 3912 princeps
3399 3854 3525 3893 cum
3549 3841 3679 3906 Deo,

2027 3935 2138 3990 hoc
2168 3937 2257 3989 est
2287 3932 2473 3987 Israel.
2509 3929 2809 3995 Quomodo
2857 3929 3015 3984 enim
3048 3928 3316 4000 princeps
3366 3944 3472 4002 ego
3503 3943 3638 3984 sum
3665 3942 3680 3982 :

2030 4023 2114 4079 sic
2145 4025 2202 4077 et
2230 4024 2319 4089 tu,
2349 4018 2450 4090 qui
2484 4033 2715 4073 mecum
2748 4016 2958 4073 luctari
2988 4017 3258 4090 potuisti,
3289 4016 3563 4090 princeps
3591 4032 3688 4072 vo-

2033 4109 2279 4168 caberis.
2322 4108 2381 4163 Si
2414 4110 2608 4162 autem
2641 4121 2875 4161 mecum
2909 4106 3010 4178 qui
3040 4106 3198 4162 Deus
3237 4123 3393 4172 sum,
3427 4104 3547 4160 sive
3578 4119 3686 4159 an-

2030 4273 2129 4341 τήν
2217 4263 2482 4343 Ἐϐραίων
2578 4263 2826 4343 γλῶτταν
2922 4266 3010 4343 "cev
3088 4265 3404 4343 ᾲντιστάντα
3458 4259 3684 4343 ᾲγγὲλκρ

2033 4335 2163 4415 (ista:
2193 4335 2394 4415 Juss'il,
2429 4335 2813 4415 angel'us,__ut
2867 4354 2926 4395 se
2952 4339 3215 4415 Israelum
3250 4335 3683 4415 vocaretrem

2036 4410 2304 4471 lleliraica
2333 4414 2534 4484 lingua
2564 4412 2843 4538 Signiﬁcat
2869 4410 3069 4481 angelo
3102 4410 3480 4466 reluctantem.
3505 4411 3681 4463 Acce-

2037 4488 2122 4538 dit
2155 4486 2291 4538 huic
2322 4481 2667 4538 exnositioni
2735 4483 2968 4537 ustinus
2994 4482 3195 4538 Dialog
3215 4497 3349 4537 cum
3372 4477 3681 4538 Trinhoue.

2652 4481 2667 4536 i
2695 4477 2968 4554 Justinus
2994 4482 3195 4554 Dialog
3215 4477 3664 4554 cum‘Triphone

2043 4558 2135 4614 cui
2208 4547 2422 4628 Israel:
2462 4554 2696 4628 dicitur,
2767 4548 3049 4628 ἅνθρωπος
3113 4547 3558 4628 γιὶἵρνώδύνξῴιν
3624 4569 3654 4602 τ

2080 4629 2167 4703 ᾄρ”
2220 4632 2367 4703 Ira-91,
2401 4618 2875 4703 ἃνθρωποέγικῳκᾶ
2891 4624 3049 4703 --ἐστι
3086 4622 3151 4703 τᾷ
3209 4621 3268 4703 δὲ
3298 4619 3401 4693 ἔλι,
3436 4618 3685 4703 Euxinum.
3760 4638 3773 4647 ’

2087 4692 2205 4755 omo
2252 4692 2471 4753 vincens
2500 4692 2837 4766 potentiam;
2891 4697 3003 4752 νοω
3047 4698 3196 4751 enim
3241 4695 3366 4751 Isra
3392 4692 3487 4749 est
3512 4692 3689 4766 homo

2042 4773 2304 4833 vincens,
2336 4768 2386 4823 el
2418 4762 2602 4822 autem
2635 4768 2912 4839 potentia.
2937 4767 3249 4823 Deduxerit
3270 4782 3338 4821 ex
3353 4775 3505 4839 tum,
3528 4762 3688 4835 quod

273 4840 405 4892 εἴτε.
462 4836 798 4894 recensione
867 4837 937 4891 29
993 4837 1064 4891 ad
1132 4837 1466 4905 Marcellam,
1529 4852 1692 4890 num.
1748 4837 1818 4889 30
1878 4840 1935 4891 et
2042 4846 2225 4898 mrum
2253 4844 2444 4903 sonat,
2477 4844 2530 4893 et
2564 4836 2675 4899 ’Ἰηέν
2706 4839 2861 4911 quod
2893 4844 2985 4895 est
3012 4839 3294 4894 dominari
3322 4840 3423 4892 aut
3450 4838 3686 4902 vincere,

273 4924 623 5049 macilempe
653 4976 953 5050 tantum.)
990 4998 1103 5049 μοι,
1146 4979 1297 5050 quod
1352 4976 1552 5032 Latine
1585 4977 1934 5045 reddideris,

270 5052 493 5123 sufﬁcit
519 5048 681 5123 mihi,
713 5048 802 5105 vel
833 5048 1113 5123 sti/ﬁciens
1152 5048 1294 5123 sum.

345 5120 377 5158 ί
402 5120 674 5177 Invenias
725 5120 929 5176 autem
982 5121 1149 5177 facile
1198 5122 1246 5175 si
1305 5120 1452 5175 sacri
1516 5123 1708 5175 textus
1766 5120 1940 5175 verba

276 5179 459 5254 m‘m
495 5202 584 5255 D'J
612 5201 678 5251 η’
708 5201 854 5252 ἾΨΌ
886 5210 999 5246 non
1032 5193 1103 5248 de
1137 5194 1261 5257 Deo,
1285 5197 1350 5246 ut
1380 5191 1786 5261 Hieronymus,
1814 5191 1937 5259 sed,

2045 4929 2297 5000 denique
2325 4912 2402 5000 ΒΝ
2428 4930 2661 4997 potestas
2691 4927 3088 5000 siveangelus.

2115 5002 2137 5036 ³
2165 4994 2351 5055 δὶινίιΙι
2379 4994 2550 5065 enim,
2573 5002 2680 5052 etc.
2716 4997 2894 5053 Hodie
2925 4996 3177 5069 legimus
3217 5007 3352 5055 mw
3376 4994 3629 5069 fSarilha,
3657 4994 3695 5069 ᾖ

2048 5090 2198 5145 pers.
2234 5071 2387 5142 sing,
2420 5085 2600 5123 masc.
2634 5069 2905 5145 prazteriti
2940 5064 3175 5145 a‘verbo
3200 5079 3331 5127 me
3350 5068 3510 5135 Sara,
3536 5064 3692 5138 quod

2047 5139 2357 5216 principem
2379 5157 2435 5196 se
2463 5156 2654 5216 gerere
2684 5139 2994 5216 significat.
3032 5144 3312 5216 an'rim.

2124 5247 2188 5255 —
2218 5209 2367 5268 Sunt
2396 5212 2494 5281 qui
2530 5210 2641 5281 legi
2673 5209 3047 5283 supplerique
3078 5211 3259 5267 velint
3287 5209 3359 5265 ad
3379 5210 3552 5283 hunc
3572 5222 3695 5283 m0:

280 5270 346 5354 gl
363 5260 789 5354 JQSEPEESLJ}?
812 5260 1944 5354 esse}:fate}!issisrsgeﬂsirgoﬁsgsff
2052 5289 2189 5342 dum
2218 5260 2471 5340 ?“s';.;.-i';:
2482 5260 2658 5348 arm;
2675 5260 2778 5337 'v'c'i
2791 5260 3045 5349 τέἱίτίζνᾶ
3082 5260 3699 5354 qaa'ftseabai‘sisna

281 5336 457 5392 Osias
499 5333 788 5406 prepbeta
819 5334 1040 5407 accepit
1071 5351 1197 5408 cap.
1219 5333 1396 5401 ῐίῐῐςνζ
1419 5336 1453 5388 7
1478 5351 1490 5389 :
1514 5346 1687 5419 Ῥωτὲ
1705 5346 1780 5393 7N
1806 5342 1941 5394 113W

278 5420 779 5496 pugnacontendit
815 5438 941 5477 cum
987 5424 1199 5496 angelo.
1221 5494 1228 5496 _
1251 5423 1359 5496 Sic
1393 5427 1589 5496 autem
1640 5422 1816 5496 habet
1844 5423 1942 5496 Jo-

287 5489 452 5549 se'bi
482 5494 648 5549 locus
678 5492 781 5546 lib.
817 5511 856 5560 I,
895 5510 1021 5565 cap.
1054 5489 1155 5552 20:
1220 5489 1501 5547 Ἰἰκὲλευσε
1533 5494 1633 5564 (SC.
1704 5490 1942 5568 ἃγγελος

290 5511 571 5622 agitatis:
629 5562 786 5621 αὑτὸν
844 5561 1125 5622 Ἰσοαηλον
1184 5564 1437 5622 σημαίνει
1497 5563 1552 5619 σὲ
1610 5564 1769 5621 τοῦτο
1810 5569 1942 5622 κατὰ

404 5562 571 5621 sicea:
629 5562 786 5621 αὑτὸν
844 5561 1125 5645 Ἰσράηλον
1184 5564 1437 5641 σημαίνει
1497 5561 1552 5619 ei.
1610 5561 1945 5625 τοῦτὸ’κατὰ

290 5582 361 5621 κα

2051 5360 2349 5420 derivatur,
2396 5354 2702 5424 principem
2742 5362 2915 5409 sonat.
2967 5348 3133 5409 Certe
3181 5353 3339 5408 hisce
3386 5348 3699 5423 postremis

2054 5423 2607 5499 llioronymi’verbis
2658 5425 3128 5499 subaudiendum
3160 5429 3249 5499 est
3293 5441 3347 5499 se
3388 5438 3593 5499 gerere,
3625 5434 3699 5473 ne

2055 5494 2369 5556 secundam
2403 5510 2713 5568 personam
2743 5496 2901 5552 verbi
2934 5508 3065 5559 mu;
3095 5496 3231 5568 quis
3252 5494 3546 5568 existimet
3573 5495 3700 5548 tan-

2058 5586 2235 5647 quam
2260 5565 2696 5629 substantivum
2727 5584 2938 5633 nomen
2969 5565 3137 5628 illum
3167 5565 3483 5641 accepisse.
