4058 6172
461 348 621 416 £039

1694 358 1758 416 S.
1806 345 2119 417 EUSEBII
2166 348 2629 416 HIEHONYMI.

3634 335 3763 414 toto

450 481 582 539 elus
611 481 811 554 (quoni
842 498 944 539 am
976 479 1246 555 plerique
1274 482 1436 541 varie
1477 486 1979 559 interpretantur),
2010 503 2113 557 pu-
2142 490 2195 554 Α
2229 486 2385 541 Liam
2415 504 2547 543 vero
2574 490 2631 542 et
2661 461 2871 559 pueros
2896 487 3024 559 ejus
3053 485 3392 543 novissimos
3432 485 3471 553 ‘,
3513 487 3561 540 et
3594 474 3771 540 Rachel

468 585 649 643 gnere
679 570 922 642 potuisti
947 587 960 627 :
993 576 1213 644 quanto
1245 574 1434 647 magis
1464 591 1600 630 cum
1620 574 1979 644 hominibus,
2003 575 2113 631 hoc

468 663 559 715 est
586 675 722 715 cum
761 660 937 727 Esau,
984 678 1158 733 quem
1210 662 1524 718 lormidare
1573 681 1688 719 non
1728 663 1933 720 debes!
1965 662 2115 718 Illud

468 752 689 815 autem,
720 751 878 820 quod
900 750 958 805 in
976 748 1124 807 libro
1146 751 1462 808 Nominum
1484 752 1901 824 interpretatur
1924 753 2113 822 Israel,

468 839 559 894 vir
582 838 772 896 videns
799 840 970 894 Deum
1000 841 1040 908 ³,
1074 841 1193 896 sive
1229 857 1381 896 mens
1410 841 1598 897 videns
1628 843 1817 911 Deum,
1851 842 2115 897 omnium

474 943 623 999 pene
652 944 920 984 sermone
970 929 1270 996 detritum,
1301 947 1416 986 non
1446 934 1567 985 tam
1596 946 1749 998 vere,
1785 947 1962 1002 quam
1992 931 2117 985 vio-

472 1016 663 1072 lenter
693 1016 838 1071 mihi
860 1016 1310 1089 interpretatum
1338 1019 1586 1074 videtur.
1618 1018 1722 1073 Hic
1754 1019 1909 1075 enim
1941 1019 2118 1075 Israel

476 1090 710 1177 (διέπων)
743 1122 845 1177 per
890 1105 997 1162 has
1044 1106 1267 1163 litteras
1324 1108 1619 1175 scribitur,
1676 1124 1792 1175 IOD,
1844 1125 1957 1172 sm,
1991 1124 2117 1173 mas,

474 1210 678 1264 ALEPH,
711 1206 919 1262 LAMED,
951 1196 1105 1266 quod
1130 1196 1546 1267 interpretatur
1564 1198 1822 1269 princeps
1837 1198 1952 1261 Dei,
1976 1196 2116 1263 sive,

473 1280 708 1338 directus
745 1284 862 1353 Dei,
923 1282 1034 1338 hoc
1077 1289 1167 1340 est
1195 1282 1481 1344 εὐούτατος
1514 1288 1668 1339 Θεοῦ.
1722 1287 1811 1339 Vir
1855 1302 1989 1340 vero
2038 1288 2117 1340 vi-

472 1371 603 1426 dens
631 1372 798 1428 Deum
828 1371 922 1427 his
952 1372 1163 1429 litteris
1192 1373 1489 1442 scribitur,
1531 1391 1731 1440 auara,
1764 1391 1880 1442 που,
1912 1392 2026 1441 sm,
2058 1378 2122 1429 ut

472 1462 561 1515 vir
583 1476 652 1515 ex
677 1460 869 1516 tribus
906 1461 1119 1517 litteris
1150 1462 1462 1531 scribatur,
1491 1467 1550 1518 et
1578 1464 1808 1519 dicatur
1840 1478 1891 1518 IS
1915 1464 2079 1534 (tam)
2105 1481 2117 1518 :

476 1550 661 1606 videns
692 1554 887 1605 autem
926 1567 994 1606 ex
1022 1550 1232 1619 tribus,
1266 1568 1393 1620 ass,
1422 1568 1623 1619 nera,
1669 1569 1761 1619 HE,
1810 1556 1866 1607 et
1895 1552 2124 1607 dicatur

478 1656 588 1694 an
613 1638 797 1710 (nm).
834 1638 1007 1695 Porro
1035 1655 1103 1694 ει.
1133 1625 1254 1711 (5N)
1304 1657 1372 1695 ex
1419 1641 1649 1695 duabus
1698 1657 1899 1707 ALEPH,
1942 1645 1998 1694 et
2030 1659 2123 1696 LA-

481 1744 635 1783 Meu:
680 1731 738 1782 et
782 1726 1201 1799 interpretatur
1242 1729 1402 1795 Deus,
1454 1728 1572 1783 sive
1616 1730 1797 1799 fortis.
1849 1728 2125 1792 Quamvis

478 1817 659 1889 igitur
696 1816 936 1888 grandis
986 1817 1349 1872 auctoritatis
1397 1817 1515 1872 sint
1561 1818 1605 1881 ³,
1667 1822 1723 1871 et
1779 1816 2124 1888 eloquentiae

478 1907 744 1978 ipsorum
776 1904 987 1959 umbra
1008 1921 1115 1960 nos
1141 1906 1454 1976 opprimat,
1479 1904 1580 1977 qui
1603 1904 1779 1961 Israel
1798 1907 1977 1960 virum
2007 1905 2126 1961 sive

479 2003 716 2049 mentem
744 1993 1015 2048 videntem
1062 1994 1233 2049 Deum
1261 1993 1689 2049 transtulerunt
1718 2010 1730 2049 :
1801 2010 1907 2048 nos
1939 1992 2126 2065 magis

480 2083 813 2155 Scripturze,
863 2085 921 2137 et
968 2081 1183 2153 angeli,
1231 2082 1317 2137 vel
1368 2082 1490 2147 Dei,
1543 2082 1643 2154 qui
1696 2083 1893 2155 ipsum
1950 2080 2127 2136 Israel

477 2170 725 2237 vocavit,
758 2170 1100 2226 auctoritate
1130 2170 1424 2239 ducimur,
1459 2187 1634 2242 quam
1668 2169 1981 2242 cujuslibet
2009 2169 2128 2227 elo-

481 2260 731 2333 quentiae
764 2258 1078 2316 saecularis.
1127 2257 1275 2314 Illud
1325 2275 1558 2331 quoque
1607 2260 1759 2331 quod
1806 2264 2009 2331 postea
2038 2275 2126 2314 se—

480 2350 681 2423 quitur
702 2365 716 2404 :

548 2438 737 2511 (Vers.
771 2438 840 2491 29
869 2440 927 2493 et
954 2438 1068 2507 30.)
1104 2458 1131 2487 «
1160 2437 1231 2491 Et
1271 2436 1564 2492 benedixit
1615 2452 1750 2491 eum
1803 2436 1906 2502 ibi,
1940 2441 1997 2492 et
2026 2454 2129 2492 vo-

480 2528 632 2584 cavit
667 2526 848 2582 Jacob
886 2525 1041 2582 858
1092 2541 1307 2580 nomen
1352 2524 1463 2581 loci
1513 2524 1691 2592 illius,
1745 2525 1945 2581 Facies
1992 2527 2126 2581 Dei:

481 2616 599 2672 vidi
631 2615 788 2670 enim
820 2614 1003 2669 Deum
1036 2613 1181 2669 facie
1220 2615 1288 2668 ad
1319 2614 1548 2683 faciem,
1579 2619 1635 2670 et
1665 2614 1823 2671 salva
1866 2616 2016 2670 facta
2045 2617 2133 2670 est

485 2703 685 2760 anima
715 2718 880 2757 mea:
916 2701 974 2756 in
1006 2702 1242 2757 Hebraeo
1282 2702 1498 2758 dicitur
1547 2720 1812 2759 PHANUEL
1837 2705 1859 2737 ³
1892 2689 2129 2774 (5mm).

486 2796 553 2849 ut
579 2791 837 2849 sciamus
867 2790 1062 2863 ipsum
1095 2807 1224 2847 esse
1255 2790 1450 2847 locum
1491 2792 1591 2863 qui
1637 2792 1695 2847 in
1727 2792 1949 2848 caeteris
1978 2792 2133 2847 Scri-

484 2887 666 2957 pturaa
697 2884 912 2937 sancta:
944 2879 1367 2947 voluminibus,
1395 2880 1478 2935 ita
1526 2885 1590 2935 ut
1621 2881 1678 2937 in
1719 2881 1959 2937 Hebraeo
1993 2880 2133 2937 scri-

484 2976 651 3045 ptum
683 2975 791 3039 est,
827 2969 1084 3026 Phanuel
1114 2968 1327 3042 legitur
1364 2969 1424 3024 in
1456 2968 1668 3024 Graeco.

561 3062 721 3134 (Cap.
752 3059 1000 3115 XXXIII.
1031 3089 1101 3102 —
1130 3058 1294 3115 Vers.
1328 3058 1351 3113 l
1390 3062 1447 3113 et
1479 3058 1557 3127 2.)
1608 3080 1635 3107 ‹‹
1668 3059 1737 3113 Et
1767 3059 1966 3115 divisit
1995 3075 2135 3132 pue-

488 3168 585 3208 ros
614 3166 791 3221 super
839 3148 1004 3205 Liam
1054 3151 1111 3204 et
1168 3163 1346 3219 super
1396 3146 1632 3214 Rachel,
1666 3152 1722 3201 et
1765 3164 1942 3219 super
1989 3149 2138 3204 duas

2224 580 2282 630 et
2308 575 2523 648 Joseph
2555 575 2929 643 novissimos,
2959 580 3017 631 et
3052 576 3177 648 ipse
3218 573 3468 630 transivit
3492 579 3606 630 ante
3628 590 3727 629 eos.
3754 594 3776 623 ιι

2224 664 2371 732 Non,
2406 669 2471 719 ut
2500 665 2759 737 plerique
2790 665 3102 732 aestimant,
3144 669 3258 720 tres
3301 668 3509 719 turmas
3547 663 3676 732 fecit,
3701 662 3781 718 sed

2226 753 2392 808 duas.
2446 753 2703 825 Denique
2759 753 2860 809 ubi
2917 771 3025 809 nos
3078 754 3356 809 habemus
3407 752 3593 820 divisit,
3620 748 3788 822 Aquila

2227 841 2425 912 posuit
2479 841 2769 913 ήμὶσευςεν
2803 844 2845 909 ³,
2885 842 2943 897 id
2987 847 3078 898 est
3134 839 3487 897 dimidiavit:
3540 843 3598 894 ut
3643 853 3788 892 unum

2226 946 2479 986 cuneum
2512 930 2726 985 faceret
2754 930 3103 986 ancillarum
3142 947 3275 986 cum
3321 927 3579 1002 parvullis
3605 927 3729 990 suis,
3751 929 3794 982 et

2228 1019 2410 1075 alium
2439 1019 2546 1073 Liui
2578 1025 2634 1074 ct
2666 1019 2901 1085 Rachel,
2936 1037 3063 1091 quae
3094 1018 3286 1075 libera:
3333 1022 3505 1084 erant,
3546 1031 3664 1072 cum
3689 1013 3794 1069 ﬁliis

2227 1123 2469 1162 earum:
2503 1107 2842 1179 primasque
2882 1108 2963 1162 ire
3012 1108 3223 1163 faceret
3270 1105 3518 1169 ancillas,
3563 1103 3798 1160 secundas

2229 1197 2479 1251 liberas:
2514 1196 2641 1268 ipse
2670 1200 2864 1252 autem
2914 1200 3047 1250 ante
3096 1202 3406 1268 utrumque
3453 1208 3683 1266 gregem,
3709 1192 3799 1253 fra-

2227 1289 2377 1341 trem
2409 1286 2761 1351 adoraturus
2789 1290 3136 1341 occurreret.

2302 1374 2485 1443 (Vers.
2519 1374 2631 1445 l7.)
2665 1398 2691 1423 ‹‹
2744 1375 2813 1429 Et
2865 1373 3171 1430 zedificavit
3226 1374 3303 1427 ibi
3360 1373 3460 1443 [AL
3512 1369 3795 1443 sibilJacob

2232 1463 2493 1528 domum,
2527 1465 2583 1517 et
2614 1463 2921 1533 pecoribus
2952 1462 3077 1518 suis
3109 1462 3412 1517 aediﬁcavit
3454 1456 3803 1516 tabernacula:

2231 1551 2360 1607 ideo
2391 1551 2615 1607 vocavit
2644 1568 2855 1608 nomen
2886 1552 2999 1606 loci
3041 1551 3201 1606 illius
3252 1548 3649 1606 Tabernacula.
3676 1570 3700 1599 »
3729 1546 3806 1602 Ubi

2235 1657 2341 1696 nos
2373 1640 2729 1695 tabernacula
2757 1640 3065 1707 habemus,
3100 1640 3159 1694 in
3193 1640 3427 1695 Hebraeo
3473 1637 3666 1710 legitur
3691 1635 3807 1708 (me)

2235 1745 2512 1785 socno'rn.
2548 1732 2643 1784 Est
2674 1733 2872 1785 autem
2906 1745 3093 1800 usque
3124 1729 3299 1784 hodie
3329 1728 3529 1783 civitas
3557 1724 3808 1781 transier-

2237 1818 2447 1872 danem
2478 1817 2587 1871 hoc
2614 1816 2896 1872 vocabulo
2928 1817 2984 1870 in
3020 1821 3182 1888 parte
3210 1814 3628 1889 Scythopoleos,
3649 1814 3707 1869 de
3728 1828 3807 1884 qua

2234 1907 2293 1961 in
2326 1906 2473 1961 libro
2504 1907 2765 1961 Locorum
2795 1905 3141 1977 scripsimus
3169 1907 3211 1960 θ.

2306 1994 2493 2066 (Vers.
2539 1995 2652 2066 l8.)
2702 2017 2729 2043 ‹‹
2787 1998 2855 2048 Et
2904 1994 3064 2050 venit
3105 1995 3286 2049 Jacob
3341 1992 3527 2049 Salem
3586 1991 3804 2047 civitatem

2234 2083 2462 2138 Sichem
2494 2085 2554 2138 in
2585 2089 2798 2139 terram
2848 2083 3142 2148 Chanaan,
3193 2100 3326 2137 cum
3367 2081 3616 2139 venisset
3654 2083 3710 2135 de
3726 2078 3811 2134 Me-

2237 2171 2563 2243 sopotamia
2591 2171 2788 2244 Syriae.
2826 2193 2852 2220 »
2902 2172 3073 2226 Error
3121 2170 3403 2237 oboritur,
3455 2169 3715 2242 quomodo
3738 2166 3812 2221 Sa-

2237 2259 2372 2328 lcm,
2425 2259 2658 2316 Sichem
2723 2260 2925 2315 civitas
2985 2259 3329 2333 appelletur,
3379 2275 3511 2314 cum
3555 2253 3813 2314 Jerusalem

2237 2349 2296 2403 in
2356 2366 2473 2421 qua
2531 2350 2788 2420 regnavit
2842 2348 3288 2415 Melchisedech,
3362 2347 3554 2404 Salem
3620 2350 3730 2402 ante
3764 2342 3817 2399 sit

2237 2438 2411 2494 dicta.
2455 2443 2572 2493 Aut
2602 2438 2781 2511 igitur
2810 2442 3057 2510 utraque
3098 2439 3239 2493 urbs
3268 2438 3445 2494 unius
3476 2435 3707 2493 nominis
3731 2435 3817 2489 est:

2240 2528 2393 2599 quod
2426 2528 2601 2583 etiam
2633 2528 2652 2561 ⁷
2684 2528 2753 2583 de
2802 2527 3075 2599 pluribus
3121 2528 3340 2583 Judaeze
3388 2526 3529 2584 locis
3570 2536 3819 2598 possumus

2241 2615 2496 2671 invenire
2521 2634 2533 2671 :
2562 2620 2628 2671 ut
2656 2616 2811 2671 idem
2835 2615 2999 2671 urbis
3044 2620 3102 2672 et
3146 2615 3258 2671 loci
3303 2631 3517 2672 nomen
3566 2614 3623 2669 in
3650 2612 3744 2668 alia
3764 2612 3819 2665 ct-

2241 2721 2355 2775 que
2384 2705 2497 2760 alia
2530 2705 2687 2760 tribu
2743 2703 2857 2772 sit;
2920 2707 3023 2759 aut
3079 2708 3232 2760 certe
3290 2705 3468 2761 istam
3520 2702 3822 2770 Salem,que

2242 2811 2400 2849 nunc
2432 2811 2532 2864 pro
2573 2793 2804 2848 Sichem
2859 2792 3217 2860 nominatur,
3271 2793 3524 2849 dicimus
3576 2790 3662 2846 hic
3693 2789 3823 2843 inter-

2243 2882 2455 2955 pretari
2504 2886 2943 2938 consummatum
3008 2886 3185 2952 atque
3229 2884 3576 2954 perfectum:
3622 2884 3673 2936 et
3710 2876 3823 2931 illam

2245 2988 2371 3043 quae
2403 2975 2606 3042 postea
2663 2969 2986 3026 Jerusalem
3044 2970 3198 3025 dicta
3250 2974 3361 3037 est,
3425 2971 3693 3041 paciﬁcum
3716 2961 3823 3021 850

2245 3063 2443 3115 nostro
2492 3075 2759 3114 sermone
2814 3058 3135 3115 transferri.
3196 3063 3528 3131 Utrumque
3581 3056 3740 3121 enim,
3762 3067 3825 3108 sc-

2246 3152 2416 3204 centu
2448 3148 2757 3219 paululum
2789 3148 3079 3203 declinato
3137 3148 3178 3213 ⁸,
3204 3146 3313 3202 hoc
3330 3147 3672 3204 vocabulum
3690 3142 3827 3199 sonat.

492 3238 760 3307 ancillas,
790 3242 847 3294 et
876 3238 1074 3310 posuit
1104 3236 1347 3296 ancillas
1377 3241 1435 3292 et
1464 3235 1618 3292 ﬁlios
1650 3253 1851 3292 earum
1874 3236 2132 3308 primos:
2167 3229 2208 3295 C
2248 3237 2513 3291 Tradunt
2543 3236 2785 3303 Hebraei,
2829 3235 2983 3307 quod
3038 3235 3432 3292 claudicantis
3484 3235 3665 3291 femur
3701 3225 3829 3286 Jacob

563 3346 580 3381 ¹
613 3347 706 3402 Vir
732 3362 856 3401 vero
903 3344 1092 3400 videns
1146 3348 1344 3411 Deum,
1398 3347 1505 3398 etc.
1540 3342 1691 3397 Editi
1750 3342 1882 3397 libri
1939 3342 2133 3399 locum

493 3419 651 3475 istud
673 3416 841 3473 aliter
869 3417 1240 3488 exprimunt;
1276 3415 1487 3488 legunt
1523 3414 1680 3488 enim
1732 3414 1789 3468 in
1823 3414 1978 3488 hunc
2009 3432 2133 3470 mo-

492 3492 677 3545 dum:
715 3489 808 3545 Vir
843 3486 967 3544 vero
1012 3487 1201 3543 videns
1250 3486 1418 3542 Deum
1469 3486 1554 3541 his
1603 3487 1801 3541 litteris
1848 3486 2129 3557 scribitur,

490 3569 551 3617 ut
580 3563 666 3617 vir
693 3576 761 3615 ex
790 3561 964 3616 tribus
994 3559 1192 3614 litteris
1228 3559 1524 3627 scribatur,
1574 3556 1755 3629 aleph,
1788 3559 1898 3629 iod,
1931 3560 2041 3627 sin,
2076 3566 2135 3613 ut

489 3633 709 3688 dicatur
736 3642 855 3691 tam
879 3634 925 3686 is
945 3649 966 3685 .·
996 3631 1334 3695 videns,etc.
1369 3629 1531 3685 Unus
1579 3636 1668 3683 est
1699 3630 1877 3685 codex
1907 3629 2135 3685 Colber-

489 3704 673 3770 tinus,
714 3703 814 3774 qui
872 3702 1144 3774 eumdem
1203 3700 1465 3774 ordinem
1516 3701 1827 3774 verborum
1885 3701 2130 3768 retinet;

488 3776 678 3831 caeteri
708 3771 930 3846 omnes,
951 3772 1136 3846 Begii,
1160 3771 1493 3846 Colbertini,
1524 3772 1967 3846 etCorbeicnses
1998 3788 2131 3828 cum

488 3843 1156 3920 plurimisaliisqleg'unt
1187 3848 1250 3897 ut
1281 3860 1386 3920 nos
1408 3844 1720 3920 edidimus.
1749 3848 2022 3920 MAPT_I_AN.

563 3949 632 3959 ——
663 3916 851 3971 Verba
895 3916 1205 3971 sive’mens
1242 3916 1438 3969 videns
1482 3916 1673 3982 Deum,
1724 3932 1851 3986 quae
1898 3916 2132 3970 Martia-

491 4006 652 4045 nzeus
683 3986 901 4053 omisit,
936 4003 1003 4041 ex
1034 4003 1176 4041 mss.
1223 3992 1559 4041 nostrorum
1608 4002 1919 4055 consensu,
1954 3991 2011 4040 et
2034 3986 2131 4039 Vi-

487 4060 653 4116 ctorii
685 4058 958 4123 editione,
1008 4056 1367 4129 suﬂ‘ecirmus.
1411 4057 1639 4112 Videsis
1688 4074 1855 4129 porro
1905 4074 2032 4128 qua)
2060 4058 2130 4112 ad

489 4147 619 4187 eam
650 4145 846 4186 vocem
879 4129 1046 4185 Israel
1077 4128 1133 4183 in
1183 4128 1332 4184 libro
1380 4128 1699 4183 Nominum
1729 4130 2129 4183 observamus.

560 4204 583 4237 ²
613 4207 692 4258 Ex
719 4201 812 4257 his
841 4215 1048 4272 netrpe
1071 4200 1308 4255 fuerunt
1336 4199 1522 4264 Philo,
1557 4199 1656 4255 lib.
1689 4200 1753 4254 de
1784 4202 2060 4272 Prmmiisg
2078 4205 2134 4254 et

493 4278 688 4345 Poenis,
721 4270 1372 4345 Eusebius,_Pr_a3parat.
1408 4272 1613 4345 Euang.
1640 4288 1716 4336 xx,
1739 4272 1773 4324 6
1792 4270 2130 4345 _;_Oly_mpio_-

489 4340 690 4414 dorus,
723 4346 781 4400 in
815 4361 942 4416 cap.
979 4363 991 4399 ι
1026 4340 1420 4416 Ecclesiastaz;
1454 4342 1756 4416 Didymus,
1792 4340 2131 4416 lib.:d_eASpi-A

488 4420 604 4507 ritu
623 4412 827 4482 sancto,
863 4412 1034 4507 atque
1063 4414 1160 4469 alii
1192 4413 1434 4486 passim,
1461 4412 1617 4507 quod
1653 4414 1723 4467 ad
1748 4429 1882 4467 eum
1910 4412 2132 4507 Didymi

489 4489 684 4546 locum
719 4505 878 4544 num.
912 4484 979 4542 IIII
1009 4484 1427 4541 memoramus.
1461 4484 1539 4540 Eo
1584 4499 1814 4554 quoque
1845 4484 2131 4554 referendi

489 4566 629 4616 sunt
660 4560 806 4629 bene
856 4558 1048 4627 multi,
1089 4557 1325 4629 quibus
1385 4554 1559 4610 Israel
1602 4552 1825 4609 dicitur
1877 4552 2131 4629 ὀρᾳτικός

487 4631 623 4705 ἀνήρ
652 4628 779 4705 κτῖιίΔ
802 4626 1142 4705 Οειυρητικρξ
1190 4628 1322 4705 Una
1358 4643 1492 4681 vera
1535 4629 1864 4705 est,_quam
1900 4626 2135 4683 Hieron.

489 4699 607 4760 fere
634 4700 864 4774 praefert
889 4699 1191 4774 expositio,
1219 4700 1482 4774 Princeps
1500 4714 1635 4774 cunt
1659 4699 1780 4774 Deo.

561 4775 584 4810 ³
611 4773 671 4830 In
731 4773 975 4829 Hebraeo
1004 4773 1207 4827 dicitur

490 4864 692 4919 dierno
723 4879 837 4917 non
868 4846 1041 4923 5mm
1071 4859 1318 4914 Phanuel
1350 4874 1482 4912 cum
1532 4874 1639 4912 vau
1686 4857 1744 4912 in
1791 4857 2003 4925 medio,
2035 4861 2135 4913 sed

490 4945 667 4999 unus)
715 4934 953 4989 Pham’el
1011 4932 1097 4987 vel
1159 4930 1354 4985 Paniel
1410 4946 1545 4984 cum
1601 4929 1692 4984 iod
1741 4929 2025 5001 scriptum
2058 4930 2135 4985 le-

487 5007 707 5087 gimus.
743 5005 1155 5087 Faciliqurro
1188 5007 1276 5087 est
1305 5000 1767 5087 litterarum‘va‘u
1799 5000 1975 5087 etior‘l
2008 5018 2134 5072 per-

490 5071 756 5149 mutatio,
787 5078 923 5149 quia
954 5071 1229 5149 differunt
1278 5071 1969 5149 sola-magnitudinejol
2004 5071 2134 5143 par-

488 5144 859 5219 vitate,quod
884 5148 1099 5219 saepius
1121 5147 1391 5219 observat
1412 5144 2131 5219 Hieronymus._l\lanTIAN.

563 5247 630 5257 —
661 5215 764 5271 llic
796 5215 1033 5289 quidem
1065 5218 1125 5273 in
1177 5216 1478 5272 Hebraicis
1527 5215 1958 5286 exemplaribus
2000 5231 2131 5269 cum

485 5301 576 5355 iod
606 5304 907 5376 scribitur.
931 5292 1125 5371 5x735,
1160 5306 1260 5360 sed
1300 5305 1359 5360 in
1415 5304 1796 5376 subsequenti
1847 5303 2133 5376 versiculo

487 5388 619 5455 cum
666 5382 687 5429 Ἰ
725 5389 865 5455 'vuu,
896 5361 1137 5455 ⁸78ὕέξαῖ
1158 5377 1223 5430 Et
1281 5377 1302 5432 1
1350 5361 1783 5455 Paralipdrnen:
1866 5392 1990 5455 VIII,
2039 5375 2129 5442 24,

486 5444 892 5573 Ἆιὲῗῇεὸεέξςὲἠ,
927 5463 1052 5516 quae
1088 5444 1579 5503 Massoretharum
1613 5448 1787 5503 estad
1808 5446 2130 5519 marginem

492 5523 645 5581 nota,
668 5523 866 5576 ἻΝῚΞΞ.

558 5589 579 5622 ⁸
611 5592 826 5641 Erasm.
861 5601 947 5640 ac.
979 5585 1268 5640 Victorius
1289 5590 1569 5655 secundos,
1595 5590 2130 5645 contradicentibus

488 5677 629 5716 mss.
666 5658 908 5729 ipsoque
951 5656 1226 5709 Hebraico
1254 5663 1431 5713 textu.

558 5764 623 5773 —
652 5732 853 5787 Pueros
911 5729 1030 5801 ejus
1085 5729 1428 5783 novissimos.
1490 5730 1597 5801 Pro
1642 5735 1967 5787 novissimos
2004 5732 2126 5787 edi-

482 5803 670 5865 tiones
717 5800 939 5863 veteres
992 5802 1319 5876 posuerunt
1371 5800 1678 5858 secundos:
1734 5801 2126 5876 manuscripti

1268 4769 1531 4825 Phanuel.
1611 4769 1673 4823 In
1743 4768 1981 4824 Hebraeo
2035 4769 2137 4825 bo-

2244 3348 2435 3399 antem
2469 3342 2697 3398 codices
2727 3342 2945 3397 habent
2974 3343 3288 3397 novissimos
3317 3359 3339 3403 ;
3374 3359 3481 3398 nec
3500 3338 3761 3397 immerito
3777 3334 3831 3389 ita

2242 3414 2466 3485 legunt,
2526 3430 2660 3469 cum
2717 3414 2779 3468 in
2838 3414 2965 3485 ipso
3019 3414 3302 3467 Hebraico
3344 3418 3614 3469 contextu
3643 3406 3829 3466 liliiLie

2244 3484 2417 3558 pesiti
2449 3486 2567 3539 sint
2598 3484 3195 3558 Dtnnngahharonim,
3225 3485 3444 3558 idest,
3477 3485 3829 3558 posteriores‘ac

2242 3552 2546 3625 novissimi,
2592 3555 3089 3628 quemadmodum
3128 3552 3195 3628 et
3244 3554 3349 3610 lilii
3398 3552 3660 3628 Rachelis
3687 3552 3829 3628 poste-

2244 3630 2424 3684 riores
2457 3624 2689 3699 quoq—ue
2721 3628 2986 3699 feruntur
3014 3626 3210 3697 positi.
3244 3628 3382 3699 Qua:
3425 3627 3594 3683 lectio
3625 3624 3832 3699 ﬁrmati}?

2244 3693 2495 3755 maxime
2526 3693 2977 3770 Hieronymiana
3007 3693 3403 3771 adnotatione,
3455 3716 3573 3771 qua
3600 3693 3771 3771 statuit
3790 3693 3828 3742 Β.

2248 3776 2471 3838 Doctor,
2516 3788 2630 3825 non
2682 3764 2802 3825 tres
2842 3785 3057 3825 cuneos
3107 3768 3313 3824 fecisse
3360 3764 3566 3839 Jacob,
3611 3767 3700 3824 sed
3724 3764 3829 3818 duos

2244 3848 2511 3910 tantum;
2564 3858 2776 3913 nempe
2814 3857 3033 3913 unum
3067 3857 3338 3913 cuneium_
3365 3841 3828 3913 ancillarum___cum

2243 3906 2507 3985 parvulis
2530 3913 2676 3977 suis,
2773 3912 2954 3967 alium
2977 3911 3175 3985 Liteet
3206 3911 3508 3978 Rachelis,
3540 3928 3662 3985 quae
3688 3906 3827 3963 liberm

2241 3983 2425 4054 crant,
2459 4001 2592 4040 cum
2634 3983 2771 4039 filiis
2810 4000 3032 4038 earum.
3068 3983 3352 4038 Maurum.

2311 4065 2331 4098 ⁵
2362 4049 2654 4120 Hactenus
2701 4062 2839 4119 editi
2898 4062 3159 4134 ήμὶσυσεν
3224 4079 3326 4134 pro
3386 4062 3675 4135 ήμὶσευσεν
3728 4049 3839 4129 quod

2242 4136 2555 4208 prtel‘erunt
2586 4151 2729 4190 mss.

2311 4217 2332 4249 ⁸
2364 4215 2787 4271 Recensuimus
2819 4231 2998 4285 supra
3026 4213 3286 4270 column.
3318 4213 3449 4269 966.

2312 4296 2331 4329 ⁷
2365 4295 2526 4350 Unus
2558 4294 2791 4367 Reginae
2821 4310 2965 4350 mss.
2996 4295 3101 4349 Aut
3141 4296 3327 4367 itaque
3359 4297 3533 4351 unius
3562 4293 3705 4350 urbis
3732 4290 3842 4343 πίνοι

2242 4382 2344 4438 que
2372 4367 2614 4420 nominis
2641 4367 3099 4437 estintcrpretatio
3145 4366 3288 4437 quod
3315 4368 3514 4435 etiam,
3545 4371 3651 4422 etc.

2311 4448 2331 4480 ⁸
2364 4449 2594 4502 Λσεεηιηιι
2638 4433 2903 4517 papulum
2951 4433 3251 4509 declinato,
3301 4449 3410 4503 etc.
3466 4433 3741 4517 Accentus
3777 4433 3845 4491 ille

2242 4517 2451 4573 litterae
2480 4531 2534 4576 Ψ
2568 4514 2871 4590 paululum
2904 4517 3258 4590 declinatus,
3290 4521 3530 4590 notatur
3558 4514 3717 4573 hodie
3741 4522 3843 4590 ρατι-

2169 4599 2214 4662 Ι)
2250 4589 2404 4644 ctulo
2435 4581 2721 4662 superiori
2753 4590 2953 4644 dextro
2982 4589 3069 4662 vel
3095 4589 3438 4662 ‘sini‘strorad
3473 4590 3630 4645 hunc
3658 4581 3845 4642 modum

2248 4674 2322 4728 Ψ,
2467 4663 2527 4715 In
2553 4660 2752 4715 lexicis
2783 4666 2981 4715 tamen
3011 4660 3309 4715 Hebraicis
3338 4660 3528 4716 Solem
3576 4675 3704 4715 cum
3741 4664 3846 4726 pﬂﬂ'

2250 4731 2406 4787 ctulo
2443 4732 2500 4785 in
2534 4733 2768 4787 dextera
2818 4737 2979 4803 parte
3019 4732 3218 4804 litterir
3369 4732 3661 4804 significat
3684 4731 3845 4804 et

2250 4807 2587 4859 summatum
2616 4791 3027 4877 etipacfiﬁcum.
3088 4802 3268 4877 Unde
3299 4791 3487 4877 liquet
3538 4791 3845 4877 veteres}?

2251 4877 2432 4930 brmos
2462 4866 2728 4929 nonnihil
2760 4866 3091 4947 discrepare
3118 4879 3177 4928 et
3214 4866 3633 4947 dissentireiab
3663 4866 3843 4947 hodie?

2250 4948 2359 5002 nis.
2394 4947 2600 5002 Confer
2628 4947 2742 5000 ista
2773 4962 2904 5000 cum
2954 4944 3151 5000 nostra
3178 4944 3484 5017 Apologia
3539 4945 3841 5017 Hieronymi

2246 5024 2301 5073 ot
2331 5036 2466 5073 cum
2500 5035 2635 5073 voce
2667 5017 2831 5072 Sabee
2863 5022 3031 5073 antea
3064 5016 3263 5088 posita
3285 5016 3408 5088 cap.
3443 5034 3620 5082 xxvn,
3652 5026 3780 5068 vers.

2249 5090 2535 5145 MARTIAN.

2317 5139 2557 5215 :‘v'i'a'e
2587 5176 2712 5231 quae
2744 5176 2923 5230 supra
2953 5159 3023 5212 de
3074 5160 3181 5213 ιδειι
3224 5158 3299 5231 ad
3347 5158 3489 5231 Gen.
3543 5173 3593 5231 ρ.
3644 5172 3700 5219 ιιι
3728 5139 3843 5231 μεθ’

2244 5236 2303 5286 et
2332 5233 2402 5287 de
2434 5229 2688 5287 Sabce‘in
2721 5247 2847 5302 cap.
2882 5248 3028 5292 xxiv,
3058 5247 3124 5302 7v.
3178 5230 3266 5295 33,
3305 5230 3415 5302 ubi
3464 5229 3665 5302 eadem
3694 5230 3843 5302 regi}?

2244 5303 2321 5357 rit
2349 5302 2682 5368 difﬁcultas,
2718 5290 2995 5357 diiimus.
3016 5290 3146 5373 Hoc
3185 5290 3438 5373 profecto
3469 5298 3651 5373 liquet
3676 5297 3727 5350 et
3743 5290 3843 5373 Hi?

2244 5392 2511 5453 ronymo,
2546 5374 2883 5453 litteram‘w
2916 5389 3018 5443 pro
3058 5369 3287 5453 diversa
3327 5369 3843 5453 signiﬁcatione-Vr

2243 5437 2437 5500 cabuli
2466 5437 2525 5500 in
2559 5462 2671 5517 quo
2701 5448 2844 5507 erat,
2880 5437 3118 5517 accentu
3150 5443 3289 5497 olim
3323 5437 3842 5517 fuissedistinciaﬂ-

2244 5507 2613 5572 Recentiores
2671 5514 3036 5588 grammatici
3090 5531 3231 5588 eam;
3271 5519 3463 5588 notam
3516 5513 3576 5566 in
3606 5507 3843 5588 punctu?

2241 5579 2869 5667 commiitarint,’qiiod
2893 5586 3314 5667 alterutriejus
3364 5585 3585 5667 Ilitterze
3607 5579 3849 5667 immitti}:1

2237 5633 2820 5729 intponiintztametsi
2856 5658 2915 5711 in
2948 5633 3266 5729 propositio
3318 5642 3453 5716 inSt?
3512 5633 3837 5729 nominate}

2238 5719 2509 5802 integrum
2539 5735 2727 5802 sonet,
2757 5729 2843 5784 vel
2873 5719 3183 5801 paciﬁcum,
3232 5732 3514 5802 punctum
3556 5724 3617 5782 in
3646 5719 3839 5779 dem"

2237 5818 2419 5860 cornu
2450 5801 2625 5861 hodie
2654 5800 2931 5875 pingunt.
3000 5800 3003 5801 ⁷
3233 5800 3249 5802 ⁷
3936 5800 3937 5827 ξ
