4058 6172
1734 339 1799 401 8.
1846 334 2161 402 EUSEBII
2201 334 2668 401 HIERONYMI.

3671 324 3805 401 tota

487 471 626 531 tari.
659 472 807 529 Cum
836 469 993 529 enim
1024 470 1247 529 dextera
1276 469 1601 544 appelletur
1651 489 1819 528 manu
1855 471 2026 544 (τηεν)
2057 476 2131 540 et,
2164 471 2220 538 Α
2250 470 2560 545 diligenter
2588 469 3108 527 Deute‘ronomium
3140 470 3221 543 (ιι,
3248 468 3359 542 21),
3381 468 3474 526 ubi
3499 470 3808 529 manifestius

492 562 820 619 ﬁniatur-in
850 580 886 617 η
914 561 1192 628 litteram,
1223 561 1341 617 dies
1371 562 1613 633 quidem
1663 560 2038 633 appellantur
2080 564 2139 616 et

492 651 622 725 ipse
650 652 1060 723 IAM1M(D7D’),
1094 650 1194 705 sed
1226 650 1287 704 in
1315 666 1373 704 νη
1417 648 1674 705 litteram
1721 648 2135 705 terminantur.

565 740 752 813 (Vers.
782 741 872 795 21.
905 740 923 810 )
954 761 983 789 ‹‹
1015 742 1084 793 Et
1111 738 1409 811 profectus
1437 743 1527 794 est
1554 737 1731 794 Israel
1758 756 1770 794 :
1796 742 1852 794 et
1880 738 2139 793 extendit

493 828 940 886 tabernaculum
973 843 1148 883 suum
1177 832 1343 883 trans
1372 827 1582 882 turrim
1614 828 1784 883 Ader.
1811 849 1839 877 »
1862 827 2027 882 Hunc
2058 826 2137 882 lo-

495 934 633 974 cum
662 916 885 973 Hebraei
913 932 1042 973 esse
1069 915 1290 983 volunt,
1322 916 1423 971 ubi
1454 920 1656 987 postea
1682 916 1967 989 templum
1999 916 2135 971 mdi-

494 1007 738 1063 ﬂcatum
767 1010 890 1062 est:
927 1010 983 1062 et
1011 1008 1211 1060 turrim
1239 1005 1400 1072 Ader,
1449 1008 1658 1061 turrim
1701 1008 1883 1076 gregis
1912 1005 2135 1077 signifi-

497 1113 628 1153 care
693 1096 802 1151 hoc
866 1099 954 1151 est
1020 1096 1451 1167 congregationis
1508 1100 1564 1150 et
1628 1098 1831 1150 cretus:
1884 1095 2039 1166 quod
2080 1098 2137 1149 et

497 1185 770 1242 Michaeas
794 1184 1078 1257 propheta
1123 1189 1391 1251 testatur,
1440 1184 1681 1240 dicens:
1737 1187 1811 1239 Et
1863 1189 1923 1239 tu
1969 1186 2137 1239 turris

493 1276 677 1347 gregis
695 1274 975 1341 nebulosa,
1006 1274 1128 1344 ﬁlia
1147 1273 1279 1329 Sion
1325 1274 1504 1343 (Mich.
1556 1291 1630 1342 Iv,
1680 1274 1757 1343 8),
1807 1276 1864 1327 et
1892 1277 2133 1329 caetera:

492 1361 716 1434 illoque
766 1366 1028 1433 tempore
1073 1360 1276 1425 Jacob,
1325 1366 1489 1415 trans
1536 1359 1732 1415 locum
1776 1359 1878 1413 ubi
1935 1365 2138 1431 postea

493 1450 782 1523 templum
814 1449 1166 1505 aedificatum
1199 1451 1308 1513 est,
1335 1447 1615 1502 habuisse
1646 1446 1916 1502 tentoria.
1941 1447 2053 1502 Sed
2087 1446 2136 1501 si

495 1555 816 1611 sequamur
842 1536 1107 1594 ordinem
1136 1535 1262 1605 viae,
1283 1538 1584 1606 pastorum
1604 1537 1776 1606 juxta
1794 1534 2136 1591 Bethlehem

492 1628 659 1685 locus
688 1632 798 1692 est,
830 1626 931 1681 ubi
971 1624 1061 1680 vel
1109 1622 1449 1696 angelorum
1499 1639 1598 1678 rex
1644 1623 1703 1677 in
1752 1627 1881 1678 ortu
1903 1622 2137 1678 Domini

493 1714 741 1772 cecinit:
772 1714 860 1769 vel
897 1714 1081 1769 Jacob
1131 1728 1341 1784 pecora
1388 1729 1497 1767 sua
1543 1712 1719 1783 pavit,
1771 1711 1896 1767 loco
1922 1728 2136 1768 nomen

492 1804 837 1876 imponens:
868 1802 958 1857 vel
990 1802 1143 1873 quod
1175 1800 1371 1856 verius
1398 1805 1508 1870 est,
1560 1801 1817 1872 quodam
1861 1800 2137 1857 vaticinio

492 1891 757 1949 futurum
779 1891 905 1962 jam
937 1894 1079 1945 tunc
1111 1889 1456 1961 mysterium
1488 1890 1945 1945 monstrabatur.

562 1981 750 2051 (Vers.
794 1980 911 2051 27.)
942 2002 971 2029 «
1025 1980 1094 2034 Et
1140 1978 1298 2034 venit
1344 1979 1527 2034 Jacob
1575 1980 1647 2034 ad
1700 1979 1860 2035 Isaac
1909 1968 2133 2051 patrem

491 2086 668 2128 suum
698 2070 759 2125 in
791 2068 1070 2138 Mambre,
1101 2067 1393 2123 civitatem
1422 2068 1627 2131 Arbee,
1680 2067 1803 2123 haec
1851 2072 1942 2123 est
1989 2068 2136 2123 Che-

489 2160 631 2216 bron
657 2160 696 2216 ¹.
731 2180 758 2209 ››
790 2158 909 2214 Pao
937 2174 1119 2213 ansas
1148 2157 1209 2211 in
1243 2157 1626 2229 Septuaginta
1642 2173 1895 2228 campum
1918 2158 2092 2213 habet
2117 2174 2130 2213 :

492 2264 627 2304 cum
658 2247 901 2304 Chebron
931 2247 992 2302 in
1024 2250 1222 2302 monte
1252 2246 1365 2302 sita
1391 2247 1485 2301 sit.
1537 2246 1754 2301 Eadem
1803 2250 2001 2302 autem
2053 2246 2135 2301 ci-

487 2337 640 2393 vitas
664 2336 881 2392 dicitur
910 2340 966 2392 et
994 2352 1261 2404 maneas,
1294 2335 1367 2391 ab
1398 2334 1589 2391 amico
1618 2334 1862 2390 Abrahae
1918 2334 2003 2391 ita
2030 2352 2134 2391 an-

486 2424 744 2498 tiquitus
772 2422 1088 2497 appellata.

559 2516 721 2584 (Cap.
756 2512 1000 2567 XXXVI.
1025 2542 1094 2552 —
1114 2510 1277 2567 Vers.
1312 2510 1390 2581 4.)
1423 2531 1452 2560 ‹‹
1487 2510 1556 2564 Et
1582 2510 1806 2582 peperit
1834 2511 1957 2566 Ada
1983 2513 2135 2568 Esau

485 2600 748 2674 Eliphaz.
785 2624 808 2654 ι
845 2601 960 2656 Iste
988 2605 1080 2655 est
1109 2598 1374 2672 Eliphaz,
1406 2600 1579 2670 cujus
1603 2598 1906 2671 Scriptura
1939 2600 1998 2655 in
2026 2600 2134 2656 Job

490 2689 788 2746 volumine
820 2689 1182 2745 recordatur.
1706 2702 1719 2707 ”

564 2778 749 2851 (Vers.
780 2778 892 2845 19.)
927 2800 954 2828 ‹‹
990 2779 1089 2834 Isti
1120 2777 1231 2832 ﬁlii
1261 2778 1436 2846 Esau,
1468 2781 1525 2832 et
1562 2777 1658 2832 isti
1712 2777 2010 2850 principes
2041 2795 2137 2834 eo-

495 2884 628 2924 rum
663 2867 818 2924 802
849 2867 975 2940 ipse
1004 2870 1094 2922 est
1124 2866 1325 2933 Edom,
1377 2869 1435 2921 et
1476 2865 1536 2920 hi
1586 2865 1690 2920 lilii
1733 2865 1877 2922 Seir.
1917 2889 1943 2915 »ι
1986 2871 2135 2923 Esau

498 2960 560 3014 et
587 2957 773 3013 Edom
819 2960 871 3011 et
924 2955 1069 3022 Seir,
1123 2954 1300 3009 unius
1350 2971 1561 3009 nomen
1611 2959 1698 3009 est
1745 2953 2042 3011 hominis:
2083 2960 2139 3011 et

499 3062 683 3118 quare
718 3044 875 3101 varie
900 3047 1274 3116 nuncupetur
1320 3059 1500 3115 supra
1541 3042 1765 3099 dictum
1813 3047 1919 3098 est.
1972 3044 2133 3108 Quod

501 3138 697 3192 autem
726 3133 1025 3205 sequitur:

568 3223 748 3295 (Vers.
797 3223 965 3290 20.)»
1004 3221 1074 3275 Et
1119 3219 1369 3276 Chorrsei
1413 3218 1774 3275 habitantis’
1820 3225 2058 3286 terram,
2104 3243 2131 3270 ››

492 3315 552 3368 et
581 3310 809 3383 reliqua
836 3314 1151 3382 postquam
1182 3308 1547 3364 enumeravit
1576 3307 1729 3363 filios
1759 3309 1933 3372 Esau,
1958 3308 2136 3365 altius

491 3400 720 3473 repetit,
752 3403 809 3455 et
837 3397 1090 3470 exponit,
1141 3397 1240 3469 qui
1272 3402 1404 3453 ante
1450 3397 1603 3451 Esau
1646 3397 1707 3452 in
1754 3398 1936 3452 Edom
1981 3402 2136 3454 terra

489 3489 783 3561 principes
826 3487 1043 3544 fuerint
1088 3502 1158 3541 ex
1211 3502 1422 3557 genere
1481 3485 1877 3555 Chorrceorum,
1940 3488 2040 3558 qui
2073 3487 2133 3542 in

484 3575 689 3650 lingua
751 3581 953 3633 nostra
1020 3574 1482 3647 interpretantur
1546 3574 1710 3630 liberi
1732 3575 1775 3629 ³.
1847 3581 2133 3648 Legamus

482 3775 581 3831 tur
635 3776 777 3827 Gen.
830 3787 977 3826 XLIV.
1008 3772 1100 3837 20,
1125 3770 1222 3825 ubi
1246 3768 1550 3839 Benjamin
1571 3773 1814 3825 vocatur
1860 3770 2010 3839 ﬁlius
2047 3788 2129 3827 se-

479 3845 783 3901 nectutum.
815 3842 884 3896 Et
912 3843 1092 3913 lamin
1123 3858 1228 3912 pro
1259 3841 1469 3913 Iamim
1504 3841 1789 3913 accipitur
1827 3841 2129 3898 dialectico

480 3912 738 3987 Syriaca,
772 3912 1164 3987 quaJacobus
1194 3912 1429 3987 modos
1451 3912 1619 3983 Syria
1637 3912 1955 3987 adveniens
1984 3915 2130 3987 bene

480 3981 566 4038 uti
596 3981 844 4054 poterat.
877 3982 1038 4039 Adde
1069 3983 1224 4053 quod
1257 3981 1343 4036 illi
1366 3981 1863 4053 jam’contenario
1896 3984 2127 4057 genitus

482 4058 743 4180 alat-Duo
796 4139 938 4179 mss.
991 4126 1116 4196 Huic
1165 4128 1267 4196 est
1310 4125 1529 4196 Hebron
1575 4125 1669 4181 hic
1710 4130 1909 4196 atque
1952 4126 2122 4182 infra.

480 4198 657 4254 Porro
712 4200 1006 4251 verterant
1062 4195 1199 4251 LXX
1232 4194 1308 4257 εὶς
1347 4192 1508 4249 πόλιν
1539 4199 1635 4249 τοῦ
1657 4192 1866 4262 πέδίοῦ,
1902 4198 1959 4250 in
1990 4199 2123 4252 civi-

476 4272 647 4325 tatem
674 4268 877 4339 campi.
905 4267 1052 4323 Vide
1080 4266 1296 4322 librum
1331 4272 1595 4323 Locorum
1622 4269 1693 4322 ad
1731 4283 1895 4322 voces
1952 4268 2125 4325 Arboc

477 4344 538 4397 et
568 4339 830 4397 Chebron.

548 4412 569 4446 ²
600 4411 781 4466 Iidem
814 4426 958 4465 mss.
991 4410 1273 4466 Cliorrazos
1306 4409 1630 4464 habitantes.
1674 4407 1906 4480 Vulgat.
1956 4409 2122 4465 Chor-

476 4483 581 4537 rwi
620 4481 970 4537 habitatores.

2249 561 2545 628 scribitur,
2581 560 2873 633 quomodo
2898 559 3162 615 venerint
3188 559 3291 614 filii
3323 563 3485 627 Esau,
3532 562 3582 615 et
3620 560 3809 617 interfe-

2247 651 2432 705 cerint
2462 649 2783 716 Chorrazos,
2817 664 2884 704 ac
2908 653 3123 705 terram
3155 665 3353 705 eorum
3381 648 3683 704 hereditate
3706 665 3810 721 pos-

2247 738 2525 795 sederint.

2319 826 2502 899 (Vers.
2534 827 2651 899 22.)
2685 848 2713 876 «
2743 831 2809 882 Et
2854 828 3094 882 fuerunt
3144 825 3249 882 filii
3296 825 3533 893 Lothan,
3578 825 3752 881 Chorri
3772 833 3815 882 et

2246 917 2502 971 Emam:
2573 922 2630 971 et
2704 933 2869 972 soror
2918 915 3140 971 Lothan
3185 914 3464 971 Thamna.
3494 936 3520 964 η
3592 917 3707 970 Haec
3751 917 3817 971 est

2247 1006 2515 1060 Tbamna
2545 1006 2615 1061 de
2655 1022 2772 1077 qua
2813 1021 2994 1076 supra
3036 1004 3258 1060 dictum
3289 1008 3412 1060 est:
3445 1026 3472 1052 «
3515 1004 3580 1058 Et
3602 1003 3816 1059 Thamua

2247 1098 2372 1149 erat
2392 1093 2717 1149 concubina
2732 1092 2971 1165 Elipbaz
2996 1091 3097 1147 lilii
3121 1090 3488 1165 primogeniti
3518 1092 3671 1158 Esau,
3699 1096 3745 1147 et
3766 1108 3815 1147 ex

2245 1182 2375 1255 ipsa
2405 1187 2579 1238 natus
2608 1186 2698 1238 est
2730 1182 3021 1238 Amalech.
3058 1204 3085 1231 «
3122 1181 3336 1237 Idcirco
3367 1185 3554 1236 autem
3583 1179 3817 1236 Chorreo-

2246 1288 2378 1327 rum
2430 1271 2766 1327 recordatus
2813 1275 2921 1335 est,
2971 1270 3111 1342 quia
3159 1269 3573 1343 primogenitus
3613 1268 3817 1324 ﬁliorum

2245 1361 2395 1417 Esau
2428 1377 2493 1416 ex
2514 1360 2750 1415 filiabus
2764 1376 2963 1415 eorum
2988 1362 3287 1431 acceperat
3302 1357 3684 1415 concubinam.
3698 1355 3818 1420 Quod

2247 1453 2443 1505 autem
2471 1448 2709 1516 dicitur,
2743 1448 2975 1505 Theman
3013 1455 3066 1503 et
3103 1448 3274 1503 Cenes
3300 1452 3353 1503 et
3399 1444 3660 1513 Amalech,
3688 1448 3735 1500 et
3758 1460 3819 1500 re-

2245 1537 2438 1610 liqua:
2475 1538 2733 1593 sciamus
2762 1541 2965 1610 postea
3005 1536 3346 1610 regionibus
3397 1536 3749 1591 Idumaeorum
3772 1549 3820 1588 ex

2246 1626 2339 1682 his
2369 1626 2652 1682 vocabula
2671 1626 2967 1699 imposita.

2319 1715 2505 1787 (Vers.
2536 1717 2651 1789 24.)
2684 1738 2712 1766 ‹‹
2746 1717 2872 1787 Ipse
2903 1720 2992 1771 est
3021 1716 3167 1783 Ana,
3202 1715 3305 1787 qui
3338 1712 3554 1770 invenit
3596 1711 3756 1768 Jamin
3778 1711 3819 1765 in

2246 1804 2501 1872 deserto,
2534 1819 2670 1859 cum
2702 1808 2967 1876 pasceret
2994 1803 3192 1860 asinos
3221 1804 3448 1859 Zebeon
3500 1802 3665 1874 patris
3688 1799 3773 1855 sui.
3794 1820 3816 1847 υ

2244 1891 2426 1947 Multa
2456 1897 2514 1948 et
2538 1892 2698 1947 varia
2728 1893 2883 1964 apud
2915 1892 3184 1948 Hebraeos
3209 1892 3281 1947 de
3338 1891 3446 1947 hoc
3476 1888 3705 1963 capitulo
3725 1888 3814 1943 dis-

2243 1984 2563 2054 putantur:
2598 1982 2754 2053 apud
2786 1981 3013 2037 Graecos
3063 1980 3282 2053 quippe
3333 1985 3391 2036 et
3438 1985 3654 2036 nostros
3688 1989 3816 2048 super

2245 2070 2354 2125 hoc
2383 2069 2682 2125 silentium
2714 2074 2820 2124 est.
2855 2068 2970 2124 Alii
2994 2073 3202 2140 putant
3220 2085 3438 2124 AIAMIM
3458 2069 3480 2103 ⁴
3507 2069 3696 2140 (nam)
3726 2080 3817 2121 ma-

2246 2157 2655 2230 riaappellata.
2675 2158 2886 2213 Iisdem
2909 2159 3067 2213 enim
3092 2157 3302 2213 litteris
3320 2157 3650 2213 scribuntur
3666 2154 3816 2216 maria,

2246 2246 2460 2319 quibus
2490 2250 2547 2301 et
2575 2263 2732 2301 nunc
2762 2246 2856 2301 hic
2888 2261 3078 2301 sermo
3108 2246 3444 2318 descriptus
3473 2249 3577 2301 est.
3601 2244 3659 2300 Et
3674 2242 3821 2298 volunt

2245 2334 2416 2391 illum
2475 2335 2617 2390 dum
2673 2335 2860 2407 pascit
2913 2335 3111 2391 asinos
3169 2336 3358 2407 patris
3400 2334 3491 2390 sui
3548 2335 3603 2388 in
3629 2333 3820 2393 deserto,

2245 2440 2535 2496 aquarum
2593 2423 3072 2497 congregationes
3159 2425 3474 2496 reperisse,
3538 2436 3651 2495 quae
3700 2422 3823 2491 juxta

2244 2513 2465 2570 idioma
2493 2513 2704 2586 linguae
2736 2513 3031 2569 Hebraicm
3060 2515 3243 2569 maria
3295 2516 3690 2585 nuncupentur
3711 2505 3822 2580 quod

2247 2602 2471 2658 scilicet
2516 2607 2790 2673 stagnum
2842 2600 3138 2673 repererit,
3184 2602 3360 2673 cujus
3411 2601 3493 2657 rei
3538 2597 3756 2655 inventio
3778 2595 3819 2649 in
3866 2646 3872 2654 .

2246 2706 2441 2746 eremo
2472 2690 2731 2745 difﬁcilis
2761 2695 2869 2745 est.
2916 2688 3193 2745 Nonnulli
3242 2694 3477 2761 putant,
3534 2703 3686 2759 aquas
3720 2681 3825 2740 cali-

2245 2779 2340 2834 das
2360 2780 2381 2813 5
2403 2780 2572 2849 juxta
2595 2780 2823 2834 Punicae
2854 2778 3067 2851 lingua:
3119 2777 3423 2845 viciniam,
3472 2795 3594 2850 quae
3634 2774 3823 2831 Hebraea

2246 2866 2609 2923 contermina
2658 2872 2770 2935 est,
2819 2866 2928 2923 hoc
2976 2866 3257 2923 vocabulo
3315 2867 3554 2939 signari.
3602 2857 3821 2931 suntqui

2245 2955 2606 3011 arbitrentur
2635 2957 2904 3027 onagros6
2934 2957 3007 3010 ab
3056 2955 3165 3011 hoc
3215 2956 3513 3012 admissos
3552 2952 3690 3011 868
3733 2960 3823 3005 esse

2245 3045 2316 3099 ad
2350 3044 2582 3099 asinas:
2618 3048 2675 3099 et
2701 3043 2896 3116 ipsum
2929 3043 3105 3101 istius
3136 3044 3293 3099 modi
3351 3043 3626 3118 reperisse
3664 3052 3825 3097 coucu-

2245 3132 2454 3199 bitum,
2488 3137 2553 3187 ut
2579 3131 2932 3188 velocissimi
2963 3149 3031 3188 ex
3061 3132 3153 3189 his
3185 3134 3340 3189 asini
3374 3135 3730 3189 nascerentur
3751 3122 3821 3197 qui

2246 3224 2527 3276 vocantur
2546 3237 2720 3276 ΙΑΜΙΜ
2740 3221 2959 3291 (ωηεν).
2990 3219 3257 3293 Plerique
3274 3224 3508 3293 putant,
3533 3218 3674 3293 quod
3693 3229 3826 3287 equa-

2247 3326 2377 3365 rum
2408 3325 2613 3382 greges
2644 3310 2716 3365 ab
2748 3309 2935 3365 asinis
2955 3309 3017 3364 in
3040 3310 3270 3366 deserto
3293 3311 3422 3383 ipse
3448 3308 3632 3366 fecerit
3648 3305 3823 3379 primus

2244 3398 2501 3462 ascendi,
2537 3402 2602 3452 ut
2648 3397 2944 3453 mulorum
2990 3398 3127 3453 inde
3174 3414 3327 3454 nova
3375 3404 3572 3455 contra
3610 3398 3823 3451 naturam

2243 3485 2522 3541 animalia
2576 3490 2974 3543 nascerentur.
3032 3487 3248 3558 Aquila
3308 3488 3467 3543 hunc
3550 3486 3721 3542 locum
3766 3478 3823 3533 ita

2240 3574 2579 3631 transtulit:
2613 3576 2731 3646 Ipse
2757 3578 2836 3631 est
2866 3577 3007 3644 Ana,
3037 3578 3135 3647 qui
3162 3576 3377 3633 invenit
3406 3574 3497 3629 σὺν
3527 3573 3660 3644 τοὺς,
3691 3565 3824 3642 ὲμὶμτ

2240 3773 2299 3826 et
2328 3770 2495 3825 asina
2525 3774 2863 3826 nascantur.
2899 3770 2962 3827 Id
2992 3786 3164 3841 porro
3195 3770 3564 3828 adinvenisse
3584 3772 3714 3841 Ana,
3736 3761 3821 3841 sive

2239 3841 2616 3915 excogitasse,
2668 3857 2803 3897 cum
2855 3836 3119 3915 pasceret
3168 3843 3388 3915 asinos,
3444 3848 3508 3899 ut
3564 3836 3822 3915 applicaret

2239 3912 2460 3984 equum
2490 3912 2713 3984 asinae,
2751 3928 2819 3966 ex
2853 3912 3069 3982 quibus
3126 3931 3273 3969 nova
3330 3914 3434 3969 illa
3464 3912 3732 3984 mulorum
3774 3912 3816 3984 ill

2239 3975 2530 4056 m'undum
2560 3975 2785 4056 species
2833 3975 3133 4056 prodierit.
3185 3985 3249 4040 In
3299 3986 3456 4042 idem
3502 3982 3751 4056 recidunt
3782 3975 3823 4056 et

2237 4055 2339 4126 qui
2369 4048 2757 4126 putantfquod
2785 4048 3054 4126 equarum
3088 4072 3275 4126 greges
3294 4059 3363 4113 ab
3389 4058 3562 4112 asinis
3579 4056 3636 4109 in
3660 4048 3822 4126 deserto

2237 4122 2351 4197 ipse
2367 4122 2556 4197 iecerit
2597 4122 3106 4198 primus'ascendi'
3129 4122 3205 4183 Ut
3247 4144 3384 4184 vero
3432 4128 3551 4183 haec
3591 4122 3823 4198 sententia

2236 4193 2304 4279 ex
2335 4193 2421 4279 eo
2450 4193 2813 4279 commodior
2865 4197 3152 4279 videatur,
3196 4200 3361 4279 “quod
3417 4201 3539 4254 Ana
3575 4193 3820 4279 μίμοις-ξι]

2236 4269 2464 4323 deserto
2498 4268 3124 4340 traditurcustodisse,
3155 4265 3294 4340 aliis
3310 4275 3505 4325 tamen
3527 4284 3556 4324 e
3574 4265 3822 4340 Scriptura

2236 4338 2601 4413 argumentis
2630 4336 2937 4413 refellitur,
2953 4355 3136 4412 eoque
3149 4339 3208 4395 in
3225 4341 3456 4413 primis,
3474 4339 3621 4412 quod
3634 4336 3821 4413 nomine

2236 4406 2380 4470 cnim
2412 4409 2558 4464 nulli
2591 4408 2803 4464 nullibi
2834 4406 3095 4466 locorum
3126 4406 3544 4473 memorentur.
3574 4406 3701 4480 quin
3732 4406 3820 4480 imo

2231 4481 2362 4552 ipsa
2391 4484 2595 4535 eorum
2626 4480 2850 4551 species
2880 4486 3007 4537 tum
3040 4481 3278 4539 demum
3330 4483 3440 4539 sub
3484 4474 3685 4538 Davide
3717 4474 3821 4535 ιιοιι

547 4553 569 4585 ³
595 4550 844 4636 ln‘libr'o‘
864 4551 1203 4636 Nominum,
1244 4548 1553 4636 iracundos,
1607 4548 1672 4605 de
1724 4550 2118 4620 foraminibus,
2151 4571 2199 4636 D
2231 4548 2773 4636 e_x.S_c‘ripturis‘_si’t.

474 4626 533 4679 et
562 4622 787 4695 rectius
804 4623 1156 4695 Troglodytas
1181 4622 1618 4695 interpretatur.

542 4695 565 4729 ⁴
599 4694 658 4749 In
716 4690 941 4764 aliquot
995 4690 1138 4749 mss.
1191 4697 1248 4747 et
1296 4690 1845 4764 penesltabanum
1904 4692 2116 4749 IAMIN

472 4765 696 4838 absque
724 4767 769 4821 A
800 4760 1054 4837 praefixo,
1089 4769 1261 4838 atque
1292 4760 1373 4817 ita
1419 4760 1655 4838 quidem
1703 4764 1911 4838 maria,
1959 4767 2110 4838 quod

469 4832 702 4894 Hierbn.
763 4832 947 4904 notat,
1018 4832 1632 4908 appellanturfUnus
1703 4833 1935 4908 Reginae
1975 4832 2111 4891 'cod.

468 4912 806 4964 constanter
839 4904 1114 4974 lammim,
1169 4909 1227 4962 et
1289 4920 1419 4960 mox
1474 4904 1671 4959 iisdem
1728 4904 1876 4961 enim
1912 4906 2114 4962 litteris

467 4980 730 5050 scribitur
753 4997 926 5045 mare,
960 4981 1158 5050 quibus
1183 4982 1292 5033 etc.

536 5050 556 5082 ⁸
577 5049 749 5122 Hanc
782 5045 1014 5122 praefert
1042 5045 1578 5122 interpretationem
1610 5045 1735 5122 ipse
1767 5046 2000 5122 Hieron.
2039 5047 2108 5122 _i_n

466 5118 673 5189 Latina
702 5118 1038 5177 cit—Hebraeo
1070 5118 1225 5177 fonte
1254 5118 1551 5174 versione:
1580 5118 1685 5189 qui
1731 5118 1885 5189 adeo
1923 5119 2107 5172 credi-

466 5191 564 5262 tur
594 5187 653 5241 in
685 5205 772 5262 eo,
807 5208 923 5261 quo
950 5193 1242 5256 utebatur,
1274 5187 1619 5262 exemplar?
1645 5199 1765 5249 Di}:
1804 5187 1889 5244 vel
1918 5199 2104 5256 tamn,

468 5254 841 5335 balneaLsive
865 5279 1033 5335 aquas
1068 5254 1277 5320 calidas
1306 5254 1517 5335 legisse
1567 5276 1671 5331 pro
1704 5270 1903 5335 amri,
1953 5254 2109 5335 Huic;

468 5279 683 5317 Uuuwu,
718 5279 838 5315 sxve
865 5280 895 5315 a
936 5279 1033 5317 uas
1068 5279 1277 5320 catulus
1306 5279 1356 5316 1e
1404 5279 1517 5316 ISSB
1567 5279 1671 5331 pI‘O
1704 5279 1890 5326 ΞΊΤΞΠ,
1953 5279 2106 5314 muc-

463 5324 620 5380 mim.
670 5325 792 5380 Non
836 5280 1067 5411 vigetur
1112 5339 1330 5411 autem_
1361 5279 1510 5411 [iunio
1563 5329 1905 5400 expositioni
1961 5332 2106 5411 satis

464 5409 784 5465 congruere
831 5401 1274 5474 circumstantia
1320 5404 1541 5467 isthmc,
1588 5419 1714 5472 quae
1772 5403 2103 5474 apponitur,

462 5472 858 5547 cuznhpasgcrct
890 5473 1069 5525 asinos
1108 5476 1307 5547 Sebmn.
1332 5476 1507 5543 putris
1537 5474 1641 5547 sui.

532 5537 554 5572 ⁸
585 5535 834 5592 Rabbini
885 5555 1019 5593 cum
1071 5545 1299 5612 primis,
1332 5535 1491 5613 quos
1538 5543 1745 5613 laudat
1779 5543 2102 5612 Kimchius,

2212 5549 2304 5601 Isa
2315 5547 2409 5599 ias.

2301 4624 2321 4656 ⁷
2348 4610 3029 4696 ΣὶξνἈπὺς-ἓῖμίμλῐιοουε
3061 4622 3369 4696 insigniter
3422 4622 3741 4696 depravatus
3769 4610 3812 4696 ip

2229 4694 2521 4748 veteribus
2569 4683 2948 4765 edit-ionibus.
2998 4683 3279 4765 Erasinus
3325 4695 3431 4751 hoc
3472 4683 3635 4749 modo
3677 4683 3813 4765 legit.

2223 4767 2321 4835 qui
2350 4765 2561 4839 inuenit
2590 4761 2681 4839 σὺγ
2711 4767 2829 4839 ’το-ῖς
2864 4762 3076 4839 σξμείμ.
3135 4768 3215 4839 Eb
3256 4764 3603 4839 Symmachus
3640 4751 3812 4839 simili-

2223 4821 2327 4890 ἔον.
2359 4832 2487 4895 τοὺς
2520 4833 2667 4905 σιμεῖ
2719 4876 2731 4888 .
2770 4821 3067 4891 Marianas
3098 4821 3320 4892 omisit“
3368 4821 3810 4909 particulamﬁ‘l,

2223 4908 2434 4958 invenit
2487 4903 2617 4958 τοὺς
2677 4854 2894 4958 imam.
2953 4911 3062 4958 etc.
3149 4906 3523 4958 Manuscrinti
3608 4898 3807 4956 codices:

2223 4908 2434 4979 invenit
2487 4898 2617 4965 τοῦς
2677 4898 2894 4979 tapetis,
2953 4911 3062 4962 etc.
3128 4898 3523 4979 Manuséripti
3608 4898 3807 4979 codices,

2222 4976 2385 5049 nullo
2416 4982 2673 5049 excepto,
2707 4967 2959 5049 retinent
2990 4977 3336 5049 particulam
3370 4967 3459 5031 σὺῦ
3491 4976 3545 5049 in
3575 4967 3804 5049 versiopeg

2218 5047 2461 5120 Aquilae,
2528 5035 2743 5121 invenit
2777 5035 3076 5121 ’σὺν-τὶῖς
3132 5048 3325 5121 Ἐμίμ.
3383 5050 3447 5121 Et
3507 5035 3807 5121 Symmachtlf

2218 5101 2479 5175 similiter
2505 5101 2639 5178 rei):
2664 5114 2852 5188 Ἐμίμ.
2909 5119 2968 5172 In
3018 5101 3083 5175 eo
3125 5101 3353 5176 tantum
3383 5101 3651 5174 dissident
3679 5101 3801 5184 quo}!

2220 5137 2479 5175 διτηῖιῑεϐν
2505 5137 2632 5178 τους
2666 5137 2718 5170 ἰι
2773 5137 2852 5188 ιμ.
2909 5137 2968 5172 ιι]
3018 5137 3083 5175 eo
3125 5137 3353 5176 tantum
3387 5137 3647 5174 msswem
3679 5137 3801 5184 ιιυυέι

2220 5190 2265 5264 _H
2299 5190 2494 5264 legant
2525 5137 2789 5264 nonnulli
2819 5205 2925 5260 pro
2958 5191 3022 5264 Ε,
3054 5194 3111 5245 et
3139 5192 3185 5247 N
3217 5208 3319 5264 pro
3345 5191 3398 5246 M
3447 5190 3502 5244 in
3548 5188 3652 5264 {ine
3677 5189 3801 5264 vocis

2217 5255 2409 5333 Ἐμίιῖ.
2446 5261 2735 5333 Diodorus
2770 5255 2938 5332 porro
2970 5255 3137 5317 docet
3168 5255 3274 5319 nos
3313 5255 3799 5333 vocemAIlebrealgn

2216 5321 2503 5404 integram
2538 5332 2718 5386 fuisse
2751 5321 3033 5386 servatam
3084 5334 3154 5387 ab
3205 5334 3476 5389 omnibus
3521 5321 3798 5404 interprele

2216 5396 2594 5477 businempe
2626 5412 2769 5463 ωηεν
2797 5422 2811 5470 ς
2843 5419 2967 5477 qua:
2999 5405 3166 5477 enim,
3199 5404 3285 5477 vel
3319 5405 3502 5477 limini,
3526 5401 3616 5477 αξιι
3642 5396 3797 5477 fami]:

2218 5456 2346 5543 agr
2390 5456 2583 5547 ρδιιςῃί
2626 5456 2666 5527 a
2702 5456 2956 5547 "aisais,
3004 5456 3167 5547 seu;
3212 5456 3502 5547 isset;
3535 5456 3795 5547 suae

2516 5544 2661 5617 Hinc
2763 5544 2947 5617 liquet
3004 5542 3619 5617 cipequrasmianum‘
3687 5542 3791 5617 om-

464 5623 732 5691 asserens
759 5616 928 5676 cum,
949 5598 1097 5733 quos
1114 5612 1225 5668 alio
1245 5598 1479 5669 nomine
1504 5619 1710 5680 ωπ-ςπε,
1736 5612 1791 5668 id
1814 5619 1904 5668 est
1922 5598 2105 5671 mutos
2213 5598 2351 5671 nino
2373 5598 2377 5599 ν
2400 5615 2713 5686 reprobum
2763 5598 2910 5683 esse,
2934 5598 3016 5671 ret
3063 5598 3429 5675 manifestam
3452 5598 3663 5683 Aquilae
3708 5598 3788 5654 d6-

464 5684 670 5735 vocant
700 5682 781 5735 Ita
811 5695 958 5735 anne
985 5678 1136 5735 latos
1166 5682 1341 5735 veluti
1374 5683 1764 5735 compositum
1804 5687 2098 5735 auoddam
2212 5686 2612 5735 nrnvatinnem
2644 5687 2703 5735 in
2738 5686 3154 5735 Hiernnvmnm
3189 5689 3498 5735 intinctam.

459 5684 670 5741 vocant
700 5678 781 5738 ita
811 5696 924 5754 app

459 5759 529 5815 ex
576 5754 804 5815 duabus
847 5750 1181 5828 speciebus,
1243 5754 1398 5823 quod
1444 5750 1526 5809 ex’
1565 5769 1782 5824 onagro
1820 5750 1921 5812 'vel
1951 5773 2100 5830 equo

985 5678 1136 5760 latos
1166 5682 1341 5739 veluti
1374 5678 1764 5760 compositum
1804 5687 2101 5760 quoddam
2212 5678 2615 5760 pravatidnem
2644 5687 2705 5742 in
2737 5678 3156 5759 Hieronymum
3188 5689 3498 5760 inductam.

3409 5755 3666 5815 MAMIAN-
