4084 6170
522 328 680 396 ῙΜἹ

1759 340 1821 401 S.
1854 336 2167 403 EUSEBII
2209 337 2679 407 HIERONYMI.

515 463 698 533 olww,
758 465 818 523 id
873 471 984 536 est,
1038 469 1279 540 fructum
1335 470 1481 526 oliva
1539 486 1651 528 non
1707 473 1871 543 faciet
1937 472 2154 542 (Habac.
2189 476 2245 540 Α
2274 476 2636 545 porrexisse:
2670 481 2843 544 poetae
2897 494 3131 551 quoque
3188 478 3258 535 de
3302 477 3599 537 Catamitho
3635 484 3683 537 et
3721 480 3831 538 Jove

514 552 629 628 47).

589 644 776 716 (Vers.
842 646 951 717 12.)
990 669 1019 698 ί(
1077 649 1147 703 Et
1179 648 1512 704 consolatus
1558 649 1744 704 Judas
1789 648 2055 704 ascendit
2095 650 2166 704 ad

516 749 640 799 eos,
674 733 775 806 qui
803 735 1127 792 tondebant
1157 753 1288 791 oves
1310 738 1439 807 ejus
1467 754 1478 791 :
1514 736 1661 808 ipse,
1693 741 1751 793 et
1772 736 1943 791 HiI‘LS
1969 742 2170 808 pastor

519 823 649 893 ejus
688 822 1087 879 Odo.lamites.
1122 847 1149 875 ››
1177 826 1282 880 Pro
1326 829 1562 897 pastore,
1623 827 1834 880 amicus
1883 824 2096 897 legitur
2126 828 2165 879 ³.

519 912 634 969 Sed
679 913 922 968 verbum
966 912 1309 985 ambiguum
1357 920 1466 980 est,
1519 914 1657 985 quia
1706 914 1914 970 iisdem
1962 914 2169 970 litteris

516 1005 840 1073 utrumque
910 1019 1121 1058 nomen
1180 1003 1892 1076 scribitur(ny1):verum
1941 1004 2168 1059 amicus

514 1105 645 1158 nes,
677 1095 880 1162 pastor
909 1108 1017 1147 nos
1039 1090 1271 1164 legitur.

589 1179 775 1251 (Vers.
812 1180 922 1251 14.)
949 1203 970 1229 α
1009 1180 1075 1235 Et
1104 1180 1254 1235 sedit
1282 1181 1352 1235 ad
1388 1185 1613 1251 portam
1657 1181 1861 1247 Enam,
1912 1196 2042 1251 quas
2080 1184 2169 1236 est

516 1268 578 1326 in
626 1270 880 1326 transitu
936 1270 1278 1326 Thamna.»
1340 1271 1542 1325 Sermo
1610 1268 1928 1324 Hebraicus
1996 1286 2170 1324 ENAIM

517 1359 749 1431 (Dum),
773 1359 1125 1415 transfertur
1148 1359 1205 1414 in
1238 1359 1437 1415 oculos.
1472 1359 1595 1413 Non
1647 1358 1938 1430 estigitur
1959 1373 2170 1413 nomen

514 1446 667 1516 loci;
701 1449 802 1504 sed
835 1453 923 1504 est
951 1464 1162 1504 sensus
1191 1466 1203 1503 :
1237 1448 1386 1503 Sedit
1426 1449 1484 1502 in
1528 1448 1692 1517 bivio,
1744 1447 1865 1502 sive
1911 1449 1973 1501 in
2021 1462 2172 1501 com-

513 1538 652 1609 pita,
703 1536 803 1592 ubi
843 1535 1186 1609 diligentius
1228 1536 1399 1591 debet
1448 1535 1632 1591 viator
1694 1535 1976 1607 aspicere,
2016 1535 2171 1606 quod

519 1624 634 1681 iter
650 1624 955 1697 gradiendi
988 1625 1203 1696 capiat.

592 1712 778 1783 (Vers.
825 1713 939 1783 :9.)
967 1735 994 1761 ‹‹
1023 1711 1304 1784 Cognovit
1347 1716 1545 1767 autem
1594 1712 1799 1777 Judas,
1858 1715 1915 1766 et
1989 1711 2168 1765 dixit:

518 1800 746 1867 Justior
769 1805 858 1856 est
887 1800 986 1855 illa
1016 1816 1194 1872 quam
1224 1817 1350 1873 ego,
1379 1817 1445 1857 eo
1485 1801 1641 1872 quod
1694 1818 1808 1855 non
1859 1800 1993 1855 dedi
2042 1816 2170 1855 eam

523 1888 719 1945 Selom
771 1888 891 1944 ﬁlio
943 1906 1147 1946 meo.»
1193 1888 1257 1943 In
1305 1890 1540 1944 Hebraeo
1590 1889 1786 1957 habet,
1864 1890 2173 1960 justiﬁcata

518 1984 600 2034 est
625 1995 697 2033 ex
724 1993 846 2034 me:
881 1995 996 2034 non
1030 1978 1185 2048 quod
1209 1978 1381 2048 juxta
1438 1978 1633 2048 fuerit,
1677 1978 1777 2033 sed
1808 1977 1964 2049 quod
2013 1994 2173 2032 com-

520 2066 821 2138 paratione
868 2066 1028 2122 illius
1076 2066 1274 2122 minus
1324 2066 1463 2121 mali
1524 2066 1744 2137 fecerit,
1798 2082 2171 2137 nequaquam

519 2140 1203 2229 vagam'turpitudinem.
1237 2155 1339 2210 sed
1358 2154 1576 2210 liberos
1609 2154 1980 2226 requirendo.

592 2243 776 2313 (Vers.
809 2245 937 2315 29.)
970 2264 997 2293 »
1029 2245 1098 2299 Et
1126 2260 1258 2299 ecce
1286 2259 1557 2314 egressus
1605 2248 1695 2298 est
1728 2244 1905 2298 frater
1941 2244 2091 2314 ejus,
2120 2246 2177 2298 et

522 2332 690 2399 dixit,
714 2336 779 2388 ut
800 2333 939 2405 quid
972 2332 1169 2389 divisa
1224 2336 1314 2388 est
1371 2336 1608 2403 propter
1656 2336 1713 2387 te
1764 2331 2062 2386 maceria?
2108 2332 2177 2386 Et

520 2422 746 2478 vocavit
792 2438 1005 2478 nomen
1036 2422 1166 2492 ejus
1222 2420 1513 2476 Phares.»
1574 2420 1683 2475 Pro
1741 2422 1987 2475 maceria
2032 2421 2173 2475 divi-

410 2575 421 2582 .
520 2512 734 2568 sionem
763 2510 976 2581 Aquila
1003 2515 1059 2565 et
1087 2509 1477 2582 Symmachus
1508 2509 1957 2579 transtulerunt,
2018 2510 2174 2581 quod

520 2599 804 2687 Hyabraice
832 2599 1066 2665 dicitur,
1098 2615 1315 2655 prunus
1334 2600 1523 2687 (V15).
1557 2599 1640 2653 Ab
1671 2615 1737 2654 eo
1785 2598 1991 2687 igitur,
2019 2598 2175 2669 quod

521 2686 788 2743 diviserit
816 2687 1284 2744 membranulam
1317 2688 1713 2743 secundarum
1754 2686 1864 2757 [ΑΙ.
1924 2686 2173 2741 secundi-

520 2777 767 2847 narum],
812 2776 1116 2832 divisionis
1166 2793 1381 2832 nomen
1413 2775 1651 2847 accepit.
1712 2775 1875 2830 Unde
1924 2780 1983 2830 et
2034 2775 2177 2829 Pha-

519 2867 673 2922 risaei
701 2868 745 2933 ³,
778 2866 880 2938 qui
914 2882 975 2922 se
1006 2866 1177 2938 quasi
1200 2868 1396 2938 justos
1427 2883 1460 2920 a
1490 2864 1705 2937 populo
1744 2869 2171 2938 separaverant,

519 2954 687 3011 divisi
716 2954 1188 3028 appellabantur.

594 3044 780 3114 (Vers.
813 3043 927 3114 30.)
954 3064 983 3095 «
1014 3043 1153 3099 Post
1182 3042 1288 3097 hoc
1318 3041 1459 3097 exiit
1490 3041 1663 3096 frater
1695 3042 1847 3111 ejus,
1905 3040 1964 3094 in
2005 3041 2175 3111 cujus

524 3147 708 3187 manu
738 3136 863 3187 erat
892 3130 1193 3186 coccinum
1218 3146 1231 3184 :
1266 3128 1787 3185 etvoeavitnomen
1810 3130 1940 3199 ejus
1955 3130 2117 3185 Zara.
2146 3152 2173 3180 ››

527 3218 647 3274 Hoc
668 3235 880 3275 nomen
912 3219 1330 3290 interpretatur
1357 3219 1559 3272 oriens.
1607 3217 1757 3273 Sive,
1788 3216 1987 3290 igitur,
2037 3218 2177 3289 quia
2205 3204 2247 3271 C

527 3305 758 3378 primus
786 3306 1078 3379 apparuit,
1110 3306 1231 3362 sive
1268 3306 1420 3377 quod
1455 3304 1690 3377 plurimi
1711 3305 1860 3377 justi
1879 3323 1948 3361 ex
1967 3322 2032 3361 eo
2054 3306 2171 3361 dati

525 3398 686 3461 sunt,
719 3399 785 3450 ut
813 3395 870 3449 in
902 3394 1050 3451 libro
1080 3393 1561 3466 Paralipomenon
1593 3395 1641 3466 (I
1657 3395 1845 3449 Paral.
1871 3412 1912 3449 ii
1933 3403 1984 3450 et
2001 3395 2170 3467 seqq.)

524 3483 875 3552 continetur,
907 3500 1050 3539 ZARA
1106 3485 1282 3552 (rm),
1323 3482 1380 3537 id
1439 3487 1547 3551 est,
1596 3484 1781 3539 oriens
1846 3481 2171 3555 appellatus

523 3576 632 3630 est.

590 3680 747 3751 (Cap.
779 3679 887 3734 XL.
920 3710 988 3718 -—
1009 3678 1172 3734 Vers.
1207 3680 1283 3749 1.)
1315 3701 1343 3727 «
1377 3678 1512 3734 Post
1552 3678 1729 3733 verba
1788 3677 1926 3747 haec,
1977 3693 2173 3750 pecca-

515 3768 599 3824 vit
625 3768 897 3840 princeps
953 3766 1312 3822 vinariorum
1361 3766 1514 3839 regis
1548 3767 1795 3839 ngypti.
1824 3789 1844 3816 ι
1902 3766 2009 3821 Ubi
2063 3783 2168 3822 nos

512 3856 822 3929 posuimus
854 3856 1161 3927 principem
1189 3858 1559 3923 vinariorum,
1610 3855 1669 3909 in
1730 3856 1964 3910 Hebraeo
2024 3855 2166 3910 scri-

514 3948 685 4017 ptum
717 3943 893 4000 habet
952 3961 1135 4000 susse
1182 3946 1397 4032 (Fr-J73),
1448 3943 1594 3998 illud
1633 3944 1874 4000 verbum
1918 3944 2072 4015 quod
2104 3943 2163 3998 in

512 4032 752 4088 nomine
777 4032 924 4088 servi
956 4032 1252 4089 Abraham
1284 4033 1508 4088 dudum
1542 4032 1814 4112 legimus,
1850 4049 2023 4104 quem
2058 4050 2164 4089 nos

511 4137 835 4193 possumus
893 4136 1054 4176 more
1105 4120 1265 4193 vulgi
1315 4122 1470 4177 860
1533 4137 1737 4176 vocare
1817 4123 2161 4192 pincerna-m.

514 4208 630 4265 Nec
658 4209 770 4265 vile
800 4213 1035 4279 putetur
1061 4208 1342 4275 ofﬁcium,
1363 4226 1497 4265 cum
1528 4210 1683 4280 apud
1708 4224 1873 4281 reges
1887 4209 2164 4265 barbaros

506 4304 688 4371 utque
717 4297 890 4355 hodie
922 4297 1189 4354 maximae
1219 4296 1544 4370 dignitatis,
1577 4298 1672 4366 sit,
1715 4297 1837 4370 regi
1886 4296 2163 4369 poculum

2277 565 2609 637 scriptitent
2639 569 2681 636 ³,
2716 570 2871 640 quod
2901 570 3195 625 amasium
3228 571 3269 639 δ,
3307 585 3475 626 suum
3527 569 3646 625 huic
3687 571 3833 628 emoto

2277 656 2466 710 manci
2474 657 2645 727 parit.

2348 745 2532 814 (Vers.
2568 746 2681 817 10.)
2716 769 2744 796 »
2775 748 2844 803 Et
2872 746 3013 804 ecce
3036 747 3172 804 vitis
3201 748 3261 803 in
3304 752 3598 821 conspectu
3639 761 3762 815 meo,
3798 752 3840 803 et

2277 831 2337 887 in
2367 833 2482 889 vite
2504 838 2621 890 tres
2651 836 2839 902 fundi,
2872 841 2930 892 et
2956 837 3086 908 ipsa
3116 837 3451 910 germinans
3477 840 3584 892 tres
3611 837 3839 892 fundos.»

2277 922 2416 977 Tria
2445 922 2767 995 flagella,et
2795 930 2918 981 tres
2947 942 3165 995 ramos,
3212 926 3329 982 sive
3388 925 3721 998 propagines,
3766 926 3844 980 He-

2278 1011 2467 1067 braeus
2498 1029 2692 1068 sermo
2722 1015 2743 1048 ⁵
2798 1014 3115 1087 significat,
3176 1032 3303 1087 quae
3343 1015 3414 1070 ab
3463 1013 3576 1069 illis
3622 1017 3845 1069 vocantur

2278 1116 2513 1156 samem
2544 1104 2806 1175 (Dama).

2350 1188 2535 1257 (Vers.
2571 1190 2682 1262 16.)
2704 1213 2732 1241 ‹‹
2765 1192 2834 1245 Et
2860 1190 3099 1246 videbar
3128 1191 3272 1246 mihi
3303 1191 3416 1246 tria
3442 1190 3677 1247 canistra
3716 1191 3846 1245 chon-

2280 1277 2566 1333 dritorum
2598 1282 2827 1349 portare
2857 1280 2916 1334 in
2938 1279 3126 1351 capite
3158 1296 3307 1335 meo.
3343 1302 3371 1330 »
3402 1280 3506 1335 Pro
3533 1280 3702 1335 tribus
3738 1278 3849 1334 cani-

2282 1366 2420 1421 stris
2449 1366 2912 1436 chondritorum,
2942 1372 3051 1424 tres
3074 1368 3335 1441 cophinos
3364 1371 3564 1438 farinae
3587 1367 3643 1423 in
3669 1367 3849 1423 Hebreo

2279 1453 2477 1510 habet.

2352 1562 2510 1634 (Cap.
2545 1563 2682 1618 XLI.
2716 1595 2786 1605 -ο
2814 1562 2979 1620 Vers.
3010 1563 3091 1636 2.)
3114 1585 3143 1614 «
3176 1565 3247 1620 Et
3273 1580 3405 1621 ecce
3429 1564 3497 1620 de
3521 1562 3679 1619 ﬂuvio
3704 1576 3853 1618 ascen-

2280 1650 2496 1706 debant
2525 1656 2749 1723 septem
2783 1652 2977 1723 boves,
3009 1652 3283 1723 speciosae
3314 1654 3387 1709 ad
3416 1653 3730 1718 videndum,
3774 1648 3852 1705 ele-

2281 1743 2385 1794 ctas
2426 1740 2701 1795 carnibus
2731 1741 2770 1809 θ,
2820 1746 2878 1796 et
2929 1741 3327 1814 pascebantur
3369 1742 3431 1798 in
3472 1741 3662 1799 achi.»
3709 1739 3785 1795 Bis
3811 1740 3852 1792 in

2205 1843 2250 1907 Β
2280 1827 2489 1883 Genesi
2538 1829 2822 1901 scriptum
2856 1835 2944 1885 est
2982 1847 3111 1885 ACHI
3142 1830 3332 1905 “(Αχα)
3364 1836 3423 1887 et
3450 1846 3630 1902 neque
3682 1829 3855 1884 Graecus

2282 1932 2474 1971 sermo
2522 1921 2629 1987 est,
2694 1934 2799 1973 nec
2846 1918 3105 1974 Latinus.
3166 1920 3277 1975 Sed
3329 1924 3387 1975 et
3450 1918 3719 1974 Haabrsaus
3768 1916 3854 1987 ipse

2282 2010 2591 2076 corruptus
2639 2011 2766 2062 est:
2846 2006 3065 2063 dicitur
3137 2008 3294 2063 enim
3348 2009 3408 2063 in
3465 2006 3740 2078 meum)
3783 2003 3856 2057 hoc

2282 2096 2371 2149 est
2397 2095 2458 2147 in
2487 2095 2687 2165 palude
2714 2097 2754 2149 ⁷.
2789 2097 2899 2151 Sed
2932 2096 3032 2167 qui
3073 2114 3188 2152 anu
3220 2096 3419 2153 littera
3443 2097 3592 2169 apud
3621 2094 3855 2155 Hebraeos.

2283 2187 2341 2238 et
2398 2199 2490 2237 IOD
2549 2183 2773 2239 similes
2839 2189 2998 2254 sunt,
3083 2190 3141 2241 et
3222 2188 3456 2241 tantum
3532 2178 3856 2256 magnitudine

2284 2270 2594 2326 differunt:
2630 2289 2733 2345 pro
2762 2290 2901 2339 AHU,
2958 2291 3093 2329 ACHI
3142 2275 3531 2347 Septuaginta
3580 2272 3856 2343 lnterprctes

2282 2359 2731 2430 transtulerunt,
2763 2366 2822 2417 et
2850 2363 3179 2419 secundum
3227 2362 3700 2419 consuetudinem
3740 2372 3857 2414 suam

2284 2449 2356 2503 ad
2425 2450 2857 2519 exprimendam
2920 2451 3213 2523 duplicem
3300 2452 3701 2524 aspirationem
3757 2460 3856 2501 am

2284 2537 2531 2593 Hebrzeaa
2560 2538 2786 2608 litterae,
2822 2539 2924 2595 Chi
2950 2539 3034 2612 (χ)
3075 2541 3338 2597 Graecam
3382 2540 3631 2597 litteram
3685 2532 3859 2608 cepula-

2282 2631 2509 2682 verunt.

2355 2715 2539 2787 (Vers.
2592 2717 2751 2787 16.)«
2826 2719 2895 2773 Et
2960 2718 3264 2790 respondit
3334 2718 3551 2791 Joseph
3623 2709 3860 2772 Pharaoni.

2284 2803 2519 2861 dicens:
2551 2804 2686 2861 Sine
2716 2806 2832 2862 Deo
2866 2821 2979 2862 non
3012 2807 3468 2879 respondebitur
3496 2806 3728 2862 salutare
3760 2799 3859 2856 Pha-

2285 2892 2467 2948 raoni.
2507 2916 2527 2941 ι»
2558 2896 2619 2949 1n
2650 2895 2886 2951 Hebraeo
2940 2894 3109 2951 aliter
3154 2896 3371 2952 habet:
3403 2919 3431 2946 «
3464 2896 3599 2952 Sine
3644 2908 3725 2948 me
3756 2890 3861 2945 Deus

2285 2982 2659 3052 respondebit
2715 3000 2918 3056 pacem
2970 2984 3338 3040 Pharaoni.»
3398 2983 3652 3055 Denique
3687 2984 3863 3051 Syma-

2285 3067 2431 3123 chus
2456 3086 2616 3126 more
2645 3088 2753 3128 suo
2784 3073 3043 3146 apertius
3072 3072 3413 3129 transtulit:
3449 3095 3479 3124 «
3498 3073 3619 3129 Non
3644 3085 3752 3143 ego.
3795 3061 3861 3120 εδδ

2284 3161 2436 3212 Deus
2458 3161 2835 3231 respondebit
2866 3178 3065 3232 pacem
3101 3150 3415 3217 Pharaoni.
3441 3185 3469 3213 ››

2357 3246 2545 3317 (Vers.
2603 3251 2719 3319 29.)
2744 3272 2771 3300 «
2802 3250 2942 3306 Ecce
2991 3254 3213 3323 septem
3254 3251 3398 3306 anni
3450 3249 3675 3306 venient
3726 3244 3863 3299 abun-

2282 3335 2491 3391 dantiae
2538 3353 2763 3410 magna;
2812 3339 2871 3394 in
2944 3341 3103 3394 omni
3183 3343 3342 3396 terra
3410 3337 3698 3412 Egypti.»
3739 3330 3863 3388 Miror

2281 3426 2574 3495 quomodo
2603 3427 2844 3483 verbum
2902 3427 3249 3483 Hebraicum
3301 3429 3482 3501 (nisi)
3531 3441 3711 3490 sanas,
3751 3415 3862 3492 quod

2282 3530 2389 3569 nos
2423 3532 2623 3587 supra,
2653 3516 3076 3586 abundantiam,
3107 3517 3227 3573 sive
3268 3520 3598 3583 satietatem,
3644 3515 3697 3569 in
3739 3510 3863 3582 puteo

2281 3619 2456 3675 quem
2475 3602 2747 3659 foderunt
2775 3609 3100 3660 extremum
3135 3605 3285 3661 servi
3319 3606 3504 3674 Isaac,
3563 3592 3860 3673 interpretati

2278 3706 2488 3747 sumus
2513 3709 2525 3746 :
2560 3708 2715 3747 nunc
2732 3692 3114 3764 Septuaginta
3137 3692 3464 3750 rectissime
3487 3692 3859 3750 transferentes,

2277 3779 2357 3835 ibi
2378 3781 2758 3851 juramentum
2784 3780 3149 3852 interpretati
3180 3787 3346 3850 sunt,
3380 3800 3516 3839 cum
3547 3786 3603 3838 et
3632 3782 3862 3853 juramal-

2275 3876 2392 3923 tum
2444 3872 2498 3922 et
2542 3878 2745 3941 septem
2796 3874 2854 3924 et
2904 3871 3127 3925 satietas
3193 3875 3249 3925 et
3318 3872 3678 3935 abundantia,
3736 3863 3862 3937 prout

2276 3955 2439 4014 locus
2483 3962 2540 4013 et
2576 3959 2716 4014 ordo
2751 3957 3156 4031 flagitaverint,
3227 3961 3419 4032 possit
3483 3956 3733 4031 intelligi.
3783 3947 3861 4006 Sed

2274 4050 2333 4102 et
2387 4046 2446 4101 in
2495 4047 2993 4118 consequentibus
3040 4048 3188 4103 367
3246 4048 3586 4122 ubicunque
3626 4041 3862 4103 abundan-

2273 4136 2355 4190 tia
2401 4135 2632 4208 legitur,
2674 4136 2735 4190 in
2782 4136 3019 4192 Hebraeo
3090 4136 3245 4191 idem
3314 4140 3559 4194 verbum
3636 4132 3862 4204 scriptum

2273 4230 2379 4280 est.

2343 4313 2527 4384 (Vers.
2579 4313 2745 4385 ‘13.)»
2796 4316 2864 4370 Et
2902 4314 3173 4371 clamavit
3216 4320 3356 4373 ante
3405 4332 3541 4372 eum
3583 4324 3769 4387 praeco,
3823 4302 3864 4357 εί

574 4596 641 4661 Γ
688 4565 1221 4661 Οοῐιῐιιαιεθοῑίιιηῐ
1269 4563 1622 4661 interpretes
1706 4562 1970 4636 plerique
2014 4564 2153 4661 1.alii

2274 4577 2443 4661 [ipsi
2488 4577 2741 4661 Eneid.,
2786 4581 2949 4661 βαρξί
2992 4578 3308 4661 ᾷαηίηιεᾱίε
3342 4582 3602 4661 _honores.
3652 4576 3861 4661 Sonent:

497 4640 721 4694 veteres
752 4641 1149 4707 recentesque,
1183 4636 1399 4707 quibus
1431 4634 1543 4707 loci
1567 4634 1815 4707 “nomen
1868 4634 2155 4707 peculiare

499 4712 591 4765 est
644 4707 854 4763 Chasib
914 4704 1050 4763 non—
1089 4704 1261 4777 longe
1323 4707 1396 4761 ab
1440 4704 1702 4760 Odollam
1765 4710 1821 4761 et
1868 4704 2152 4762 Mambre.

498 4779 842 4846 Quinetiam
875 4778 1094 4834 mentio
1152 4779 1281 4848 ejus
1329 4781 1419 4832 est
1455 4777 1638 4833 Josue
1684 4794 1773 4845 xv,
1809 4778 1895 4849 44,
1948 4783 2005 4833 et
2052 4778 2154 4832 Mi-

497 4852 670 4908 chaeae
699 4869 740 4919 ι,
775 4852 866 4905 Ui.

569 4924 586 4958 ί
620 4924 683 4980 In
714 4939 821 4979 sua
853 4924 1050 4976 autem
1081 4919 1565 4990 interpretatione
1596 4934 1665 4973 ex
1713 4918 1945 4975 Hebraeo
2002 4918 2154 4974 hanc

496 4993 707 5070 ipsam,
742 5011 869 5066 qua:
900 4997 956 5048 et
983 4991 1287 5070 _-c¢Iiy__LXX
1318 4995 1427 5056 est,
1469 4990 1899 5070 expositionem
1948 4992 2152 5061 opilio-

495 5061 609 5132 riis,
640 5061 1039 5137 sive'pastoris,
1074 5062 1310 5118 Hieron.
1345 5061 1619 5137 praetulit.

567 5137 736 5192 ’Non
781 5131 990 5192 tamen
1026 5131 1073 5190 'a
1118 5146 1249 5225 γῆξ),
1312 5131 1467 5205 quod
1524 5138 1611 5188 est
1665 5131 2030 5225 disrumpere,
2086 5149 2153 5187 ac

494 5226 862 5294 perfringere,
933 5218 1147 5279 nomen
1207 5222 1556 5294 invenerunt
1632 5218 1745 5274 sibi
1831 5220 2150 5294 Pharisizei,

497 5291 844 5419 scisam-HD,
906 5295 1059 5365 quod
1118 5298 1208 5349 est
1259 5293 1522 5359 recedere,
1576 5308 1852 5363 separare,
1910 5291 2155 5347 dividere

500 5380 531 5419 e
596 5405 608 5417 .

500 5380 608 5419 ϐω.

564 5453 586 5487 ³
618 5452 926 5522 Antiquior
957 5453 1156 5519 Regia.
1197 5471 1303 5507 ms.
1337 5452 1401 5506 de
1447 5452 1764 5506 Catamitho
1819 5453 2147 5522 scriptitarit,

495 5523 721 5606 absque
746 5526 813 5578 de
839 5526 984 5579 Jove.
1019 5522 1230 5578 Notum
1260 5541 1429 5595 porro
1453 5530 1559 5591 est,
1594 5524 1989 5594 Ganymedem
2050 5525 2146 5578 de-

495 5600 716 5652 notari.

566 5669 588 5702 ‘
617 5665 774 5738 Quod
822 5666 1159 5738 amasiumL
1178 5668 1286 5738 etc.
1338 5665 1610 5738 amasius
1659 5665 1762 5738 ille
1789 5665 1899 5738 fuit
1928 5665 2146 5738 turpis:

498 5734 691 5796 simus
721 5736 1086 5818 Ganymedes
1116 5735 1283 5818 Trois
1309 5734 1485 5818 .filius
1527 5734 2149 5818 formosissimusgqui

499 5815 708 5886 raptus
723 5808 784 5869 in
809 5804 1021 5869 coelum
1048 5806 1175 5867 Jovi
1205 5809 1327 5865 erat
1359 5822 1393 5865 a
1420 5804 1668 5878 poculis.
1716 5806 1797 5866 De
1839 5821 1906 5864 eo
1962 5804 2148 5879 Virgi-
2240 5858 2249 5889 ὲ

2266 4649 2409 4705 dixit
2460 4654 2695 4720 propter
2729 4636 3125 4723 ministerium
3187 4636 3552 4723 poculorum,
3618 4648 3683 4703 ad
3742 4636 3860 4723 (19θᾲ

2265 4711 2535 4791 receptus
2566 4711 2656 4775 est
2687 4726 2908 4777 remota
2968 4722 3124 4777 Hebe
3161 4711 3283 4777 filia
3313 4711 3583 4785 Junonis,
3623 4733 3735 4791 qua:
3757 4711 3859 4791 3‘9")

2264 4781 2463 4867 bibere
2527 4791 3201 4867 minis_trabat.ﬁlavum
3249 4781 3861 4867 Ganymedem.appﬁlltt

2263 4862 2639 4947 lioratiusniv
2681 4864 2894 4947 Carm.“
2912 4863 3051 4946 .Ode
3102 4866 3175 4919 4:
3226 4858 3535 4947 Illarjgium
3596 4858 3859 4947 Ovidius:

2261 4935 2475 4989 Metam.
2522 4938 2803 4989 Caeterum
2854 4937 3136 4991 Pinccrnae
3204 4925 3465 4992 ofﬁcium
3532 4950 3643 4989 non
3706 4925 3857 4984 solum

2262 5006 2416 5079 apud
2451 5006 2949 5079 regesbarbaros,
2997 5007 3303 5079 sedﬂapud
3352 5023 3517 5079 reges
3557 5005 3856 5079 Ifrancqruftt

2263 5024 2416 5076 apud
2451 5024 2614 5078 reges
2647 5024 2946 5074 narnaros,
2997 5024 3098 5062 seu
3149 5024 3182 5061 a
3227 5024 3303 5063 ua
3352 5024 3517 5079 reges
3557 5024 3855 5060 1"I‘ancuruw

2263 5077 2529 5131 maxima:
2581 5076 2885 5147 dignitatis
2930 5077 3057 5132 fuit.
3102 5024 3249 5133 Vide
3306 5081 3526 5134 tomum
3569 5076 3590 5130 Ι
3632 5073 3694 5128 de
3733 5066 3855 5124 Statu

2261 5150 2526 5217 Francize,
2561 5165 2617 5219 p.
2647 5148 2737 5219 70.
2774 5148 3057 5203 MARTIAN.

2332 5220 2352 5252 ⁵
2382 5216 2578 5274 Αιιῐρεῖ
2605 5218 3263 5293 ωιῃιυωμὶῑιοοηείηοθ
3312 5224 3459 5293 erat,
3511 5216 3718 5293 Ilebra’q

2260 5306 2436 5361 mone,
2470 5290 3003 5345 contradicentibus
3051 5296 3107 5346 et
3149 5290 3366 5345 nostris
3417 5283 3566 5361 mss._
3621 5283 3853 5361 quitum

2263 5356 2559 5432 Saridgim,
2590 5365 2646 5415 et
2675 5362 2886 5417 Graecis
2916 5361 3128 5418 litteris
3156 5360 3524 5418 CAPTALI‘M
3553 5356 3753 5428 legunt.

2330 5450 2351 5483 ⁶
2382 5451 2421 5503 Ε
2453 5449 2794 5519 glossatoris
2817 5467 2993 5505 manu
3018 5452 3166 5506 duos
3189 5467 3329 5506 mss.
3352 5457 3401 5505 et
3422 5449 3595 5504 cleclze
3612 5435 3849 5498 mmihi“,

2259 5523 2308 5575 et
2330 5521 2627 5625 pesccban‘t
2646 5522 2703 5575 in
2734 5524 2878 5577 uchi.

2382 5591 2533 5681 .VOPB,
2752 5610 2868 5681 ρτο,
2884 5592 3127 5681 £81999
3148 5592 3361 5681 ιιιίξυτ,
3398 5580 3849 5681 ςυορὲξδ.-.ξὶ¹⁶⁶ξ³,ξ

2260 5658 2671 5721 Εθοιθείδεὶίοἴ
2708 5658 2797 5731 xi,
2852 5658 2933 5719 16.
2994 5664 3139 5721 Vide
3194 5658 3445 5732 adnotat,
3511 5658 3746 5715 nostram
3797 5658 3844 5699 ιιι

2258 5736 2384 5793 Job.
