4084 6170
328 341 497 415 1M9

1384 346 1617 411 LIBER
1660 345 1894 409 HEBB.
1939 342 2244 417 QU£ST.
2289 343 2367 405 IN
2415 341 2691 407 GENES.

3568 334 3738 407 im

334 478 643 540 constituit
683 496 815 539 eum
866 496 1043 555 super
1105 497 1337 539 omnem
1386 487 1601 538 terram
1651 481 1897 555 IEgypti.
1950 503 1978 531 »
2008 485 2063 549 Α
2093 479 2363 535 Manasse
2392 493 2405 531 :
2441 476 2580 548 quia
2610 473 2872 531 oblivisci
2896 490 2989 532 me
3019 470 3152 532 fecit
3180 475 3335 534 Deus
3357 475 3623 534 omnium
3654 476 3735 534 Ia-

330 575 446 627 Pro
477 587 594 642 quo
623 570 829 643 Aquila
856 570 1161 627 transtulit
1191 589 1204 627 :
1240 594 1267 622 «
1298 572 1369 627 Et
1416 570 1688 627 clamavit
1733 572 1792 625 iu
1842 587 1983 626 con-

332 664 540 733 spectu
572 660 700 731 ejus
720 661 1309 746 adgeniculationem.
1330 684 1359 710 »
1381 660 1765 733 Symmachus
1786 660 1983 732 ipsum

331 748 688 805 Hebraicum
755 766 1087 806 sermonem
1134 751 1528 822 interpretans
1577 749 1659 804 ait
1712 767 1724 805 :
1776 750 1983 804 clama-

331 839 414 895 vit
440 842 570 893 ante
598 854 722 892 eum
748 854 965 892 suasca
989 838 1214 923 (qua).
1238 838 1401 894 Unde
1432 838 1576 893 mihi
1608 837 1839 893 videtur
1867 853 1984 891 non

333 930 459 983 tam
488 941 696 997 praeco,
730 925 850 981 sive
880 925 1326 998 adgeniculatio,
1383 944 1516 998 quae
1565 926 1625 981 in
1675 924 1985 981 salutando

335 1013 428 1071 vel
473 1013 770 1069 adoranda
816 1014 1033 1086 Joseph
1074 1014 1259 1086 accipi
1315 1018 1524 1086 potest,
1557 1013 1938 1086 intelligenda
1972 1031 1984 1068 :

339 1118 519 1174 quam
550 1100 696 1157 illud
730 1103 885 1172 quod
906 1102 1144 1159 'Hebrazi
1194 1104 1438 1159 tradunt
1484 1104 1742 1160 dicentes
1769 1106 1991 1174 patrem

342 1200 593 1249 tenerum
641 1191 678 1260 ί,
737 1195 795 1246 et
841 1190 951 1246 hoc
996 1207 1266 1248 sermone
1314 1192 1616 1248 transferri
1660 1211 1672 1261 ;
1729 1210 1802 1247 AB
1865 1192 1989 1262 (ΞΝ)

343 1277 562 1349 quippe
608 1275 824 1333 dicitur
866 1284 1045 1348 pater,
1121 1295 1265 1334 asas
1321 1279 1438 1365 (T1)
1477 1279 1741 1335 delicatus
1770 1280 1892 1334 sive
1918 1287 1991 1334 te-

343 1368 626 1424 aen-imus
645 1381 668 1428 ;
700 1365 1071 1438 signiﬁcante
1122 1366 1442 1438 Scriptura,
1474 1369 1626 1440 quod
1651 1368 1822 1439 juxta
1850 1385 1988 1440 pru-

346 1454 607 1512 dentiam
652 1454 892 1527 quidem
936 1458 1100 1527 pater
1150 1455 1415 1511 omnium
1450 1457 1623 1512 fuerit
1655 1475 1667 1512 :
1701 1458 1801 1513 sed
1827 1458 1995 1528 juxta

345 1548 580 1601 aetatem
608 1543 962 1601 tenerrimus
991 1544 1335 1601 adolescens
1364 1550 1422 1601 et
1450 1562 1616 1618 puer.

419 1635 608 1704 (Vers.
640 1633 757 1703 45.)
810 1653 838 1682 ιι
878 1632 949 1687 Et
992 1633 1216 1690 vocavit
1263 1633 1489 1689 Pharao
1536 1650 1747 1689 nomen
1777 1634 1994 1706 Joseph

342 1722 679 1795 Saphaneth
747 1722 998 1791 Phanee,
1061 1726 1117 1778 et
1183 1722 1343 1779 dedit
1390 1723 1443 1778 ei
1511 1723 1763 1779 Aseneth
1812 1723 1995 1778 ﬁliam

340 1810 672 1883 Phutiphar
723 1809 1044 1866 sacerdotis
1093 1809 1453 1882 Heliopoleos
1515 1811 1575 1866 in
1642 1826 1905 1867 uxorem.
1964 1834 1992 1861 »

342 1901 503 1956 Licet
553 1898 835 1955 Hebraice
876 1898 987 1953 hoc
1036 1915 1270 1969 nomen,
1320 1899 1761 1956 absconditorum
1807 1917 1998 1970 reper-

343 1998 517 2047 torem
544 1993 733 2057 sonet,
768 1993 971 2044 tamen
992 1988 1133 2057 quia
1152 1988 1225 2043 ab
1255 1989 1517 2062 Egyptio
1550 1990 2001 2061 ponitur,ipsius

344 2078 564 2150 lingua:
593 2078 763 2133 debet
794 2077 1006 2133 habere
1037 2078 1343 2133 rationem.
1402 2079 1824 2151 Interpretatur
1864 2096 2000 2150 ergo

356 2181 624 2223 sermone
667 2167 931 2239 {Egyptio
980 2182 1305 2221 SAPHANETH
1355 2183 1577 2222 PHANEE
1609 2168 1784 2238 (mus
1815 2170 2001 2238 mm)

356 2254 480 2311 sive
502 2259 566 2310 ut
583 2254 965 2327 Septuaginta
984 2255 1301 2310 transferre
1315 2256 1646 2324 voluerunt,
1670 2256 2003 2313 Psomthom-

351 2343 631 2400 Phanech.
681 2344 937 2399 Salvator
979 2344 1177 2398 mundi
1218 2346 1258 2410 ²,
1309 2361 1374 2400 eo
1406 2346 1561 2416 quod
1608 2346 1807 2401 orbem
1838 2350 2002 2401 terrae

356 2434 432 2489 ab
479 2432 824 2488 imminente
871 2433 1045 2488 famis
1092 2432 1313 2489 excidio
1342 2433 1629 2490 liberavit.
1668 2434 2003 2491 Notandum

354 2526 578 2586 autem,
631 2522 789 2593 quod
855 2521 1079 2577 domini
1136 2523 1435 2593 quondam
1483 2528 1540 2578 et
1586 2523 1866 2596 emptoris
1911 2525 2004 2579 sui

354 2610 540 2667 ﬁliam
566 2625 804 2665 uxorem
837 2610 1124 2681 acceperit
1151 2612 1192 2678 ³,
1223 2611 1324 2682 qui
1353 2612 1425 2666 ad
1473 2611 1531 2666 id
1568 2611 1828 2668 locorum
1859 2629 2003 2685 pon-

350 2700 494 2756 tifex
522 2697 883 2770 Heliopoleos
913 2703 1054 2754 erat.
1089 2699 1288 2771 Neque
1317 2700 1474 2755 enim
1506 2700 1594 2756 fas
1640 2701 1863 2772 absque
1904 2717 2005 2756 eu-

354 2787 569 2845 nuchis
616 2786 756 2843 idoli
822 2786 980 2844 illius
1042 2804 1170 2844 esse
1218 2789 1547 2855 antistites,
1598 2794 1665 2844 ut
1719 2806 1856 2845 vera
1906 2789 2007 2845 illa

353 2878 735 2934 Hebraeorum
786 2893 963 2948 super
1009 2893 1076 2931 eo
1105 2878 1259 2948 quod
1306 2879 1430 2949 jam
1489 2879 1766 2949 diximus,
1811 2880 2005 2951 suspi-

344 2966 449 3043 cio
482 2965 913 3037 comprobetur.

425 3054 616 3126 (Vers.
664 3053 882 3125 50-52.)
932 3076 953 3103 α
1004 3054 1072 3109 Et
1115 3054 1332 3126 Joseph
1386 3055 1507 3111 nati
1568 3059 1706 3111 sunt
1753 3057 1870 3111 duo
1900 3055 2006 3110 ﬁlii

355 3146 678 3215 antequam
746 3142 1015 3198 venirent
1063 3143 1201 3198 anni
1249 3144 1443 3210 famis,
1489 3161 1636 3217 quos
1683 3146 1909 3217 peperit
1955 3146 2007 3200 ei

351 3213 609 3288 Aseneth
658 3229 779 3286 ﬁlia
826 3229 1203 3303 Phutipharis
1250 3213 1568 3289 sacerdotis
1623 3213 2003 3306 Heliopoleos.
2038 3213 2081 3279 (αἶ

355 3320 514 3378 868
562 3319 795 3377 Vocavit
837 3323 1034 3375 autem
1088 3320 1306 3393 Joseph
1355 3337 1569 3378 nomen
1636 3322 2005 3394 primogeniti

436 3463 451 3495 ⁸
521 3460 783 3536 Videtur
832 3464 1028 3517 autem
1064 3478 1138 3536 _e_x
1168 3461 1413 3536 Origene
1446 3462 1762 3536 delibasse
1791 3464 1892 3536 qui
1949 3464 2008 3519 in

357 3533 594 3605 catenis
643 3532 839 3605 regiis,
871 3537 1033 3605 teste
1063 3532 1515 3605 Montfauconio,
1567 3535 1648 3590 ita
1693 3532 1871 3591 habet
1901 3553 1914 3590 :
1948 3546 2011 3592 Τὸ

358 3603 615 3667 Ἐϐραῖιὸν
687 3602 829 3669 fieri
871 3602 1060 3668 Ἀβρήχ
1083 3641 1095 3661 ,
1167 3603 1195 3651 ὅ
1254 3604 1444 3669 (nuptm;
1513 3608 1739 3667 στδμαίνει
1768 3644 1779 3665 ,
1849 3606 2011 3670 πατήρ

364 3671 555 3730 ἁπαλὸς
585 3708 599 3732 ,
674 3675 757 3721 ut
812 3673 1031 3729 εἰκότως.
1089 3671 1330 3733 ἐνάπαλος
1403 3676 1563 3739 (forte
1624 3676 1721 3739 leg.
1780 3678 1831 3722 ἐν
1886 3678 2013 3724 άπα-

363 3742 495 3806 λοῖς)
548 3745 637 3806 γὰρ
691 3745 757 3791 ὥν
815 3747 971 3792 καντὰ
1016 3744 1108 3803 τήν
1166 3744 1380 3806 ἠλικίαν,
1439 3747 1500 3804 ὥς
1554 3748 1716 3812 πατήρ
1773 3748 2013 3811 σωτήριον

362 3813 532 3879 ἀρχὴν
611 3815 879 3877 Λὶγυπτίοις
967 3815 1252 3875 ὲνεδείξιατο
1305 3852 1319 3866 .
1402 3816 1546 3876 δηλοῖ
1625 3818 1675 3866 δὲ
1759 3818 1900 3865 οὐδὲν
1980 3821 2015 3877 ὴ

357 3884 545 3945 λέξιςῆ
598 3886 655 3932 τὸ
709 3886 959 3949 γονατζειν
992 3924 1004 3936 .
1064 3890 1253 3951 φανερὰ
1306 3889 1401 3952 γάρ
1459 3891 1590 3940 ἐστιν
1644 3890 1679 3949 ή
1735 3890 1872 3954 φωνή
1926 3889 2014 3937 τοὺ

354 3964 517 4027 κήρις.
582 3957 965 4031 Ηθὺναίειιτηᾼ
1025 3958 1231 4031 habet.
1279 3959 1510 4027 Abrech,
1586 3961 1725 4031 quod
1794 3962 2017 4031 proprie

358 4032 528 4100 pater
573 4030 738 4083 tener
782 4029 1078 4100 signiﬁcat.
1128 4029 1269 4084 Nam
1314 4046 1438 4084 cum
1486 4029 1643 4087 aetate
1684 4029 1837 4088 tener
1863 4029 2013 4099 esset,

394 4100 525 4154 uasi
576 4106 734 4169 pater
785 4101 1085 4156 salutarem
1168 4102 1505 4172 rincz’patum
1552 4105 1828 4174 Egyptiis
1855 4104 2014 4157 cachi-

358 4116 498 4225 iuit.
550 4171 676 4224 ch
713 4186 821 4225 vox
863 4180 1047 4225 autem
1074 4118 1285 4225 Afrae/1.
1340 4173 1484 4225 nihil
1525 4174 1682 4225 aliud
1721 4174 2014 4225 signiﬁcat.

433 4171 498 4225 it.
550 4171 676 4224 Hazc
713 4186 837 4245 vara
863 4180 1047 4227 autem
1074 4171 1285 4245 Atii-ccli
1314 4171 1484 4227 ’nihil
1525 4171 1682 4229 aliud
1721 4174 2015 4245 signiﬁcat,

359 4257 530 4324 quam
582 4255 774 4313 genua
804 4242 1053 4299 ﬂectere.
1087 4242 1254 4299 Clara
1299 4246 1498 4317 quippe
1538 4250 1613 4300 est
1658 4242 1785 4301 vox‘
1806 4261 2017 4316 praeco—

360 4328 471 4368 ms.

434 4384 459 4418 ⁸
494 4380 647 4438 Scite
705 4381 1216 4466 Hieronymus-ad
1275 4385 1672 4466 {Egyptiacam
1730 4386 2016 4466 originem

363 4452 475 4529 has
500 4469 669 4529 voces
700 4454 894 4524 refert,
922 4452 1185 4529 itametsi
1244 4452 1512 4511 nihil'in
1566 4458 1639 4512 iis
1698 4458 1795 4527 sit,
1820 4452 2016 4529 "quod

356 4524 707 4600 Hebraicam
736 4525 1147 4600 etymologiam
1199 4529 1572 4600 non__sapiat,
1618 4524 1792 4599 juxta
1838 4524 2013 4600 quam

358 4595 708 4723 pervulgata
731 4595 886 4668 apud
916 4595 1120 4653 omnes
1176 4602 1265 4653 est
1297 4597 1395 4653 illa
1433 4595 1874 4682 interpretatio;
1900 4617 2015 4670 qua

403 4667 1009 4723 somthom-Phanech
1083 4670 1439 4723 obscurarum
1497 4688 1685 4723 rerum
1744 4676 2012 4723 interpres

403 4667 1009 4743 somthom-Phanech
1067 4670 1439 4743 Aobscurarum
1497 4667 1685 4727 rerum
1744 4667 2012 4743 interpres

357 4737 747 4823 dicituysiv'e
771 4742 884 4823 .qui
916 4740 1154 4823 ‘oc'culla
1185 4741 1342 4823 clare
1380 4745 1645 4823 exposuit.
1680 4737 2013 4823 Bern‘ardus

360 4813 562 4894 tamen
591 4809 652 4864 in
678 4809 842 4894 Notis
864 4811 936 4865 ad
963 4812 1281 4894 Joseph-um
1310 4809 1461 4868 duos
1483 4814 1710 4894 profert
1738 4813 2014 4894 antiquos

360 4878 676 4956 Scrjpturae
708 4882 957 4948 codices,
1014 4878 1119 4953 qui
1166 4878 1624 4956 Hieronymi-ana;
1665 4878 2011 4956 expositioni

358 4950 763 5026 suifragantur
797 4970 839 5026 _:
895 4950 1623 5026 Pent—ateuchum'nempe
1680 4950 2011 5023 Arabicum,

358 5021 593 5097 pridem
634 5023 724 5097 _ah
776 5023 1042 5096 Egyptia
1070 5021 1691 5097 Amanurdescriptum,
1726 5026 1785 5082 in
1845 5021 2015 5097 cujus

356 5092 675 5166 inarginali
726 5092 1347 5172 n0t8:_"‘_lv’ov00(atpuvéx
1381 5139 1394 5164 ,
1474 5092 1738 5172 Nrabicis
1820 5092 2013 5172 verbis

357 5165 607 5220 servator
689 5166 887 5238 mandi
928 5165 1392 5238 interpretatur,
1460 5172 1519 5222 et
1593 5168 2013 5224 Octateuchum

356 5239 627 5314 graecum
657 5236 883 5314 collegii
915 5236 1258 5314 pxoniensis
1300 5236 1385 5292 in
1419 5256 1532 5314 quo
1578 5240 2012 5314 Ψφνοομφανὴγ,

358 5256 627 5291 uraacum
657 5256 883 5309 couegll
915 5256 1258 5295 UXODIBDSIS
1300 5256 1357 5292 1n
1419 5256 1532 5363 quo
1582 5256 2012 5314 ιιονυομφανηγ,

358 5305 391 5361 ὅ
446 5305 560 5381 ἐστς.
605 5308 787 5381 σωτὴρ
845 5311 942 5361 τοῦ
992 5306 1200 5381 κόσμου
1261 5312 1837 5366 Psontzom-Phanech
1871 5354 1883 5378 ,
1960 5313 2015 5366 id

355 5385 460 5454 est,
494 5379 789 5454 _Servator
851 5379 1286 5454 maadi.'_Vide
1336 5386 1393 5436 et
1451 5383 1527 5437 Le
1586 5382 1881 5454 Moynium
1942 5385 2010 5438 ad

370 5451 537 5507 Varia
582 5465 760 5519 sacra,
815 5467 870 5519 p.
927 5451 1031 5506 402
1087 5452 1219 5507 Jam
1280 5469 1411 5508 vero
1474 5454 1532 5508 in
1591 5451 1809 5510 nostris
1868 5472 2009 5511 mss.

372 5467 537 5507 varia
582 5467 760 5519 sacra,
859 5492 870 5504 .
927 5467 1031 5506 ωε
1087 5467 1219 5507 sam
1280 5469 1411 5508 vero
1474 5471 1532 5508 in
1591 5467 1809 5510 nostris
1868 5472 2009 5511 mss.

355 5521 576 5649 legciltur
628 5467 849 5577 [τανιεεῖ
898 5524 1047 5589 fane.
1109 5529 1167 5578 et
1238 5524 1429 5579 Graece
1486 5526 1815 5597 Spomothon
1869 5527 2011 5597 pha-

363 5606 433 5648 ne
502 5636 515 5648 .

363 5606 515 5648 πίση.

434 5693 503 5707 --
533 5663 842 5736 Saphaneth
871 5664 1111 5723 Phanae.
1171 5665 1251 5724 De
1281 5665 1389 5723 hoc
1444 5667 1681 5726 nomine
1710 5669 2016 5741 Saphaneth

2090 568 2299 623 borum
2362 580 2648 630 meorum,
2713 568 2769 619 et
2832 565 3025 620 omnis
3091 566 3300 622 domus
3340 566 3522 637 patris
3592 568 3728 623 mei.

2091 657 2314 712 Nomen
2345 658 2543 709 autem
2568 653 2812 709 secundi
2842 653 3063 710 vocavit
3096 653 3392 726 Ephraim,
3441 656 3582 728 quia
3612 673 3735 713 cre-

2094 759 2254 801 scere
2281 760 2374 798 me
2419 743 2557 798 fecit
2598 743 2754 798 Deus
2798 745 2858 797 in
2907 747 3064 799 terra
3111 743 3463 801 humilitatis
3509 762 3669 802 meae.
3707 768 3735 796 ››

2093 834 2348 889 Observa
2377 836 2612 905 propter
2642 832 3047 904 quaestionem,
3082 850 3210 904 qua:
3254 837 3385 906 post
3431 834 3738 905 paululum
3820 879 3830 888 .

2095 923 2166 978 de
2194 920 2409 993 Joseph
2442 919 2578 976 ﬁliis
2611 921 2993 992 proponenda
3040 927 3149 988 est,
3198 922 3353 992 quod
3403 926 3537 979 ante
3565 924 3739 980 famis

2093 1015 2349 1082 tempus,
2394 1026 2511 1081 quo
2552 1009 2731 1065 Jacoh
2793 1009 3031 1064 intravit
3079 1010 3139 1064 in
3202 1015 3533 1083 ngyptum,
3593 1012 3741 1067 duos

2098 1103 2329 1155 tantum
2349 1098 2565 1169 Joseph
2590 1096 2741 1153 ﬁlios
2772 1097 3341 1163 habuerit,Manasse
3366 1103 3425 1155 et
3443 1100 3739 1172 Ephraim.

2097 1189 2352 1244 Manasse
2392 1203 2606 1243 vocans
2654 1188 2725 1242 ab
2774 1202 2861 1253 eo,
2914 1187 3068 1258 quod
3112 1187 3190 1242 sit
3229 1187 3445 1243 oblitus
3475 1188 3743 1245 laborum

2100 1294 2343 1334 suorum
2401 1295 2414 1331 :
2470 1277 2552 1332 ita
2622 1275 2779 1331 enim
2853 1275 3130 1333 Hebraice
3210 1280 3450 1333 vocatur
3524 1278 3745 1334 oblivio.

2102 1368 2385 1438 Ephraim,
2426 1382 2493 1421 eo
2542 1365 2695 1436 quod
2741 1363 2968 1420 auxerit
3013 1381 3149 1420 eum
3199 1370 3369 1422 Deus.
3412 1370 3482 1421 Et
3523 1383 3592 1421 ex
3638 1367 3747 1422 hoc

2101 1454 2259 1511 enim
2308 1452 2589 1510 vocabulo
2656 1453 2717 1508 in
2767 1452 3032 1525 linguam
3090 1458 3352 1511 nostram
3397 1454 3750 1511 transfertur

2103 1550 2475 1613 augmentum.

2176 1633 2334 1704 (Cap.
2404 1632 2592 1687 XLIII.
2644 1663 2714 1671 —-
2761 1631 2927 1687 Vers.
2986 1632 3094 1703 11.)
3153 1654 3181 1680 ‹‹
3246 1633 3315 1687 Et
3362 1632 3582 1687 deferte
3626 1632 3750 1689 viro

2105 1738 2371 1787 munera,
2422 1720 2644 1792 aliquid
2694 1720 2925 1787 resina,
2972 1723 3032 1775 et
3078 1718 3291 1784 mellis,
3346 1719 3674 1792 thymiama
3696 1725 3755 1776 et

2104 1813 2358 1867 stactent
2447 1814 2505 1865 et
2551 1808 2970 1879 terebinthum,
3044 1813 3101 1865 et
3148 1824 3345 1865 nuces.
3398 1829 3427 1857 »
3474 1808 3623 1876 Sive,
3690 1813 3756 1864 ut

2108 1899 2315 1970 Aquila
2352 1903 2411 1953 et
2469 1897 2855 1971 Symmachus
2917 1896 3363 1961 transtulerunt,
3424 1898 3750 1969 amygdala.

2110 1988 2328 2044 Idcirco
2372 1987 2482 2042 hoc
2531 1986 2855 2058 capitulum
2904 1986 3232 2057 posuimus,
3269 1990 3333 2040 ut
3362 1984 3622 2043 sciamus
3654 1986 3754 2042 ubi

2109 2077 2170 2132 in
2203 2076 2419 2132 nostris
2451 2075 2752 2131 codicibus
2784 2075 3035 2130 habetur
3063 2076 3389 2146 thymiama,
3423 2075 3483 2129 in
3514 2075 3753 2132 Hebraeo

2109 2182 2239 2223 esse
2264 2182 2517 2220 NECO‘I‘HA
2548 2164 2765 2236 (nam),
2799 2164 2956 2235 quod
3002 2162 3208 2235 Aquila
3258 2171 3526 2220 storacem
3555 2168 3756 2220 trans-

2110 2254 2265 2310 tulit.
2298 2255 2380 2309 Ex
2409 2271 2523 2325 quo
2553 2254 2742 2309 domus
2800 2254 3025 2308 nechota
3067 2269 3194 2323 qua:
3249 2251 3309 2306 in
3343 2251 3494 2307 Isaia
3539 2256 3752 2322 (χχχιχ,

2110 2345 2165 2416 2)
2208 2343 2442 2415 legitur,
2493 2341 2971 2398 manifestissime
3019 2341 3163 2396 cella
3218 2341 3598 2412 thymiamatis
3634 2340 3755 2397 sive

2110 2435 2335 2489 storocis
2382 2430 2751 2503 intelligitur,
2801 2430 2955 2501 quod
3000 2429 3060 2484 in
3092 2428 3191 2484 illa
3221 2432 3482 2485 aromata
3529 2428 3757 2485 diversa

2113 2522 2233 2578 sint
2259 2521 2516 2577 condita.

2183 2609 2367 2678 (Vers.
2436 2609 2549 2679 34.)
2612 2632 2640 2658 ‹‹
2696 2609 2767 2663 Et
2833 2606 3125 2672 biberunt,
3194 2609 3252 2662 et
3279 2605 3554 2662 inebriati
3618 2610 3759 2663 sunt

2114 2714 2248 2754 cum
2281 2714 2367 2752 eo.
2408 2720 2431 2743 »ι
2464 2697 2690 2752 Idioma
2735 2696 2947 2767 linguae
3002 2695 3247 2751 Hebraea:
3293 2700 3404 2763 est,
3430 2700 3496 2750 ut
3523 2696 3756 2751 ebrieta-

2114 2794 2223 2842 tem
2269 2802 2372 2857 pro
2415 2787 2665 2841 satietate
2714 2789 2911 2857 ponat,
2959 2785 3113 2839 sicut
3140 2783 3219 2839 ibi
3275 2800 3288 2838 :
3341 2785 3405 2839 In
3444 2784 3759 2841 stillicidiis

2113 2876 2231 2943 eius
2262 2876 2631 2930 inebriabitur
2660 2876 2683 2909 ὀ
2710 2876 3030 2944 geminans
3059 2874 3234 2941 (Psal.
3265 2890 3411 2940 sxw,
3443 2873 3548 2941 11),
3590 2873 3747 2929 haud

2116 2963 2363 3019 dubium
2392 2964 2536 3035 quin
2568 2969 2720 3019 terra
2754 2962 2966 3034 pluviis
2997 2962 3258 3035 irrigata.

2187 3052 2344 3124 (Cap.
2381 3052 2569 3107 XLIV.
2621 3081 2690 3091 -—-
2736 3055 2907 3107 ‘Vers.
2962 3051 3042 3121 2.)
3090 3072 3120 3101 ‹‹
3171 3051 3238 3105 Et
3274 3066 3423 3122 pone
3450 3053 3760 3122 argentum

2118 3140 2587 3212 uniuscujusque
2617 3139 2676 3194 in
2709 3156 2807 3196 ore
2837 3139 3079 3209 saeculi,
3133 3142 3189 3195 et
3226 3139 3413 3209 condy
3444 3154 3641 3195 meum
3669 3156 3762 3195 ar-

2119 3234 2394 3300 genteum
2423 3229 2445 3263 ⁶
2476 3228 2639 3283 mitte
2666 3228 2725 3282 in
2758 3226 3059 3284 sacculum
3100 3226 3376 3298 junioris.
3428 3248 3456 3277 »
3507 3231 3615 3282 Pro
3643 3244 3765 3282 sac-

2123 3320 2259 3389 culo,
2288 3334 2563 3390 peronem,
2621 3316 2708 3372 vel
2755 3318 2964 3389 follem,
3018 3316 3077 3371 in
3126 3315 3361 3371 Hebrazo
3404 3314 3600 3372 habet.
3653 3320 3764 3372 Pro

2122 3461 2339 3517 Phanae
2382 3460 2615 3515 abunde
2662 3457 3093 3531 disputavimus
3132 3459 3197 3531 in;
3242 3456 3517 3529 Apologia
3550 3460 3768 3531 nostra

2162 3548 2224 3587 ro
2257 3532 2622 3602 Hieronymo.
2655 3527 2903 3585 Consule
2945 3545 3125 3601 supra
3169 3527 3670 3584 Commentarium
3704 3528 3766 3583 in

2146 3603 2222 3657 ib.
2259 3604 2418 3657 Hebr.
2453 3603 2673 3657 Nomia.
2715 3604 2926 3672 cap.2.
2960 3604 3230 3672 Manum.

2196 3675 2217 3705 ³
2243 3674 2618 3745 Reginaemis.
2652 3668 2963 3745 antiquior,
3016 3670 3167 3739 Quod
3214 3669 3450 3745 hominis
3493 3668 3769 3738 quondam

2123 3739 2379 3819 emptoris
2409 3744 2521 3819 sui.
2556 3739 2822 3798 Diximus
2867 3758 3002 3797 vero
3049 3756 3231 3812 supra
3277 3739 3339 3819 in_
3387 3755 3515 3809 cap.
3548 3755 3765 3819 xxxvn,

2125 3809 2277 3871 hanc
2335 3814 2692 3887 Opinionem,
2741 3830 2867 3885 quae
2919 3809 3559 3887 unum—eamdemque
3631 3809 3771 3865 facit

2124 3880 2439 3955 herumfet
2471 3880 2687 3958 postea
2718 3880 2980 3958 socerum
3031 3880 3271 3953 Josephi
3323 3880 3767 3952 Phutipharem,

2124 3974 2192 4031 ex
2239 3955 2569 4031 apocryth
2618 3956 2766 4031 libro
2805 3955 3524 4031 _Hehreos,__exgquorum
3590 3968 3768 4031 sensu

2124 4022 2361 4086 Hieron.
2393 4022 2672 4099 loquitur,
2697 4026 3012 4095 derivasse,
3033 4022 3426 4099 sublesueque
3454 4040 3583 4099 esse
3611 4022 3767 4079 ﬁdei.

2125 4104 2181 4157 S.
2229 4094 2615 4173 Augusti-nus,
2659 4094 3029 4173 Ὀιιειεξεπήξτᾴτόεξἓ
3080 4094 3265 4152 multa
3295 4094 3568 4173 proponit
3596 4111 3769 4173 argu-

2126 4166 2351 4239 menta:
2371 4176 2437 4226 ut
2467 4170 2714 4226 alterum
2747 4170 2819 4224 ab
2841 4168 2942 4224 illo
2975 4166 3271 4224 diversum
3298 4166 3771 4239 exstitisse‘evin-

2125 4248 2237 4311 cat,
2277 4235 2405 4314 quae
2435 4241 2671 4314 videsis.
2706 4243 2837 4314 Ipsa
2883 4238 3149 4314 nominis
3179 4235 3770 4314 hujus_I_>hutiphari_s

2126 4309 2415 4371 elementa
2445 4313 2504 4368 in
2557 4309 2835 4369 Hebraico
2887 4315 3069 4377 textu,
3102 4311 3173 4366 ab
3204 4310 3320 4365 illis
3353 4309 3582 4364 diversa
3610 4310 3768 4377 sunt,

2126 4403 2253 4461 quae
2284 4385 2677 4461 alteriussive
2728 4384 2905 4461 primi
2936 4398 3159 4461 nomen
3207 4384 3568 4461 componunt
3610 4395 3625 4446 ;
3673 4378 3771 4461 ille

2124 4451 2281 4514 enim
2311 4455 2549 4528 Josephi
2567 4451 2747 4511 herus
2775 4454 3053 4528 scribitur
3072 4462 3266 4528 nam;
3292 4471 3313 4518 ;
3344 4451 3468 4528 hic,
3486 4451 3617 4528 (sive
3641 4451 3771 4528 ejus

2126 4544 2384 4595 socerus,
2418 4522 2649 4583 d'uobus
2702 4526 2917 4596 verbis,
2968 4529 3145 4597 atque
3176 4523 3289 4579 alia
3338 4522 3534 4579 addita
3565 4522 3624 4577 in
3655 4522 3771 4577 ﬁne

2961 4684 2974 4689 -

2193 4673 2216 4704 ‘
2241 4667 2395 4725 Mss.‘
2416 4668 2921 4745 nostrila’taoitur
2961 4684 2975 4722 :
3025 4667 3269 4745 quidam
3293 4667 3489 4745 etiam
3520 4667 3638 4745 sitis
3668 4679 3771 4745 pro

2122 4743 2259 4812 ejus.
2304 4746 2451 4821 Sane
2498 4741 2871 4821 inebriabitur
2907 4739 2967 4821 in
3010 4736 3173 4793 nulla
3218 4736 3395 4793 veteri
3445 4736 3648 4791 Latina
3678 4736 3770 4787 in-

2121 4815 2537 4884 terpretatione
2568 4815 2826 4867 invenire
2857 4815 2965 4866 est.

2185 4883 2444 4953 {Condy
2490 4898 2672 4937 meum
2719 4890 3056 4953 argenteum.
3109 4879 3328 4953 Condy,

2122 4950 2292 5007 Κόνδυ
2342 4947 2636 5029 scribitur,
2674 4947 2941 5029 pacatam
2960 4952 3240 5029 Persicum
3278 4947 3587 5029 significat
3615 4947 3769 5017 apud

2164 5025 2538 5081 rammaticos
2581 5019 2827 5088 Graecos,
2895 5020 3217 5094 Hesychius
3283 5019 3423 5094 dicit
3451 5034 3580 5074 esse
3602 5032 3770 5089 pocu-

2164 5042 2538 5081 rammaticos
2581 5042 2827 5088 uraacos,
2895 5042 3217 5094 nesycmus
3283 5042 3423 5073 UIUIL
3451 5042 3580 5074 esse
3602 5042 3770 5089 pavu-

2121 5042 2241 5153 ῗωη
2266 5098 2625 5152 Barbaricam
2657 5093 3083 5150 :Nicomachus
3141 5092 3421 5146 Persicum
3474 5105 3590 5145 esse
3614 5104 3773 5160 pocu-

2124 5170 2241 5224 lum
2290 5168 2475 5224 voluit
2525 5184 2537 5222 :
2585 5166 2901 5221 Athenaeus
2958 5179 3094 5218 vero
3144 5163 3457 5217 Asiaticum
3496 5160 3773 5233 poculum,

2124 5241 2327 5295 decem
2360 5238 2680 5311 cotylarum
2713 5235 3236 5311 capax._ManTIaN.

2197 5342 2263 5351 -—
2295 5300 2491 5381 Condy
2522 5300 3089 5384 explicat-Diodorus
3147 5300 3467 5378 ἀπλοπορτή
3481 5322 3580 5370 ιον,
3601 5301 3769 5384 Δῳ]ρρ

2125 5386 2235 5447 est,
2281 5373 2517 5452 Simplex
2557 5373 2832 5451 poculum.
2911 5377 3228 5452 Asiaticum
3280 5373 3566 5452 vasuesse
3595 5373 3773 5452 tradit

2125 5444 2441 5509 Menander
2496 5444 2572 5507 in'
2615 5452 2908 5508 Adulatore
2964 5467 2975 5505 :
3030 5449 3326 5503 Persicum
3384 5444 3773 5502 Nicomachus

2123 5526 2194 5580 ab
2230 5525 2499 5579 Athenaeo
2532 5524 2808 5579 laudatus
2840 5521 2941 5576 lib.
2978 5538 3054 5587 1x,
3089 5537 3138 5573 c.
3169 5521 3237 5587 8;
3291 5517 3587 5575 Relandus
3617 5518 3766 5587 part.

2124 5597 2151 5650 1
2185 5594 2424 5723 Dissert.
2456 5594 2696 5652 Miscell.
2740 5593 2999 5649 Indicam
3044 5586 3301 5648 nominis
3357 5586 3643 5663 originem
3672 5586 3773 5641 do-

2125 5682 2187 5723 ce
2221 5708 2234 5723 .

2125 5682 2213 5723 σοι
2221 5708 2234 5723 .

3370 4876 3525 4947 quod
3575 4876 3771 4931 Graece
