4058 6172
228 314 403 395 1653

1300 328 1529 393 LIBER
1573 328 1805 392 HEBR.
1851 324 2155 401 QUEST.
2200 329 2280 391 IN
2327 330 2603 393 GENES.

3483 326 3640 397 ιαςι

224 464 420 521 fuerit
450 461 650 520 Jacob.
686 463 844 520 Hanc
878 481 1025 532 rem,
1059 481 1130 521 ne
1160 464 1254 520 cui
1280 465 1543 520 videatur
1580 465 1887 520 adversum
1917 464 1973 531 Α
2000 464 2113 535 ptri
2150 465 2551 537 Joseph,quod
2588 462 2853 521 videlicet
2880 464 3173 523 houorans
3195 464 3640 541 ﬁlium,potesta

223 554 561 626 Scriptura:
620 554 1021 610 auctoritatem
1081 555 1264 627 loqui,
1297 554 1471 617 etiam
1508 554 1889 625 Septuaginta

224 644 600 715 Interpretes
632 642 690 697 in
722 643 1166 699 Deuteronomio
1200 646 1277 715 (Χ,
1308 644 1399 713 22)
1423 642 1886 697 transtulerunt1

223 733 397 803 quod
434 732 491 785 in
524 731 894 803 septuaginta
925 732 1234 787 animabus
1264 731 1565 802 ingressus
1597 732 1674 785 sit
1708 732 1888 787 Jacob

228 822 350 893 [Αἱ.
386 819 583 889 Israel]
643 820 702 874 in
762 825 1072 893 [Egyptum
1134 821 1190 875 Si
1250 820 1383 891 quis
1448 818 1625 890 igitur
1680 826 1889 876 nostra:

231 908 546 965 sententiae
578 910 921 981 refragatur.
956 910 1314 982 Scripturam
1349 908 1497 962 inter
1547 925 1607 961 se
1660 915 1892 965 contra-

230 998 392 1054 riam
426 998 616 1053 faciet.
650 998 760 1069 Ipsi
793 998 947 1053 enim
982 1000 1364 1071 Septuaginta
1398 998 1763 1067 lnterpretes,
1792 1000 1891 1070 qui
1928 1004 1935 1009 ‘

227 1089 334 1143 hic
370 1088 743 1159 septuaginta
772 1088 1031 1159 quinque
1072 1090 1300 1145 animas
1338 1108 1441 1163 per
1468 1098 1733 1162 πρόληψιν,
1758 1105 1891 1143 cum

227 1177 477 1248 Joseqb,
508 1182 563 1231 et
611 1176 860 1247 posteris
895 1177 1019 1233 suis
1068 1179 1379 1250 IEgyptum
1422 1181 1717 1253 ingressas
1765 1194 1894 1232 esse

227 1266 535 1330 dixerunt,
570 1264 628 1318 in
656 1265 1101 1321 Deuteronomio
1134 1269 1507 1341 septuaginta
1538 1273 1768 1324 tantum
1803 1267 1891 1321 in-

229 1360 430 1411 trasse
463 1359 866 1409 memorarunt
900 1354 1002 1420 [Αὶ.
1027 1356 1301 1412 introisse
1325 1358 1695 1427 memorant].
1729 1358 1891 1422 Quod

229 1446 285 1499 si
321 1460 353 1499 e
388 1442 677 1498 contrario
717 1443 884 1499 nobis
906 1443 1050 1499 illud
1075 1447 1408 1517 opponitur,
1428 1447 1720 1519 quomodo
1740 1447 1882 1501 311

230 1534 299 1587 in
336 1532 573 1587 Actibus
602 1531 996 1604 apostolorum
1032 1536 1174 1605 (v11),
1210 1534 1269 1589 in
1302 1537 1580 1591 concione
1612 1534 1892 1607 Stephani

241 1621 481 1676 dicatur
508 1621 573 1675 ad
604 1621 1291 1695 populum,scptuaginta
1316 1625 1579 1696 quinque
1611 1627 1631 1658 ²
1665 1626 1894 1679 animas

240 1711 541 1782 ingressas
572 1726 701 1765 esse
731 1711 1041 1783 .Egyptum
1077 1737 1090 1779 ;
1126 1712 1312 1767 facilis
1334 1715 1629 1769 excusatio
1653 1714 1891 1769 est.Non

234 1799 400 1855 enim
434 1798 635 1853 debuit
682 1803 921 1854 sanctus
984 1802 1192 1866 Lucas,
1252 1802 1349 1873 qui
1398 1803 1585 1874 ipsius
1634 1802 1892 1856 historiae
1925 1834 1973 1898 B

229 1889 494 1959 scriptor
523 1892 631 1952 est,
665 1887 723 1942 in
756 1892 957 1959 gentes
990 1891 1238 1944 Actuum
1282 1891 1680 1962 apostolorum
1728 1891 1892 1947 volu-

230 1992 377 2031 men
411 1976 713 2041 emittens,
740 1978 1095 2032 contrarium
1141 1977 1361 2050 aliquid
1395 1980 1647 2035 scribere
1694 1982 1893 2036 adver-

230 2083 343 2121 sus
378 2082 506 2120 eam
539 2064 924 2136 Scripturam,
960 2083 1086 2137 quae
1111 2067 1237 2137 jam
1269 2069 1456 2123 fuerat
1485 2069 1759 2139 gentibus
1807 2068 1892 2123 di-

228 2154 501 2226 vulgata.
538 2153 605 2208 Et
626 2153 827 2225 utique
859 2155 1103 2225 majoris
1136 2156 1427 2228 opinionis
1471 2158 1568 2213 illo
1614 2160 1895 2215 duntaxat

229 2249 505 2315 tempore
534 2243 913 2314 Septuaginta
936 2245 1321 2316 Interpretum
1347 2246 1678 2303 habebatur
1701 2254 1895 2304 aucto-

229 2332 406 2397 ritas,
441 2347 621 2401 quam
656 2332 847 2398 Lucae,
884 2331 985 2402 qui
1034 2333 1291 2406 ignotus,
1355 2340 1412 2389 et
1468 2334 1621 2401 vilis,
1676 2341 1733 2391 et
1778 2354 1892 2391 non

230 2435 468 2491 magnae
500 2419 633 2473 fidei
668 2420 723 2474 in
760 2420 1094 2475 nationibus
1145 2422 1246 2487 [Αἰ.
1299 2422 1592 2495 gentibus]
1642 2425 1892 2480 duceba-

228 2513 354 2563 tur.
407 2509 523 2562 Hoc
575 2512 770 2563 autem
812 2508 1162 2580 generaliter
1221 2512 1673 2575 observandum,
1736 2515 1890 2584 quod

229 2598 581 2669 ubicunque
613 2597 797 2651 sancti
840 2598 1107 2668 apostoli,
1160 2605 1261 2654 aut
1308 2600 1608 2671 apostolici
1658 2601 1762 2655 viri
1810 2601 1893 2657 lo-

230 2691 507 2758 quuntur
536 2686 607 2741 ad
655 2685 921 2757 ρονυὶοε,
981 2686 1069 2741 bis
1127 2688 1475 2759 plerumque
1539 2681 1894 2745 testimoniis

232 2776 588 2840 abutuntur,
625 2790 755 2846 qua:
776 2775 900 2845 jam
925 2776 1157 2831 fuerant
1188 2776 1244 2830 in
1260 2776 1533 2848 gentibus
1549 2778 1845 2849 divulgata
1878 2795 1890 2833 :

230 2864 377 2919 licet
408 2862 671 2935 plerique
699 2864 936 2918 tradant
966 2864 1181 2919 Lucam
1203 2865 1640 2937 evangelistam,
1666 2872 1730 2920 ut
1762 2883 1891 2937 pro-

232 2953 513 3025 selytum,
547 2953 821 3007 Hebrazas
853 2952 1077 3007 litteras
1107 2954 1128 2985 ³
1160 2953 1478 3024 ignorasse.

305 3041 499 3113 (Vers.
531 3040 618 3095 28.
652 3044 672 3109 )
705 3064 731 3089 ‹‹
765 3041 981 3096 Judam
1012 3057 1146 3096 vero
1178 3042 1336 3097 misit
1378 3048 1509 3097 ante
1560 3061 1621 3099 se
1668 3045 1738 3098 ad
1792 3044 1892 3099 Jo-

234 3130 407 3203 seph,
442 3133 507 3184 ut
537 3133 865 3185 occurreret
893 3128 943 3184 ei
975 3129 1044 3183 ad
1080 3130 1283 3185 urbem
1307 3129 1557 3185 Heroum
1590 3132 1649 3186 in
1675 3136 1889 3187 terram

1996 558 2113 608 tem
2146 554 2275 623 ejus
2319 555 2663 622 adoraverit,
2698 572 2831 610 cum
2866 556 2923 610 in
2975 557 3211 611 Hebraeo
3260 557 3443 612 multo
3476 557 3643 614 aliter

1998 642 2226 713 legatur
2259 661 2269 697 :
2300 668 2327 692 ‹‹
2366 644 2427 697 Et
2460 644 2738 711 adoravit,
2773 644 2981 716 inquit,
3007 644 3179 700 Israel
3226 647 3295 700 ad
3346 651 3522 719 caput
3568 647 3643 703 le-

2001 732 2139 786 ctuli
2178 749 2191 799 ;
2229 754 2255 781 ››
2289 734 2442 803 quod
2476 732 2719 800 scilicet,
2746 739 3054 805 postquam
3088 734 3137 789 ei
3166 735 3458 804 juraverat
3488 737 3643 792 illius

2002 837 2243 876 securus
2277 822 2347 876 de
2389 822 2687 893 petitione,
2731 840 2904 892 quam
2958 828 3273 893 regaverat,
3324 824 3647 880 adoraverit

2004 911 2181 965 Deum
2213 914 2411 965 contra
2445 916 2617 982 caput
2650 911 2845 965 lectuli
2878 912 2990 966 sui.
3036 916 3282 968 Sanctus
3332 913 3546 985 quippe
3593 918 3649 969 et

2002 999 2117 1054 Deo
2149 999 2381 1053 deditus
2413 1000 2498 1053 vir
2527 1001 2567 1068 ⁵,
2602 1017 2917 1071 oppressus
2951 1006 3267 1067 senectute,
3300 1003 3383 1057 sic
3402 1002 3651 1057 habebat

2003 1086 2282 1142 lectulum
2322 1089 2594 1159 positum,
2628 1091 2781 1145 372
2825 1095 2889 1143 ut
2937 1090 3060 1160 ipse
3102 1091 3353 1160 jacentis
3412 1091 3648 1145 habitus

2002 1178 2222 1247 absque
2257 1177 2375 1232 ulla
2404 1177 2748 1233 difficultate
2775 1180 2843 1233 ad
2894 1178 3215 1234 orationem
3270 1184 3425 1235 esset
3472 1197 3643 1251 para-

2001 1268 2119 1320 tus.

2074 1355 2231 1425 (Cap.
2270 1356 2517 1410 XLVHI.
2557 1388 2619 1396 —
2645 1356 2805 1410 Vers.
2858 1358 2907 1409 1.
2946 1357 2961 1425 )
3014 1380 3037 1403 ‹‹
3071 1357 3141 1411 Et
3176 1357 3509 1412 nuntiatum
3560 1363 3649 1412 est

2000 1444 2235 1515 Joseph.
2271 1445 2413 1499 Ecce
2447 1450 2608 1516 pater
2636 1448 2773 1499 tuus
2804 1450 3043 1517 aegrotat
3088 1464 3099 1499 :
3134 1449 3189 1499 et
3220 1446 3354 1500 tulit
3401 1448 3549 1503 duos
3581 1450 3645 1501 tl-

2003 1531 2112 1586 lios
2146 1549 2365 1597 secum,
2398 1536 2692 1588 Masassen
2724 1537 2779 1588 et
2809 1534 3101 1605 Ephraim.
3144 1557 3170 1583 »
3220 1536 3288 1589 Et
3313 1553 3379 1589 ex
3423 1535 3533 1591 hoc
3578 1536 3646 1589 il-

2000 1620 2102 1676 lud
2137 1623 2290 1693 quod
2327 1640 2505 1694 supra
2526 1622 3413 1696 diximus,demoustratur,quia
3430 1625 3645 1697 Joseph

2004 1710 2164 1765 adid
2227 1710 2489 1767 locorum
2549 1714 2570 1745 ⁶
2629 1713 2777 1766 duos
2844 1716 3070 1766 tantum
3141 1712 3291 1769 filios
3357 1713 3647 1784 habuerit,

2001 1799 2277 1872 Ephraim
2310 1804 2366 1855 et
2391 1801 2725 1856 Manassen.
2758 1800 2813 1854 Si
2846 1801 3000 1855 enim
3032 1806 3165 1872 post
3218 1802 3434 1858 multos
3466 1819 3651 1858 annos

2006 1889 2291 1944 moriente
2322 1890 2499 1944 Jacob
2534 1894 2695 1961 patre
2727 1906 2854 1958 suo,
2889 1890 3036 1945 duos
3059 1892 3465 1947 tantummodo
3498 1891 3651 1948 filios

2004 1977 2169 2031 duxit
2195 1979 2265 2032 ad
2297 1979 2783 2049 benedictionem,
2818 1979 3020 2049 utique
3058 1978 3157 2034 illo
3191 1983 3472 2051 tempore,
3518 1999 3650 2038 cum

2004 2063 2107 2119 filii
2142 2067 2269 2136 ejus
2300 2082 2581 2137 generare
2613 2084 2726 2121 non
2778 2066 3084 2137 quiverunt
3126 2068 3166 2132 ⁷,
3202 2068 3424 2139 parvuli
3478 2073 3653 2142 atque

2002 2152 2305 2220 lactentes,
2338 2154 2396 2208 in
2430 2154 2701 2227 ingressu
2734 2154 2916 2225 patris
2948 2158 3004 2209 et
3032 2154 3276 2209 fratrum
3321 2158 3362 2221 ⁸,
3415 2163 3653 2229 nepotes

2004 2258 2071 2297 ex
2097 2242 2181 2297 eis
2214 2243 2433 2298 habere
2464 2260 2579 2297 non
2612 2243 2816 2314 potuit.

2078 2332 2265 2401 (Vers,
2296 2335 2350 2386 2.
2388 2332 2402 2403 )
2439 2354 2463 2379 ››
2511 2332 2575 2386 Et
2625 2332 2987 2388 confortatus
3036 2332 3233 2400 Israel,
3284 2333 3433 2387 sedit
3477 2350 3653 2403 super

2003 2418 2305 2475 lectulum.
2363 2444 2381 2468 ιι
2433 2422 2643 2487 Causa,
2693 2437 2795 2474 cur
2870 2422 3253 2493 Septuaginta
3302 2422 3652 2495 Interpretes

2002 2508 2159 2563 idem
2192 2509 2437 2563 verbum
2465 2508 2633 2563 aliter
2663 2512 2837 2580 atque
2869 2509 3037 2565 aliter
3067 2510 3371 2576 ediderint,
3416 2513 3610 2567 nescio
3636 2531 3648 2580 ;

2004 2597 2111 2652 hoc
2132 2614 2315 2652 unum
2348 2598 2622 2653 audacter
2651 2598 2799 2664 dico,
2835 2599 2988 2670 quod
3012 2598 3204 2671 ipsum
3226 2600 3465 2655 verbum
3490 2603 3652 2657 ΜΕΤΑ

2003 2697 2170 2750 nuc,
2225 2688 2378 2757 quod
2430 2686 2524 2740 hic
2572 2686 2630 2740 in
2694 2687 2890 2741 lectum
2964 2688 3411 2755 transtulerunt,
3473 2706 3653 2762 supra

2004 2775 2103 2829 ubi
2139 2774 2416 2840 diximus,
2452 2776 2726 2830 adorasse
2754 2776 2955 2842 Jacob,
2988 2778 3201 2847 virgam
3222 2779 3436 2849 potius,
3471 2794 3648 2849 quam

2003 2863 2267 2918 lectulum
2302 2862 2769 2918 nominaverunt.

2074 2951 2259 3021 (Vers.
2288 2951 2366 3021 5.)
2398 2972 2425 3001 ‹‹
2458 2952 2527 3005 Et
2573 2968 2728 3006 nunc
2773 2968 2902 3007 ecce
2930 2954 3045 3007 duo
3094 2953 3197 3008 filii
3250 2955 3334 3009 tui
3382 2957 3481 3028 qui
3528 2958 3647 3011 nati

2004 3044 2143 3094 sunt
2174 3039 2276 3094 tibi
2310 3039 2367 3094 in
2401 3044 2554 3094 terra
2582 3041 2835 3113 Egypti,
2868 3045 3179 3113 antequam
3212 3044 3468 3100 venirem
3488 3046 3557 3100 ad
3594 3050 3647 3101 te

2003 3128 2063 3183 in
2096 3128 2497 3200 Egypto,mei
2531 3134 2689 3195 sunt,
2738 3130 3013 3201 Ephraim
3065 3135 3121 3185 et
3164 3132 3434 3189 Manasse
3477 3134 3646 3205 quasi

232 3200 537 3275 Ramesse.
574 3240 600 3267 ››
640 3219 699 3272 In
733 3216 970 3273 Hebraeo
1001 3233 1106 3273 nec
1135 3218 1337 3273 urbem
1388 3220 1563 3275 habet
1614 3220 1887 3287 Heroum,
1920 3200 1963 3267 (Σ
2004 3218 2205 3272 Ruben
2255 3222 2312 3272 et
2359 3218 2527 3289 quasi
2579 3217 2772 3273 Simeo
2821 3224 2993 3274 erunt
3042 3220 3205 3275 mihi.
3248 3223 3403 3287 Quos
3449 3200 3645 3277 autem

231 3324 341 3364 nec
372 3310 589 3362 terram
620 3306 916 3371 Ramesse,
952 3307 1050 3361 sed
1082 3308 1427 3362 tantumodo
1476 3308 1682 3363 Gesen.
1736 3310 1889 3365 Non-

230 3395 381 3453 nulli
407 3396 746 3450 Judzcorum
780 3398 1051 3449 asserunt
1081 3396 1103 3429 ‘
1128 3395 1311 3451 Gesen
1347 3413 1502 3451 nunc
1529 3397 1887 3453 Thebaidem

229 3482 449 3540 vocari.
482 3484 552 3538 Et
581 3483 637 3537 id
692 3484 850 3554 quod
900 3487 1102 3554 postea
1152 3483 1420 3554 sequitur
1452 3500 1465 3537 ε
1501 3508 1527 3533 ‹‹
1564 3484 1731 3539 Dedit
1782 3487 1888 3551 eis,

233 3578 305 3629 ut
355 3572 718 3643 possiderent
765 3570 993 3643 .Egypti
1038 3573 1143 3642 [ΑΙ.
1179 3573 1237 3625 in
1294 3573 1557 3644 JEgypto]
1609 3574 1890 3644 optimam

236 3665 461 3715 terram
492 3659 548 3713 in
568 3659 867 3715 Ramesse.
900 3682 929 3709 »
963 3677 1179 3732 pagum
1219 3661 1587 3717 Arsenoitem
1632 3663 1717 3717 sic
1749 3663 1889 3718 olim

236 3750 515 3803 vocatum
549 3751 880 3803 autumant.

308 3837 469 3907 (Cap.
504 3835 717 3892 XXVII.
752 3868 820 3876 ——
865 3836 1028 3893 Vers.
1070 3840 1161 3904 31,
1197 3840 1213 3909 )
1251 3862 1270 3887 α
1322 3840 1389 3893 Et
1430 3839 1573 3893 dixit
1628 3840 1699 3908 ei,
1750 3840 1891 3897 Jura

233 3925 407 3991 mihi,
446 3925 515 3979 Et
536 3926 755 3995 juravit
784 3926 835 3981 ei
870 3944 881 3981 :
917 3930 971 3980 et
995 3927 1255 3981 adoravit
1288 3928 1459 3983 Israel
1492 3932 1691 3983 contra
1722 3945 1889 3983 sum-

234 4014 507 4070 mitatem
556 4014 727 4086 virgae
782 4016 929 4085 ejus.
986 4038 1012 4065 ››
1058 4016 1128 4069 Et
1174 4015 1232 4069 in
1289 4016 1399 4071 hoc
1466 4016 1590 4071 loco
1650 4017 1887 4088 quidam

226 4104 449 4159 frustra
479 4102 765 4158 simulant
794 4104 1070 4159 adorasse
1097 4104 1277 4159 Jacob
1307 4105 1710 4161 summitatem
1762 4122 1882 4161 sce-

296 4262 311 4295 ¹
349 4260 519 4318 Nunc
553 4262 618 4334 in
665 4278 779 4315 uno
827 4262 1088 4317 Romano
1139 4262 1453 4334 exemplari
1506 4263 1588 4320 ita
1628 4265 1886 4321 invenire

225 4337 336 4399 est,
364 4332 870 4408 quemadmodum
905 4333 961 4387 in
1000 4350 1106 4389 suo
1138 4332 1531 4405 Hieronymus
1584 4336 1745 4408 legit,
1796 4354 1886 4391 sc-

223 4406 523 4476 ptuaginta
555 4407 784 4461 animze.

294 4477 316 4508 ²
344 4475 426 4529 Eo
459 4475 641 4547 igitur
672 4492 849 4531 sensu
880 4476 936 4529 in
965 4475 1493 4548 Actisrireferuntur
1538 4481 1887 4548 septuaginta

225 4548 472 4672 quini/lue
492 4546 619 4618 quo
653 4563 828 4617 penes
856 4548 1017 4618 ipsos
1047 4546 1185 4602 LXX
1220 4546 1275 4600 id
1321 4552 1431 4613 est,
1484 4546 1885 4624 permanere,
1920 4570 1966 4634 Β

292 4618 316 4651 ³
398 4620 602 4671 autum
632 4634 767 4672 vero
809 4620 994 4672 abest.
1029 4622 1094 4672 ut
1125 4619 1181 4672 in
1224 4617 1331 4672 hac
1383 4619 1508 4672 inse
1558 4633 1889 4672 versaretur

398 4617 602 4699 autum
632 4634 767 4673 vero
809 4617 994 4682 abest,
1019 4622 1094 4699 Aut
1125 4619 1181 4672 in
1224 4617 1331 4699 hac
1383 4617 1508 4699 ipse
1558 4617 1889 4679 versaretur

223 4688 502 4762 opinione
531 4688 921 4762 Hieronymus
972 4694 1036 4744 ut
1084 4705 1114 4743 e
1162 4688 1456 4762 contrario
1508 4701 1641 4762 post
1686 4712 1887 4751 verna-

222 4759 762 4838 culumliebrceum
796 4776 1151 4838 sermonem,
1172 4776 1352 4838 quﬁem
1381 4760 1437 4838 in
1462 4759 1616 4838 Luca
1648 4766 1718 4821 ab
1743 4768 1884 4838 ipsis

219 4830 579 4885 incunabilis
639 4833 880 4903 suponit
929 4830 1030 4885 lib.
1085 4831 1150 4885 de
1230 4830 1598 4902 Scriptorz'bus
1672 4830 1879 4893 Eccles.

220 4918 624 4981 capi-vmcum
656 4902 833 4981 dicat,
885 4902 1062 4981 Graeci
1108 4904 1395 4981 ser-monts,
1444 4919 1617 4981 quem
1673 4925 1882 4981 nempe

221 4972 417 5048 studio
449 4975 829 5048 comparavit,
865 4990 975 5029 non
998 4975 1280 5048 ignarum.
1317 4973 1430 5027 Nec
1462 4972 1876 5048 dubitandum,

218 5043 490 5099 Judaeum
530 5043 654 5115 jam
698 5045 865 5100 illum
916 5044 1233 5111 exstitisse,
1287 5049 1601 5115 antequam
1653 5043 1878 5107 Christo

220 5116 940 5193 nomen_daret,_maxime
967 5116 1019 5193 _si
1064 5116 1241 5193 fidem
1292 5115 1573 5193 adhibeas
1608 5120 1877 5193 antiquis

218 5186 579 5259 auctoribus,
632 5188 864 5259 Origeni
932 5188 1075 5259 sive
1113 5187 1489 5259 Adamantio
1525 5186 1780 5247 cuidam-
1818 5188 1874 5249 in

216 5257 783 5331 Dialogisadversus
802 5258 1265 5331 Marcianitas.ret
1287 5258 1658 5331 Ephiphanio
1683 5262 1874 5320 Ilrercs

218 5329 497 5400 Lx,tt,qui
532 5345 665 5384 eum
693 5348 721 5385 e
755 5346 1000 5386 numero
1026 5330 1164 5384 LXX
1181 5329 1608 5399 discipularum
1634 5336 1875 5391 tradunt

215 5400 528 5463 exstitisse,
566 5402 841 5476 Printereo
890 5400 1271 5476 Hebraismos
1327 5401 1383 5476 in
1431 5402 1562 5476 ejus
1613 5406 1871 5476 scriptis,

216 5488 332 5526 non
363 5474 801 5529 contemnendae
838 5473 1190 5529 eruditionis
1217 5472 1559 5530 hominibus
1606 5472 1871 5534 observa;

217 5547 330 5597 tos.

294 5611 940 5689 {Dixissettsomniant
972 5634 985 5673 :
1021 5614 1291 5689 homines
1340 5618 1704 5689 geographiae
1758 5621 1867 5675 im-

215 5683 584 5756 peritissimi,
619 5687 798 5761 Regio
828 5691 1049 5747 Gessen
1071 5687 1275 5745 eadem
1319 5683 1409 5743 est
1447 5683 1511 5743 ac
1556 5683 1715 5748 terra
1747 5692 1865 5748 Ra-

2002 3306 2367 3378 generaveris
2399 3310 2529 3377 post
2560 3306 2702 3370 inec,
2749 3306 2835 3361 tui
2880 3313 3070 3363 erunt.
3128 3310 3190 3364 In
3241 3310 3477 3365 nomine
3536 3311 3648 3367 fra-

2003 3402 2157 3450 trum
2191 3398 2211 3429 θ
2240 3412 2481 3450 suorum
2513 3396 2895 3452 vocabuntur.
2933 3420 2960 3447 »
3011 3399 3065 3453 Si
3112 3399 3244 3470 quis
3295 3400 3647 3473 ambigebat,

2002 3485 2158 3556 quod
2208 3484 2579 3555 septuaginta
2643 3485 2852 3538 animrc
2908 3486 3251 3543 introissent
3310 3490 3648 3561 Egyptum,

2002 3572 2257 3627 filiorum
2291 3570 2489 3635 Israel,
2523 3576 2580 3626 et
2606 3573 2761 3643 quod
2812 3574 3027 3646 Joseph
3088 3592 3153 3630 eo
3201 3580 3483 3648 tempore,
3532 3594 3646 3648 quo

2004 3660 2307 3732 ingressus
2329 3664 2416 3714 cst
2446 3659 2646 3729 Jacob,
2680 3677 2794 3715 non
2828 3679 3056 3728 novem,
3089 3665 3187 3718 sed
3220 3665 3367 3719 duos
3418 3668 3643 3719 tantum

2002 3749 2151 3804 ﬁlios
2184 3748 2471 3813 habuerit,
2507 3750 2777 3820 praesenti
2809 3750 3062 3820 capitulo
3106 3753 3505 3807 conﬁrmatur.
3554 3753 3642 3808 Si-

2000 3839 2237 3911 quidem
2263 3837 2386 3909 ipse
2415 3838 2594 3892 Jacob
2626 3837 2906 3908 loquitur,
2963 3840 3111 3895 duos
3162 3857 3295 3895 eum
3348 3840 3496 3896 filios
3540 3840 3641 3895 ha-

1999 3927 2219 3992 buisse,
2256 3943 2369 3981 non
2403 3942 2630 3980 novem.
2661 3928 2822 3991 Quod
2854 3930 3049 3982 autem
3083 3928 3241 3991 dicit,
3297 3930 3558 4001 Ephraim
3591 3940 3643 3986 et

1998 4017 2242 4071 Manasse
2285 4016 2423 4069 sicut
2474 4014 2655 4070 Ruben
2704 4018 2755 4069 et
2803 4016 3020 4071 Simeon
3083 4022 3241 4073 erunt
3286 4020 3445 4086 mihi,
3500 4018 3641 4074 illud

1997 4104 2307 4177 signiﬁcat,
2342 4104 2495 4159 sicut
2525 4104 2727 4158 Ruben
2757 4108 2813 4159 et
2843 4104 3077 4160 Simeon
3104 4107 3230 4161 dua:
3252 4108 3439 4162 tribus
3472 4114 3644 4162 erunt

1999 4280 2243 4330 messes,
2277 4279 2343 4317 ex
2370 4278 2492 4335 qua
2524 4262 2753 4318 civitate
2795 4280 3007 4319 nomen
3066 4264 3288 4319 obtinet
3320 4282 3331 4319 :
3368 4265 3521 4335 quod
3574 4281 3643 4320 ex

1999 4334 2379 4407 subsequenti
2416 4350 2563 4407 cap..
2599 4350 2743 4407 vers.
2797 4335 3277 4407 11,perspicuum
3311 4334 3417 4391 est.
3460 4336 3641 4407 Recte

1996 4424 2102 4463 suo
2139 4404 2315 4462 sensu
2349 4404 2567 4478 habent
2600 4405 2735 4461 LXX
2762 4404 3017 4473 Heroum,
3042 4404 3183 4478 quae
3235 4408 3397 4473 urbs,
3454 4406 3638 4463 Ptole-

1996 4497 2139 4534 ωωο
2173 4476 2497 4549 Heropolis,
2532 4482 2655 4549 erat
2686 4478 2757 4532 ad
2788 4476 3105 4533 extremam
3139 4496 3297 4533 oram
3331 4480 3497 4534 sinus
3527 4484 3642 4534 Ara

1996 4551 2132 4615 bici,
2164 4549 2263 4621 qui
2297 4547 2353 4602 et
2396 4548 2561 4603 sinus
2582 4547 2896 4621 WHeropolis
2924 4549 3244 4605 dicebatur.

2070 4623 2089 4655 ⁵
2120 4620 2351 4691 Reginae
2384 4635 2529 4674 mss.
2573 4620 2635 4673 Et
2682 4622 2785 4675 Deo
2845 4621 3069 4676 dilectus
3128 4638 3248 4686 vzr;
3282 4625 3405 4675 tum
3468 4621 3639 4692 paulo

1996 4693 2261 4756 inferius,
2322 4692 2522 4762 absque
2583 4692 2693 4745 ulto
2750 4692 3136 4763 impedimento
3192 4693 3261 4747 ait
3317 4695 3635 4747 orationem.

1993 4769 2100 4818 etc.
2131 4763 2339 4836 Confer
2370 4763 2426 4816 S.
2463 4763 2886 4831 Augustinum,
2936 4769 3141 4836 quazst.
3205 4766 3326 4828 162,
3375 4765 3429 4817 in
3480 4763 3639 4819 hunc

1993 4835 2133 4890 Gen.
2160 4834 2372 4888 locum.

2062 4908 2082 4939 ⁸
2115 4904 2311 4960 Malim
2347 4921 2415 4959 ex
2442 4904 2758 4977 vetustiore
2792 4905 3021 4977 Reginae
3047 4922 3157 4959 ms.
3193 4905 3425 4977 corrigi,
3457 4905 3528 4959 ad
3580 4904 3638 4959 id

1991 4979 2265 5048 temporis.
2299 4991 2402 5047 pro
2443 4976 2728 5048 locorum.
2761 4977 2841 5030 Ea
2885 4976 3039 5031 enim
3084 4976 3419 5048 Hieronymi
3470 4991 3636 5031 mens

1990 5047 2192 5130 estIn-1t
2228 5064 2297 5130 ex
2329 5051 2448 5100 toto
2475 5047 2733 5129 inferiori
2768 5052 3037 5130 contextu
3070 5048 3273 5130 liquet.

2058 5122 2082 5198 ’ζ
2110 5118 2837 5198 Martianzeus‘quieveraat
2863 5136 2881 5171 .'
2918 5118 3179 5198 fortassis
3198 5118 3631 5198 typothetarum

1984 5192 2144 5255 vitio,
2201 5189 2535 5257 cujusmodi
2596 5189 2881 5244 nonnulla
2955 5190 3070 5246 alia
3128 5189 3397 5262 superius
3471 5190 3633 5246 taciti

1985 5262 2390 5318 cmendamus.

2054 5334 2253 5387 8Idem
2288 5330 2677 5395 Martianaeus,
2741 5333 2798 5404 lu
2837 5347 3053 5404 egressu
3106 5334 3304 5404 patris,
3352 5337 3486 5404 etc.,
3544 5350 3632 5388 re-

1983 5405 2474 5483 nuentibusmss.
2512 5405 2683 5481 atque
2712 5403 2883 5483 editis
2915 5403 3391 5475 castigatioribus
3441 5403 3627 5471 libris,

1980 5477 2222 5601 ipsolque
2258 5474 2705 5543 llieronymiano
2737 5479 3028 5529 contextu.
3070 5474 3091 5475 η

1980 5620 2031 5624 __
2050 5549 2071 5581 ⁹
2134 5562 2240 5624 _ss.
2268 5544 2392 5624 duo
2424 5542 2855 5624 cum_\ful_gata,
2883 5548 2945 5601 Et
2974 5549 3199 5603 nomine
3226 5548 3488 5618 fratrum,
3516 5550 3624 5600 etc.

1977 5620 2105 5675 Mox
2134 5616 2433 5683 Martiau.,
2465 5615 2726 5683 ambigat.
