4058 6172
541 268 701 357 loss

1781 279 1846 342 S.
1892 276 2207 343 EUSEBII
2253 276 2717 344 HIERONYMI.

2935 214 2950 243 Ι

3700 280 3835 364 ιω

543 418 604 474 et
630 432 701 474 ex
729 413 854 474 suis
882 411 1181 472 vocabulis
1230 410 1729 487 appellabuntur;
1780 413 1865 469 sic
1916 413 2189 485 Ephraim
2220 413 2276 479 Α
2305 430 2490 481 meus,
2524 418 2588 470 tu
2637 413 2917 470 fortitudo
2966 429 3098 471 mea
3152 416 3207 472 et
3261 411 3584 487 principium
3628 413 3836 475 ﬁliorum

546 510 605 563 et
632 506 905 562 Manasse
933 505 1061 559 duae
1098 504 1253 559 318
1311 502 1503 558 tribus
1540 506 1732 568 erunt,
1772 503 2036 575 duosque
2085 519 2185 575 po-

543 595 716 669 pulos
748 593 1154 667 procreabunt,
1183 596 1241 647 et
1269 592 1353 647 sic
1383 592 1814 648 haereditabunt
1864 592 2186 665 repromis-

542 684 726 741 sionis
757 688 997 746 terram,
1034 681 1189 736 sicut
1241 686 1298 735 et
1343 679 1448 734 ﬁlii
1494 682 1630 736 mei.
1682 680 1912 753 Reliqui
1963 684 2183 748 autem,

541 773 642 840 ait,
676 770 801 837 ﬁlii,
836 786 982 841 quos
1015 774 1145 842 post
1175 773 1423 825 mortem
1448 786 1638 825 meam
1665 771 1939 842 genueris
1989 775 2186 825 osten-

540 862 684 916 dens
717 859 967 914 necdum
1000 858 1097 912 illo
1144 862 1405 930 tempore
1462 865 1818 930 procreatos,
1869 859 1953 914 tui
1991 863 2181 915 erunt.

607 949 797 1018 (Vers.
829 948 908 1017 6.)
943 969 969 996 ‹‹
1019 947 1081 1001 In
1140 948 1378 1003 nomine
1426 947 1674 1003 fratrum
1725 965 1965 1003 suorum
2014 965 2181 1003 voca-

536 1037 762 1093 buntur
792 1036 849 1090 in
881 1036 1277 1092 haereditatem
1309 1053 1500 1092 suam.
1533 1060 1553 1085 ιι
1590 1037 1735 1104 Non,
1771 1038 1980 1109 inquit,
2032 1038 2180 1093 acci-

536 1126 699 1199 pient
728 1124 1043 1196 separatim
1077 1129 1312 1195 terram,
1346 1142 1452 1180 nec
1484 1125 1775 1181 funiculos
1798 1125 2062 1197 proprios
2078 1126 2182 1180 ha-

543 1215 785 1280 bebunt,
823 1212 1125 1285 utreliqua:
1148 1214 1357 1269 tribus.
1392 1214 1492 1269 sed
1520 1214 1580 1269 in
1610 1215 1881 1270 tribubus
1904 1214 2179 1287 Ephraim

532 1308 592 1360 et
620 1304 914 1372 Manasse,
948 1302 1117 1373 quasi
1149 1303 1499 1375 appendices
1517 1302 1717 1375 populi
1739 1304 2176 1359 commiscebun

535 1396 654 1449 tur.

606 1483 794 1553 (Vers.
828 1481 916 1536 22.
953 1502 981 1531 «
1011 1481 1082 1535 Et
1112 1496 1217 1552 ego
1261 1480 1391 1536 dedi
1442 1481 1548 1552 [AL
1594 1481 1689 1551 do]
1742 1479 1848 1535 tibi
1901 1479 2177 1536 Sicimam

532 1570 889 1643 praecipuam
922 1584 1099 1640 super
1148 1569 1358 1624 fratres
1408 1571 1602 1635 tuos',
1635 1585 1812 1641 quam
1863 1570 2058 1640 accepi
2109 1570 2181 1624 de

534 1657 810 1714 manibus
837 1656 1309 1712 Amorrbaeorum
1341 1659 1400 1714 in
1434 1657 1628 1729 gladio
1661 1676 1789 1714 meo
1819 1663 1875 1713 et
1905 1660 2173 1731 sagitta.»

530 1746 748 1801 Sicima
770 1746 941 1815 juxta
969 1748 1228 1799 Graecam
1272 1751 1329 1801 et
1377 1747 1645 1801 Latinam
1696 1748 2179 1803 consuetudinem

532 1832 824 1890 declinata
881 1840 986 1888 est.
1018 1832 1293 1905 Alioquin
1349 1834 1627 1890 chraice
1702 1852 1911 1891 BICHEM
1942 1836 2177 1905 dicitur,

530 1928 595 1977 ut
638 1921 896 1977 Joannes
944 1938 1181 1993 quoque
1238 1923 1596 1996 evangelista
1633 1927 1885 1979 testatur
1935 1928 2042 1991 (1v,
2074 1926 2172 1995 5):

529 2010 666 2066 licet
693 2009 919 2075 vitiose,
972 2014 1038 2064 ut
1080 2010 1280 2066 Sichar
1326 2012 1575 2083 legatur,
1637 2029 1798 2068 error
1846 2012 2084 2069 inolevit
2113 2016 2174 2081 ²;

531 2102 589 2155 et
620 2102 709 2155 est
737 2115 892 2153 nunc
942 2100 1199 2171 Neapolis
1256 2101 1398 2157 urbs
1454 2101 1981 2157 Samaritanorum.
2034 2101 2179 2167 Quia

528 2186 710 2260 igitur
740 2204 950 2242 SICHEM
981 2189 1167 2258 (D3?!)
1198 2187 1402 2259 lingua
1450 2188 1691 2244 Hebrwa
1732 2190 2086 2245 transfertur
2116 2190 2176 2245 in

530 2276 840 2341 humerum,
874 2274 1118 2346 pulchre
1169 2275 1370 2331 allusit
1424 2277 1497 2331 ad
1558 2294 1791 2344 nomen,
1841 2278 2079 2334 dicens:
2112 2281 2178 2334 Et

527 2382 625 2437 ego
654 2364 790 2421 dabo
824 2364 927 2420 tibi
952 2364 1253 2419 humerum
1282 2382 1477 2421 unum.
1513 2369 1622 2422 Pro
1668 2368 1950 2437 praacipuo
1996 2368 2173 2435 enim,

528 2453 588 2510 id
649 2460 740 2511 est
804 2464 1055 2528 ἐξαιρέτῳ,
1121 2471 1293 2509 unum
1363 2454 1639 2510 scribitur
1704 2454 1765 2510 in
1831 2458 2067 2511 Hebraeo
2133 2456 2173 2510 ⁸.

528 2544 691 2607 Quod
725 2548 921 2600 autem
954 2545 1101 2600 dicit
1141 2561 1204 2600 se
1234 2559 1363 2599 eam
1406 2542 1467 2598 in
1496 2561 1631 2599 arcu
1665 2548 1723 2599 et
1763 2544 1957 2616 gladio
1988 2561 2177 2617 posse-

529 2631 688 2687 disse
738 2650 750 2687 :
798 2650 1002 2688 arcum
1054 2632 1148 2687 hic
1198 2636 1255 2687 et
1303 2631 1587 2702 gladium,
1629 2633 1930 2703 justitiam
1988 2638 2173 2702 vocat,

525 2734 630 2791 per
681 2737 858 2791 quam
892 2721 1123 2787 meruit,
1149 2721 1493 2793 peregrinus
1522 2724 1580 2775 et
1600 2722 1841 2787 advena,
1874 2722 2176 2778 interfecto

531 2808 761 2865 Sichem
818 2813 875 2865 et
930 2811 1125 2878 Emor,
1168 2811 1240 2866 de
1303 2809 1562 2882 periculo
1639 2810 1892 2865 liberari.
1960 2811 2177 2866 Timuit

525 2897 707 2964 enim,
738 2902 803 2953 ut
834 2915 1015 2970 supra
1043 2897 1322 2970 legimus,
1368 2915 1439 2953 ne
1489 2897 1683 2954 vicina
1733 2898 1948 2970 oppida
2000 2904 2176 2970 atque

525 2985 787 3053 castella,
819 2987 892 3043 ob
924 2988 1285 3044 eversionem
1318 2988 1613 3043 foederatas
1647 2987 1831 3056 urbis,
1864 2989 2174 3043 adversum

525 3091 587 3131 se
635 3080 1061 3148 consurgerent
1112 3076 1268 3141 (Gen.
1315 3076 1507 3146 xxxm)
1554 3092 1566 3129 :
1619 3081 1676 3131 et
1726 3076 2008 3132 Dominus
2057 3093 2171 3132 non

523 3162 686 3219 dedit
714 3164 799 3219 eis
831 3168 898 3218 ut
928 3167 1205 3219 nocerent
1232 3162 1341 3227 illi,
1369 3162 1467 3218 Vel
1519 3168 1671 3218 certe
1721 3163 1813 3218 hic
1843 3162 2169 3237 intelligen-

526 3252 670 3308 dum
704 3269 717 3308 :
752 3251 913 3308 Dabo
944 3252 1054 3307 tibi
1087 3252 1575 3324 Sicimam.quam
1608 3251 1721 3306 emi
1744 3252 1801 3306 in
1830 3252 2170 3308 fortitudine

526 3357 677 3408 mea,
733 3341 842 3396 hoc
901 3345 990 3397 est
1046 3341 1104 3396 in
1164 3340 1435 3414 pecunia,
1493 3357 1667 3412 quam
1728 3339 1915 3397 multo
1972 3341 2170 3397 labore

521 3428 831 3502 multoque
861 3430 1075 3486 sudore
1106 3430 1409 3502 acquisivi.
1444 3430 1606 3495 Quod
1638 3435 1835 3485 autem
1868 3431 1969 3499 ait,
2008 3446 2172 3502 super

516 3520 721 3590 fratres
768 3524 906 3588 tuos,
966 3519 1225 3575 ostendit
1271 3519 1495 3591 absque
1539 3524 1696 3575 sorte
1763 3519 1995 3576 dedisse
2038 3535 2168 3574 eam

517 3606 699 3664 tribui
725 3608 967 3680 Joseph.
1003 3608 1303 3678 Siquidem
1334 3608 1535 3665 eodem
1586 3607 1711 3664 loco
1763 3608 2030 3679 sepultus
2080 3615 2170 3667 est

519 3698 676 3754 874
694 3696 932 3769 Joseph,
960 3701 1017 3752 et
1038 3696 1407 3754 mausoleum
1433 3698 1562 3768 ejus
1594 3696 1675 3751 ibi
1722 3696 2012 3770 hodieque
2038 3716 2165 3754 cer-

519 3785 703 3842 nitur.

589 3874 750 3946 (Cap.
788 3873 976 3940 XLIX,
1010 3905 1076 3914 —
1107 3878 1270 3930 Vers.
1299 3875 1378 3946 3.)
1414 3895 1435 3925 α
1485 3874 1689 3930 Ruben
1740 3874 2165 3948 primogenitus

587 3998 603 4030 ί
660 3997 852 4074 Nostri
916 4015 1060 4074 mss,
1120 4003 1296 4071 atque
1352 3999 1448 4055 alii
1508 3999 1930 4074 quamplurimi
1991 4019 2165 4074 penes

517 4068 947 4144 Martianeeum,
982 4070 1157 4141 Super
1184 4068 1387 4142 fratres
1416 4068 1555 4139 tuos,
1588 4068 1713 4143 plus
1756 4088 1922 4142 quam
1969 4068 2163 4144 fratri-

518 4140 615 4197 bus
642 4142 777 4213 tuis,
806 4158 992 4213 quam,
1026 4140 1134 4197 etc.

586 4211 787 4295 ’κοιλίη
816 4211 1017 4295 potius
1048 4214 1355 4295 factumid
1402 4212 1698 4295 anJudaais
1747 4212 1957 4295 dedita.
1991 4232 2167 4295 Opera

515 4283 575 4339 in
608 4283 1115 4341 Samaritanorum
1167 4284 1609 4352 contumeliam,
1660 4283 1813 4339 docti
1852 4284 1959 4339 viri
2004 4283 2163 4343 a'rbi-

514 4360 750 4428 trantur
782 4375 797 4419 ;
832 4372 1019 4428 neque
1045 4358 1188 4413 adeo
1211 4355 1547 4428 crroremrin
1567 4354 1944 4428 Evangelista:
1967 4358 2166 4415 codice

515 4426 843 4483 inolevisse.
880 4426 978 4483 sed
1004 4428 1129 4498 jam
1162 4434 1332 4484 antea
1364 4427 1688 4483 obtinuisse
1720 4426 1915 4498 vulgo,
1972 4433 2037 4484 ut
2083 4430 2166 4487 ita

515 4514 731 4571 nomen
762 4497 1176 4571 inflecteretur,
1212 4505 1269 4556 et
1294 4515 1402 4571 pro
1436 4510 1591 4564 D2129,
1624 4498 1826 4571 secem,
1845 4497 1977 4571 alia
2006 4501 2161 4571 ejus-

516 4569 651 4623 dem
705 4570 908 4641 organi
956 4569 1147 4625 littera
1193 4570 1447 4640 maligne
1493 4567 2166 4641 substituta,‘diceretur

523 4651 672 4729 ape,
717 4639 929 4707 Sirhar,
989 4644 1144 4713 quod
1201 4647 1290 4697 est
1343 4639 1729 4729 inendacium,‘
1789 4642 2030 4709 falsitas.
2094 4645 2166 4701 Ut

416 4775 427 4781 -
516 4726 740 4810 nempe.
759 4729 1175 4810 exprobrarent
1205 4728 1589 4810 Samaritanis
1618 4726 1905 4810 idolorum
1919 4730 2166 4810 cultum,

514 4799 693 4873 quem
727 4799 786 4855 in
818 4799 897 4857 ila
946 4801 1106 4867 urbe,
1160 4819 1277 4857 sua:
1315 4800 1509 4873 gentis
1559 4799 1887 4871 metropoli,
1940 4803 2165 4858 consti-

516 4877 1022 5016 tflglléilnxietustiori
1060 4943 1292 5016 Reginae
1351 4960 1463 4998 ms.
1498 4941 1694 5013 idque,
1732 4945 1794 4996 ut
1825 4944 2033 5016 sentio,
2057 4961 2161 5016 _ve-

514 5013 658 5082 rius,
681 5015 924 5101 additur
971 5013 1170 5098 .AHID,"
1204 5016 1261 5070 id
1306 5025 1385 5071 est
1429 5029 1621 5101 unum,
1668 5013 2162 5101 etc.‘§stnenim-

512 5085 756 5209 236%
776 5087 1059 5143 Hebraico
1113 5099 1256 5153 1m,
1309 5085 1465 5159 quod
1517 5087 1723 5140 eﬁ'eras
1775 5084 1989 5153 AllAD,
2044 5085 2164 5141 sive

809 5228 1112 5283 exordium
1171 5226 1424 5288 libellus,
1483 5227 1577 5282 cui
1637 5226 1867 5289 titulus,
1928 5227 2160 5282 Benedi-

513 5293 719 5347 cliones
748 5296 811 5350 de
833 5297 965 5363 ﬁliis
992 5301 1179 5365 Iacob,
1224 5300 1467 5355 totidem
1502 5301 1618 5353 fore
1675 5297 1867 5353 verbis
1905 5314 1973 5352 ex
2023 5298 2161 5352 sub-

515 5365 1269 5452 sequentihﬂieronymiana
1300 5370 1677 5452 expositione,
1732 5374 1862 5452 tum
1910 5368 2161 5452 aliorum

516 5450 751 5523 quoque
787 5434 1053 5523 Petrum,
1078 5434 1389 5523 Augustini
1420 5446 1478 5523 et
1507 5440 1790 5523 Gregorii,
1823 5439 2050 5523 la‘cipiis
2072 5441 2163 5495 dc-

512 5509 968 5631 scriptusqpem
996 5509 1053 5562 in
1089 5509 1263 5579 hujus
1290 5509 1771 5594 tomiAppcnliice
1802 5512 2151 5568 exhibemus

587 5578 607 5612 ⁵
641 5568 767 5633 Duo
854 5592 1042 5648 Aegina:
1076 5595 1219 5647 mss,
1254 5586 1489 5648 tresque
1540 5583 1635 5638 alii
1689 5600 1869 5648 penes
1925 5583 2159 5640 Martia-

587 5600 607 5612 υ
641 5600 767 5633 υιιυ
812 5600 1042 5648 mugiuit:
1076 5600 1219 5647 mss,
1254 5600 1489 5653 tresque
1540 5600 1635 5638 am
1689 5600 1869 5655 penes
1925 5600 2159 5640 martia-

520 5666 733 5720 nteum,
764 5646 981 5723 quibus
1011 5655 1066 5705 et
1094 5652 1439 5708 vetustiores
1467 5653 1756 5711 editiones
1786 5655 2163 5713 consentiunt

2302 519 2590 569 meorum,
2623 504 2807 559 durus
2833 503 2905 559 ad
2938 503 3236 560 ferendum
3266 507 3321 560 et
3347 503 3517 560 durus
3542 506 3839 577 procacitate,

2302 597 2359 649 et
2401 592 2637 664 injuria,
2691 593 2846 649 sicut
2895 609 3046 665 aqua
3101 610 3213 649 non
3274 592 3524 649 ebullias.
3582 596 3840 651 Ascendisti

2301 682 2458 739 enim
2506 698 2681 754 super
2727 681 3009 738 lectulum
3082 682 3264 754 patris
3333 683 3416 737 tui
3472 681 3617 737 Tunc
3672 683 3843 740 violasti

2305 776 2577 841 stratum,
2611 787 2745 828 cum
2772 770 3085 827 ascendisti
3114 772 3155 826 ⁴.
3192 793 3220 820 ››
3261 770 3321 825 In
3370 770 3585 826 Hebraeo
3627 771 3841 843 scriptum

2304 865 2392 916 est
2422 879 2433 916 :
2469 882 2497 910 «
2529 860 2732 916 Ruben
2763 859 3190 931 primogenitus
3212 876 3395 925 meus,
3423 864 3482 913 tu
3503 858 3742 914 fortitudo
3756 877 3844 917 mea

2303 954 2360 1005 et
2389 949 2712 1021 capitulum
2743 949 2801 1003 in
2836 948 3036 1004 liberis
3057 949 3220 1004 meis.
3252 949 3430 1019 Major
3457 948 3524 1002 ad
3552 949 3843 1019 portandum,

2304 1043 2360 1094 ot
2390 1039 2576 1109 major
2608 1039 2833 1094 robore.
2864 1038 3100 1093 Eﬁ‘usus
3131 1043 3221 1092 est
3262 1036 3414 1093 sicut
3454 1052 3611 1107 aqua,
3649 1052 3711 1092 ne
3742 1037 3845 1108 adji-

2301 1127 2441 1183 cias.
2470 1126 2795 1183 Assendisti
2826 1127 2983 1183 enim
3014 1125 3206 1182 cubile
3244 1127 3423 1198 patris
3466 1125 3568 1192 tui,
3611 1129 3661 1179 et
3702 1131 3845 1181 conta-

2302 1216 2541 1272 minasti
2575 1218 2822 1271 stratum
2854 1216 2913 1270 in
2939 1231 3211 1280 ascensu,
3253 1236 3279 1262 ››
3336 1215 3436 1269 Est
3476 1216 3653 1269 autem
3699 1229 3846 1269 sensus

2301 1305 2397 1361 hic
2429 1323 2442 1359 :
2478 1307 2565 1361 Tu
2596 1323 2658 1361 es
2684 1304 3108 1378 primogenitus
3138 1319 3327 1369 meus,
3368 1303 3549 1374 major
3581 1301 3635 1357 in
3688 1301 3845 1366 liberis,

2300 1400 2357 1449 et
2386 1394 2638 1449 debebas
2659 1395 2680 1427 ⁵
2701 1394 2874 1465 juxta
2903 1392 3167 1448 ordinem
3200 1391 3518 1458 nativitatis
3544 1398 3660 1458 tum,
3679 1390 3847 1446 heredi-

2298 1486 2500 1550 tatem,
2533 1499 2661 1554 quae
2695 1481 3101 1555 primogenitis
3123 1483 3259 1552 jure
3289 1480 3616 1549 debebatur,
3644 1483 3693 1536 et
3714 1496 3847 1536 sacer-

2299 1572 2523 1627 dotium
2555 1571 2816 1644 accipere
2849 1575 2905 1627 et
2947 1586 3195 1643 regnum
3233 1588 3246 1626 :
3280 1569 3389 1625 hoc
3434 1569 3634 1641 quippe
3670 1569 3720 1623 in
3756 1584 3845 1640 por-

2295 1661 2473 1716 tando
2516 1677 2690 1716 onere
2736 1664 2795 1716 et
2843 1658 3155 1732 praevalido
3224 1658 3431 1714 robore
3482 1657 3844 1713 demonstratur.

2295 1753 2514 1805 Veeum
2546 1751 2686 1822 quia
2718 1747 2993 1821 peccasti,
3026 1751 3083 1803 et
3113 1747 3283 1819 quasi
3313 1763 3484 1818 aqua,
3528 1763 3643 1818 qua:
3682 1743 3847 1800 vasculo

2288 1856 2402 1895 non
2434 1843 2683 1904 tenetur,
2714 1835 3033 1910 voluptatis
3073 1836 3296 1908 impetu
3340 1835 3560 1891 effusus
3602 1850 3669 1900 es,
3693 1832 3847 1887 idcirco

2288 1928 2556 2001 praecipio
2585 1927 2691 1983 tibi
2724 1934 2789 1983 ut
2815 1926 2970 1982 ultra
3027 1942 3142 1980 non
3191 1941 3418 1996 pecces,
3469 1923 3655 1995 sisque
3694 1921 3739 1975 in
3762 1920 3846 1974 ira-

2286 2021 2445 2073 trum
2478 2033 2745 2080 numero,
2778 2031 3010 2088 poenam
3033 2014 3253 2086 peccati
3286 2013 3458 2070 luens
3485 2013 3526 2067 ⁸.
3557 2011 3692 2084 quod
3715 2008 3845 2082 primo

2288 2106 2468 2179 geniti
2500 2105 2703 2162 ordine
2733 2103 3062 2177 perdidisti,

2360 2194 2547 2265 (Vers,
2578 2195 2614 2248 5
2644 2197 2702 2249 et
2729 2192 2807 2264 6.)
2842 2214 2869 2242 ‹‹
2904 2192 3140 2247 Simeon
3170 2195 3228 2246 et
3257 2189 3394 2247 Levi
3423 2190 3621 2246 fratres
3645 2200 3843 2244 consum-

2287 2287 2599 2338 maverunt
2620 2281 2994 2353 iniquitatem
3027 2278 3461 2336 adinventionis
3490 2294 3636 2335 sure:
3665 2277 3714 2331 in
3748 2291 3841 2329 con-

2288 2370 2488 2427 silium
2521 2386 2725 2427 eorum
2757 2386 2871 2425 non
2902 2367 3095 2424 veniat
3123 2367 3325 2423 anima
3368 2384 3495 2424 mea
3532 2384 3544 2422 :
3574 2369 3627 2421 et
3666 2365 3714 2419 in
3754 2378 3842 2417 con-

2283 2460 2621 2533 gregatione
2672 2474 2873 2514 eorum
2918 2474 3034 2513 non
3082 2456 3396 2513 aemuletur
3431 2457 3597 2527 jecur
3636 2468 3792 2510 meum
3818 2451 3842 2501 ⁷.

2286 2549 2426 2620 quia
2455 2548 2515 2604 in
2567 2549 2758 2603 furore
2806 2564 2912 2602 suo
2961 2546 3384 2602 interfecerunt
3430 2545 3696 2608 homines,
3735 2538 3843 2596 etin

2285 2637 2573 2694 desiderio
2595 2655 2701 2693 suo
2723 2637 3224 2693 subnervaverunt
3238 2639 3499 2691 taurum.
3528 2657 3556 2684 »
3580 2630 3846 2689 Necessitas

2285 2726 2697 2799 compellimur
2724 2727 2891 2796 juxta
2938 2724 3312 2797 propositum
3365 2724 3556 2797 operis
3598 2719 3847 2793 longiusea

2286 2819 2569 2887 repetere,
2645 2831 2773 2886 qua:
2820 2813 2891 2868 ab
2943 2812 3225 2869 Hebraica
3258 2813 3506 2869 veritate
3570 2806 3845 2867 discordant.

2287 2904 2520 2975 Legitur
2550 2902 2705 2959 enim
2727 2902 2809 2958 ibi
2845 2920 2857 2957 :
2894 2923 2922 2952 «
2950 2901 3183 2958 Simeon
3223 2906 3280 2957 et
3332 2902 3470 2958 Levi
3516 2903 3722 2965 fratres,
3760 2908 3848 2948 vasa
3936 2914 3937 2975 ξ

2285 2992 2619 3064 iniquitatis
2670 3008 2837 3047 arma
2877 3007 3102 3047 eorum.
3154 2994 3217 3046 In
3284 3006 3569 3047 arcanum
3605 3000 3773 3045 eorum
3804 2996 3847 3035 ne

2281 3080 2457 3136 intret
2497 3081 2694 3136 anima
2761 3097 2909 3145 mea,
2979 3084 3039 3135 et
3103 3080 3163 3135 in
3229 3084 3520 3136 conventu
3573 3091 3765 3138 eorum,
3803 3083 3846 3124 ne
3936 3074 3937 3079 “

2202 3167 2246 3234 C
2285 3169 2579 3227 desoletur
2606 3169 2793 3241 gloria
2823 3185 2975 3235 mea,
3008 3169 3051 3236 ⁸,
3081 3168 3223 3241 quia
3251 3168 3311 3224 in
3356 3169 3551 3224 furore
3592 3182 3687 3222 suo
3725 3162 3845 3217 inter-
3936 3176 3937 3183 η

2281 3260 2541 3315 fecerunt
2586 3258 2800 3326 virum,
2860 3262 2918 3313 et
2975 3257 3035 3313 in
3092 3255 3340 3313 libidine
3398 3274 3506 3314 sua
3563 3249 3847 3312 suﬁ‘oderunt

2281 3363 2516 3403 murum
2603 3346 2751 3417 (Gen.
2838 3347 3050 3418 xxxvn).
3139 3368 3167 3396 (ί
3253 3346 3563 3418 Signiﬁcat
3643 3334 3846 3398 autem’

2279 3452 2396 3491 non
2437 3435 2531 3492 sui
2580 3434 2808 3491 consilii
2875 3433 3057 3490 fuisse
3125 3434 3281 3506 quod
3349 3434 3582 3491 Sichem
3642 3428 3767 3488 875
3814 3425 3847 3477 ei

2278 3525 2455 3580 Emor
2502 3524 2812 3580 foederatos
2873 3524 3028 3579 viros
3111 3521 3532 3589 interfecerint,
3608 3522 3846 3584 contraque

2273 3614 2372 3685 jus
2405 3613 2565 3685 pacis
2595 3617 2654 3668 et
2683 3611 3076 3669 amicitiarum
3106 3610 3457 3684 sanguinem
3490 3605 3847 3667 fuderintinno-

2278 3708 2526 3769 contem,
2560 3706 2619 3757 et
2669 3701 2837 3773 quasi
2882 3701 3137 3773 quodam
3188 3701 3408 3768 furore,
3455 3701 3540 3757 sic
3584 3691 3846 3754 crudelitate

2277 3791 2451 3863 rapti,
2481 3806 2682 3845 muros
2712 3789 2955 3860 hospita:
2987 3788 3152 3845 urbis
3183 3788 3519 3845 everterint.
3547 3786 3697 3844 Unde
3716 3774 3847 3848 sequi-

2276 3883 2373 3935 tur
2403 3883 2459 3935 et
2488 3878 2628 3934 dicit
2661 3896 2674 3933 :

2276 4012 2327 4059 et
2356 4002 2598 4059 sedebas.
2632 4002 2742 4073 Sed
2773 4000 3262 4073 intcrpunctionis
3284 4017 3524 4073 quoque
3565 3997 3690 4055 vitio
3731 3992 3848 4048 antea

2275 4074 2577 4131 laborabat
2600 4073 2694 4128 hic
2725 4072 2908 4128 locus.

2345 4147 2367 4180 δ
2418 4144 2585 4210 Editi,
2643 4161 2856 4216 pernam
2910 4160 2980 4199 ex
3023 4146 3212 4215 pecalo
3245 4161 3259 4212 ;
3290 4145 3421 4200 tum
3481 4142 3702 4216 quidam
3747 4144 3846 4190 mss.

2277 4218 2489 4284 lugens,
2523 4233 2627 4287 pro
2652 4217 2826 4271 luens.
3756 4275 3767 4287 ν
3824 4269 3832 4280 ,

2347 4275 2365 4321 ἦ
2396 4275 2827 4342 Νοὶιέειηαιειιιν
2847 4288 3007 4358 jecur
3051 4303 3258 4341 meum.
3297 4286 3519 4343 Eodem
3568 4297 3725 4358 sen_s_u
3756 4275 3850 4358 168ίῖ

2276 4375 2409 4413 mus
2434 4359 2492 4412 in
2518 4358 2749 4414 duobus
2773 4353 2883 4412 ms.
2913 4375 2924 4412 :
2949 4360 3023 4413 Ne
3040 4359 3330 4414 tumuletur
3347 4353 3849 4414 cormeumMARTW

2345 4430 2365 4463 ⁸
2394 4431 2677 4501 οθδοισιιιν
2705 4430 2886 4499 gloria
2932 4446 3081 4501 mea.
3128 4429 3222 4501 Sic
3271 4428 3480 4501 legunt
3530 4427 3714 4501 plures
3749 4429 3850 4501 mss:

2196 4534 2244 4598 D
2275 4500 2524 4555 codices.
2558 4495 2725 4556 Unus
2756 4499 3118 4582 Corbeiensis
3168 4499 3289 4582 base
3329 4495 3549 4565 habet,
3583 4495 3743 4567 gloria
3768 4497 3851 4541 πιθα

2273 4587 2342 4598 ..η
2374 4572 2613 4598 -,.ι..,.ι..-.
2664 4571 2811 4598 nam.
2849 4575 3012 4598 -..s....
3050 4570 3178 4598 LL...
3231 4571 3559 4598 .1:-....l....a....
3602 4573 3656 4598 ιν.
3679 4561 3851 4598 natu-am

2280 4646 2368 4714 est
2400 4641 2755 4714 'mnﬂlehhad
2786 4659 2855 4698 ex
2885 4652 2984 4703 ἰη’
2988 4630 3219 4714 jahhad.
3238 4642 3403 4714 quod
3420 4643 3587 4714 unire
3606 4630 3851 4714 signiﬁcet:
3936 4644 3937 4649 ‘

2278 4712 2476 4795 Igitur.
2494 4713 2633 4795 ΙλξςΧ
2660 4703 3006 4795 interpretes
3021 4724 3144 4795 '1ij
3174 4703 3368 4795 lehliar
3390 4703 3852 4795 legebant'pregifj

2279 4764 2388 4839 se;
2398 4764 3008 4840 sitaa‘i‘se'a‘iia'ci'a
3035 4764 3627 4850 ὀὲὶιὲὶὶίᾟζ-(ΞἙῌᾶδ
3646 4764 3723 4834 est
3745 4764 3849 4843 apud

2278 4855 2432 4923 illos,
2463 4872 2576 4912 non
2605 4857 2924 4921 aemuletur,
2959 4855 3078 4912 sive
3105 4871 3213 4910 non
3244 4855 3554 4912 contendat.
3577 4857 3813 4907 Mantus.

2346 4966 2415 4975 --
2444 4934 2682 4991 Veteres
2712 4932 2950 5007 vulgati,
3000 4950 3070 4990 ne
3114 4934 3486 5007 dissolvatur”
3537 4929 3704 5007 Quod
3731 4930 3850 5007 ρίξξιξο

2265 5008 2425 5078 jecur
2453 5024 2555 5077 pro
2585 5007 2764 5078 gloria
2796 4993 2948 5078 LXX
2970 5004 3420 5078 transtulerunt,
3453 5022 3523 5060 ex
3547 4993 3847 5078 vduplip‘lﬁf

2275 5070 2482 5132 braicaa
2512 5070 2669 5133 vocis
2700 5075 3130 5148 signiﬁcatione
3153 5076 3309 5148 venit
3335 5070 3466 5145 rm:
3496 5070 3652 5131 enini
3674 5074 3725 5126 et
3738 5070 3851 5148 ,ἕδους

2273 5152 2331 5204 ct
2375 5149 2612 5223 gloriam
2668 5135 2838 5223 sonat
2875 5165 2900 5223 _:
2932 5148 3167 5204 tametsi
3210 5135 3663 5223 glo.iafsemper
3713 5135 3849 5223 οξιιξξ]

2273 5208 2566 5275 scribatur
2594 5228 2750 5279 113:.
2784 5219 2895 5292 Sed
2927 5236 3114 5292 neque
3144 5208 3289 5292 satis
3310 5208 3845 5292 arridet

2272 5271 2329 5346 ei
2343 5271 2602 5364 rassae
2617 5271 2895 5364 tegaris“
2927 5271 3462 5364 agamagaai
3473 5271 3771 5364 jparuouia,
3793 5271 3850 5364 gf

2272 5343 2900 5434 aet'r'saj‘c'oage’aia,
2940 5343 3523 5434 15"21‘s‘3"'asmaaa
3597 5343 3849 5434 sangu'fgi

2272 5411 2417 5493 εῐτῆῑη-
2432 5411 2583 5507 "se:
2594 5411 3531 5507 ’,ξεῖῖίιῑάῖμῑνδῑέαιῖῇνῑολῖῑςξί,
3567 5455 3581 5497 ς
3609 5411 3741 5483 unde
3772 5411 3847 5472 sub

2271 5504 2587 5559 asserentis
2619 5520 2888 5575 persona,
2919 5504 3208 5572 desolclur,
3241 5505 3584 5561 dissolvatur.
3696 5574 3699 5575 ν
3818 5563 3825 5571 ,

2338 5584 2359 5617 ⁹
2393 5583 2549 5639 Unus
2581 5574 2814 5656 Regina:
2846 5601 2983 5654 ms.,
3012 5589 3137 5642 Non
3162 5586 3337 5656 fuisse
3358 5586 3473 5657 ejus
3500 5574 3719 5640 consilii,
3753 5575 3846 5639 (1³⁸³⁸

2270 5652 2510 5710 Sichem.
2542 5656 2652 5710 etc.

2312 5669 2510 5723 zcnem,
2542 5669 2652 5710 etc.

2272 4587 2342 4627 ne
2368 4572 2630 4627 solvatur.
2664 4571 2817 4626 Editi
2848 4575 3019 4627 antea
3049 4570 3204 4635 libri,
3226 4561 3660 4627 dissolvaturfln
3679 4561 3851 4635 Heilm
3936 4584 3937 4615 η
