4084 6170
222 322 381 402 Ιῶτ

1259 334 1494 400 LIBER
1534 312 1771 399 iussn.
1815 334 2118 409 QUIEST.
2166 333 2246 397 IN
2292 331 2568 398 senss.

3462 259 3623 399 me

290 469 494 543 (Vers.
524 469 607 542 7.)
639 492 668 521 ‹‹
699 442 1044 527 Maledictus
1090 471 1252 527 furor
1296 487 1519 538 eorum,
1561 472 1701 543 quia
1730 487 1866 542 pro-
1896 472 1951 537 Α
1981 468 2056 525 sit
2085 469 2357 525 universa
2382 469 2663 525 facturus.
2704 468 2813 524 Sed
2859 470 2918 523 et
2962 464 3071 522 hoc
3103 465 3431 539 sciendum,
3461 469 3619 540 quod

217 576 364 627 cax;
398 562 458 614 et
485 557 576 613 ira
631 575 855 627 eorum,
916 559 1055 631 quia
1110 561 1293 627 dura;
1356 558 1611 614 dividam
1670 575 1769 614 eos
1810 558 1867 613 in

217 647 423 714 Jacob,
457 651 516 701 et
544 644 881 720 dispergam
907 664 1005 703 eos
1026 648 1087 702 in
1118 646 1315 703 Israel.
1347 668 1374 697 ››
1408 647 1537 702 Levi
1569 646 1724 701 enim
1754 646 1871 701 hae-

1982 557 2081 613 uhi
2110 574 2217 613 nos
2244 557 2535 630 legimus:
2585 558 2830 628 Alligans
2877 555 2948 611 ad
2994 557 3157 612 vitem
3190 557 3411 628 pullum
3437 574 3622 627 suum,

1983 664 2085 719 pro
2113 647 2313 718 pullo“
2356 646 2416 701 in
2463 646 2699 701 Hebraeo
2749 646 2936 717 possit
2984 643 3116 717 legi,
3171 646 3361 700 urbem
3397 663 3558 701 suam
3578 648 3620 716 ⁵,

216 737 531 792 r’editatem
563 736 863 808 propriam
895 753 1009 793 non
1041 737 1282 809 accepit,
1331 736 1433 791 sed
1485 735 1545 790 in
1598 734 1873 791 omnibus
1975 736 2145 805 juxta
2174 735 2447 790 eumdem
2478 751 2718 790 sensum
2741 733 2871 789 aliis
2891 734 3082 789 verbis
3112 733 3365 790 Ecclesia
3384 736 3623 791 demon-

217 824 470 897 sceptris
497 840 718 895 paucas
747 825 924 881 urbes
973 825 1045 880 ad
1096 824 1483 880 habitandum
1528 822 1750 878 habuit.
1794 823 1873 879 De

216 913 458 970 Simeon
483 928 619 968 vero
650 913 712 968 in
742 911 893 968 libro
921 914 1060 970 Jesu
1091 912 1379 985 scriptum
1412 915 1502 968 est
1530 913 1708 983 (Josue
1733 911 1871 983 xu),

218 1003 383 1074 quod
407 1005 466 1057 et
490 1001 618 1073 ipse
647 1002 952 1074 proprium
984 1002 1312 1058 funiculum
1352 1018 1469 1057 non
1517 1000 1692 1057 fuerit
1738 1017 1873 1056 con-

220 1094 485 1160 secutus,
519 1090 621 1146 sed
647 1091 720 1146 de
747 1090 905 1146 tribu
934 1091 1091 1147 Juda
1139 1091 1422 1162 quiddam
1470 1090 1777 1162 acceperit.
1812 1090 1874 1143 In

224 1179 716 1251 Paratipomenon
756 1179 820 1249 (ι,
877 1179 931 1249 4)
990 1183 1186 1234 autem
1246 1178 1450 1235 libris1
1509 1177 1877 1234 manifestius

222 1266 525 1336 scribitur,
559 1268 738 1339 quod.
768 1284 903 1323 cum
937 1267 1365 1340 multiplicatus
1413 1267 1641 1334 fuisset,
1674 1271 1732 1322 et
1761 1283 1876 1322 non

224 1357 471 1412 haberet
498 1355 890 1428 possessionis
926 1356 1145 1421 locum.
1194 1356 1397 1412 exierit
1449 1356 1511 1411 in
1558 1357 1875 1412 desertum.

224 1445 477 1511 Quidam
507 1444 887 1517 prophetice’I
926 1446 1260 1502 interfectos
1308 1446 1599 1515 homines,
1648 1450 1878 1517 aposto-

224 1533 339 1601 los,
371 1539 429 1588 et
456 1533 883 1589 subnervatum
908 1537 1144 1590 taurum
1167 1551 1200 1590 a
1222 1533 1551 1603 Pharismis,
1580 1532 1879 1589 Christum

224 1624 714 1694 interpretantur.

301 1712 484 1781 (Vers.
536 1712 617 1783 8.)
671 1733 700 1762 «
746 1711 922 1778 Juda,
970 1715 1027 1766 te
1071 1710 1398 1767 laudabunt
1445 1712 1653 1767 fratres
1704 1711 1813 1766 tui.
1854 1733 1881 1760 »

229 1798 379 1866 Quia
403 1798 577 1867 Juda,
615 1798 902 1873 confessio,
940 1800 1060 1855 sive
1103 1801 1244 1866 laus,
1276 1801 1712 1872 interpretatur,
1747 1818 1880 1857 con-

234 1892 551 1960 sequenter
623 1887 942 1944 scribitur:
1019 1889 1192 1956 Juda,
1267 1889 1397 1944 tibi-
1452 1890 1887 1945 conﬁtebuntur

233 1978 443 2033 fratres
472 1977 555 2032 tui
584 1995 596 2033 :
631 1998 660 2027 »
691 1977 802 2045 vel,
836 2000 863 2027 ‹‹
898 1981 955 2033 te
985 1977 1314 2034 laudabunt
1344 1979 1550 2034 fratres
1580 1979 1688 2034 tui.
1719 2002 1739 2028 ι)

311 2068 499 2137 (Vers.
527 2066 616 2137 9.)
650 2088 673 2113 ι
709 2066 1057 2123 Adorabunt
1084 2070 1140 2122 te
1170 2066 1276 2122 ﬁlii
1308 2068 1491 2139 patris
1512 2067 1619 2123 tui.
1645 2067 1886 2124 Catulus

236 2154 433 2211 leonis
460 2154 629 2222 Juda,
661 2171 731 2210 ex
758 2156 1043 2227 germine,
1098 2155 1180 2210 fili
1228 2156 1332 2223 mi,
1384 2156 1719 2223 ascendisti,
1756 2174 1887 2228 pro-

238 2244 530 2299 cumbens
559 2248 623 2299 ut
648 2242 762 2313 leo,
794 2247 851 2300 et
879 2245 1045 2315 quasi
1076 2244 1310 2301 catulus
1340 2244 1544 2301 leonis.
1578 2245 1719 2311 Quis
1759 2262 1888 2300 sus-

234 2331 449 2387 citabit
473 2347 609 2387 eum
630 2330 659 2386 ?
688 2354 717 2381 ››
753 2331 912 2388 Licet
940 2332 1011 2387 de
1039 2332 1271 2389 Christo
1297 2334 1517 2405 grande
1543 2333 1888 2405 mysterium

233 2419 338 2488 sit,
370 2423 568 2475 tamen
586 2420 759 2491 juxta
778 2419 1032 2477 litteram
1057 2422 1441 2494 prophetatur
1466 2422 1582 2489 [Αι.
1616 2422 1892 2494 interpre-

234 2509 443 2579 tatur],
475 2508 633 2580 quod
665 2525 828 2581 reges
858 2525 928 2565 ex
953 2509 985 2565 J
995 2511 1110 2566 uda
1136 2527 1241 2582 per
1294 2510 1469 2566 David
1516 2511 1760 2583 stirpem
1792 2527 1890 2584 ge-

233 2601 539 2666 nerentur,
573 2601 632 2652 et
658 2598 814 2670 quod
845 2599 1089 2654 adorent
1117 2614 1252 2654 eum
1284 2614 1485 2654 omnes
1517 2599 1729 2655 tribus.
1761 2599 1888 2655 Non

233 2687 401 2743 enim
456 2686 557 2753 ait,
587 2686 698 2756 ﬁlii
732 2689 928 2743 matris
972 2691 1101 2754 tuae,
1151 2688 1250 2743 sed
1299 2687 1409 2757 ﬁlii
1450 2689 1629 2759 patris
1681 2688 1783 2742 tui.
1826 2691 1894 2742 Et

234 2775 399 2848 quod
430 2774 719 2847 sequitur,
751 2791 822 2830 ea:
850 2778 1115 2845 gemine,
1148 2776 1234 2845 ﬁli
1278 2777 1378 2843 mi,
1412 2776 1469 2831 in
1518 2776 1756 2832 Hebraeo
1787 2776 1893 2831 ha-

234 2866 365 2931 bet,
394 2863 462 2918 de
489 2865 821 2935 captivitate,
857 2864 943 2934 ﬁli
969 2866 1069 2932 mi,
1102 2865 1400 2920 ascendiin
1417 2882 1430 2932 ;
1465 2869 1531 2920 ut
1560 2866 1895 2921 ostenderet

237 2968 383 3009 eum
427 2951 687 3024 captivos
742 2951 993 3024 pupulos
1049 2969 1178 3009 esse
1229 2954 1588 3009 ducturum:
1636 2958 1693 3009 et
1726 2954 1898 3024 juxta

241 3040 698 3113 intelligentiam
726 3042 1102 3097 sacratiorem
1135 3043 1469 3099 ascendisse
1499 3042 1558 3097 in
1598 3042 1807 3111 altum,
1841 3048 1898 3099 et

246 3128 545 3201 captivam
576 3128 813 3185 duxisse
841 3128 1233 3202 captivitatem
1277 3131 1447 3199 (Psal.
1499 3131 1689 3201 van).
1742 3130 1892 3198 Sive,

1984 827 2185 889 strata,
2218 824 2289 878 de
2319 839 2434 894 qua
2466 822 2603 877 alibi
2635 823 2919 895 scriptum
2951 827 3075 878 est:
3108 824 3226 878 Non
3240 828 3414 895 potest
3434 825 3625 880 civitas

1984 911 2243 967 abscondi
2278 928 2447 983 supra
2492 915 2726 967 montem
2768 913 2947 983 posita
3004 913 3226 980 (Matth.
3278 928 3330 968 v.
3392 913 3503 983 15).
3561 912 3630 968 Et

1984 1001 2263 1057 Fluminis
2329 1002 2562 1070 impetus
2627 1000 2868 1071 laetiﬁcat
2948 1002 3227 1056 civitatem
3289 1001 3390 1056 Dei
3454 1002 3628 1073 (Psal.

1985 1106 2111 1154 va,
2141 1090 2218 1159 5).

2058 1176 2242 1249 (Vers.
2278 1178 2343 1231 14
2374 1186 2429 1232 et
2457 1176 2567 1247 l5.)
2606 1197 2633 1226 ‹‹
2683 1176 2952 1232 Issachar
2998 1177 3217 1233 bonum
3257 1178 3629 1250 desideravit,

1988 1266 2364 1338 requiescens
2393 1265 2545 1320 inter
2565 1265 2788 1319 medios
2809 1264 3015 1333 cleros,
3039 1270 3095 1320 et
3112 1266 3317 1323 videns
3346 1269 3630 1340 requiem,

1989 1355 2128 1427 quia
2159 1355 2312 1409 bona
2340 1358 2448 1419 est,
2483 1358 2538 1409 et
2567 1357 2803 1421 terram,
2847 1355 2985 1426 quia
3015 1354 3285 1427 pinguis:
3321 1357 3635 1429 supposuit

1990 1443 2304 1498 humerum
2336 1458 2510 1497 suum
2544 1442 2616 1497 ad
2649 1441 3059 1509 laborandum,
3109 1449 3166 1499 et
3212 1444 3404 1500 factus
3435 1450 3524 1501 est
3547 1446 3636 1502 vir

1991 1530 2265 1604 agricola.
2299 1552 2326 1581 »
2362 1530 2424 1585 In
2455 1531 2693 1586 Hebraeo
2724 1531 2806 1585 ita
2838 1531 3123 1604 scriptum
3153 1537 3283 1589 est:
3313 1557 3341 1583 ‹‹
3371 1535 3637 1591 tssachar

1992 1620 2198 1676 asinus
2255 1634 2461 1674 osseus
2508 1619 2551 1685 δ,
2611 1619 2956 1673 recumbens
3013 1619 3165 1675 inter
3218 1621 3522 1693 terminos,
3580 1626 3639 1678 et

1991 1707 2194 1763 videns
2238 1707 2524 1779 requiem,
2577 1706 2716 1776 quia
2762 1706 2917 1761 bona
2961 1711 3070 1772 est,
3111 1712 3168 1762 et
3213 1713 3451 1776 terram,
3497 1710 3639 1781 quia
3694 1738 3707 1747 ε

1994 1795 2239 1867 pulchra
2287 1803 2408 1850 est:
2460 1794 2760 1849 inclinavit
2806 1795 3119 1850 humerum
3167 1812 3343 1851 suum
3392 1796 3465 1851 ad
3505 1814 3639 1869 por-

1997 1884 2259 1945 tandum,
2293 1889 2350 1939 et
2376 1885 2562 1940 factus
2606 1888 2696 1939 est
2742 1884 2801 1938 in
2848 1884 3136 1939 tributum
3180 1886 3459 1941 serviens.
3494 1887 3641 1954 Quia

1994 1974 2224 2045 supra"
2277 1973 2346 2029 de
2411 1972 2667 2028 Zabulon
2717 1972 2960 2042 dixerat,
3013 1974 3167 2044 quod
3215 1974 3393 2030 maris
3442 1975 3641 2049 Magni

1995 2066 2152 2117 esset
2208 2061 2407 2116 littora
2480 2077 2884 2132 possessurus,
2944 2061 3215 2117 Sidonem
3287 2079 3520 2134 quoque
3585 2069 3644 2121 et

1996 2148 2255 2220 reliquas
2314 2149 2607 2204 Phcenicis
2664 2149 2838 2204 urbes
2892 2149 3297 2222 contingeret;
3357 2167 3515 2206 nunc
3568 2153 3643 2208 ad

1998 2237 2484 2293 Mediterraneum
2516 2236 2874 2309 provinciam
2904 2237 3074 2304 redit,
3108 2242 3165 2293 et
3194 2239 3479 2307 Issaehar,
3505 2240 3644 2311 quia

1989 2327 2199 2398 juxta8
2230 2324 2626 2398 Nephthalim,
2660 2325 3117 2397 pulcherrimam
3167 2327 3227 2381 in
3276 2326 3514 2383 Galilaea
3553 2342 3644 2383 re-

1999 2414 2252 2487 gionem,
2285 2430 2667 2486 possessurus
2699 2418 2806 2479 est,
2841 2413 3241 2470 benedictione
3280 2416 3645 2495 sua*babita-
3730 2452 3733 2459 -

1998 2508 2183 2559 torem
2217 2502 2372 2558 facit.
2405 2502 2649 2558 Asinum
2703 2506 2902 2558 autem
2952 2495 3187 2559 osseum
3226 2508 3410 2570 vocat,
3442 2510 3499 2561 et
3527 2505 3648 2561 hu-

2002 2608 2231 2647 merum
2263 2593 2335 2646 ad
2367 2592 2718 2663 portandum
2751 2591 3037 2659 deditum,
3071 2592 3210 2664 quia
3228 2591 3288 2647 in
3312 2592 3511 2651 labore
3534 2598 3651 2651 ter-

2002 2699 2077 2737 ra:
2129 2685 2186 2736 et
2230 2679 2509 2735 vehendis
2556 2681 2626 2735 ad
2678 2696 2837 2735 mare
2884 2680 3161 2736 oneribus
3180 2681 3220 2749 θ,
3254 2698 3382 2753 quae
3429 2682 3491 2738 in
3521 2682 3648 2739 suis

2001 2770 2220 2827 ﬁnibus
2252 2769 2663 2835 nascebantur,
2698 2767 3020 2840 plurimum
3068 2769 3379 2837 laboraret,
3412 2771 3649 2844 regibus

2003 2876 2238 2933 quoque
2287 2857 2505 2913 tributa
2551 2863 2948 2929 comportans.
3012 2858 3194 2914 Aiunt
3242 2860 3487 2931 Hebraei,
3545 2877 3651 2933 per

2005 2948 2407 3020 metaphoram
2430 2947 2767 3019 significari,
2802 2948 2954 3019 quod
2989 2947 3321 3021 Scripturas
3352 2953 3586 3006 sanctas
3608 2950 3652 2987 ¹⁰

2004 3038 2098 3094 die
2130 3053 2195 3093 ac
2225 3041 2391 3092 nocte
2421 3036 2736 3107 meditans,
2785 3037 3047 3092 studium
3098 3054 3273 3093 suum
3320 3038 3547 3095 dederit
3576 3040 3648 3095 ad

2006 3127 2414 3193 laborandum,
2439 3129 2497 3180 et
2515 3124 2643 3181 ideo
2664 3125 2715 3180 ei
2739 3141 2943 3181 omnes
2968 3125 3157 3182 tribus
3178 3127 3454 3195 serviant,
3480 3127 3652 3199 quasi

242 3217 402 3291 quod
438 3216 652 3273 melius
679 3222 844 3289 puto,
874 3201 1177 3289 captivitas
1226 3219 1582 3290 passionem,
1615 3235 1896 3275 ascensus
1927 3201 1970 3266 (ἶ
2008 3215 2293 3288 magistro
2326 3215 2478 3270 dona
2506 3218 2828 3286 portantes.

241 3307 735 3363 resurrectionem
768 3306 983 3379 signat.

317 3394 505 3466 (Vers.
541 3396 655 3463 II.)
698 3416 726 3445 ι(
755 3395 1019 3468 Alligans
1064 3396 1137 3452 ad
1186 3396 1363 3451 vitem
1413 3394 1643 3468 pullum
1692 3414 1890 3465 suum,

240 3490 303 3542 et
331 3483 593 3541 funiculo
624 3483 855 3557 pullum
886 3486 1082 3541 asinm.
1116 3508 1137 3535 ι
1192 3486 1254 3540 1n
1304 3485 1541 3540 Hebraeo
1570 3485 1652 3540 ita
1694 3486 1890 3557 habet,

240 3574 498 3641 Alligans
535 3573 606 3629 ad
650 3576 815 3630 vilem
856 3575 1073 3646 pullum
1117 3591 1299 3644 suum,
1355 3574 1510 3629 376
1538 3577 1676 3630 etin
1714 3575 1891 3643 Sorec,

246 3662 335 3732 fili
362 3663 465 3728 mi,
495 3664 705 3718 asinam
732 3679 893 3718 suam
919 3681 932 3730 ;
958 3663 1113 3735 quod
1134 3662 1403 3719 videlicet
1432 3662 1660 3734 pullum
1694 3664 1893 3733 asinae,

247 3748 350 3803 cui
389 3751 711 3821 supersedit
737 3750 933 3818 Jesus,
968 3751 1078 3807 hoc
1124 3755 1233 3821 est,
1275 3750 1552 3824 gentilcm
1586 3752 1890 3824 populum,

243 3837 434 3893 vineae
463 3840 883 3911 apostolorum,
916 3841 1017 3913 qui
1048 3856 1117 3896 ex
1143 3840 1362 3896 Judaeis
1390 3844 1549 3909 sunt,
1582 3840 1893 3912 copulave-

244 3927 342 3982 rit.
378 3927 448 3982 Et
477 3928 549 3983 ad
580 3929 776 3997 Sorec,
808 3930 867 3984 id
926 3934 1017 3984 est
1069 3930 1299 3984 electam
1350 3931 1534 3996 vitem,
1576 3929 1895 4001 alligaverit

243 4016 501 4082 asinam,
552 4016 645 4071 cui
693 4018 1044 4089 supersedit,
1076 4016 1395 4073 Ecclesiam
1440 4034 1510 4073 ex
1556 4017 1893 4075 nationibus

236 4109 680 4177 congregatam.
731 4106 894 4171 Quod
940 4113 1137 4162 autem
1187 4107 1351 4174 dicit,
1380 4107 1466 4178 ﬁli
1493 4109 1591 4175 mi,
1628 4111 1893 4179 apostro-

234 4193 396 4265 phen
421 4195 443 4227 ³
471 4195 543 4250 ad
577 4194 774 4267 ipsum
805 4195 1019 4251 Judam
1050 4196 1209 4264 facit,
1260 4195 1414 4267 quod
1467 4196 1736 4252 Christus
1769 4197 1893 4253 hac

308 4351 586 4427 {Nomen
623 4352 804 4427 libris,
840 4356 993 4427 quod
1024 4355 1243 4427 deerat,
1276 4355 1615 4411 suffecimus
1646 4372 1715 4412 ex
1745 4373 1890 4413 mss.

234 4423 359 4499 ᾼιιῐ
389 4428 546 4499 certe
576 4440 709 4481 cum
739 4423 993 4482 Victorio
1023 4426 1339 4499 legendum
1384 4432 1508 4482 erat
1536 4428 1804 4484 absolute
1831 4430 1893 4484 in

232 4496 707 4561 Paralipomenis.

2073 3304 2261 3374 (Vers.
2296 3303 2363 3357 16
2393 3307 2450 3359 et
2506 3303 2697 3374 seqq.)
2756 3326 2784 3352 ‹‹
2845 3302 2968 3358 Dan
3021 3303 3315 3374 judicabit
3366 3305 3653 3378 populum

2003 3409 2199 3460 suum,
2234 3391 2389 3447 sicut
2418 3391 2566 3446 377
2621 3407 2806 3446 unum
2856 3392 2927 3446 de
2976 3392 3225 3465 sceptris
3276 3392 3470 3449 Israel.
3526 3395 3655 3452 Fiat

2006 3487 2123 3537 Dan
2156 3479 2394 3536 coluber
2423 3479 2483 3533 in
2530 3479 2644 3544 via,
2697 3478 2936 3551 regulus
2980 3479 3039 3533 in
3090 3480 3319 3546 semita,
3372 3483 3649 3540 mordens

2004 3569 2254 3643 ungulas
2285 3568 2441 3639 equi,
2464 3570 2529 3621 ut
2557 3567 2723 3622 cadat
2756 3568 2863 3639 [Αἰ.
2897 3571 2954 3623 et
2983 3568 3170 3637 cadet]
3209 3585 3487 3625 ascensor
3515 3572 3644 3641 ejus

2003 3667 2381 3714 retrorsum:
2449 3654 2799 3711 salvatorem
2858 3658 3228 3727 exspectabo,
3295 3656 3560 3713 Domine.
3614 3680 3644 3708 ››

2002 3748 2250 3803 Samson
2292 3745 2476 3817 judex
2522 3743 2581 3798 in
2630 3743 2830 3811 Israel,
2885 3745 2954 3799 de
3000 3744 3160 3799 tribu
3211 3747 3327 3798 Dan
3362 3744 3491 3798 fuit.
3526 3745 3647 3800 Hoc

2002 3852 2138 3909 ergo
2170 3835 2347 3890 dicit:
2381 3833 2546 3888 Nunc
2574 3832 2776 3886 videns
2807 3831 2865 3885 in
2915 3830 3127 3903 spiritu
3158 3847 3386 3887 comam
3420 3832 3647 3889 nutrire

2002 3927 2249 3982 Samson
2272 3923 2606 3977 Nazaraaum
2630 3925 2820 3986 tuum,
2844 3919 3124 3991 caesisque
3149 3920 3418 3977 hostibus
3447 3922 3652 3978 trium-

2002 4015 2214 4087 phare;
2269 4011 2422 4084 quod
2469 4010 2529 4064 in
2579 4007 3027 4065 similitudinem
3076 4009 3297 4065 colubri
3345 4010 3648 4083 regulique

2002 4101 2330 4159 obsidentis
2356 4099 2500 4167 vias,
2535 4098 2763 4154 nullum
2797 4115 2898 4170 per
2926 4102 3140 4154 terram
3174 4097 3353 4154 Israel
3394 4099 3648 4156 transire

2002 4190 2337 4263 permittat:
2371 4188 2470 4245 sed
2496 4187 2616 4261 [ΑΙ.
2649 4187 2825 4257 sicut]
2854 4186 3028 4242 etiam
3062 4188 3111 4242 si
3143 4188 3278 4259 quis
3303 4187 3652 4243 temerarius

2074 4352 2095 4386 δ
2125 4351 2228 4407 Est
2264 4349 2420 4406 enim
2473 4349 2531 4404 in
2580 4347 2818 4404 Hebreo
2855 4358 2966 4408 ειπλ
3017 4359 3148 4409 'nsn
3191 4348 3394 4402 Asinus
3443 4361 3650 4402 osseus.

2004 4422 2149 4479 LXX
2180 4421 2429 4478 solemni
2461 4420 2667 4476 litterae
2696 4431 2726 4480 Ἴ
2749 4419 2806 4473 in
2832 4432 2866 4479 Ἰ
2899 4419 3222 4475 mutatione
3245 4417 3493 4491 legerint
3517 4429 3649 4479 mn

2003 4495 2353 4556 desideravit,
2388 4497 2497 4548 etc.

301 4565 327 4598 ³
360 4559 595 4640 Etcum
654 4568 867 4640 primis
924 4567 1325 4640 Tertullianus
1380 4566 1525 4624 satis
1566 4567 1894 4626 luculenter
1926 4570 1971 4633 D
2073 4568 2091 4600 ⁷
2125 4566 2274 4640 Sunt
2321 4564 2421 4640 qui
2446 4559 3007 4640 -putsnt.15-§.upra
3046 4559 3262 4640 ίηᾴίοίο
3299 4576 3457 4640 9886,
3490 4559 3650 4632 (Ιυοά

229 4633 337 4690 lib.
374 4633 899 4712 adversusg'lludwos,
949 4657 1078 4712 cap.
1132 4639 1217 4712 170,
1270 4661 1297 4687 ι(
1332 4640 1491 4712 Idem
1525 4639 1637 4695 erit
1666 4646 1722 4695 et
1753 4640 1890 4697 alibi

224 4712 445 4793 taurus
503 4709 987 4793 apudmeamdem
1014 4709 1421 4793 :Scripturam.
1466 4711 1621 4793 (Gen.
1652 4713 1894 4793 xnixhti)

224 4792 374 4833 cum
404 4779 605 4853 Jacob,
640 4782 877 4837 Simeon
924 4787 981 4837 et
1014 4782 1146 4837 Levi
1178 4779 1517 4853 exporrigit
1544 4779 1895 4839 benedictio-

226 4864 400 4931 nem,
437 4850 527 4931 _de_
564 4852 784 4931 scribis
836 4860 892 4909 et
941 4850 1650 4931 Pharisaeislprophetatg;
1684 4871 1753 4910 ex
1778 4853 1896 4931 illis

226 4920 395 4996 enim
420 4920 732 4996 deducitur
755 4941 965 4980 sensus
996 4924 1255 4996 illorum.
1284 4920 1706 4996 Interpretatur
1734 4925 1893 4980 enim

228 4990 624 5062 spiritualiter
644 4996 749 5060 sic,
775 4997 1010 5052 Simeon
1042 5002 1100 5051 et
1130 4994 1259 5067 Levi
1284 4990 1652 5067 perfecerunt
1677 4995 1895 5067 iniqui-

229 5068 419 5118 tatem
473 5080 540 5138 ex
586 5083 692 5121 sua
740 5071 917 5135 secta,
968 5083 1085 5138 qua
1130 5065 1353 5138 scilicet
1400 5065 1696 5121 Christum
1757 5065 1897 5122 sunt

227 5136 555 5261 gersgcuti,
588 5142 698 5193 etc.
737 5161 765 5187 »
814 5139 960 5193 Vide
983 5136 1066 5193 _et
1113 5136 1451 5209 Origenem,
1498 5137 1699 5193 homil.
1739 5139 1803 5192 17
1834 5138 1893 5193 in

278 5222 353 5260 en
395 5223 445 5261 s.

278 5220 445 5261 61183.

298 5277 748 5365 #4postrophen'.
779 5286 889 5365 etc.
936 5280 1060 5336 Duo
1109 5295 1254 5335 mss.
1316 5278 1543 5335 codices
1590 5280 1784 5335 Graece
1814 5279 1892 5335 le-

230 5353 391 5420 gunt
423 5352 794 5428 ἀποστροφήν.
819 5352 1105 5407 Murrus.

298 5418 817 5504 ‘__Iisdem_nempe
866 5423 1077 5504 litteris
1116 5430 1243 5504 νγ,
1276 5424 1352 5504 ‘et
1401 5421 1593 5504 pullus
1621 5424 1678 5477 et
1704 5424 1897 5504 civitas

222 5491 545 5572 scribitur;
571 5491 813 5572 tametsi
839 5496 1075 5567 pullum,
1106 5493 1237 5549 hair
1258 5491 1473 5548 dicunt
1496 5493 1892 5559 Massorethae,

221 5563 527 5632 anitatem,
563 5562 673 5619 hir.

307 5630 332 5664 ⁸
357 5630 548 5690 Urbem
574 5650 755 5709 suam.
780 5637 1055 5693 Hebraeus
1076 5646 1217 5709 mw
1240 5638 1324 5709 iro
1353 5633 1561 5709 habet,
1586 5636 1740 5709 quod
1766 5634 1895 5709 pul-

227 5699 355 5761 lum
383 5719 565 5776 suum,
594 5708 685 5766 vel
713 5709 908 5769 urbem
935 5725 1095 5767 suam
1124 5699 1452 5783 significat.
1496 5699 1785 5767 Maurus:

2004 4631 2623 4709 quaedam_exciderint
2680 4632 2751 4687 de
2808 4631 3261 4709 Hieronymiano
3299 4631 3409 4689 hoc
3440 4647 3651 4709 opere;

2006 4702 2143 4763 nam
2174 4708 2245 4761 de
2274 4705 2533 4761 Zabulon
2564 4709 2621 4759 et
2651 4703 3020 4774 possessione
3047 4702 3193 4758 nihil
3224 4720 3407 4774 supra
3426 4702 3651 4758 dictum

2006 4781 2078 4834 ab
2110 4794 2176 4833 eo
2207 4782 2315 4832 est.
2350 4778 2606 4831 Tantum
2637 4773 2747 4830 col.
2780 4775 2939 4838 1034,
2988 4775 3059 4829 de
3106 4773 3410 4830 nativitate
3439 4775 3569 4843 ejus
3599 4776 3658 4828 et

2008 4849 2243 4905 nomine
2277 4864 2493 4920 pauca.
2514 4847 2731 4920 Verum
2764 4862 2891 4920 non
2911 4845 2982 4900 de
3008 4845 3118 4901 hoc
3150 4863 3276 4914 suo,
3310 4846 3411 4900 sed
3442 4845 3513 4899 de
3556 4860 3658 4899 sa-

2006 4938 2103 4976 cro
2136 4921 2260 4990 ipso
2277 4916 2452 4974 textu
2481 4918 2745 4990 loquitur
2771 4918 2825 4971 S.
2862 4916 3047 4972 Pater.

2076 4993 2096 5027 ³
2129 4990 2270 5046 Mss.
2306 4991 2443 5057 duo,
2476 4992 2574 5059 qui
2592 4990 2779 5060 juxta.

2078 5064 2186 5118 9In
2236 5079 2350 5117 uno
2396 5057 2603 5132 Regia.
2653 5076 2806 5132 ms.,_
2838 5059 2895 5112 In
2949 5058 3131 5132 labore
3176 5065 3435 5132 terrena
3478 5057 3654 5132 maris

2041 5149 2131 5191 ure
2157 5137 2217 5189 in
2245 5135 2360 5188 suis
2389 5129 2593 5203 ﬁnibus
2623 5130 3015 5203 nascebantur,
3029 5130 3336 5203 plurimum
3358 5129 3651 5186 laboravit.

2041 5152 2131 5191 WB
2157 5152 2217 5189 In
2245 5152 2360 5188 suis
2389 5152 2593 5203 [tnwus
2623 5152 3007 5196 nasceoamur,
3029 5152 3336 5199 piurzmum
3358 5152 3369 5183 ι

2005 5152 2068 5260 lin
2100 5204 2281 5261 altero
2313 5208 2541 5258 tantum
2563 5218 2671 5257 vox
2695 5201 2953 5256 oneribus
2984 5200 3369 5255 desideratur.

2079 5277 2122 5311 ¹⁰
2152 5275 2301 5344 Quod
2329 5275 2649 5346 Scripturas
2700 5275 2938 5346 sanctas.
2970 5273 3185 5326 Auctor
3233 5269 3656 5346 Commentarii

2007 5348 2065 5401 in
2122 5340 2751 5402 Canticum-Debborae
2803 5342 3151 5414 Hieronymo
3201 5342 3530 5411 consentit;
3573 5340 3658 5398 ait

2006 5419 2160 5474 enim
2192 5436 2204 5473 :
2239 5418 2456 5472 Asinus
2489 5417 2547 5471 in
2578 5415 2724 5470 libro
2771 5416 3062 5485 Geneseos
3109 5414 3274 5470 fortis
3311 5413 3657 5485 diciturg(ls-

2005 5490 2223 5558 sachar)
2256 5493 2490 5560 prOpter
2518 5485 2921 5542 fortitudinem
2950 5484 3127 5560 legis,
3151 5501 3217 5560 eo
3262 5487 3428 5560 quod
3448 5485 3509 5540 in
3539 5484 3657 5540 hu-

2006 5577 2166 5616 mero
2199 5554 2383 5631 legem
2415 5561 2685 5631 portaret
2699 5560 2757 5611 et
2780 5554 3012 5631 caeteris
3039 5554 3318 5631 tribubus]
3339 5557 3652 5631 tributum,
3722 5574 3733 5585 κ

2006 5633 2065 5688 id
2097 5634 2187 5687 est
2215 5627 2545 5686 doctrinam
2575 5628 2744 5701 legis,
2778 5627 3159 5700 impenderet.
3198 5652 3223 5679 η
3254 5627 3397 5687 Vide
3426 5631 3652 5701 Appenv

2006 5704 2194 5763 dicem
2225 5702 2407 5777 hujus
2436 5701 2603 5763 tomi.
2635 5701 2928 5761 Maurus.
