4084 6170
506 280 672 353 ιοδθ

1744 274 1811 339 S.
1855 268 2167 337 EUSEBII
2208 269 2678 338 HIERONYMI.

3707 273 3851 361 tam

499 414 713 471 virtute
763 429 894 480 sua,
944 410 1113 485 quasi
1167 410 1301 484 equi
1345 410 1649 467 velocitate
1700 408 1979 473 conﬁsus,
2020 422 2147 462 eam
2180 408 2235 472 Α
2265 411 2475 462 cuncta
2504 407 2827 462 referamus
2858 404 3010 478 quod
3043 403 3125 462 ibi
3160 404 3249 463 vel
3293 402 3541 471 maxime
3564 406 3845 479 docuerit‘,

496 502 749 561 voluerit
780 500 1066 575 pradonis
1097 517 1261 557 more
1289 499 1578 572 populari,
1611 499 1863 570 effugere
1903 513 2019 551 non
2047 512 2145 549 va-

495 590 660 648 lebit.
693 591 911 645 Totum
943 592 1141 645 autem
1172 605 1276 660 per
1319 587 1724 659 metaphoram
1774 583 2062 657 serpentis
2092 585 2149 638 et

495 679 712 753 equitis
733 676 1016 750 loquitur.
1039 676 1259 733 Videns
1280 692 1416 749 ergo
1436 679 1558 731 tam
1580 674 1789 731 fortem
1808 672 2144 728 Nazaracum

493 771 688 836 tuum,
722 766 878 839 quod
928 769 985 820 et
1027 765 1155 837 ipse
1197 769 1432 838 propter
1478 762 1844 820 meretricem
1876 765 2145 840 mortuus

493 859 608 923 est,
640 858 699 911 et
749 853 1007 910 moriens
1048 857 1277 910 nostros
1325 852 1540 908 occidit
1586 850 1879 917 inimicos,
1921 848 2141 921 putavi,

490 942 533 997 Ο
565 941 747 1010 Deus,
769 940 968 1014 ipsum
997 957 1125 997 esse
1145 941 1444 997 Christum
1466 939 1679 996 Filium
1702 942 1871 994 tuum
1900 953 1912 991 :
1938 952 2143 992 verum

491 1030 630 1102 quia
661 1033 928 1086 mortuus
976 1033 1088 1097 est,
1138 1033 1196 1084 et
1247 1046 1363 1086 non
1413 1027 1751 1094 resurrexit,
1803 1030 1861 1082 et
1904 1042 2143 1081 rursum

490 1118 755 1191 captivus
806 1119 1022 1174 ductus
1070 1121 1160 1174 est
1212 1116 1412 1184 Israel,
1464 1116 1617 1172 alius
1680 1114 1827 1171 mihi
1879 1112 2144 1171 Salvator

488 1208 716 1275 mundi,
750 1211 807 1265 et
834 1208 951 1263 mei
980 1206 1210 1281 generis
1240 1206 1673 1279 praestolandus
1703 1208 1812 1273 est,
1848 1206 1912 1261 Ut
1958 1204 2143 1259 veniat

484 1298 577 1352 cui
612 1298 908 1369 repositum
936 1300 1016 1352 est
1043 1300 1097 1351 et
1127 1296 1241 1367 ipse
1269 1297 1377 1351 erit
1404 1294 1734 1367 exspectatio
1763 1294 2029 1365 gentium.

554 1429 741 1501 (Vers.
776 1428 890 1501 49.)
912 1450 940 1479 ‹‹
965 1428 1088 1484 Gad
1120 1426 1489 1483 latrunculus
1512 1426 1958 1483 latrocinabitur
1978 1443 2135 1495 eum,

484 1523 542 1575 et
569 1518 696 1591 ipse
741 1517 1190 1573 latrocinabitur
1237 1516 1520 1588 plantam.
1555 1537 1584 1565 »
1614 1515 1791 1571 Juxta
1830 1515 2140 1570 Hebraeum

482 1605 850 1678 interpretati
881 1621 1109 1661 sumus.
1145 1605 1257 1660 Sed
1296 1603 1397 1659 ubi
1446 1620 1552 1660 nos
1603 1603 1983 1660 latrunculum
2033 1619 2135 1675 po-

481 1693 734 1763 suimus,
767 1692 849 1747 ibi
879 1693 1167 1764 scriptum
1198 1694 1287 1748 est
1314 1708 1504 1747 ssnon
1551 1692 1751 1764 (τη-γλ),
1803 1694 1869 1747 ut
1909 1692 1981 1747 ad
2025 1707 2135 1747 ean

481 1798 695 1839 nomen
741 1780 1049 1859 alluderet,
1102 1779 1200 1852 qui
1248 1779 1681 1852 significantius
1732 1776 2028 1846 εῧζωνοςί.
2076 1779 2134 1835 id
2164 1771 2212 1837 Β

479 1875 588 1939 est,
622 1871 917 1937 accinctus,
969 1869 1092 1925 sive
1138 1869 1422 1940 expeditus
1469 1868 1716 1941 exprimi
1770 1872 1981 1941 potest.
2016 1869 2132 1924 To-

480 1963 608 2016 tum
639 1962 837 2015 autem
866 1958 1012 2013 illud
1047 1961 1155 2027 est,
1190 1958 1368 2030 quod,
1401 1962 1537 2013 ante
1586 1957 1789 2013 Ruben
1812 1958 1852 2025 ²,
1885 1961 1941 2012 et
1966 1956 2134 2012 dimi-

479 2048 639 2104 diam
669 2047 889 2103 tribum
920 2048 1208 2113 Manasse,
1241 2047 1316 2103 ad
1352 2046 1525 2117 filios,
1559 2063 1707 2118 quos
1739 2054 1902 2102 trans
1925 2046 2132 2102 Jorda-

479 2151 616 2192 nem
645 2135 706 2192 in
723 2135 1158 2208 possessionem
1181 2134 1507 2202 dimiserat,
1530 2138 1664 2207 post
1685 2134 2132 2206 quatuordecim

480 2242 665 2282 annos
696 2228 1009 2291 revertens,
1059 2223 1326 2297 praelium
1378 2225 1690 2280 adversum
1722 2239 1821 2279 eos
1863 2221 2130 2294 gentium

477 2314 801 2371 vicinarum
831 2314 1053 2386 grande
1083 2314 1383 2386 repererit,
1416 2316 1473 2368 et
1500 2312 1671 2368 victis
1702 2310 1992 2379 hostibus,
2023 2312 2133 2367 for-

477 2402 614 2459 titer
639 2402 954 2471 dimicarit.
990 2403 1140 2474 Lege
1172 2401 1397 2457 librum
1418 2402 1449 2458 J
1458 2417 1560 2457 esu
1584 2401 1739 2456 Nave
1774 2400 1955 2471 (Iosue
1982 2402 2129 2469 xm),

477 2496 535 2549 et
564 2490 1041 2564 Paralipomenon
1091 2492 1160 2562 (Ι,
1198 2492 1273 2563 v).
1327 2491 1453 2546 Non
1503 2490 1706 2563 ignoro
1739 2487 1911 2561 plura
1942 2488 2001 2543 in
2037 2488 2130 2545 be-

478 2579 913 2636 nedictionibus
963 2580 1429 2652 patriarcharum
1468 2595 1598 2635 esse
1652 2577 1932 2651 mysteria
1951 2578 1991 2645 3,
2026 2576 2127 2632 sed

478 2667 550 2722 ad
580 2683 834 2738 praesens
867 2668 1220 2740 opusculum
1251 2684 1364 2723 non
1399 2666 1671 2741 pertinet.

548 2798 733 2870 (Vers.
766 2800 881 2872 21.)
914 2823 942 2850 ‹‹
982 2799 1357 2872 Nephtbalim
1407 2797 1730 2872 virgultum
1778 2797 2130 2868 resolutum,

477 2888 629 2945 dans
659 2888 719 2943 in
754 2887 1130 2962 generatione
1158 2886 1683 2961 pulchritudinem.
1716 2908 1745 2937 »
1778 2887 1842 2943 In
1892 2885 2130 2943 Hebraeo

478 2977 562 3034 ita
607 2977 891 3050 scriptum
939 2980 1062 3034 est:
1116 3000 1144 3028 «
1190 2975 1562 3049 Nephthalim
1594 2976 1616 3011 ⁴
1663 2990 1801 3047 ager
1846 2974 2128 3047 irriguus,

477 3066 623 3121 dans
679 3064 911 3138 eloquia
970 3062 1513 3136 pulchritudinis,»
1572 3063 1933 3135 signiﬁcans,
1970 3064 2128 3135 quod

480 3169 648 3224 aqua:
678 3136 877 3208 calidas
907 3152 968 3207 in
1011 3153 1137 3223 ipsa
1182 3156 1504 3207 nascantur
1551 3151 1746 3208 tribu:
1800 3152 1919 3208 sive
1970 3152 2123 3223 quod
2156 3136 2199 3203 Ο

479 3256 659 3311 super
688 3238 881 3295 lacum
942 3240 1094 3296 878
1154 3239 1532 3307 Genesareth,
1593 3239 1814 3295 ﬂuento
1851 3240 2126 3296 Jordanis

478 3326 703 3399 irrigua
733 3327 828 3383 sit.
861 3327 1084 3383 Hebraei
1114 3332 1312 3383 autem
1343 3326 1567 3397 volunt,
1602 3332 1841 3401 propter
1868 3328 2127 3385 Tiberia-

479 3414 637 3482 dem,
670 3431 798 3487 quas
827 3414 974 3489 legis
1006 3416 1312 3472 videbatur
1342 3416 1554 3473 habere
1597 3416 1886 3487 notitiam,
1919 3433 2125 3489 agrum

481 3501 792 3578 irriguum,
841 3510 898 3560 et
963 3498 1196 3577 eloquia
1253 3504 1712 3577 pulchritudinis
1769 3505 2122 3579 prophetari.

477 3596 656 3649 Porro
687 3593 785 3649 ubi
818 3610 924 3649 nos
956 3610 1153 3665 agrum
1182 3595 1479 3666 irriguum,
1511 3598 1568 3649 et
1598 3594 1979 3667 Septuaginta
2009 3593 2127 3648 στὲ-

478 3676 648 3755 λεχος
685 3679 985 3753 ἀνειμένον,
1018 3681 1077 3737 id
1108 3686 1197 3738 est
1240 3684 1537 3753 virgultum
1587 3684 1889 3740 resolutum
1917 3700 2125 3755 posue-

478 3774 638 3838 runt,
672 3770 731 3825 in
768 3771 1000 3826 Hebraeo
1030 3768 1247 3845 legitur
1273 3788 1441 3827 AIALA
1479 3788 1662 3828 SLUAA
1682 3757 1881 3844 (nn‘w
1911 3756 2121 3843 n‘va)",

478 3859 632 3930 quod
683 3863 873 3930 potest
915 3863 972 3913 et
1014 3875 1200 3916 cervus
1242 3862 1471 3915 emissus
1517 3860 1840 3924 transferri,
1891 3864 2127 3932 propter

478 3950 886 4018 temporaneas
939 3948 1155 4020 fruges,
1200 3949 1566 4005 velocitatem
1618 3953 1782 4004 terrae
1840 3947 2124 4005 uberioris

478 4035 814 4091 ostendens.
846 4034 955 4090 Sed
988 4035 1219 4105 melius,
1251 4036 1301 4093 si
1334 4036 1406 4092 ad
1438 4036 1766 4092 doctrinam
1805 4035 2124 4092 Salvatoris

548 4194 567 4231 ¹
598 4193 820 4270 Vitiosa
867 4199 993 4270 θυεμ
1041 4191 1289 4270 εἷίζθνοςᾗ
1327 4196 1459 4270 Vid.
1510 4197 1571 4252 in
1603 4195 1892 4270 superiori
1919 4195 2021 4251 lib.
2054 4196 2127 4253 de

476 4266 802 4323 Nominibus
831 4282 901 4322 ex
929 4267 1139 4323 Genesi
1170 4273 1227 4325 et
1252 4268 1467 4323 Exodo.

547 4337 706 4412 {Pro
755 4345 881 4394 ante
925 4337 1145 4412 legerat
1188 4338 1470 4412 Alcuinus
1518 4337 1880 4412 concinniori
1909 4354 2122 4412 sensu,

480 4408 613 4476 Gad,
653 4413 961 4480 eticzstera
985 4408 1143 4466 witem
1190 4410 1248 4464 in
1300 4415 1477 4480 recto,
1528 4410 1731 4480 Ruben,
1780 4414 1832 4466 et
1887 4409 2125 4465 dimidia

478 4481 658 4536 tribus
688 4479 948 4537 Manasse.

548 4551 571 4586 ³
600 4551 1057 4622 Patriarcharum
1100 4567 1214 4607 esse
1259 4553 1541 4622 mysteria.
1591 4551 1985 4607 Praetermittit
2021 4553 2125 4608 be-

481 4621 870 4679 nedictionem
902 4625 1061 4692 Aser,
1092 4623 1232 4693 quia
1262 4621 1327 4677 in
1362 4623 1470 4678 hac
1524 4622 1687 4678 nulla
1716 4626 1804 4678 est
1832 4623 2129 4679 discordia

478 4693 702 4750 Hebraei
734 4693 911 4750 fontis
931 4710 1066 4749 cum
1090 4693 1303 4750 Graecis
1325 4693 1758 4766 exemplaribus
1787 4694 1921 4750 LXX
1951 4694 2127 4751 inter-

478 4770 734 4837 pretum.
769 4766 1048 4821 MARTIAN.

546 4838 573 4872 ἰ
610 4837 847 4893 Rectius
890 4836 1121 4908 Regium
1172 4852 1282 4891 ms.
1333 4836 1637 4903 vetustior,
1685 4836 1994 4908 Ncphthali,
2053 4837 2124 4892 ad

478 4926 787 4982 Hebraeum
819 4910 1018 4989 75115:.
1052 4925 1164 4982 Sed
1194 4943 1307 4983 non
1342 4926 1479 4982 item
1514 4926 1658 4982 bene
1688 4942 1821 4981 mox
1852 4926 1910 4980 in
1945 4926 2125 4982 altero

479 5002 587 5065 est,
649 4998 789 5053 dans
842 4999 1057 5069 eloquia
1108 4997 1558 5069 pulchritudinis.
1610 4998 1939 5067 Signiﬁcans
1989 4997 2128 5069 quod

478 5084 624 5141 aqua
653 5070 1088 5126 immortalitatis
1107 5069 1273 5124 Gades
1298 5071 1357 5125 in
1385 5072 1504 5141 ipsa
1527 5072 1785 5125 nascitur
1813 5069 1980 5135 tribu,
2013 5073 2123 5125 etc.

551 5141 572 5174 ³
604 5142 688 5196 Ita
728 5140 922 5196 verius
953 5141 1200 5196 efferunt
1249 5139 1569 5196 Palatinus.
1612 5145 1670 5195 et
1721 5139 1950 5196 Reginae
1985 5156 2123 5196 orm-

654 5158 688 5196 a
728 5157 922 5197 verius
953 5157 1200 5196 ΘῙῙΘΓυΠῐ.
1249 5157 1569 5197 ralatlnus.
1612 5157 1670 5195 θι
1722 5157 1950 5197 ιίϐξζιηὶε
1985 5157 2126 5197 0P8-

551 5156 572 5174 °
604 5156 688 5196 ιῑει
728 5157 922 5197 verius
953 5156 1200 5196 suerunt.
1249 5156 1569 5207 Balatinus,
1612 5156 1670 5195 et.
1722 5156 1950 5211 uegmas
1985 5156 2123 5211 prae-

481 5213 729 5284 stantior
757 5228 869 5267 ms.
902 5212 1159 5278 SLUAA,
1194 5229 1296 5284 pro
1329 5229 1444 5284 quo
1477 5211 1849 5284 Martianeeus
1877 5211 2123 5284 SELUA.

481 5282 645 5354 Apud
679 5286 902 5338 veteres
935 5282 1238 5354 nunquam
1274 5282 1388 5339 fere
1418 5283 1642 5349 Scheva,
1692 5283 1811 5338 sive
1840 5298 1869 5338 c
1898 5282 2127 5338 tenuis-

482 5352 726 5419 simum,
759 5358 993 5410 resonat
1022 5353 1188 5409 initio
1218 5355 1397 5409 vocis.

512 5492 517 5499 ἡ
552 5425 574 5499 ξ
610 5424 774 5499 Unus
795 5441 940 5499 ms.,
973 5425 1144 5493 Quam
1171 5425 1251 5480 ibi
1288 5426 1371 5481 vel
1400 5426 1708 5499 maximam
1745 5422 1945 5499 docuit.

550 5496 707 5551 7Pro
745 5496 968 5551 vincula
1013 5500 1130 5552 tres
1188 5512 1330 5552 mss.
1383 5496 1565 5552 nostri
1616 5494 1834 5550 habent
1881 5495 2123 5563 brachia.

483 5566 1021 5641 Utrumqueautem
1046 5566 1489 5641 retinentVulg.
1512 5567 1733 5625 vincula
1755 5567 2123 5641 brachiorum,

480 5608 624 5706 ἔιῖἐῗ
632 5608 2002 5717 ‘s‘é‘dwii'é'ﬁia'éh‘swa'ﬁi‘"tibitibiiEniE'zi'i,“§iiKci
2012 5608 2128 5701 "li'i'é

2155 4506 2203 4570 D

2261 499 2325 550 ut
2347 495 2403 548 in
2437 493 2745 567 Evangelio
2777 511 3012 568 quoque
3039 494 3322 568 scriptum
3352 498 3463 553 est.

2328 582 2513 655 (Vers.
2548 582 2622 636 22
2650 586 2707 639 et
2736 582 2924 656 seqq.)
2959 604 2987 634 «
3019 582 3199 640 Filius
3229 588 3439 640 auctus
3465 582 3689 657 Joseph,
3717 584 3851 642 ﬁlius

2257 674 2467 727 auctus
2498 687 2675 743 super
2703 672 2922 729 fontem
2951 671 3105 741 ﬁliae,
3155 672 3340 745 gradu
3390 672 3697 745 composito
3723 673 3851 731 ince-

2255 760 2460 814 dentes
2505 776 2684 832 super
2732 776 2989 816 murum.
3043 761 3112 816 Et
3156 760 3640 827 exacerbaverunt
3664 777 3783 819 eum
3806 767 3853 820 et

2255 848 2701 917 contenderunt,
2740 853 2797 905 et
2843 848 3246 906 irascebantur
3291 851 3572 907 adversus
3600 866 3744 916 eum,
3768 850 3852 907 ha-

2251 937 2459 993 bentes
2489 938 2754 1010 sagittas.
2787 937 2945 994 Sedit
2972 938 3032 994 in
3065 938 3199 993 forti
3246 955 3419 996 arcus
3471 938 3617 1010 ejus,
3642 942 3697 994 et
3721 938 3850 996 diru-

2252 1030 2353 1097 pta
2407 1030 2548 1081 sunt
2622 1024 2906 1083 vincula"
2958 1043 3244 1083 manuum
3317 1028 3469 1097 ejus,
3530 1044 3563 1082 a
3619 1022 3872 1085 manibus

2253 1112 2419 1169 fortis
2446 1113 2643 1182 Jacob,
2686 1113 2822 1170 inde
2862 1119 3136 1187 pascetur
3179 1113 3330 1188 lapis
3380 1113 3558 1171 Israel
3586 1131 3620 1171 a
3645 1119 3749 1172 Deo
3772 1132 3851 1189 pa-

2249 1201 2359 1257 tris
2386 1201 2494 1270 tui,
2527 1206 2641 1259 ».et
2670 1200 2917 1274 reliqua.
2951 1203 3099 1270 Quia
3126 1202 3516 1277 Septuaginta
3550 1203 3852 1276 lnterpretes

2250 1291 2309 1344 in
2327 1289 2622 1363 plerisque
2645 1290 3021 1357 dissentiunt,
3046 1308 3149 1364 pro
3170 1291 3647 1365 interpretatione
3666 1308 3848 1362 eorum,

2250 1381 2315 1433 ut
2343 1378 2403 1433 in
2436 1379 2670 1435 Hebrmo
2702 1379 2971 1449 habetur,
3004 1379 3425 1454 expressimus.
3457 1381 3527 1437 Et
3568 1383 3653 1438 est
3680 1397 3850 1440 sensus

2250 1466 2528 1539 capituli:
2579 1472 2624 1523 Ο
2674 1468 2916 1542 Joseph,
2968 1469 3069 1541 qui
3128 1469 3257 1526 ideo
3310 1468 3397 1525 sic
3454 1469 3691 1540 vocaris,
3743 1469 3849 1542 quia

2250 1555 2487 1611 adauxit
2514 1560 2569 1611 te
2599 1557 2744 1612 mihi
2777 1561 2947 1625 Deus,
2980 1558 3102 1614 sive
3141 1557 3281 1630 quia
3324 1557 3482 1615 inter
3527 1558 3722 1614 fratres
3746 1562 3848 1614 tuos

2250 1645 2438 1715 major
2467 1646 2699 1701 futurus
2727 1662 2790 1703 es
2838 1645 3183 1718 (fortissima
3227 1646 3525 1719 siquidem
3571 1646 3677 1702 fuit
3700 1645 3848 1702 tribus

2249 1732 2547 1805 Ephraim,
2580 1738 2646 1790 ut
2676 1734 2735 1790 in
2768 1734 3101 1809 Regnorum
3131 1740 3189 1792 et
3217 1734 3699 1809 Paralipomenon
3715 1732 3845 1791 libris

2243 1820 2517 1895 legimus)
2542 1838 2556 1877 :
2588 1826 2656 1891 Ο,
2681 1822 2946 1899 inquam,
2981 1824 3064 1879 ﬁli
3093 1824 3174 1879 mi
3204 1824 3450 1897 Joseph,
3482 1824 3583 1897 qui
3611 1828 3720 1880 tam
3742 1820 3845 1896 pul-

2242 1907 2380 1965 cher
2408 1925 2490 1975 es,
2536 1914 2601 1965 ut
2646 1915 2703 1966 te
2750 1915 2871 1967 tota
2915 1913 2988 1968 de
3035 1913 3245 1980 muris,
3287 1916 3347 1969 et
3390 1913 3670 1980 turribus,
3705 1928 3755 1967 ac
3777 1910 3839 1965 fe-

2244 1997 2458 2054 nestris
2486 1997 2819 2070 puellarum
2850 2000 3076 2073 Egypti
3096 2001 3271 2057 turba
3296 2005 3647 2074 prospectet,
3670 1998 3840 2054 invide-

2243 2088 2381 2141 runt
2436 2085 2565 2155 tibi,
2621 2092 2678 2143 et
2732 2092 2790 2143 te
2861 2090 2932 2145 ad
3009 2089 3381 2146 iracundiam
3440 2088 3841 2163 provocaverunt

2242 2174 2451 2232 fratres
2478 2176 2590 2245 tui,
2618 2176 2900 2234 habentes
2934 2177 3136 2234 livoris
3166 2178 3441 2252 sagittas,
3468 2183 3527 2235 et
3553 2177 3654 2235 zeli
3673 2173 3841 2249 jaculis

2241 2262 2553 2321 vulnerati.
2573 2265 2790 2322 Verum
2811 2270 2874 2322 tu
2902 2283 3103 2323 arcum
3126 2271 3296 2323 tuum
3320 2273 3380 2323 et
3399 2284 3566 2324 arma
3591 2261 3839 2340 pugnandi

2239 2353 2487 2424 posuisti
2535 2355 2597 2409 in
2643 2354 2781 2422 Deo,
2832 2355 2935 2427 qui
2985 2355 3151 2412 fortis
3200 2360 3292 2413 est
3352 2360 3759 2430 propugnator:
3797 2355 3839 2407 et
3926 2372 3931 2379 ε

2237 2440 2468 2499 vincula
2497 2447 2618 2511 tua,
2653 2444 2869 2515 quibus
2903 2449 2961 2500 te
3011 2444 3217 2501 fratres
3266 2444 3617 2517 ligaverunt,
3645 2444 3708 2500 ab
3742 2442 3835 2514 ipso

2238 2529 2431 2587 soluta
2461 2537 2620 2599 sunt,
2653 2536 2710 2588 et
2753 2532 3005 2605 dirupta,
3059 2541 3125 2588 ut
3173 2549 3243 2589 ex
3292 2539 3396 2590 tuo
3449 2533 3664 2592 semine
3689 2530 3836 2587 tribus

2239 2624 2514 2676 nascatur
2540 2619 2843 2692 Ephraim,
2876 2620 3040 2677 fortis
3076 2626 3135 2678 et
3180 2622 3437 2691 stabilis,
3491 2628 3546 2679 et
3586 2622 3751 2678 instar
3771 2617 3834 2675 la-

2239 2708 2396 2781 pidis
2425 2709 2682 2764 durioris
2714 2708 2953 2778 invicta,
2976 2709 3273 2783 imperans
3297 2728 3536 2786 quoque
3563 2712 3742 2768 decem
3764 2704 3834 2762 tri-

2238 2797 2434 2854 bubus
2464 2797 2660 2854 Israel.
2729 2854 2732 2858 Α

2308 2889 2497 2955 (Vers.
2532 2887 2658 2959 27.)
2701 2910 2730 2937 «
2763 2888 3070 2959 Benjamin
3103 2888 3281 2962 lupus
3329 2907 3531 2963 rapax,
3574 2903 3729 2946 mane
3765 2899 3837 2941 co-

2240 2975 2437 3031 medet
2466 2975 2677 3042 adhuc,
2710 2979 2766 3032 et
2794 2976 2863 3032 ad
2893 2994 3197 3050 vesperam
3227 2978 3405 3035 dabit
3433 2994 3646 3036 escam.
3682 2998 3707 3027 »

2310 3066 2497 3130 Quam
2527 3065 2599 3121 de
2636 3063 2816 3120 Paulo
2867 3064 3129 3137 apostolo
3150 3067 3170 3101 ⁸
3218 3067 3702 3124 manifestissima
3735 3078 3839 3137 pro-

2238 3152 2436 3224 phetia
2467 3152 2566 3223 sit,
2599 3153 2874 3210 omnibus
2907 3158 3081 3226 patet,
3106 3156 3258 3212 310
3281 3157 3453 3228 quod
3476 3157 3536 3212 in
3563 3153 3839 3213 adolescen.

2238 3240 2321 3295 tia
2340 3242 2361 3276 θ
2391 3245 2734 3312 persecutus
2763 3242 3102 3312 Ecclesium,
3125 3244 3185 3299 in
3217 3249 3526 3303 senectute
3556 3242 3839 3318 praedicator

2237 3328 2531 3401 Evangelii
2600 3330 2794 3401 fuerit,
2842 3335 3041 3388 tamen
3087 3332 3147 3388 in
3192 3333 3446 3391 Hebraeo
3506 3336 3587 3391 sic
3636 3330 3835 3404 legitur:

2240 3441 2266 3469 «
2299 3418 2603 3489 Benjamin
2632 3417 2807 3491 lupus
2839 3436 3017 3493 rapax
3046 3421 3177 3486 [sive
3195 3422 3494 3497 capiens],
3514 3423 3572 3479 in
3602 3418 3836 3477 matutino

2236 3507 2500 3562 comedet
2528 3507 2807 3579 praedam,
2841 3513 2899 3564 et
2926 3510 2999 3566 ad
3028 3526 3329 3582 vesperam
3376 3512 3589 3569 dividet
3615 3506 3789 3582 spolia.
3812 3523 3836 3553 ιι

2236 3596 2398 3661 Quod
2431 3595 2513 3651 ita
2550 3596 2770 3653 Hebraei
2800 3596 3165 3655 edisserunt:
3199 3598 3407 3658 Altare
3436 3602 3493 3658 in
3526 3618 3637 3673 quo
3662 3599 3834 3653 immo-

2236 3683 2511 3740 labantur
2539 3685 2765 3753 b‘ostiaa,
2798 3690 2857 3741 et
2885 3686 3261 3743 victimarum
3291 3691 3541 3762 sanguis
3576 3688 3642 3744 ad
3670 3688 3828 3749 δαεοω
3976 3700 3977 3757 Ῐ

2234 3772 2797 3867 illiusfundebatur‘,
2833 3774 2890 3828 in
2940 3780 3112 3867 parte
3147 3776 3307 3867 ιρι)
3358 3779 3546 3835 tribus
3574 3769 3826 3867 Benjamin
3976 3776 3977 3867 χ

2234 3861 2365 3917 fuit.
2400 3861 2539 3931 Hoc,
2571 3861 2867 3933 inquiunt,
2901 3878 3035 3935 ergo
3066 3864 3384 3938 significat,
3417 3868 3569 3940 quod
3608 3858 3825 3921 sacerdo-
3976 3858 3977 3911 ἢ

2233 3954 2321 4005 tes
2353 3966 2523 4006 mane
2553 3950 2861 4007 immolant
2887 3950 3133 4021 hostias,
3174 3958 3230 4011 et
3277 3957 3354 4011 ad
3400 3969 3686 4029 vesperam
3714 3944 3826 4005 divi-
3976 3952 3977 4003 γ

2234 4038 2383 4094 dunt
2412 4054 2495 4111 ea,
2528 4054 2655 4110 qua:
2705 4039 2816 4095 sibi
2874 4056 2908 4096 a
2962 4041 3177 4114 populo
3221 4059 3292 4098 ex
3325 4043 3453 4118 lege
3481 4042 3677 4101 collata
3702 4036 3826 4099 sunt,

2235 4215 2467 4271 quoque
2495 4199 2790 4271 praeferas.

2304 4279 2334 4354 8_
2357 4279 2519 4334 Meus
2549 4282 2606 4354 et
2635 4278 2839 4354 Regin.
2870 4296 3006 4349 ms.,
3055 4283 3391 4354 Quanquam
3434 4282 3500 4338 de
3542 4278 3701 4338 Paulo
3725 4284 3826 4354 ςιιξθ·

2232 4350 2367 4405 stola
2399 4342 2865 4432 manifestissima
2908 4342 3196 4423 prophetia
3227 4342 3333 4423 'sit,
3381 4360 3520 4429 quod
3574 4353 3632 4407 in
3677 4342 3828 4403 adole-

2232 4426 2463 4489 scentia,
2498 4425 2604 4476 etc.

2304 4502 2325 4534 ο
2354 4500 2642 4556 Victorius
2674 4501 2839 4556 addit
2864 4517 2985 4569 sua,
3030 4502 3163 4558 Jam
3210 4520 3345 4560 vero
3395 4521 3463 4561 ex
3500 4506 3580 4559 tot
3608 4500 3825 4556 Patrum.

2236 4571 2525 4648 praecipue
2556 4571 2918 4648 Iiatinorurn,
2969 4589 3236 4648 numero,
3283 4577 3385 4648 qui
3427 4577 3495 4648 de
3520 4569 3688 4648 Paulo
3714 4577 3826 4648 apof

2235 4635 2431 4710 stolo,’
2457 4659 2525 4697 ex
2573 4642 2873 4714 Benjamin
2904 4635 3079 4700 'tribu
3128 4635 3532 4714 natofJacobi
3571 4635 3823 4714 oraculi"!1

2235 4706 2713 4786 interpretantur,
2747 4719 2983 4786 praestat
3014 4716 3216 4786 audire
3243 4706 3578 4774 Tertulliani
3606 4706 3823 4768 luculen-

2234 4784 2535 4841 tissimum
2565 4784 2966 4841 testiinonium
3015 4785 3117 4843 lib.
3148 4805 3183 4843 v
3230 4798 3418 4845 contra
3457 4786 3695 4843 Marcion.
3723 4788 3822 4846 σαρ-

2236 4857 2258 4912 4
2302 4873 2313 4910 :
2350 4879 2377 4905 ‹‹
2412 4856 2578 4930 Mihi,
2610 4856 2824 4930 inquit,
2858 4855 3105 4930 Paulum
3133 4858 3310 4915 etiam
3343 4858 3575 4917 Genesis
3603 4854 3820 4930 olim}?

2237 4927 2526 5003 promisit.
2560 4924 2715 4984 Inter
2742 4927 2878 5003 illas
2920 4928 3080 5003 enim
3129 4932 3365 5003 figuras,
3408 4936 3464 4987 et
3508 4924 3823 5003 ρτοριξθὲίέἒθ

2237 4989 2414 5070 super
2446 4998 2596 5055 filios
2628 5016 2765 5055 suos
2796 4989 3250 5067 benedictionEs,
3274 4989 3448 5059 Jacob
3473 4989 3684 5056 cum-ad
3710 4989 3823 5070 Ben;

2228 5052 2418 5141 j'arhih
2432 5052 2778 5146 antisse,
2798 5052 3564 5146 Ischﬁmi'h'fiﬁhniﬂ't—uﬁs
3591 5076 3747 5146 rapa-3?
3765 5052 3822 5146 33f

2234 5125 2575 5214 matutinum
2624 5125 2857 5214 comedet
2905 5125 3123 5214 adhuc:
3150 5125 3230 5199 et—
3242 5125 3334 5200 1ait
3345 5125 3665 5214 V'vegperam'
3700 5125 3821 5214 dabit

2236 5228 2433 5286 escam.
2470 5212 2546 5286 Ex
2578 5213 2731 5286 tribu
2763 5213 2918 5267 enim
2950 5200 3255 5286 Benjamin
3304 5200 3578 5286 oriturum
3606 5200 3815 5286 Paulutn

2236 5283 2595 5357 providebat,
2629 5282 2834 5355 lupum
2867 5282 3134 5357 rapacem
3182 5288 3254 5343 ad
3298 5285 3633 5343 matutinum
3659 5282 3818 5357 comf:

2238 5350 2493 5428 dentem,
2525 5355 2581 5410 id
2639 5350 2748 5422 est,
2810 5350 3000 5427 prima
3055 5362 3222 5414 aetate
3276 5362 3623 5428 vastaturum
3644 5350 3817 5428 Ρθοοᾼυξ

2237 5404 2493 5494 Domini:
2526 5430 2592 5481 ut
2618 5404 3048 5498 pers’ecrutorem
3099 5404 3477 5486 Ecclesiarum
3501 5467 3514 5492 ,
3543 5404 3727 5498 dehinq
3749 5404 3809 5498 δέ

2235 5490 2535 5568 vesperam
2566 5490 2762 5552 escam
2794 5499 3090 5569 daturum,
3133 5500 3188 5555 id
3237 5506 3345 5567 est,
3378 5490 3688 5566 devergente
3705 5490 3811 5611 ﬁt“

2237 5573 2416 5611 mtnte,
2454 5584 2588 5611 mmet
2617 5567 2828 5611 Christi
2861 5570 3244 5611 adnnnhmnm
3304 5576 3367 5611 nt
3408 5570 3672 5611 tinnit)er
3758 5564 3808 5607 ⁸⁸

2235 5564 2420 5701 ἵξιαὶθ,
2454 5584 2588 5626 oves
2617 5567 2832 5631 Christi
2861 5564 3270 5644 educaturum,
3304 5564 3367 5633 ut
3408 5564 3672 5629 doctorem
3712 5564 3808 5611 Μ·

2262 5655 2483 5701 tonum.
2518 5661 2549 5694 »

2262 5655 2483 5701 tonum.
2518 5661 2549 5694 θ)
