4084 6170
1296 298 1923 365 COMMENTARIUS
1962 300 2044 365 IN
2087 300 2689 369 EGGLESIASTEN.

265 436 513 509 pientes,
547 436 606 490 et
631 430 1022 506 proﬁcientes,
1053 436 1111 488 et
1141 437 1383 504 paterna
1425 433 1576 489 385
1637 432 1910 505 dignitas,
1942 437 1997 502 Α
2027 436 2086 491 in
2119 436 2373 493 vanitate
2400 439 2746 511 vanitatum,
2790 440 3068 499 vanitatis
3111 444 3455 517 magnitudo
3499 462 3671 505 mon-

263 531 323 582 et
351 523 517 596 regni
548 522 770 595 proprii
801 521 1008 578 merito
1038 521 1374 577 vindicatur
1405 521 1719 578 auctoritas
1752 524 1790 578 ¹.
1822 524 1907 577 Ad

260 615 552 689 perfectos
574 629 729 679 vero,
760 610 862 667 ubi
884 628 999 667 non
1027 611 1237 668 timore
1266 611 1533 667 eruditur
1562 610 1909 682 discipulus,

258 704 365 761 sed
396 719 615 771 amore,
649 700 953 773 proprium
985 717 1198 757 nomen
1228 700 1447 756 sufﬁcit
1483 702 1524 769 ³,
1559 704 1615 756 et
1671 700 1912 772 aequalis

261 792 547 867 magister
567 794 678 856 est,
708 792 766 846 et
793 789 978 846 nescit
1006 805 1134 846 esse
1165 805 1227 845 se
1257 805 1474 862 regem.
1509 792 1642 843 Haec
1673 788 1911 844 interim

253 886 431 956 juxta
459 880 735 937 litteram.

333 973 617 1028 Caeterum
648 968 977 1025 secundum
1005 966 1453 1040 intelligentiam
1492 965 1862 1038 spiritualem
1896 983 1909 1021 :

260 1061 543 1139 paciﬁcus
573 1062 631 1114 et
660 1056 910 1113 dilectus
940 1057 1041 1112 Dei
1074 1055 1282 1123 Patris,
1316 1059 1374 1111 et
1396 1052 1774 1113 Ecclesiastes
1806 1072 1913 1111 no-

259 1156 383 1208 ster
412 1152 502 1206 est
528 1146 796 1204 Christus
821 1164 833 1215 ;
867 1145 969 1217 qui
1000 1145 1191 1201 medio
1216 1144 1436 1216 pariete
1468 1145 1788 1211 destructo,
1821 1145 1915 1200 et3

260 1236 606 1298 inimicitias
655 1236 716 1290 in
776 1251 949 1291 carne
1004 1250 1311 1301 evacuans,
1384 1233 1520 1289 fecit
1591 1237 1912 1305 utrumque

242 1328 449 1386 'unum
483 1327 722 1383 dicens:
754 1326 955 1380 Pacem
984 1340 1159 1379 meam
1191 1322 1256 1379 do
1289 1322 1457 1390 vobis,
1495 1338 1686 1394 pacem
1733 1339 1913 1378 meam

260 1402 513 1490 relinquo
543 1416 697 1472 vobis
726 1414 902 1485 (Joan.
937 1430 1052 1478 xxv,
1083 1412 1195 1479 ‘27).
1228 1410 1306 1467 De
1338 1427 1455 1483 quo
1494 1414 1668 1466 Pater
1698 1411 1768 1465 ad
1830 1409 1914 1465 di-

260 1505 561 1580 scipulos:
594 1503 694 1559 Hie
720 1505 818 1570 est,
850 1501 1045 1573 inquit
1073 1499 1281 1571 (Matth.
1324 1514 1410 1565 Ill,
1446 1499 1554 1570 l7),
1580 1499 1729 1568 ﬁlius
1762 1514 1914 1555 meus

258 1581 515 1662 dilectus,
548 1594 605 1648 in
646 1608 748 1665 quo
778 1591 922 1646 mihi
949 1590 1292 1661 complacui;
1352 1590 1498 1643 hunc
1552 1588 1761 1652 audite,
1811 1587 1910 1659 qui

259 1691 351 1743 est
377 1687 555 1757 caput
610 1680 803 1738 omnis
874 1678 1183 1736 Ecclesiae:
1252 1693 1626 1749 nequaquam
1688 1677 1761 1732 ad
1817 1693 1913 1749 sy-

260 1790 549 1847 nagogam
579 1771 916 1827 Judzeorum
949 1767 1050 1823 sed
1084 1767 1155 1823 ad
1185 1766 1448 1839 gentium
1471 1764 1909 1821 multitudinem

257 1866 507 1943 loquens
537 1877 637 1916 rex
662 1856 993 1915 Jerusalem
1024 1856 1169 1912 vivis
1208 1854 1505 1928 lapidibus
1561 1857 1870 1910 exstructas
1898 1871 1911 1909 :

259 1969 382 2008 non
409 1950 594 2015 illius,
626 1949 695 2003 de
725 1964 843 2019 qua
872 1946 997 2018 ipse
1027 1945 1141 2000 ait:
1189 1944 1523 2011 Jeruralem,
1581 1943 1914 2011 Jerusalem,

259 2056 389 2114 qum
431 2038 636 2097 occidis
679 2034 972 2107 prophetas
1011 2033 1216 2102 (Matth.
1267 2050 1424 2099 xxui,
1458 2032 1585 2103 37);
1643 2036 1737 2088 et:
1789 2033 1920 2088 Ecce

261 2130 611 2200 relinquetur
663 2126 811 2181 vobis
857 2123 1047 2180 domus
1102 2126 1281 2178 vestra
1333 2120 1545 2177 deserta
1584 2121 1743 2193 (Ibid.
1777 2122 1911 2193 38):

264 2218 371 2275 sed
402 2216 579 2286 illius,
607 2232 709 2287 per
738 2230 918 2286 quam
940 2213 1145 2284 jurare
1173 2214 1357 2279 vetat;
1394 2210 1533 2282 quia
1580 2210 1659 2267 sit
1714 2209 1917 2267 civitas

262 2308 468 2381 magni
498 2305 672 2378 regis.
704 2304 810 2359 Hic
832 2308 921 2359 est
949 2301 1109 2357 {ilius
1139 2300 1341 2368 David,
1375 2300 1447 2355 ad
1488 2315 1665 2372 quem
1696 2299 1830 2355 caeci
1857 2300 1916 2355 in

268 2394 580 2468 Evangelio
633 2391 992 2458 clamabant;
1049 2390 1299 2446 Miserere
1354 2390 1546 2458 nostri,
1605 2387 1691 2457 ﬁli
1747 2388 1920 2443 David

267 2486 495 2557 (Matth.
529 2500 608 2552 1x,
637 2483 728 2554 27)
753 2498 768 2545 :
799 2485 857 2536 et
884 2478 1078 2536 omnis
1108 2479 1281 2534 turba
1310 2494 1569 2533 consona
1626 2493 1764 2533 voce
1825 2494 1917 2533 re-

266 2575 554 2640 sonabat;
592 2570 815 2628 Osanna
831 2570 950 2640 ﬁlio
981 2567 1153 2624 David
1171 2566 1376 2638 (Matth.
1409 2583 1527 2634 xxI,
1550 2566 1626 2631 9).
1661 2564 1920 2638 Denique

264 2681 391 2721 non
421 2663 493 2720 ad
524 2678 663 2717 eum
694 2661 758 2715 ﬁt
784 2660 1028 2715 verbum
1059 2656 1180 2724 Dei,
1210 2657 1359 2712 sicut
1388 2660 1445 2711 et
1474 2655 1546 2711 ad
1575 2654 1915 2727 Jeremiam,

262 2758 329 2810 et
359 2754 430 2809 ad
464 2757 699 2807 caeteros
730 2748 1042 2822 prophetas
1073 2764 1085 2802 :
1120 2746 1221 2801 sed
1241 2744 1381 2817 quia
1396 2744 1557 2799 dives
1575 2747 1683 2811 est,
1716 2748 1774 2799 et
1795 2760 1914 2812 rex,

261 2848 327 2899 et
356 2847 564 2915 potens
603 2840 751 2912 (ipse
780 2842 868 2894 est
897 2836 1183 2909 siquidem
1216 2835 1471 2891 Verbum
1503 2838 1560 2889 et
1608 2832 1913 2906 sapientia,

261 2937 606 3004 ceteraeque
631 2927 922 2999 virtutes),
980 2926 1155 2983 verba
1208 2924 1471 2996 loquitur
1521 2923 1593 2979 ad
1645 2921 1915 2979 Ecclesiae

258 3023 460 3078 viros:
493 3020 671 3076 verba
700 3017 962 3074 insinuat
990 3013 1293 3088 apostolis,
1323 3014 1395 3069 de
1444 3013 1663 3084 quibus
1716 3014 1912 3067 canta-

2022 528 2258 580 stretur.
2292 526 2426 581 Tale
2458 528 2599 600 quid
2621 532 2678 585 et
2705 528 2765 585 in
2798 529 3029 586 Psalmo
3060 532 3349 605 scriptum
3377 539 3505 592 est:
3572 537 3667 593 Ve-

2020 617 2328 671 rumtamen
2360 618 2615 673 universa
2645 620 2862 675 vanitas
2890 621 3071 677 omnis
3098 622 3257 678 homo
3282 624 3468 681 vivens
3488 624 3667 697 (Psal.

2019 720 2255 771 xxxvm,
2287 705 2363 776 6).
2399 705 2459 761 Si
2488 705 2685 762 vivens
2715 706 2892 764 homo
2923 710 3153 768 vanitas
3182 714 3308 767 est:
3342 728 3479 786 ergo
3509 730 3668 772 mor-

2020 796 2117 846 tus
2148 792 2373 849 vanitas
2404 794 2752 852 vanitatum.
2785 797 3061 870 Legimus
3099 798 3160 855 in
3216 800 3433 871 Exodo,
3486 802 3666 876 glori-

2023 881 2261 936 ficatum
2294 881 2516 938 vultum
2540 882 2724 956 Moysi
2742 884 2801 941 in
2824 889 3079 954 tantum,
3110 891 3178 944 ut
3205 887 3311 944 ﬁlii
3332 889 3514 947 Israel
3530 907 3666 949 eum

2023 969 2283 1041 aspicere
2309 987 2423 1027 non
2456 976 2714 1045 possent.
2748 975 2934 1040 Quam
2964 975 3212 1049 gloriam
3261 977 3478 1037 Paulus
3523 996 3670 1053 apo-

2024 1056 2210 1114 stolus
2241 1059 2313 1113 ad
2348 1061 2847 1132 comparationem
2877 1063 3221 1138 evangelicae
3250 1065 3469 1139 gloria,
3529 1069 3673 1127 dicit

2023 1162 2153 1203 esse
2185 1163 2301 1202 non
2330 1147 2617 1221 gloriam:
2650 1155 2793 1208 Nam
2820 1169 2920 1209 nec
2944 1154 3312 1225 gloriﬁcatum
3365 1160 3443 1214 est
3488 1158 3530 1226 ⁵,
3578 1158 3670 1217 in-

2022 1236 2169 1307 quit,
2201 1237 2342 1307 quod
2371 1239 2750 1311 gloriﬁcatum
2780 1242 2893 1312 [uit
2947 1244 3010 1298 in
3063 1242 3166 1299 hac
3214 1253 3391 1317 parte,
3444 1253 3673 1320 propter

2020 1326 2352 1382 exellentem
2424 1329 2665 1398 gloriam
2718 1330 2791 1401 (II
2845 1330 2966 1387 Cor.
3027 1350 3113 1401 ιιι,
3181 1334 3282 1405 ιΟ).
3348 1336 3670 1394 Possumus

2022 1414 2201 1487 igitur
2229 1420 2287 1470 et
2320 1432 2425 1473 nos
2484 1417 2543 1472 in
2604 1417 2763 1475 hunc
2816 1421 3079 1490 modum,
3135 1422 3369 1494 ccelum,
3427 1429 3670 1497 terram,

2021 1504 2225 1572 maria,
2260 1509 2317 1560 et
2346 1506 2547 1562 omnia
2576 1524 2704 1579 quae
2735 1507 2795 1562 in
2826 1508 2937 1565 hoc
2995 1510 3213 1567 circulo
3269 1513 3668 1585 continentur,

2021 1593 2175 1648 bona
2205 1592 2440 1664 quidem
2475 1611 2578 1667 per
2607 1612 2669 1651 se
2699 1596 2909 1665 dicere,
2941 1598 3041 1654 sed
3075 1599 3147 1654 ad
3194 1599 3379 1657 Deum
3431 1619 3669 1677 compa-

2020 1685 2166 1747 rata,
2200 1698 2329 1737 esse
2359 1698 2462 1753 pro
2495 1683 2700 1739 nihilo.
2734 1685 2804 1740 Et
2859 1687 3175 1757 quomodo,
3236 1688 3287 1743 si
3342 1688 3670 1762 igniculum

2022 1769 2273 1826 lucernae
2306 1771 2531 1839 videns,
2565 1777 2874 1830 contentus
2905 1790 3097 1832 essem
3127 1776 3256 1848 ejus
3314 1777 3557 1849 lumine,
3614 1784 3675 1838 et

2026 1863 2252 1931 postea,
2285 1865 2409 1916 orto
2459 1866 2602 1929 sole,
2652 1879 2768 1919 non
2827 1880 3151 1935 cernerem,
3206 1867 3360 1938 quod
3416 1866 3671 1941 lucebat,

2027 1946 2328 2003 stellarum
2360 1966 2593 2022 quoque
2620 1949 2847 2007 lumina
2869 1953 3081 2023 jubare
3107 1954 3366 2012 viderem
3386 1955 3530 2015 solis
3545 1958 3677 2015 abs-

2027 2037 2234 2092 condi:
2272 2038 2356 2093 ita
2384 2039 2675 2110 aspiciens
2706 2040 2998 2098 elementa
3025 2046 3083 2098 et
3133 2059 3329 2101 rerum
3388 2045 3672 2119 multipli-

2028 2140 2152 2181 cem
2185 2126 2543 2193 varietatem,
2566 2129 2825 2185 admiror
2843 2131 3081 2202 quidem
3114 2148 3359 2204 operum
3381 2134 3691 2208 magnitus

2027 2213 2264 2286 dinem;
2323 2218 2653 2289 recogitans
2684 2222 2881 2273 autem
2939 2218 3139 2274 omnia
3192 2222 3566 2293 pertransire,
3617 2227 3676 2280 et

2029 2303 2318 2358 mundum
2349 2320 2455 2360 suo
2487 2305 2603 2360 fine
2642 2322 2964 2373 senescere,
2996 2306 3310 2381 solumque
3363 2308 3551 2367 Deum
3610 2310 3671 2368 id

2030 2407 2261 2461 semper
2288 2409 2417 2448 esse
2474 2394 2631 2464 quod
2690 2393 2886 2464 fuerit,
2941 2394 3257 2467 compellor
3306 2396 3498 2454 dicere
3555 2416 3673 2458 non

2028 2480 2227 2549 semel,
2258 2482 2359 2537 scd
2388 2481 2511 2538 bis:
2552 2484 2771 2538 Vanitas
2797 2484 3128 2551 vanitatum,
3167 2492 3220 2540 et
3273 2488 3460 2542 omnia
3514 2489 3672 2544 vani-

2028 2572 2131 2643 tas.
2167 2569 2229 2625 In
2261 2570 2497 2626 Hebrmo
2527 2587 2631 2643 pro
2660 2574 2906 2629 vanitate
2935 2575 3261 2642 vanitutum,
3288 2592 3432 2632 ABAL
3458 2594 3675 2636 amant

2028 2642 2240 2729 (ωηιξη
2271 2643 2409 2727 51.1)
2441 2642 2730 2733 scriptum
2763 2666 2872 2728 est,
2906 2662 3086 2735 quod,
3117 2663 3373 2736 exceptis
3428 2666 3676 2738 Septua-

2026 2745 2191 2819 ginta
2219 2747 2663 2819 interpretibus,
2695 2766 2902 2806 omnes
2932 2750 3206 2808 similiter
3245 2754 3678 2816 transtulerunt

2027 2833 2233 2907 Ἀτμός
2258 2832 2498 2908 ἀτμίδων
2529 2838 2551 2872 ⁸
2580 2838 2701 2894 sive
2745 2837 2955 2911 ἀτμῶν,
2987 2841 3141 2912 quod
3200 2858 3307 2897 nos
3352 2859 3675 2915 possumus

2024 2941 2277 2996 vaporem
2296 2926 2451 2981 sumi
2473 2931 2530 2982 et
2551 2944 2748 2983 auram
2768 2932 3024 2996 tenuem,
3059 2946 3186 3002 qua
3207 2930 3321 2987 cito
3341 2931 3673 3002 resolvitur,

2023 3014 2333 3087 appellare.
2360 3015 2660 3072 Caducum
2691 3017 2889 3090 itaque
2914 3026 2969 3073 et
2999 3018 3146 3075 nihil
3186 3020 3582 3079 universitatis
3602 3040 3674 3081 ex

260 3117 363 3168 tur
392 3113 452 3165 in
482 3107 750 3165 Psalmo:
779 3108 842 3162 In
872 3119 1086 3160 omnem
1106 3111 1310 3159 terram
1340 3103 1514 3158 exivit
1542 3118 1705 3157 sonus
1726 3116 1915 3157 eorum
1953 3167 1990 3182 ﬂ
2026 3103 2135 3158 hoc
2189 3104 2364 3159 verbo
2423 3103 2753 3160 ostenditur
2807 3107 2847 3160 ⁷.
2908 3108 3041 3173 Quae
3113 3107 3269 3163 enim
3328 3109 3603 3167 videntur
3628 3111 3676 3182 ⁸,

258 3167 408 3257 etin
431 3202 567 3272 ﬁnes
594 3197 741 3253 orbis
769 3199 932 3251 terra:
975 3193 1140 3249 verba
1194 3207 1383 3248 eorum
1436 3191 1607 3262 (Psal.
1641 3207 1804 3258 xvm,
1834 3190 1912 3259 5).
1948 3167 1991 3234 Ο
2028 3192 2376 3266 temporalia
2431 3197 2571 3249 sunt
2627 3194 2685 3264 ⁸,
2746 3210 2873 3266 quae
2920 3167 3112 3252 autem
3175 3212 3292 3252 non
3377 3167 3674 3269 videntur;

261 3287 420 3346 Male
447 3287 630 3365 igitur
660 3284 902 3357 quidam
934 3282 1248 3355 opinantur
1277 3280 1323 3349 ⁵,
1347 3297 1453 3337 nos
1492 3296 1560 3336 ex
1606 3279 1716 3336 hoc
1763 3279 1911 3334 libro

264 3379 341 3434 ad
365 3378 726 3449 voluptatem
756 3377 815 3428 et
843 3371 1135 3427 luxuriam
1171 3369 1504 3442 provocari:
1540 3386 1674 3426 cum
1710 3385 1741 3423 e
1771 3385 1911 3423 con-

258 3467 446 3523 trario
476 3464 695 3531 omnia,
720 3479 846 3534 quas
878 3461 938 3516 in
973 3460 1188 3516 mundo
1219 3459 1541 3523 cernimus,
1598 3475 1748 3514 vana
1807 3456 1910 3511 do-

262 3560 545 3613 ceantur:
580 3570 686 3609 NEC
739 3567 957 3606 DEBERE
1014 3567 1082 3605 sa
1136 3565 1243 3604 nos
1292 3546 1554 3604 studiose
1614 3550 1905 3619 appetere,

267 3662 405 3718 quae
433 3644 571 3698 dum
595 3645 870 3698 tenentur
896 3639 1205 3694 intereant.

345 3756 375 3783 ‹‹
406 3732 641 3789 Vanitas
670 3730 1019 3796 vanitatum,
1051 3725 1196 3781 dixit
1217 3725 1595 3781 Ecclesiastes
1620 3742 1632 3780 :
1668 3723 1910 3779 Vanitas

260 3820 612 3887 vanitatum,
644 3824 700 3876 et
731 3818 931 3874 omnia
958 3816 1205 3872 vanitas.
1238 3837 1259 3863 ι
1295 3814 1354 3870 Si
1384 3818 1597 3870 cuncta
1628 3829 1756 3885 quae
1777 3810 1914 3867 fecit

260 3914 440 3975 Deus,
473 3908 639 3966 valde
668 3909 821 3964 bona
859 3910 1017 3975 sunt,
1052 3904 1345 3975 quomodo
1375 3903 1575 3959 omnia
1600 3901 1915 3971 vanitas,et

260 4016 380 4057 non
412 3999 608 4056 solum
642 3997 891 4065 vanitas,
934 4010 1139 4050 verum
1170 3994 1348 4049 etiam
1404 3992 1632 4049 vanitas
1692 3989 1913 4047 vanita-

262 4094 394 4146 tum
416 4089 444 4144 ?
474 4088 548 4144 Ut
568 4087 723 4143 sicut
750 4086 811 4141 in
840 4082 1095 4142 Canticis
1126 4081 1486 4138 canticorum
1515 4081 1669 4137 inter
1718 4080 1917 4136 omnia

258 4177 551 4245 carmina,
585 4174 872 4232 excellens
902 4190 1136 4231 carmen
1188 4172 1345 4228 386
1402 4171 1777 4228 ostenditur:
1837 4168 1921 4225 ita

338 4414 357 4447 ί
391 4411 520 4468 Duo
549 4408 798 4466 Palatini
847 4426 1017 4480 mss.,
1049 4409 1242 4465 merito
1298 4405 1611 4472 indicatum
1664 4405 1919 4478 Alcuin.,

260 4485 468 4541 merito
496 4482 807 4541 iudicatur.

2020 3285 2254 3338 aeterna.
2284 3283 2413 3338 Sive
2439 3282 2579 3355 quia
2605 3282 2849 3339 vanitati
2877 3288 3145 3341 creatura
3182 3286 3448 3357 subjecta
3476 3291 3585 3359 est,
3618 3292 3686 3356 et,

2020 3369 2374 3443 ingemiscit,
2404 3371 2675 3443 parturit,
2724 3376 2781 3428 et
2835 3372 3204 3445 praestolatur
3250 3374 3667 3434 revelationem

2019 3458 2270 3515 ﬁliorum
2307 3461 2324 3495 ¹
2355 3460 2478 3527 Dei,
2512 3466 2568 3515 et
2616 3477 2772 3516 nunc
2803 3476 2871 3516 ex
2898 3464 3061 3533 parte
3117 3464 3549 3536 cognoscimus,
3608 3469 3670 3523 et

2018 3563 2087 3602 ex
2110 3552 2274 3620 parte
2303 3548 2746 3621 prophetamus.
2778 3548 3007 3605 Tandiu
3039 3551 3238 3607 omnia
3291 3568 3441 3609 vana
3499 3558 3661 3623 sunt,

2017 3637 2200 3692 donec
2230 3636 2422 3693 veniat
2449 3638 2604 3710 quod
2634 3638 2956 3710 perfectum
2986 3642 3094 3695 est.

2092 3749 2120 3775 ‹‹
2155 3727 2302 3791 Quid
2334 3731 2605 3798 superest
2633 3726 2858 3782 homini
2889 3726 2948 3783 in
2980 3727 3141 3783 omni
3172 3726 3369 3783 labore
3398 3744 3527 3799 suo,
3550 3744 3669 3801 quo

2020 3814 2248 3870 laborat
2278 3815 2389 3871 sub
2420 3814 2585 3871 sole?
2620 3837 2647 3863 ››
2689 3815 2828 3872 Post
2883 3814 3215 3888 generalem
3275 3816 3667 3874 sententiam:

2023 3903 2177 3975 quod
2209 3920 2359 3959 vana
2389 3903 2508 3959 sint
2536 3904 2755 3971 omnia,
2784 3906 2857 3959 ab
2883 3902 3223 3960 hominibus
3245 3904 3450 3978 incipit
3473 3922 3486 3962 :
3512 3905 3672 3979 quod

2025 3994 2241 4049 frustra
2268 3993 2328 4047 in
2394 3993 2601 4049 mundi
2656 3992 2805 4049 381
2866 3992 3037 4049 istius
3093 3992 3292 4050 labore
3351 3994 3669 4066 desudent;

2025 4086 2444 4155 congregantes
2475 4081 2709 4139 divitias
2731 4084 2793 4149 ¹⁰,
2827 4082 3100 4139 erudiens
3142 4083 3381 4153 liberos,
3413 4085 3675 4142 ambien-

2027 4179 2110 4228 tes
2141 4172 2212 4229 ad
2243 4172 2546 4241 honorem,
2575 4171 2819 4227 aedificia
2848 4175 3278 4241 construentes,
3308 4178 3369 4230 et
3389 4173 3450 4229 in
3480 4174 3675 4232 medio

2029 4404 2428 4488 Corbeienses,
2476 4404 2612 4488 licet
2657 4403 3044 4488 vetustissimi
3080 4409 3158 4488 'et
3210 4405 3445 4488 optimas
3473 4409 3673 4488 “note,

2030 4477 2312 4535 omittunt
2339 4477 2460 4531 hanc
2486 4476 2663 4533 verba
2689 4476 2949 4549 Apostoli
2979 4476 3291 4534 scribentis
3337 4477 3411 4533 ad
3469 4476 3672 4534 Corin-

334 4558 359 4591 ²
390 4543 505 4611 Sed
519 4570 711 4610 amore
734 4553 1046 4624 proprium,
1089 4555 1221 4624 etc,
1257 4551 1498 4624 Addunt
1549 4550 1691 4605 editi
1750 4555 1923 4607 antea
1949 4543 1995 4607 D
2027 4549 2201 4624 thios.
2232 4552 2514 4624 manum.

264 4626 408 4684 libri
438 4641 652 4682 nomen
683 4622 854 4695 ﬁlius,
887 4624 989 4678 sed
1021 4623 1335 4695 superflue.
1370 4622 1660 4677 Murrum.

336 4701 361 4734 ³
393 4697 579 4753 Aliter
633 4694 858 4778 absque
904 4704 966 4778 et_
1007 4694 1243 4767 copula;
1292 4699 1430 4778 _tum_
1485 4695 1739 4775 utraque,
1818 4709 1923 4778 pro

264 4779 604 4841 utrumque;
635 4765 891 4840 denique
949 4765 1094 4822 bene
1128 4765 1449 4837 complacui,
1508 4781 1612 4837 pro
1669 4765 1923 4839 simplici

261 4842 605 4899 cometae-ui.

626 4908 928 4966 malesana
966 4907 1239 4981 opinione
1270 4905 1493 4981 priscos
1532 4906 1923 4981 _Hebraeorum

268 4984 579 5041 Rabbinos
605 4985 867 5038 versatos
897 4978 1052 5048 esse,
1080 4978 1287 5034 narrat
1310 4978 1436 5051 ipse
1476 4978 1711 5051 Hieron,
1773 4980 1926 5051 inl‘ra

267 5057 327 5111 in
368 5055 552 5126 hujus
581 5053 712 5126 libri
747 5069 874 5125 cap.
907 5054 987 5107 12.
1011 5051 1208 5126 Videri
1240 5054 1491 5126 possunt
1520 5050 1840 5126 hocﬁenum
1864 5050 1923 5104 in

268 5122 968 5204 Thalmudeliberfpj'p
1022 5122 1209 5204 capite
1245 5122 1453 5204 tertio,
1501 5124 1559 5204 et
1614 5122 1922 5204 Tractatuis

270 5198 517 5269 Sabbati
539 5213 665 5269 cap.
686 5200 740 5264 2,
764 5199 822 5251 et
840 5192 1221 5250 Maimonides
1242 5192 1480 5269 in_M_ore
1501 5192 1929 5269 Nevochim,at-

272 5286 394 5342 que
414 5268 535 5325 alii.
568 5263 728 5324 Hanc
758 5282 1260 5342 quoquecausam
1303 5263 1580 5342 habuisse
1628 5265 1925 5342 quosdam

268 5334 607 5410 Hareticos,
640 5356 743 5394 cur
774 5334 940 5393 hunc
998 5336 1211 5392 librum
1269 5334 1672 5410 repudiarent,
1705 5334 1928 5410 scribit

268 5406 631 5467 Philastriu's
663 5427 788 5482 cap.
825 5410 918 5465 131
950 5424 961 5463 :
998 5430 1027 5457 «
1061 5409 1213 5482 sunt
1242 5406 1483 5482 quidam
1518 5406 1795 5482 haeretici,
1825 5407 1925 5482 qui

272 5485 350 5543 de
379 5483 572 5539 Veteri
603 5478 974 5537 Testamento
998 5480 1185 5535 multa
1208 5478 1541 5550 reprobant,
1563 5478 1620 5534 id
1652 5484 1740 5534 est
1765 5478 1924 5534 Salo-

276 5556 470 5611 monis
503 5553 911 5617 Ecclesiasten,
948 5573 975 5600 »
1007 5556 1114 5607 etc.

352 5626 542 5685 sNam
596 5642 696 5681 nec
747 5625 1113 5696 gloriﬁcatum
1164 5624 1261 5679 est.
1315 5621 1441 5677 Duo
1495 5638 1638 5682 mss.
1696 5622 1925 5679 codices

602 5753 870 5817 Parma.
912 5750 1131 5816 XXIII.

2100 4622 2123 4656 δ
2153 4617 2358 4691 Ἀτμός
2391 4614 2657 4691 ἀτμίδων,
2692 4622 2800 4691 etc.
2837 4619 2990 4676 Editi
3036 4619 3171 4675 libri
3202 4620 3429 4691 Erasm.
3462 4624 3521 4677 et
3549 4620 3675 4677 Ma-

2034 4692 2180 4749 rian.
2213 4687 2669 4764 prater-mittunt
2692 4690 2807 4764 duo
2847 4691 2982 4764 illa”
3003 4692 3179 4747 verba
3237 4687 3506 4764 ἀτμίδων,
3534 4694 3675 4764 sive,

2033 4782 2159 4838 qua:
2190 4762 2387 4838 tamen
2416 4762 2691 4835 leguntur
2717 4763 2777 4817 in
2806 4762 3084 4819 omnibus
3133 4779 3278 4819 mss.
3310 4762 3681 4835 exemplari-

2033 4834 2166 4893 lius.
2199 4834 2484 4889 ΜΑιιτιΑΝ.

2104 4938 2173 4947 -
2203 4906 2402 4979 Malim
2436 4904 2594 4979 tigni.
2628 4920 2772 4960 mss.
2802 4921 2937 4961 vero
2969 4922 3073 4979 pro
3112 4902 3355 4977 ἀτμίδων
3399 4907 3676 4962 constan-

2031 4984 2120 5035 ter
2150 4976 2484 5032 ΑΤΜΕΔΩΝ
2511 4975 2785 5032 efferunt.

2104 5049 2454 5104 7V’ictorius.
2488 5049 2551 5103 Et
2596 5046 2859 5102 nonnihil
2915 5048 3187 5103 vanitatis
3242 5063 3313 5102 ea:
3369 5046 3467 5103 hoc
3519 5046 3680 5104 verba

2033 5120 2360 5177 ostenditur.

2104 5194 2126 5227 ⁶
2158 5192 2283 5260 Quae
2313 5192 2463 5245 enim
2493 5188 2765 5263 videntvr,
2785 5191 2906 5263 etc.
2940 5188 3044 5263 Dic
3081 5205 3243 5263 vero‘
3265 5188 3489 5263 addunt
3547 5190 3683 5263 post

2034 5259 2233 5319 vocem
2264 5263 2551 5332 videntur,
2570 5263 2629 5314 ut
2648 5261 2731 5332 ait
2757 5259 3059 5330 Apostolus,
3093 5259 3248 5332 quod
3279 5259 3339 5316 in
3368 5259 3567 5318 nullo_
3592 5276 3681 5318 re-

2035 5336 2259 5408 peritur
2288 5351 2400 5389 ms.
2428 5331 2644 5408 codice.
2682 5330 2965 5408 Mamilia.

2106 5406 2378 5488 rNomen
2409 5404 2673 5488 ﬁlioru'm,
2717 5401 2881 5488 quod.
2918 5402 3193 5488 gartian.
3258 5408 3414 5488 pﬂost’
3443 5403 3678 5463 Erasm.

2036 5478 2332 5540 omiserat,
2360 5491 2390 5530 e
2410 5472 2640 5529 nostris
2663 5472 2804 5527 mss.
2834 5476 2890 5528 et
2918 5472 3171 5529 Victorio
3203 5472 3564 5533 suffecimus.

2107 5549 2150 5583 ¹⁰
2178 5546 2430 5616 Alcuin.,
2464 5546 2881 5619 Congregantes
2924 5543 3153 5603 divitias
3195 5550 3503 5619 perituras,
3566 5563 3688 5605 am-

2038 5621 2239 5677 bientes
2267 5619 2514 5689 honores,
2545 5615 2805 5690 aediﬁcia,
2835 5618 2943 5674 etc.

3290 5744 3372 5810 84
