4058 6172
204 266 367 332 me

197 405 258 457 et
287 399 429 457 alibi
457 398 722 473 (Georgio.
758 400 851 474 11):

258 527 439 590 Atque
469 526 526 576 in
557 540 613 576 se
648 541 739 576 sus
769 540 865 590 per
890 529 1115 591 vestigia
1143 530 1373 580 volvitur
1413 545 1617 591 annus;

192 636 319 691 sive
352 635 514 706 quod
545 634 772 689 etluuze
805 633 1100 692 lucentem
1130 636 1374 709 globum
1407 642 1464 693 ct
1508 643 1667 695 astra
1705 640 1859 694 Tita-

198 712 334 780 nia:
1655 752 1657 754 ·

264 848 493 913 Spiritus
521 848 667 913 intus
696 848 825 913 alit:
858 852 1130 913 totamque
1162 850 1338 899 infusa
1362 864 1458 913 per
1487 854 1633 901 artus

264 911 421 960 Mens
449 911 615 973 agitat
642 910 858 970 molem,
890 916 943 960 et
972 910 1171 976 magno
1201 927 1257 962 se
1286 910 1508 977 corpore
1537 914 1761 975 miscet;

192 1026 352 1083 389
384 1043 501 1082 non
534 1027 605 1081 de
634 1041 832 1082 annuo
862 1026 1002 1083 solis
1033 1044 1230 1093 cursu,
1268 1029 1368 1084 sed
1401 1030 1471 1085 de
1500 1030 1856 1101 quotidianis

192 1114 428 1172 semitis
469 1115 598 1185 ejus
654 1114 935 1187 loquitur.
1015 1116 1264 1188 Obliqua
1325 1117 1481 1173 enim
1551 1124 1609 1173 et
1676 1119 1857 1175 fracta

192 1205 353 1261 tinea
384 1205 401 1238 ¹
436 1220 541 1275 per
569 1208 837 1259 austrum
869 1204 1059 1277 pergit
1089 1206 1160 1261 ad
1206 1206 1467 1272 hoream,
1530 1212 1585 1263 et
1637 1208 1717 1263 ita
1765 1226 1853 1264 re-

191 1293 443 1348 vertitur
500 1292 571 1347 ad
640 1292 945 1348 orientem.
1013 1292 1232 1349 Aliter:
1296 1293 1389 1350 Sol
1459 1297 1692 1367 quando
1752 1314 1854 1368 per

194 1386 469 1437 austrum
530 1380 732 1446 currit,
780 1380 1027 1436 vicinior
1066 1386 1229 1437 terrae
1273 1388 1398 1449 est;
1469 1386 1707 1455 quando
1753 1402 1854 1457 per

198 1470 560 1541 aquilonem;
590 1468 865 1526 sublimis
900 1470 1207 1527 attollitur.
1261 1473 1525 1528 Forsitan
1569 1491 1705 1546 ergo
1758 1475 1850 1530 his

201 1560 309 1631 qui
362 1558 568 1614 hiemis
618 1563 676 1615 et
722 1558 1173 1615 tribulationum
1220 1561 1432 1633 frigore
1482 1568 1854 1619 coarctantur

201 1649 302 1719 (ab
358 1646 624 1719 aquilone
700 1647 856 1703 enim
926 1650 1145 1719 (Jerem.
1203 1668 1238 1717 ι,
1287 1650 1401 1718 lt),
1463 1654 1852 1708 exardescunt

196 1736 357 1792 mala
386 1740 849 1832 super_terram)
895 1737 1139 1793 vicinior
1196 1738 1282 1794 sol
1321 1739 1433 1795 iste
1469 1741 1715 1811 justitize
1763 1746 1853 1799 est
1883 1767 1929 1832 B

194 1826 288 1881 bis
318 1841 457 1881 vero
489 1825 588 1896 qui
623 1826 681 1879 in
734 1826 924 1882 horem
971 1831 1133 1899 parte
1169 1827 1457 1896 habitant,
1510 1834 1565 1885 et
1614 1830 1804 1887 calore
1832 1833 1854 1866 ²

187 1916 505 1987 privantur
533 1915 750 1981 aestivo,
799 1915 1017 1971 incedit
1066 1916 1288 1988 prqcul,
1330 1922 1387 1973 et
1430 1935 1531 1991 per
1560 1936 1699 1975 suos
1744 1921 1853 1977 cir-

189 2004 384 2069 culos,
416 2002 574 2058 unde
615 2003 908 2075 profectus
957 2009 1064 2073 est,
1115 2005 1439 2062 revertitur.
1500 2008 1644 2064 Cum
1694 2011 1850 2065 enim

186 2092 441 2149 traxerit
467 2092 668 2148 omnia
695 2093 767 2147 ad
801 2108 882 2163 se,
918 2097 974 2148 et
1005 2093 1310 2150 universos
1340 2095 1465 2152 suis
1494 2098 1674 2154 radiis
1718 2098 1852 2154 illu-

186 2181 529 2248 minaverit,
593 2181 657 2235 ﬁt
704 2181 998 2238 restitutio
1052 2183 1417 2257 principalis,
1465 2190 1522 2241 et
1560 2191 1648 2242 est
1699 2187 1852 2244 Deus

185 2270 398 2328 omnia
436 2271 497 2325 in
543 2269 837 2327 omnibus.
885 2271 1272 2342 Symmachus
1318 2273 1476 2329 hunc
1524 2274 1718 2331 locum
1772 2277 1854 2334 ita

185 2361 624 2431 interpretatus
654 2362 743 2415 est
771 2378 783 2415 :
812 2379 834 2407 ι
865 2359 1041 2416 Vadit
1070 2362 1140 2416 ad
1167 2362 1495 2431 meridiem,
1529 2368 1586 2419 et
1605 2365 1853 2421 circum-

184 2449 235 2505 it
265 2449 345 2504 ad
376 2449 656 2515 boream;
687 2448 1108 2520 perambulans
1152 2450 1313 2507 vadit
1363 2457 1591 2520 ventus,
1638 2458 1694 2511 et
1750 2472 1853 2527 per

182 2555 323 2611 quas
359 2537 749 2603 circumierat,
784 2538 1091 2609 revertitur
1120 2546 1347 2610 ventus,
1379 2564 1400 2590 ο

262 2651 295 2679 κ
327 2628 547 2683 Omnes
568 2630 854 2683 torrentes
882 2629 1104 2683 vadunt
1133 2628 1193 2684 in
1225 2646 1404 2697 mare,
1439 2634 1497 2686 et
1526 2648 1685 2688 mare
1732 2624 1849 2689 non

180 2715 494 2789 impletur.
524 2715 609 2770 Ad
640 2713 836 2771 locum
869 2716 941 2771 de
972 2733 1087 2788 quo
1117 2721 1405 2774 torrentes
1450 2726 1682 2788 exeunt,
1731 2721 1849 2777 illic

184 2805 309 2878 ipsi
358 2808 749 2872 revertuntur,
818 2808 883 2859 ut
944 2806 1155 2861 abeant
1184 2807 1224 2861 ε.
1254 2829 1280 2855 ››
1322 2807 1534 2864 Putant
1582 2810 1844 2881 quidam,

183 2911 383 2966 aquas
410 2892 635 2962 dulces,
669 2910 797 2965 quas
850 2894 909 2948 in
948 2910 1110 2950 mare
1148 2894 1426 2963 inﬂuunt,
1471 2898 1558 2953 vel
1608 2900 1848 2956 ardente

180 2986 446 3054 desuper
470 2982 591 3038 sole
622 2982 913 3049 consumi,
961 2982 1048 3038 vel
1095 2982 1381 3057 salsugini
1439 2986 1544 3057 (At.
1595 2987 1846 3061 salsugi-

180 3074 300 3140 nis]
338 3068 520 3128 maris
545 3088 674 3128 esse
704 3071 938 3143 pabula.
971 3072 1114 3128 Ecce
1142 3074 1523 3133 Ecclesiastes
1576 3081 1775 3134 noster
1803 3080 1842 3149 ‘,

182 3167 245 3218 et
274 3162 545 3233 ipsarum
577 3176 862 3232 aquarum
876 3159 1162 3229 conditor,
1185 3177 1285 3219 eas
1308 3163 1449 3219 dicit
1474 3130 1847 3236 peroccultas
1878 3130 1921 3197 ρ·

180 3267 375 3307 venas
404 3250 477 3305 ad
512 3251 704 3321 capita
755 3250 1005 3305 fontium
1065 3251 1315 3322 regredi,
1376 3257 1431 3308 et
1485 3254 1556 3310 de
1604 3257 1848 3313 matrice

185 3339 408 3413 abysso
445 3338 506 3393 in
556 3356 665 3394 sua
707 3354 939 3410 semper
980 3339 1227 3395 ebullire
1266 3341 1580 3414 principia.
1639 3345 1849 3401 Melius

185 3434 395 3487 autem
427 3428 646 3484 Hebraei
705 3430 816 3485 sub
875 3431 1223 3487 torrentium
1276 3436 1334 3488 et
1382 3432 1563 3488 maris
1612 3435 1849 3491 nomine

186 3534 301 3590 per
343 3516 751 3589 metaphoram
803 3520 876 3575 de
936 3517 1282 3576 hominibus
1328 3520 1647 3592 signiﬁcari
1692 3524 1846 3578 arbi-

180 3608 457 3672 trantur,
491 3608 636 3677 quod
672 3608 730 3662 in
770 3612 1007 3675 terram,
1042 3611 1113 3665 de
1145 3627 1261 3683 qua
1291 3610 1509 3683 sumpti
1545 3616 1704 3680 sunt,
1760 3629 1846 3668 re-

188 3694 414 3761 deant;
474 3698 527 3749 et
568 3699 853 3752 torrentes
908 3703 1207 3769 vocentur,
1257 3717 1373 3754 non
1434 3700 1697 3770 ﬂumina,
1760 3718 1849 3757 co-

186 3783 356 3857 quod
391 3781 500 3839 cito
530 3784 900 3853 intercidant,
941 3804 1044 3843 nec
1089 3792 1285 3844 tamen
1338 3788 1652 3860 impleatur
1691 3794 1849 3847 terra

187 3872 577 3929 multitudine
610 3878 997 3931 mortuorum.
1031 3880 1224 3945 Porro,
1257 3877 1304 3932 si
1337 3878 1407 3932 ad
1450 3877 1659 3933 altiora
1710 3895 1845 3935 con-

174 3998 686 4075 consequentibus
718 4000 1003 4075 versibus,
1038 4019 1289 4073 quorum
1321 4004 1480 4075 prior
1541 4008 1730 4060 exstat
1780 4022 1845 4059 III

174 4069 466 4137 incides,
528 4071 822 4128 secundus
872 4090 911 4127 ιι
968 4069 1397 4144 Georgicormn;
1450 4076 1641 4131 caeteri
1689 4093 1844 4146 vero,

249 4159 656 4221 Lucentemque
686 4159 905 4223 globum
962 4161 1125 4223 lunai,
1156 4162 1468 4225 Titaniaque
1500 4167 1657 4221 astra,
1682 4166 1781 4213 etc.

172 4238 329 4294 libro
391 4240 554 4294 sexto
604 4238 877 4295 Eneidos
936 4240 1090 4296 circa
1176 4242 1373 4297 ﬁnem.
1443 4242 1567 4299 Non
1642 4244 1846 4299 omitto

176 4309 752 4385 mss.ACorbeienses
781 4315 839 4367 et
862 4310 1275 4385 Colbertiuum,
1321 4312 1513 4385 legere
1561 4315 1717 4369 hunc
1767 4314 1846 4370 lo-

175 4382 511 4456 cum‘juxta
556 4398 798 4456 errores
839 4383 1138 4455 Origenis:
1167 4409 1194 4435 ‹‹
1222 4384 1351 4440 Sive
1380 4382 1602 4456 'ipsum
1664 4385 1843 4442 solem

182 4453 474 4529 spiritum
507 4453 850 4521 nominavit,
884 4453 1038 4526 quod
1070 4456 1289 4511 animal
1348 4453 1447 4524 sit,
1478 4462 1535 4513 et
1590 4459 1791 4529 spiret,
1814 4480 1842 4507 »

188 4524 306 4580 etc.
344 4524 637 4579 Msa'rmu.
872 4568 885 4577 .

252 4596 435 4671 {Duo
467 4596 712 4671 Palatini
736 4595 1177 4671 _mss.,_0otique
1203 4601 1351 4654 enim
1380 4599 1629 4671 att/racta
1677 4602 1843 4656 linea.

179 4666 422 4740 Zodiaci
452 4666 604 4740 viam
636 4667 751 4723 dici
782 4666 1110 4740 intelligito.

254 4740 278 4773 ³
310 4738 478 4793 Unus
509 4738 693 4795 Vatic.
742 4755 874 4794 eum
926 4738 1167 4796 Erasmo
1213 4745 1269 4796 et
1315 4740 1590 4805 Victorio,
1644 4745 1848 4798 xEstivo

176 4825 362 4884 cursu
388 4810 589 4884 incedit
619 4810 856 4884 (Vatic.,
875 4811 1141 4884 incendit)
1167 4814 1383 4884 procul.

255 4883 279 4915 ³
312 4879 515 4954 Nostri
538 4879 711 4949 mss,
742 4882 909 4937 illuc:
952 4879 1132 4954 atque
1167 4879 1325 4939 'olim
1383 4883 1521 4939 editi
1576 4886 1852 4941 introeant

185 4970 294 5026 pro
323 4953 549 5026 abeant.

259 5055 335 5066 -——
392 5024 519 5079 Illic
570 5025 679 5095 ipsi
722 5026 1072 5080 revertuntur
1119 5035 1177 5080 ut
1220 5026 1436 5081 abeant.
1501 5026 1625 5081 Non
1705 5027 1850 5083 bene

186 5095 414 5169 legitur
446 5094 781 5169 inantehac
810 5096 982 5152 editis
1012 5095 1199 5164 libris,
1251 5101 1601 5154 revertuntur
1647 5107 1705 5154 ut
1759 5101 1847 5154 in-

186 5166 433 5224 troeant.
478 5166 770 5222 MARTIAN.

260 5242 282 5273 ⁸
313 5238 491 5309 Apud
550 5238 796 5307 Alcuin.,
846 5237 949 5295 Sed
994 5240 1340 5296 Ecclesiastes
1395 5244 1593 5303 noster,
1652 5240 1708 5295 id
1774 5244 1851 5295 est

186 5311 480 5379 Christus,
514 5311 761 5385 ipsarum
806 5310 1055 5366 conditor
1076 5327 1365 5382 aquarum,
1400 5317 1506 5367 etc.
1552 5312 1619 5366 Et
1678 5312 1851 5385 paulo

192 5387 331 5455 post
359 5396 463 5452 per
490 5382 723 5436 occultas
753 5390 916 5439 terra?
940 5398 1121 5447 venas,
1157 5386 1264 5438 etc.
1680 5382 1695 5385 ἡ

215 5524 231 5527 Α
264 5455 287 5487 ²
317 5452 999 5527 Λάμιονιέεῃιενη-ςὴονιιιή
1031 5454 1228 5510 latitat.
1264 5454 1610 5527 In‘Vulgata
1657 5454 1852 5527 legen-

192 5524 348 5599 dum
381 5522 613 5580 Charith
643 5541 711 5579 ex
745 5524 978 5581 Hebraeo
1006 5536 1144 5599 η’·πέ
1174 5527 1273 5599 sed
1335 5524 1445 5599 hoc
1476 5522 1625 5582 'loco
1664 5522 1855 5599 legere

188 5595 483 5657 debemus
512 5612 653 5656 cum
701 5612 844 5655 mss.
878 5596 1308 5672 exemplaribus
1339 5596 1682 5672 Chorrathh;
1714 5595 1854 5677 quia

1212 271 1834 336 COMMENTARIUS
1877 274 1958 337 IN
2001 273 2606 338 ECCLESIASTEN.

1884 407 2305 473 Ascendimus
2362 409 2466 479 [ΑΙ.
2536 406 3018 479 conscendamus]
3111 412 3264 465 recte
3364 407 3609 464 turbidas

3450 234 3613 340 me

1973 513 2135 567 aqua!
2168 496 2226 550 in
2259 514 2437 562 mare,
2474 496 2626 551 unde
2656 495 3060 564 substiterant,
3083 500 3474 552 revertuntur.
3517 499 3607 566 Et,

1970 585 2028 638 ni
2061 584 2247 653 fallor,
2282 586 2505 655 absque
2534 582 2930 640 additamento
2962 600 3255 656 nusquam
3280 589 3508 641 torrens
3546 584 3609 640 in

1968 674 2181 728 bonam
2238 678 2465 745 partem
2514 672 2752 744 legitur.
2818 673 2965 729 Nam
3010 676 3249 729 torrente
3314 672 3612 745 voluptatis

1968 768 2071 815 tim?
2096 761 2309 832 potabis
2360 762 2508 827 illos,
2562 778 2695 816 cum
2734 761 3134 817 additamento
3185 760 3402 816 dicitur
3456 762 3612 817 volu-

1964 852 2134 921 ptatis
2170 850 2338 920 (Psal.
2386 867 2554 918 xxxv,
2593 850 2669 918 9).
2697 849 2763 903 Et
2810 866 2840 904 e
2874 848 3163 905 contrario
3208 848 3475 906 Salvator
3540 850 3615 905 ad

1968 942 2281 994 torrentem
2319 939 2574 993 traditur
2618 938 2840 993 Cedron
2872 940 3049 1007 (Joan.
3099 955 3261 1009 xvuI,
3313 938 3388 1011 1).
3437 938 3612 995 890.

1964 1027 2033 1081 Et
2062 1026 2217 1082 Elias
2250 1026 2668 1099 persecutionis
2694 1030 2955 1098 tempore
2984 1027 3054 1081 ad
3087 1030 3405 1082 torrentem
3462 1026 3615 1082 Cho-

1963 1116 2118 1171 trath
2148 1116 2339 1171 latitat
2362 1117 2403 1182 5,
2437 1116 2536 1187 qui
2570 1119 2627 1171 et
2654 1115 2779 1187 ipse
2811 1115 3065 1171 siccatur
3092 1115 3197 1186 (III
3207 1119 3339 1184 Reg.
3360 1132 3498 1183 xm,
3531 1115 3609 1188 3).

1963 1205 2089 1260 Non
2130 1204 2485 1276 adimpletur
2526 1208 2721 1260 autem
2770 1221 2931 1260 mare
2976 1205 2997 1239 δ
3042 1203 3397 1274 insatiabile,
3460 1220 3608 1276 quo-

1964 1294 2136 1349 modo
2167 1298 2223 1349 et
2250 1294 2310 1348 in
2343 1292 2666 1349 Proverbiis
2697 1291 2826 1348 ﬁlice
2857 1292 3429 1366 sanguisugaa(Prov.
3472 1308 3604 1364 xxx,

1966 1383 2072 1452 15).

2034 1494 2062 1522 ‹‹
2095 1472 2309 1527 Omnes
2342 1488 2640 1528 sermones
2669 1488 2873 1544 graves
2922 1490 3038 1528 non
3081 1472 3290 1543 poterit
3315 1473 3335 1507 ⁷
3388 1471 3478 1527 vir
3522 1470 3608 1527 lo-

1962 1560 2081 1631 qui.
2105 1562 2230 1616 Non
2262 1561 2575 1617 satiabitur
2590 1560 2795 1616 oculus
2824 1561 3095 1628 videndo,
3134 1566 3191 1616 et
3239 1577 3353 1616 non
3396 1561 3610 1633 imple-

1960 1650 2118 1705 bitur
2147 1650 2305 1706 auris
2337 1651 2565 1705 auditu.
2589 1673 2617 1700 »
2650 1654 2775 1705 Non
2822 1650 3014 1706 solum
3062 1651 3133 1705 de
3176 1648 3459 1722 physicis,
3506 1649 3610 1705 sed

1959 1743 2016 1794 et
2043 1739 2114 1794 de
2143 1739 2350 1795 ethicis
2382 1756 2614 1811 quoque
2646 1740 2794 1795 scire
2823 1738 3063 1795 difﬁcile
3092 1743 3202 1794 est.
3234 1744 3359 1795 Non
3418 1753 3612 1793 sermo

1959 1827 2111 1884 valet
2141 1828 2429 1900 explicare
2461 1845 2667 1884 causas
2699 1832 3059 1900 naturasque
3088 1844 3307 1896 rerum,
3338 1844 3445 1883 nec
3474 1843 3613 1884 ocu-

1960 1916 2077 1985 lus,
2127 1920 2191 1971 ut
2239 1917 2322 1971 rei
2358 1917 2547 1988 poscit
2576 1918 2595 1950 θ
2638 1916 2917 1989 dignitas,
2965 1916 3202 1985 intueri,
3265 1931 3370 1971 nec
3425 1916 3609 1986 auris,

1961 2005 2258 2060 instuente
2307 2005 2563 2077 doctore,
2628 2005 2700 2059 ad
2761 2021 3056 2060 summam
3114 2004 3419 2061 scientiam
3480 2022 3611 2077 per-

1961 2094 2177 2150 venire.
2229 2093 2287 2149 Si
2327 2094 2484 2149 enim
2533 2110 2688 2148 nunc
2733 2111 2837 2165 per
2870 2093 3173 2166 speculum
3241 2093 3511 2149 videmus
3549 2094 3610 2150 in

1962 2182 2289 2254 aenigmate,
2339 2185 2396 2237 et
2424 2198 2493 2237 ex
2540 2184 2703 2253 parte
2750 2182 3159 2254 cognoscimus
3224 2184 3281 2236 et
3321 2198 3391 2237 ex
3444 2186 3611 2253 parte

1962 2271 2403 2342 prophetamus,
2436 2273 2858 2343 consequenter
2887 2286 2993 2326 nec
3023 2286 3215 2326 sermo
3275 2273 3462 2341 potest
3517 2286 3612 2326 ex-

1962 2359 2176 2432 plicare
2202 2360 2353 2431 quod
2386 2360 2606 2425 nescit;
2655 2375 2760 2415 nec
2811 2359 3037 2429 oculus,
3086 2358 3148 2414 in
3200 2376 3313 2431 quo
3357 2359 3610 2429 caecutit,

1961 2450 2222 2521 aspicere
2250 2450 2307 2502 δε
2343 2466 2448 2505 nec
2480 2448 2661 2516 auris,
2694 2449 2769 2503 da
2798 2465 2912 2520 quo
2946 2447 3195 2514 dubitat,
3222 2447 3475 2522 impleri.
3525 2448 3613 2504 Si-

1960 2537 2081 2592 mul
2135 2542 2194 2593 et
2240 2539 2349 2593 hoc
2393 2538 2739 2604 notandum,
2800 2538 2954 2609 quod
3006 2537 3204 2593 omnia
3260 2538 3437 2594 verba
3493 2538 3614 2593 sint

1958 2627 2176 2699 gravia,
2225 2631 2282 2682 et
2326 2643 2540 2699 magno
2584 2626 2784 2682 labore
2840 2626 3164 2695 discantur,
3214 2630 3418 2683 contra
3488 2644 3610 2699 eos,

1959 2717 2057 2788 qui
2090 2719 2300 2788 putant
2327 2716 2528 2771 otiosis
2575 2714 2707 2787 sibi,
2752 2719 2809 2770 et
2852 2720 2985 2771 vota
3023 2715 3372 2773 facientibus
3416 2716 3613 2774 venire

1959 2806 2222 2862 notitiam
2252 2806 2333 2860 Αι.
2359 2806 2431 2861 ad
2461 2804 2732 2860 notitiam
2765 2804 3226 2877 Scripturarum.

2029 2894 2230 2960 «Quid
2263 2898 2351 2950 est
2389 2895 2544 2966 quod
2587 2892 2731 2949 fuit?
2763 2893 2958 2966 ipsum
2990 2895 3147 2965 quod
3179 2894 3307 2950 erit.
3353 2895 3424 2950 Et
3469 2894 3611 2966 quid

1957 2988 2042 3039 est
2073 2984 2229 3055 quod
2251 2982 2468 3039 factum
2501 2982 2637 3037 est?
2666 2982 2865 3054 ipsum
2893 2983 3048 3055 quod
3079 2983 3197 3038 fiet.
3245 2985 3313 3039 Et
3358 3000 3475 3040 non
3523 2987 3615 3039 est

1956 3089 2129 3129 omne
2160 3088 2361 3128 recens
2420 3072 2462 3106 ³ο
2509 3072 2618 3127 sub
2663 3070 2805 3126 sole.
2832 3093 2862 3120 »
2908 3071 3152 3127 Videtur
3201 3072 3347 3127 mihi
3399 3072 3471 3128 de
3516 3071 3613 3129 his

1959 3179 2086 3234 quae
2109 3178 2288 3233 supra
2308 3159 3199 3231 enumeraverit,generationeet
3212 3159 3610 3232 generatione,

1959 3251 2112 3307 molo
2143 3254 2457 3317 terrarum,
2508 3252 2640 3304 ortu
2693 3248 2835 3305 solis
2888 3253 2946 3305 et
2994 3265 3225 3317 occasu,
3279 3265 3459 3304 cursu
3510 3248 3616 3304 ﬂu-

1960 3339 2208 3409 minum,
2234 3338 2640 3409 magnitudine
2670 3337 2901 3406 Oceani,
2935 3337 3330 3410 omnibusque
3352 3354 3480 3410 quae
3511 3341 3615 3394 aut

1959 3428 2326 3500 cogitatione,
2359 3431 2461 3482 aut
2487 3427 2637 3495 visu,
2668 3426 2758 3482 vel
2791 3427 3035 3483 auribus
3089 3427 3397 3497 discimus,
3450 3444 3609 3483 nunc

1959 3515 2347 3570 communiter
2374 3514 2556 3587 loqui,
2588 3516 2744 3585 quod
2776 3516 2924 3571 nihil
2956 3517 3034 3572 sit
3060 3516 3120 3570 in
3154 3520 3363 3571 natura
3387 3532 3606 3586 rerum,

1958 3604 2114 3675 quod
2146 3620 2260 3658 non
2284 3607 2417 3658 ante
2438 3603 2565 3673 jam
2597 3602 2788 3657 fuerit.
2824 3604 2909 3658 Ab
2938 3603 3105 3664 initio
3135 3603 3291 3658 enim
3323 3602 3529 3658 mundi
3553 3607 3611 3659 et

1958 3692 2224 3748 homines
2247 3691 2367 3746 nati
2398 3695 2454 3746 et
2485 3691 2700 3747 mortui
2733 3697 2890 3759 sunt,
2933 3696 2989 3748 et
3019 3696 3173 3748 terra
3203 3708 3381 3764 super
3422 3707 3608 3763 aquas

1959 3782 2171 3837 librata
2191 3779 2471 3847 constitit,
2505 3784 2562 3835 et
2592 3779 2678 3835 sol
2709 3785 2874 3837 ortus
2905 3780 3198 3836 occubuit.
3233 3781 3302 3836 Et
3333 3798 3405 3837 ne
3434 3780 3607 3852 plura

1957 3886 2313 3941 percurram,
2347 3872 2404 3924 et
2421 3868 2627 3924 avibus
2657 3867 2870 3936 volare,
2911 3874 2968 3924 et
2998 3878 3199 3925 natare
3235 3869 3514 3942 piscibus,
3554 3874 3613 3926 et

1958 3996 2111 4122 afud
2141 3994 2278 4078 LXX
2336 3993 2619 4065 scriptum
2664 3998 2754 4049 est
2803 3994 2854 4048 ἑν
2912 3992 2991 4065 τῷ
3056 3993 3346 4078 χειμάρῥῳ
3400 3993 3614 4071 Χορῥάθ

1958 4085 1972 4121 ι
2037 4071 2144 4122 est.
2176 4084 2238 4122 in
2286 4069 2525 4121 torrente
2566 4066 2858 4121 Chorrath.
2914 4066 3061 4122 Nam
3115 4069 3496 4122 [lieronvmus
3538 4066 3600 4122 in

1958 4066 2015 4122 id
2037 4071 2144 4133 est,
2176 4069 2238 4122 in
2272 4069 2525 4139 torrente
2566 4066 2858 4139 Cliorratlt.
2914 4066 3496 4139 Namfllier‘dnymus
3518 4066 3600 4122 'in

1957 4139 2225 4211 praesenti
2258 4137 2687 4193 Commentario
2724 4137 2934 4211 _recitat
2970 4137 3616 4211 testimonia‘Scriptu-

1957 4208 2151 4265 rarum
2170 4211 2340 4281 juxta
2368 4224 2589 4264 morem
2643 4209 2735 4263 sui
2780 4208 3081 4281 temporis,
3129 4210 3240 4265 hoc
3276 4213 3392 4281 est,
3432 4211 3606 4281 juxta

1956 4280 2281 4338 versionem
2312 4298 2419 4336 usu
2455 4282 2746 4351 receptam
2778 4280 2836 4335 in
2867 4280 3387 4363 EcclesiaLati‘na.
3438 4280 3610 4337 Msa-

1954 4371 2085 4409 TIAN
2097 4396 2110 4408 .

2027 4426 2048 4459 ⁸
2078 4425 2193 4479 Non
2222 4423 2555 4494 adimpletur
2588 4432 2771 4481 autem
2816 4439 2989 4489 mare,
3032 4428 3139 4479 etc.
3191 4423 3473 4480 Mendose
3521 4422 3610 4479 le-

1956 4501 2101 4579 gunt
2133 4500 2303 4579 antea
2333 4496 2471 4550 editi
2528 4496 2681 4579 libri,
2730 4497 2828 4578 qui
2856 4498 2907 4579 et
2948 4496 3062 4579 ipse
3105 4495 3366 4579 siccaue:z
3403 4504 3455 4579 et
3494 4496 3614 4551 ἠοη

1958 4566 2222 4639 impletur
2240 4584 2458 4639 ;_mare
2506 4578 2690 4623 autem
2735 4566 3072 4639 insatiabile,
3149 4571 3254 4639 etc.
3326 4566 3612 4623 Caeterum

1958 4637 2225 4694 consulat
2282 4637 2459 4693 lector
2523 4640 2826 4695 studiosus
2890 4638 3308 4694 Adnotationes
3385 4641 3615 4693 nostras

1958 4709 2301 4782 prolixiores
2331 4709 2576 4782 inferius
2604 4711 2824 4782 positas
2856 4714 3092 4781 propter
3135 4707 3450 4765 Historiam
3498 4708 3619 4763 Cri-

1956 4779 2135 4838 ticam
2169 4779 2442 4835 Richardi
2471 4779 2716 4838 Simonii
2748 4779 3038 4837 Maurus.

2028 4863 2046 4895 ⁷
2080 4860 2241 4915 Unus
2263 4859 2446 4915 Vatic.
2483 4877 2624 4917 mss.
2659 4862 2856 4917 Graves
2874 4869 3042 4916 sunt:
3072 4877 3183 4916 non
3224 4862 3442 4932 peterit,
3500 4863 3610 4916 etc.

2029 4943 2049 4975 ⁸
2081 4939 2295 4996 Vitiose
2344 4940 2715 4997 Martianzeus
2773 4945 2970 5013 posset,
3017 4957 3121 5011 pro
3179 4942 3367 5012 poscit.
3431 4940 3615 4996 Penes

1960 5012 2213 5077 Alcuin.,
2240 5014 2345 5067 Nec
2373 5013 2560 5068 oculus
2587 5012 2845 5079 salutari,
2877 5020 2937 5067 ut
2963 5013 3047 5068 rei
3068 5014 3239 5084 possit
3285 5013 3615 5083 dignitatem

1962 5087 2188 5139 intueri.

2032 5158 2052 5192 9
2072 5158 2134 5211 In
2163 5172 2267 5227 quo
2295 5157 2508 5210 czecutit
2534 5158 2792 5226 aspicere.
2828 5155 2934 5210 Ms.
2977 5154 3354 5212 Sorbonicus.
3419 5158 3482 5212 In
3508 5171 3613 5227 quo

1960 5244 2136 5285 caecus
2164 5226 2325 5299 situt
2355 5228 2599 5298 aspicere
2622 5244 2638 5299 7:
2672 5226 2833 5299 editi.
2873 5229 2933 5299 In
2976 5242 3080 5297 quo
3119 5243 3293 5283 caecus
3347 5228 3419 5282 sit
3464 5226 3614 5299 aspi-

1960 5316 2119 5355 cere:
2152 5298 2328 5353 codcx
2354 5303 2551 5371 autem,
2578 5298 2975 5371 iCorbeiensis
3023 5315 3185 5354 num.
3217 5299 3346 5368 438,
3395 5304 3466 5357 In
3511 5298 3616 5371 Quo

1962 5372 2214 5427 executiat
2242 5372 2501 5439 aspicere.
2538 5370 2826 5425 Maurus.

2033 5472 2103 5482 ——-
2133 5440 2434 5517 Palatinus
2450 5440 2595 5517 alter
2616 5458 2750 5496 cum
2780 5440 3058 5499 Vaticano
3081 5442 3287 5511 ms.,ln
3309 5460 3411 5517 quo
3440 5456 3614 5500 caecus

1963 5514 2054 5580 sit,
2088 5516 2145 5568 ut
2165 5528 2355 5579 siccus,
2383 5514 2654 5583 aspicere.

2036 5593 2079 5631 ιο
2108 5591 2315 5668 Vatic.,
2347 5592 2412 5652 Et
2428 5608 2543 5652 non
2560 5601 2637 5654 est
2659 5607 2868 5653 recens.
