4058 6172
503 327 662 401 1074

1743 327 1808 392 8.
1854 325 2167 395 EUSEBII
2207 330 2674 396 HIERONYMI.

3669 315 3796 397 im

503 461 878 520 terrestribus
908 463 1154 535 ingredi,
1179 466 1237 518 et
1265 461 1636 535 serpentibus
1663 462 1804 526 labi,
1837 464 1952 518 Deo
2010 463 2146 518 arti-
2178 465 2232 530 Α
2263 463 2430 528 ﬁunt,
2466 465 2521 518 in
2562 452 2854 535 prioribus
2882 463 3108 520 saeculis
3136 479 3263 520 esse
3302 463 3422 535 jam
3460 458 3702 520 (notaret
3733 465 3811 522 lo-'

502 549 610 606 ﬁce
648 567 990 610 concessum
1019 557 1126 610 est.
1160 551 1304 608 Huic
1335 553 1477 624 quid
1508 551 1700 608 simile
1747 551 2044 608 sententiae
2092 556 2150 607 et

501 641 770 696 Comicus
791 642 909 698 ait:

561 745 699 797 Nihil
727 751 808 797 est
835 747 1054 804 dictum,
1087 747 1232 810 quod
1263 762 1373 797 non
1405 748 1472 797 sit
1493 748 1692 810 dictum
1722 748 1888 810 prius.

1180 811 1415 870 (Τιιιιςιιτ.
1447 811 1501 858 in
1527 809 1738 873 Prolog.’
1761 810 2036 871 Eunuchi.)

567 906 728 964 Unde
759 912 1076 980 praeceptor
1104 923 1272 963 meus
1302 907 1583 975 Donatus,
1619 924 1754 964 cum
1794 908 1974 963 istum
2019 923 2144 962 ver-

495 995 743 1052 siculum
796 1002 1148 1070 exponeret:
1175 1021 1203 1047 α
1239 1001 1502 1061 Pereant,
1583 997 1794 1068 inquit,
1845 997 1946 1068 qui
2013 1001 2146 1052 ante

496 1101 603 1142 nos
654 1089 854 1141 nostra
907 1086 1177 1142 dixerunt
1205 1089 1244 1140 ².
1272 1109 1299 1135 ››
1351 1087 1513 1152 Quod
1563 1086 1613 1141 si
1665 1086 1725 1140 in
1774 1085 2146 1141 sermonibus

497 1173 643 1230 nihil
675 1191 888 1231 novum
923 1174 1036 1232 dici
1090 1180 1300 1248 potest,
1351 1179 1572 1246 quanto
1613 1174 1802 1246 magis
1851 1175 1908 1229 in
1957 1174 2144 1230 admi-

495 1262 838 1320 nistratione
866 1265 1091 1333 mundi,
1135 1282 1262 1338 quae
1295 1265 1368 1320 ab
1402 1264 1566 1321 initio
1596 1263 1680 1319 sic
1712 1265 1855 1320 89]
1893 1264 2148 1335 perfecta

495 1355 584 1406 est
612 1353 675 1406 ut
705 1353 1098 1424 requiesceret
1127 1353 1281 1409 Deus
1313 1354 1385 1408 ab
1437 1353 1712 1423 operibus
1771 1352 1897 1408 suis
1947 1353 2003 1406 in
2055 1352 2145 1406 die

493 1440 783 1510 septima!
829 1441 960 1512 Legi
994 1441 1052 1496 in
1093 1441 1347 1512 quodam
1380 1440 1529 1495 libro
1558 1441 1616 1494 3:
1652 1440 1709 1494 Si
1743 1456 1935 1504 omne,
1991 1439 2144 1510 quod

494 1527 604 1582 sub
635 1527 755 1584 sole
787 1529 1004 1583 factum
1036 1534 1125 1584 est
1156 1529 1347 1584 fuitin
1380 1528 1684 1600 praeteritis
1714 1528 1943 1583 saeculis
1985 1533 2142 1583 ante-

493 1631 670 1685 quam
706 1617 892 1681 ﬁeret,
925 1622 983 1673 et
1011 1617 1186 1674 homo
1209 1619 1335 1687 jam
1377 1617 1497 1673 sole
1546 1616 1777 1672 condito
1809 1617 1996 1672 factus
2021 1625 2142 1673 est:

491 1704 603 1758 fuit
650 1719 785 1774 ergo
834 1705 1028 1772 homo,
1078 1711 1397 1776 antequam
1439 1705 1548 1760 sub
1594 1705 1715 1760 sole
1763 1706 1926 1761 fieret
1951 1708 1989 1760 ⁴.
2029 1707 2139 1761 Sed

2259 569 2392 606 cum
2427 552 2681 609 invenire
2699 553 3035 624 Epicurum,
3068 553 3166 624 qui
3197 553 3400 609 asserit
3425 569 3518 625 per
3540 553 3806 610 innumera-

2258 640 2404 695 biles
2435 641 2700 713 periodos
2749 643 2971 710 eadem,
3018 646 3075 696 et
3120 643 3336 697 eisdem
3375 642 3429 695 in
3474 641 3618 707 locis,
3653 648 3699 696 et
3734 658 3809 716 per

2257 731 2490 784 eosdem
2526 731 2668 785 fieri.
2692 730 2961 802 Alioquin
2993 739 3047 785 et
3075 731 3258 785 Judas
3287 731 3476 785 crebro
3506 730 3736 803 prodidit,
3771 734 3812 786 et

2257 817 2522 872 Christus
2557 836 2766 890 passus
2798 825 3048 891 estszepe
3079 836 3179 891 pro
3210 820 3397 881 nobis,
3433 823 3484 873 et
3510 822 3686 873 cetera
3721 819 3812 890 qua

2257 906 2408 961 facta
2429 913 2584 974 sunt,
2618 912 2674 962 et
2700 909 2915 975 futura,
2948 907 3008 963 in
3039 909 3272 964 easdem
3323 905 3577 962 similiter
3609 907 3814 979 periodos

2257 994 2640 1052 revolventur.
2686 997 2792 1051 Sed
2843 997 3178 1064 dicendum,
3227 997 3381 1068 quod
3419 1012 3484 1051 ex
3528 994 3816 1067 praescientia

2256 1088 2314 1139 et
2345 1085 2849 1154 praedestinatione
2878 1086 2973 1140 Dei
2999 1088 3124 1156 jam
3156 1103 3223 1140 ea
3262 1088 3409 1140 facta
3457 1085 3583 1156 sint,
3623 1102 3725 1155 quae
3760 1084 3819 1138 fn-

2256 1177 2387 1227 tura
2419 1178 2579 1228 sunt.
2629 1175 2736 1239 Qui
2785 1174 2938 1230 enim
2987 1175 3150 1229 electi
3201 1179 3342 1229 sunt
3383 1175 3442 1228 in
3485 1173 3687 1228 Christo
3725 1178 3818 1228 ante

2257 1261 2734 1318 constitutionem
2762 1263 2988 1329 mundi,
3048 1263 3105 1317 in
3157 1263 3450 1335 prioribus
3479 1260 3685 1318 saeculis
3730 1263 3817 1333 jam

2257 1351 2511 1406 fuerunt.

2329 1463 2355 1488 ‹‹
2388 1439 2510 1494 Non
2557 1445 2639 1496 est
2670 1440 2954 1496 memoria
3001 1441 3232 1512 primis,
3283 1446 3339 1496 et
3382 1439 3604 1511 quidem
3637 1438 3819 1494 novissi-

2257 1527 2371 1583 mis
2395 1545 2520 1599 quze
2553 1531 2748 1584 futura
2778 1535 2937 1594 sunt,
2969 1545 3080 1583 non
3122 1530 3233 1584 erit
3269 1529 3356 1584 eis
3413 1529 3670 1585 memoria
3712 1528 3819 1599 apud

2255 1633 2353 1671 eos
2384 1618 2482 1687 qui
2513 1618 2694 1672 futuri
2727 1622 2868 1673 sunt
2899 1619 2956 1672 in
2983 1617 3324 1672 novissimo.
3354 1641 3376 1669 ι
3411 1619 3530 1682 Quo
3558 1616 3705 1672 modo
3722 1629 3822 1688 pra-

2256 1705 2427 1760 terita
2464 1707 2618 1778 apud
2672 1724 2778 1762 nos
2825 1707 2979 1763 392
3029 1707 3342 1762 abscondit
3407 1705 3625 1773 oblivio,
3667 1704 3733 1760 sic
3775 1719 3823 1758 ea

491 1791 822 1847 excluditur
849 1794 888 1859 ⁵,
924 1794 1078 1864 quod
1104 1794 1210 1849 hac
1242 1795 1485 1858 ratione,
1519 1796 1884 1866 etjumenta,
1935 1800 1993 1849 et
2040 1812 2145 1850 cu-
2175 1830 2223 1895 B
2256 1809 2382 1864 qua:
2410 1793 2495 1849 vel
2530 1812 2684 1850 nunc
2716 1797 2887 1863 ﬁunt,
2917 1793 3005 1850 vel
3063 1811 3191 1866 qua)
3246 1795 3443 1850 futura
3486 1798 3631 1860 sunt,
3671 1793 3714 1847 bi
3751 1790 3820 1860 qui

493 1879 655 1945 lices,
690 1884 748 1934 et
785 1880 1014 1937 minuta
1045 1899 1309 1954 quaeque,
1343 1888 1398 1937 et
1435 1901 1650 1956 magna
1697 1883 1975 1939 animalia
2011 1890 2144 1940 ante

495 1967 828 2022 dicerentur
855 1968 1061 2040 fuisse,
1119 1988 1297 2042 quam
1347 1971 1578 2027 cmlum.
1630 1971 1753 2028 Nisi
1802 1972 1946 2027 forte
1999 1971 2144 2028 illud

497 2057 867 2128 respondeat,
893 2073 961 2113 ex
989 2062 1485 2132 consequentibus
1515 2061 1746 2117 ostendi
1778 2078 1895 2116 non
1929 2061 2000 2116 de
2037 2077 2146 2116 ca:-

496 2145 638 2200 teris
666 2145 1043 2217 animalibus,
1095 2149 1197 2204 sed
1231 2149 1301 2203 de
1350 2148 1590 2206 homine
1620 2148 1988 2205 Ecclesiasten
2019 2167 2149 2206 esse

497 2249 849 2290 sermonem.
891 2235 985 2290 Ait
1013 2236 1208 2292 enim:
1237 2261 1262 2286 ‹‹
1300 2237 1424 2295 Νοη
1459 2243 1546 2294 est
1584 2255 1756 2294 omne
1789 2255 1991 2294 recens
2039 2239 2148 2295 sub

498 2321 640 2387 sole,
693 2323 850 2394 quod
909 2324 1183 2396 loquatur
1247 2331 1303 2381 et
1351 2327 1535 2382 dicat:
1577 2332 1719 2383 Ecce
1767 2327 1876 2382 hoc
1932 2345 2147 2384 novum

499 2416 608 2474 est.
640 2440 660 2466 -
698 2413 992 2470 Animalia
1019 2419 1214 2470 autem
1247 2432 1361 2470 non
1395 2416 1582 2487 loqui,
1614 2417 1714 2471 sed
1767 2422 1996 2472 tantum
2040 2417 2149 2472 ho-

500 2509 758 2564 minem:
794 2503 948 2576 quod
981 2504 1026 2559 si
1061 2503 1376 2575 loquantur
1405 2505 1685 2561 animalia
1739 2523 1954 2561 novum
1999 2523 2146 2569 esse.

499 2601 557 2653 et
587 2594 727 2653 solvi
781 2590 1152 2659 sententiam,
1214 2592 1360 2647 nihil
1421 2611 1636 2650 novum
1686 2611 1815 2650 esse
1855 2596 1964 2650 sub
2008 2595 2150 2650 sole.

573 2707 594 2731 ι
635 2684 809 2738 Estne
832 2681 1073 2737 verbum
1106 2680 1176 2737 de
1198 2698 1313 2752 quo
1345 2683 1594 2749 dicatur,
1629 2684 1756 2739 vide
1787 2684 1895 2740 hoc
1937 2701 2152 2740 novum

504 2777 594 2828 est
617 2789 629 2828 :
655 2773 781 2842 jam
815 2770 924 2826 fuit
952 2770 1012 2826 in
1045 2770 1293 2838 szeculis,
1327 2787 1453 2842 quae
1504 2772 1741 2828 fuerunt
1788 2778 1922 2829 ante
1971 2791 2097 2829 nos.
2125 2796 2152 2822 ››

506 2862 779 2934 Apertius
840 2859 949 2915 hoc
1009 2860 1396 2932 Symmachus
1463 2862 1850 2918 transtulit:«
1903 2863 2154 2918 Putasne

509 2952 660 3018 est“,
692 2949 791 3022 qui
826 2949 1010 3021 possit
1046 2949 1270 3005 dicere:
1320 2949 1484 3015 Vide,
1526 2950 1634 3006 hoc
1684 2967 1894 3006 novum
1945 2956 2054 3020 est,
2099 2956 2156 3007 et

504 3041 630 3111 jam
671 3040 889 3096 factum
920 3038 1095 3095 estin
1127 3037 1358 3118 saeculo,
1417 3039 1572 3110 quod
1640 3040 1749 3094 fuit
1791 3046 1923 3096 ante
1972 3057 2098 3096 nos.
2125 3065 2147 3094 ι

511 3129 657 3186 Cum
689 3127 1090 3200 superioribus
1118 3131 1314 3182 autem
1347 3128 1615 3199 congruit
1669 3129 1821 3199 quod
1857 3129 1999 3183 nihil
2059 3147 2157 3186 no~

2257 1883 2412 1939 nasci
2447 1883 2683 1953 habent,
2715 1884 2860 1939 scire
2901 1900 3015 1938 non
3047 1888 3346 1954 poterunt,
3381 1888 3437 1939 et
3475 1883 3661 1938 cuncta
3691 1880 3820 1936 silen-

2253 1973 2334 2028 tio
2366 1972 2762 2044 praeteribunt,
2793 1977 2849 2028 et
2896 1973 3064 2044 quasi
3115 1989 3231 2027 non
3287 1972 3505 2027 fuerint
3549 1969 3823 2026 absconden-

2255 2067 2387 2128 tur;
2423 2067 2481 2117 et
2510 2061 2902 2134 complebitur
2951 2061 3050 2116 illa
3097 2061 3430 2118 sententia:
3468 2083 3495 2112 ‹‹
3525 2060 3728 2116 Vanitss
3759 2072 3823 2110 vs-

2259 2151 2511 2207 nitatum
2561 2156 2617 2207 et
2675 2152 2873 2206 omnia
2912 2151 3216 2206 vanitas.»
3287 2151 3435 2206 Nam
3481 2155 3537 2206 et
3595 2145 3824 2219 Seraphin

2260 2245 2564 2312 propterea
2594 2240 2801 2295 faciem
2826 2241 2845 2274 ⁸
2876 2257 3043 2294 suam
3063 2245 3118 2295 et
3141 2240 3322 2311 pedes
3342 2238 3550 2310 velant,
3565 2235 3827 2310 quiaprimt

2259 2332 2315 2383 et
2360 2332 2617 2383 extrema
2668 2334 2940 2399 cooperta
2988 2333 3145 2383 sunt.
3190 2327 3370 2382 Juxta
3416 2331 3602 2382 autem
3657 2324 3829 2394 Septun-

2260 2417 2422 2488 ginta
2451 2418 2820 2488 Interprctes,
2855 2417 2954 2489 qui
2998 2417 3311 2472 dixerunt:
3363 2417 3481 2471 Non
3526 2421 3600 2470 est
3638 2411 3829 2469 minaria

2257 2508 2456 2577 primis
2485 2507 2526 2569 θ,
2554 2505 2846 2576 etquidem
2883 2508 3194 2562 novissimis
3241 2508 3341 2576 qui
3389 2506 3568 2576 futuri
3606 2505 3728 2568 sunt,
3755 2513 3830 2553 im

2259 2597 2362 2650 erit
2392 2596 2468 2649 eis
2500 2597 2779 2650 memoria
2818 2611 2945 2650 cum
2975 2595 3060 2650 his
3098 2595 3194 2665 qui
3221 2595 3412 2668 futuri
3457 2597 3581 2649 sunt
3615 2593 3667 2646 in
3705 2589 3831 2645 nouil-

2260 2686 2398 2739 simo
2438 2684 2637 2753 (Matth.
2697 2701 2787 2752 xx,
2844 2685 2963 2754 l9):
3019 2683 3114 2738 ille
3164 2684 3238 2738 de
3318 2681 3620 2755 Evangelio
3684 2689 3832 2734 sensus

2263 2777 2372 2837 est,
2405 2773 2568 2844 quod
2601 2771 2698 2844 qui
2731 2773 2788 2827 in
2817 2772 2928 2828 isto
2961 2771 3174 2828 sazculo
3210 2772 3390 2845 primi
3425 2775 3579 2840 sunt,
3618 2769 3718 2824 sint
3755 2779 3833 2821 om-

2263 2862 2428 2917 nium
2462 2861 2784 2918 novissimi.
2819 2862 2882 2915 Et
2912 2862 3049 2934 quia
3076 2861 3253 2930 Deus,
3290 2867 3355 2918 ut
3385 2860 3661 2931 benignus
3683 2861 3731 2912 et
3763 2854 3833 2908 cle-

2263 2967 2454 3016 mens,
2495 2949 2875 3006 minimorum
2925 2967 3177 3021 quoque,
3233 2957 3293 3006 et
3343 2949 3602 3006 omnium
3642 2943 3835 3001 recorda-

2262 3044 2378 3108 tur,
2413 3039 2505 3094 his
2536 3040 2636 3110 qui
2671 3044 2902 3111 propter
2955 3039 3162 3094 vitium
3212 3057 3393 3095 suum
3443 3035 3717 3094 novissimi
3753 3045 3837 3116 esse

2270 3131 2630 3193 meruerunt,
2665 3146 2779 3184 non
2821 3132 3044 3184 tantam
3096 3128 3261 3183 dabit
3310 3128 3574 3201 gioriam,
3627 3125 3836 3196 quantum

511 3232 649 3276 vum
679 3216 739 3272 in
772 3216 991 3272 mundo
1041 3217 1180 3270 ﬁat:
1215 3231 1319 3270 nec
1375 3215 1449 3270 sit
1495 3216 1708 3287 aliquis
1737 3218 1779 3281 7,
1829 3217 1928 3288 qui
1975 3219 2162 3289 possit
2191 3194 2234 3261 (ἶ
2272 3217 2362 3272 his
2396 3217 2497 3287 qui
2539 3233 2601 3273 se
2647 3217 3028 3273 humiliantes
3075 3218 3390 3274 novissimi
3439 3219 3499 3272 in
3533 3213 3726 3270 mundo
3753 3223 3838 3265 esse

519 3306 783 3374 existere,
819 3309 877 3361 et
906 3304 1116 3367 dicere,
1148 3319 1275 3358 ecce
1307 3303 1416 3358 hoc
1441 3321 1654 3359 novum
1687 3308 1804 3360 est:
1868 3305 2161 3376 siquidem

519 3412 690 3452 omne
719 3395 872 3467 quod
913 3409 974 3450 se
1005 3392 1294 3465 putaverit
1324 3409 1536 3448 novum
1567 3393 1893 3462 ostendere,
1935 3395 2063 3465 jam
2100 3396 2162 3451 in

519 3485 813 3556 prioribus
843 3481 1070 3538 saeculis
1103 3481 1231 3538 fuit.
1266 3482 1379 3537 Nec
1424 3487 1700 3553 putemus
1748 3483 1936 3556 signa,
1987 3488 2164 3556 atque

516 3572 800 3645 prodigia,
833 3577 892 3628 et
921 3571 1125 3636 multa,
1160 3588 1286 3642 quas
1307 3570 1547 3626 arbitrio
1569 3572 1668 3628 Dei
1693 3589 1838 3628 nova
1861 3573 1919 3628 in
1944 3575 2164 3630 mundo

515 3788 551 3842 ὴ
587 3717 600 3749 ¹
634 3717 785 3842 [ig/ig!
812 3720 889 3841 ἵει
917 3715 1123 3772 dictum
1167 3714 1471 3770 Terentius
1521 3715 1578 3770 in
1626 3715 1865 3788 Prologo
1915 3719 2166 3772 Eunuchi

557 3805 634 3842 me
701 3805 733 3842 a
778 3804 807 3842 e
857 3803 870 3840 :

557 3805 634 3843 sic
659 3803 833 3843 ηᾶῡθι
857 3803 870 3840 ζ

607 3876 816 3926 Nullum
843 3879 925 3924 est
948 3875 1059 3938 jam
1088 3875 1303 3931 dictum,
1335 3874 1478 3937 quod
1509 3889 1618 3924 non
1650 3875 1848 3925 dictum
1864 3878 1931 3926 sit
1980 3879 2160 3940 prius:

607 3941 777 4003 Quare
807 3941 1137 4003 aequum‘est
1162 3950 1252 3985 vos
1278 3950 1600 4003 cognoscere
1621 3943 1788 4003 atque
1807 3940 2099 4003 ignoscere,

607 4001 734 4058 Qua:
763 3999 971 4049 veteres
1019 3999 1345 4059 factitarunt,
1371 3999 1414 4048 si
1445 4001 1647 4050 faciunt
1670 3999 1814 4051 novi.

586 4120 654 4131 —-
682 4088 858 4143 Porro
891 4087 950 4142 in
981 4087 1428 4142 Commentariis
1457 4088 1663 4143 Donati
1694 4105 1922 4145 excusts
1941 4107 2054 4145 non
2078 4089 2160 4146 in-

510 4161 984 4216 veniturcomma
1003 4159 1157 4232 quod
1180 4159 1567 4229 Hieronymus
1588 4160 2160 4232 replicat.Undecon-

499 4234 642 4312 ji_cio
673 4233 961 4312 Donatum
986 4230 1229 4312 dixisse,
1267 4236 1498 4312 Pereunt
1528 4234 1622 4312 qui
1652 4230 1798 4312 ante,
1840 4237 1973 4312 etc.”
2025 4251 2156 4312 cum

505 4302 632 4361 viva
651 4320 787 4360 voce
817 4303 875 4358 in
904 4302 1041 4358 ludo
1072 4303 1496 4358 Grammatices
1528 4302 1705 4357 istum
1730 4303 1946 4358 Comici
1978 4305 2156 4359 versi-

507 4377 702 4432 culum
737 4380 1065 4446 exponeret.
1091 4375 1376 4446 MAanAN.

575 4451 597 4482 ²
627 4444 1197 4502 ΡυιδιΜθυὶὶθῃωυε
1227 4445 1336 4499 hoc
1368 4445 1436 4497 de
1463 4460 1560 4498 ore
1589 4444 1809 4498 dictum
1847 4462 1879 4499 a
1912 4444 2154 4514 Donato,

508 4536 642 4574 cum
666 4519 724 4572 in
757 4519 886 4589 ejus
917 4515 1364 4572 Commentariis
1396 4514 1539 4569 nihil
1565 4515 1756 4589 simile
1779 4517 2035 4589 invenire
2057 4517 2153 4572 sit.

505 4586 1011 4670 Fortasse—autem.
1036 4589 1229 4670 verius
1282 4602 1497 4670 novum
1541 4603 1608 4641 ex
1658 4586 1767 4670 hoc
1823 4587 1948 4643 loco
1976 4605 2156 4670 argu-

506 4667 770 4717 mentum
804 4665 1094 4732 peteretur
1134 4659 1204 4732 ad
1240 4658 1629 4732 probandum,
1688 4658 2152 4716 Commentarios

501 4733 635 4790 illos
666 4733 724 4789 in
753 4727 1007 4804 vulgatis
1039 4727 1386 4786 hodiernum
1428 4727 1596 4784 libris
1639 4746 1876 4786 maneos
1915 4749 2044 4787 esse
2097 4737 2153 4787 et

504 4805 766 4862 mutilos.

568 4878 591 4956 ἦ
635 4876 764 4956 _Legi
809 4877 866 4956 iu
912 4874 1146 4956 quodam
1193 4872 1356 4927 libro.
1409 4871 1680 4956 origanis
1729 4873 1944 4956 dogma
1986 4875 2145 4956 apud

499 4943 797 5020 Originem
825 4943 1048 5025 legisse
1077 4945 1180 5025 lib.
1217 4961 1255 5025 ll
1294 4961 1418 5025 step}
1463 4943 1680 5018 Ἀρχὼν
1706 5021 1713 5025 Δ
1739 4943 1877 5025 non.
1902 4943 2146 5025 dubium

499 5016 629 5085 est?
655 5035 790 5074 nam
822 5018 879 5071 in
903 5016 1154 5088 epistola
1182 5016 1253 5070 ad
1285 5016 1513 5070 Avitum
1534 5016 1796 5088 testatur
1825 5016 1977 5088 idem
2023 5018 2148 5070 Hie-

498 5105 779 5160 ronymus
810 5086 1116 5159 Orig—onem
1157 5088 1408 5143 abusum
1443 5087 1625 5143 fuisse
1654 5087 1761 5160 hoc
1786 5086 2145 5160 Ecclesiastes

499 5159 951 5232 testimoniorut
986 5163 1255 5232 probaret
1285 5160 1438 5230 quod
1475 5166 1607 5214 ante
1640 5159 1931 5232 fabricam
1971 5159 2146 5232 istius

498 5232 725 5303 mundi,
759 5230 878 5303 allii
912 5229 1117 5287 mundi
1178 5232 1234 5287 in
1287 5229 1591 5303 praeteritis
1635 5229 1864 5286 saeculis
1908 5230 2141 5285 fuerint.

495 5297 745 5378 Consule
791 5301 1119 5378 epistolam,
1169 5297 1304 5376 quae.
1338 5303 1579 5375 incipit:
1628 5306 1757 5356 ante
1811 5317 1985 5356 annos
2033 5305 2142 5357 cir-

493 5371 628 5423 citer
649 5372 860 5433 decem,
893 5377 1002 5427 etc.
1046 5371 1330 5430 Manium.

565 5471 633 5521 ᾖ
663 5443 1008 5521 Quanquam
1057 5446 1115 5498 in
1175 5450 1446 5521 promptu
1494 5445 1570 5501 sit
1631 5443 2140 5521 opinari‘librum

495 5513 733 5590 tertium
775 5511 1042 5590 Origenis
1067 5511 1435 5590 περῐξικρολῷν
1487 5533 1614 5588 cap.
1648 5511 1683 5570 5
1729 5516 2142 5590 ἱηῑιιιὶηβιῂυε

495 5586 689 5643 locum
721 5585 779 5638 in
819 5583 987 5654 epist.
1023 5583 1232 5640 424'ad
1280 5583 1531 5652 AVitum,
1559 5583 1748 5644 'num.
1781 5589 1837 5648 9.
1879 5583 2137 5644 adducit.

494 5664 551 5720 et
571 5657 896 5718 luculenter
923 5655 1230 5732 impugnat
1274 5659 1334 5713 S.
1384 5660 1612 5726 doctor;
1656 5660 1714 5715 in
1759 5676 1889 5715 eam
1942 5665 2139 5719 tamen

2271 3305 2598 3361 voluerunt.
2651 3304 2872 3360 Dicitur
2917 3305 3115 3377 itaque
3157 3312 3214 3361 et
3261 3306 3324 3362 in
3383 3300 3837 3376 consequentibus:

2272 3395 2386 3451 Non
2417 3404 2495 3452 est
2526 3397 2788 3450 memoria
2817 3397 3084 3466 sapientis
3118 3396 3160 3430 ¹⁰
3186 3412 3317 3450 cum
3347 3396 3514 3451 stulto
3544 3394 3600 3446 in
3637 3397 3837 3444 aeterm

2343 3508 2369 3532 ‹‹
2399 3485 2512 3554 Ego
2544 3483 2922 3539 Ecclesiastes
2954 3484 3032 3537 fui
3060 3500 3160 3539 rex
3180 3501 3363 3557 super
3396 3479 3566 3540 Israel
3599 3478 3650 3532 in
3665 3477 3840 3533 Jerusa-

2275 3573 2460 3628 lem.»
2487 3573 2798 3644 Hucusque
2845 3572 3104 3644 praefatio
3133 3573 3576 3644 generaliterde
3633 3567 3840 3628 omnibus

2273 3715 2622 3772 sententiam
2657 3714 2886 3786 jamdiu
2936 3715 3075 3770 olim
3130 3727 3547 3776 concesserant
3593 3721 3645 3773 et
3681 3705 3842 3769 Habui

2272 3788 2534 3870 quidam,
2586 3804 2734 3870 quos
2933 3787 3122 3842 Moses
3191 3788 3580 3846 Maimonides
3649 3793 3843 3841 memora

2269 3858 2372 3914 lib.
2407 3877 2443 3912 ιι
2476 3859 2616 3912 More
2634 3858 2928 3913 Nevochin.

2341 3933 2361 3963 δ
2400 3930 2661 4003 Χξθῐξοεω.
2690 3931 2974 4003 antiquam
3030 3931 3109 4003 sol
3155 3931 3332 3999 ﬁeret,
3377 3949 3555 4003 quam
3605 3925 3841 3986 lectionem

2269 4006 2325 4056 et
2351 4001 2648 4056 Palatinus
2679 4000 2824 4054 alter
2850 4001 3096 4068 reduxit,
3142 4003 3334 4073 priore
3363 4000 3657 4076 expuncta.

2339 4082 2360 4116 ⁸
2389 4080 2489 4135 Sed
2531 4079 2866 4146 excluditur,
2926 4084 3034 4135 etc.
3085 4071 3157 4135 Ini
3204 4071 3504 4140 veteribus
3565 4071 3845 4138 editionibus

2269 4152 2381 4208 alio
2413 4152 2585 4207 modo
2615 4151 2860 4222 legitur;
2887 4167 3116 4222 nempe,
3171 4153 3278 4208 Sed
3337 4156 3443 4210 hac
3477 4151 3750 4212 excluditur
3781 4156 3843 4200 r6-

2269 4227 2434 4285 tione.
2464 4223 2673 4293 quodet
2696 4224 2967 4293 jumenta,
2989 4229 3097 4278 etc.
3133 4223 3422 4282 Maurum.

2337 4297 2357 4330 ⁶
2389 4295 2532 4350 Hinc
2563 4293 2803 4366 colligas
2843 4294 3035 4365 priora
3065 4294 3243 4366 hujus
3283 4297 3555 4353 versiculi
3584 4295 3844 4350 Graeca”?

2267 4365 2363 4428 ba,
2421 4383 2551 4437 quae
2593 4371 2874 4437 tanquam
2911 4365 3246 4437 Symmachi
3283 4368 3342 4423 in
3406 4370 3542 4424 edit.
3584 4367 3732 4437 Rom;
3761 4370 3844 4437 Δτωπξ

2269 4437 2406 4514 ΙλξΧ
2438 4433 2876 4514 ίςιίίόυῡμὸμινε
2912 4433 3049 4514 ’Ᾰρα
3097 4438 3211 4490 ἑατι
3241 4457 3310 4514 τι⁸
3335 4438 3365 4492 ὅ
3412 4441 3521 4514 ἐρει
3565 4456 3659 4514 τίς.

2269 4509 2503 4579 aliquid,
2536 4509 2674 4580 quod
2723 4509 2862 4564 dicet
2909 4495 3050 4580 quis,
3096 4515 3206 4564 etc.
3261 4495 3500 4567 alterius
3527 4495 3845 4580 aSymnaObO

2189 4561 2234 4625 D
2266 4561 2793 4652 missamissa;
2811 4561 2869 4635 at
2887 4561 3426 4652 sataesatae:

2333 4629 2519 4706 i'iﬁio'
2532 4629 2962 4718 beatam;
2975 4629 3510 4726 aias-5.35,";tod
3553 4648 3705 4724 possit
3739 4629 3844 4698 wi-

2258 4726 2560 4849 818ζῖἶὲἑὲ
2591 4798 2649 4849 et
2678 4792 2889 4859 Vatic.,
2921 4793 3122 4866 faciem
3155 4799 3256 4851 Dei
3279 4813 3292 4852 :
3328 4796 3615 4851 mendose.

2329 4875 2350 4908 θ
2379 4875 2495 4929 Non
2542 4879 2620 4929 est
2687 4861 2955 4930 memoria
3010 4877 3231 4947 primis.
3299 4875 3538 4932 Nullum
3592 4861 3838 4947 vestigia?

2258 4945 2588 5018 Graecorum
2617 4947 2953 5018 verborum,
3010 4930 3136 5017 qua:
3177 4948 3270 5002 hic
3303 4930 3458 5018 apud
3511 4930 3836 5018 Εηεωυῖξὲξί

2259 5017 2587 5072 Marianum
2621 5017 2913 5085 leguntur,
2943 5004 3215 5074 invenire
3247 5004 3405 5100 potui
3438 5019 3495 5072 in
3526 5029 3656 5070 mss.
3677 5004 3837 5080 codin

2257 5089 2386 5141 bus.
2425 5089 2524 5141 oui
2554 5093 2748 5141 tamen
2783 5095 3120 5141 constanter
3159 5097 3412 5141 retinent
3441 5090 3656 5141 Gracas
3681 5079 3834 5134 κεῖτο·

2301 5106 2386 5155 us,

2256 5176 2360 5215 nes
2402 5155 2952 5232 aliorumﬁlocorum
2994 5167 3050 5214 et
3093 5163 3534 5232 praecedentium
3580 5161 3642 5232 et
3679 5155 3832 5232 0003?:

2256 5212 2838 5311 ρίιέηιξβφ-ῑ-υη-ςιο-
2863 5212 3648 5311 "g..'..aijq.‘s't_i's‘siayesset
3685 5212 3832 5311 iege:

2255 5283 2585 5357 eaeeae
2642 5283 3628 5374 sai-inor};"ansam;"secesseris
3680 5283 3832 5374 add]?

2255 5374 2436 5430 fuisse
2474 5375 2670 5428 Graeca
2729 5365 2902 5428 verba
2949 5375 3004 5429 in
3051 5365 3375 5431 Comment.
3430 5365 3828 5437 Hieronymjaqoy

2251 5450 2485 5518 atquae
2525 5447 2814 5516 corruptis
2844 5430 3282 5518 exemplaribus
3311 5447 3540 5518 ﬂuxisse
3573 5430 3640 5494 in.
3670 5430 3827 5518 θάξξίξζ

2251 5504 2383 5570 nem
2409 5504 2828 5576 Erasmianlam.
2861 5504 3031 5586 cujus
3078 5535 3303 5574 errores
3356 5517 3604 5572 imitatur
3660 5504 3825 5572 8a"?ius

2249 5587 2542 5663 marianus
2565 5587 2858 5644 Victorius
2877 5585 3115 5663 Erasini
3133 5592 3464 5663 castigator.
3497 5585 3743 5663 MARTMS;

2321 5641 2364 5696 ιδ
2391 5641 2534 5716 Tres
2562 5641 3024 5733 m*.s‘.',‘sap.mii
3037 5641 3448 5720 ἶῐῖᾱὲἶῌὸἷίέι
3479 5641 3756 5728 cap-11:”:

2467 5089 2524 5143 ui
2554 5072 2748 5143 tamen
2783 5072 3120 5144 constanter
3157 5072 3412 5146 retinent
3441 5090 3656 5145 Graecas
3681 5072 3834 5134 Ιθοτῗο·
