4084 6170
1274 310 1896 378 COMMENTARIUS
1937 313 2018 377 IN
2062 308 2658 378 EGGLESIASTEN.

3505 310 3680 380 ωπον

267 443 629 519 disputantis
658 442 766 520 [ΑΙ.
798 443 1131 521 disputans]
1165 462 1182 505 :
1215 464 1371 504 nunc
1419 449 1491 504 ad
1523 449 1908 520 semetipsum
1935 450 1993 515 Α
2021 449 2238 505 dantur
2265 450 2323 504 in
2353 466 2442 517 ea,
2475 448 2614 521 quia
2643 447 2806 520 prius
2835 451 3043 522 sponte
3072 464 3181 507 sua
3207 449 3266 508 et
3293 449 3529 524 propria
3553 466 3662 507 vo-

263 536 438 605 redit,
451 540 511 591 et
539 535 674 608 quis
698 536 890 601 fuerit,
906 538 1199 608 quomodo
1220 538 1614 609 experimento
1636 538 1910 593 universa

261 624 618 700 cognoverit,
651 625 836 680 docet.
870 626 1046 680 Aiunt
1074 626 1296 682 Hebraei
1325 626 1480 681 hunc
1512 626 1730 681 librum
1753 625 1909 682 Solo-

258 714 456 772 monis
486 730 638 781 esse,
671 714 1076 786 pmnitentiam
1107 716 1559 788 agentis‘,quod
1591 715 1651 770 in
1684 715 1910 786 sapien-

255 805 342 864 tia
373 803 710 875 divitiisque
767 804 1048 870 conﬁsus,
1103 821 1208 876 per
1262 804 1539 860 mulieres
1605 803 1908 859 offenderit

254 894 469 951 Deum.

334 1005 364 1034 α
392 982 464 1038 Et
517 981 653 1037 dedi
702 997 802 1036 cor
831 997 1028 1036 meum
1061 983 1132 1036 ad
1165 981 1584 1054 inquirendum
1625 985 1683 1038 et
1712 981 1905 1036 consi-

255 1072 585 1129 derandum
617 1069 678 1124 in
709 1069 1001 1142 sapientia
1031 1072 1102 1124 de
1132 1071 1408 1127 omnibus
1441 1088 1568 1143 quae
1617 1071 1766 1125 ﬁunt
1795 1071 1904 1126 sub

257 1159 404 1218 sole.
436 1159 596 1215 Hanc
625 1159 1066 1230 occupationem
1098 1159 1316 1215 malam
1367 1161 1528 1215 dedit
1557 1160 1711 1215 Deus
1767 1159 1906 1214 ﬁliis

256 1248 591 1315 hominum,
619 1252 686 1303 ut
714 1251 1139 1319 occuparentur
1166 1248 1224 1302 in
1258 1265 1344 1304 ea.
1381 1272 1400 1297 ι›
1438 1248 1693 1304 Verbum
1731 1265 1904 1304 ANIAN

255 1337 420 1426 (Tur)
453 1336 688 1426 Aquila,
719 1336 1108 1426 Septuaginta
1171 1342 1228 1392 et
1287 1337 1607 1393 Theodotio
1638 1356 1900 1412 περισπα-

253 1425 394 1498 ape»
428 1425 706 1482 similiter
733 1425 1183 1493 transtulerunt,
1222 1427 1378 1497 quod
1419 1426 1477 1480 in
1524 1427 1905 1482 distentionem

252 1515 500 1572 Latinus
529 1515 817 1586 interpres
849 1513 1157 1585 expressit,
1170 1531 1237 1569 eo
1267 1515 1425 1585 quod
1456 1515 1517 1569 in
1537 1515 1729 1570 varias
1751 1514 1907 1570 solli-

250 1604 546 1666 citudines
575 1619 744 1660 mens
772 1603 1031 1658 hominis
1061 1603 1319 1659 distenta
1342 1603 1616 1659 lanietur.
1641 1604 1905 1676 Symma-

251 1694 401 1750 chus
433 1710 569 1750 vero
592 1688 879 1767 ἀσχολίαν,
913 1692 970 1747 id
1002 1697 1110 1760 est,
1133 1695 1549 1764 occupationem
1579 1691 1900 1748 transtulit.

252 1783 402 1849 Quia
460 1781 642 1855 igitur
691 1781 910 1853 saepius
969 1780 1030 1835 in
1060 1780 1167 1836 hoc
1196 1781 1493 1836 volumine
1544 1781 1900 1847 nominatur,

248 1873 374 1930 sive
455 1873 887 1942 occupationem,
938 1870 1057 1925 sive
1097 1871 1502 1936 distentionem,
1563 1870 1684 1926 sive
1759 1870 1900 1941 quid

247 1960 411 2017 mind
460 1958 802 2025 dixerimus,
837 1959 908 2014 ad
975 1958 1338 2030 superiorem
1395 1975 1637 2014 sensum
1695 1963 1906 2014 cuncta

249 2050 602 2108 referantur.
633 2047 804 2103 Dedit
832 2063 968 2119 ergo
999 2047 1378 2104 Ecclesiastes
1421 2047 1607 2120 primo
1637 2049 1902 2103 omnium

255 2143 520 2195 mentem
547 2152 714 2192 suam
745 2138 905 2194 898
946 2137 1019 2191 ad
1070 2136 1419 2209 sapientiam
1471 2137 1900 2207 requirendam,

253 2231 320 2291 et
351 2225 503 2281 ultra
527 2225 752 2280 licitum
779 2241 842 2280 se
872 2225 1210 2291 extendens,
1243 2225 1428 2281 voluit
1464 2242 1674 2281 causas
1730 2225 1900 2280 ratio-

249 2325 480 2386 nesque
510 2329 856 2386 cognoscere
888 2330 901 2367 :
936 2330 1116 2385 quare
1145 2312 1372 2386 parvuli
1411 2315 1842 2386 corriperentur
1870 2330 1904 2369 a

251 2403 542 2469 (immane,
575 2419 679 2457 cur
711 2403 1018 2474 naufragia
1045 2407 1102 2458 et
1123 2403 1320 2472 justos
1347 2406 1405 2458 et
1433 2402 1647 2474 impios
1686 2402 1905 2474 pariter

250 2492 674 2558 absorberent;
708 2495 906 2546 utrum
961 2491 1082 2546 haec
1139 2496 1196 2546 et
1226 2491 1319 2547 bis
1351 2491 1573 2547 similia
1601 2508 1739 2548 casu
1772 2507 1902 2547 eve-

248 2581 471 2647 nirent,
497 2597 571 2636 an
594 2580 818 2651 judicio
850 2579 969 2636 Dei.
996 2581 1062 2634 Et
1091 2579 1140 2634 si
1167 2597 1330 2649 casu,
1362 2581 1462 2635 ubi
1493 2579 1857 2652 providentia
1877 2580 1905 2633 ?

246 2669 306 2728 si
347 2668 587 2740 judicio,
636 2668 736 2723 ubi
775 2667 1017 2739 justitia
1064 2667 1211 2724 Dei?
1255 2669 1410 2734 Hec,
1463 2669 1676 2740 inquit,
1728 2684 1902 2724 nosse

243 2759 613 2824 desiderans,
645 2755 898 2828 intellexi
953 2757 1312 2828 superﬂuam
1343 2773 1542 2812 curam
1593 2763 1650 2812 et
1688 2755 1901 2812 sollici-

241 2846 518 2902 tudinem
549 2862 652 2917 per
681 2846 910 2900 diversa
952 2844 1312 2900 cruciantem
1344 2863 1379 2901 a
1408 2851 1522 2901 Deo
1561 2846 1904 2901 hominibus

250 2935 482 3004 datam,
513 2939 582 2990 ut
645 2933 794 2989 scire
834 2932 1094 3005 cupiant,
1127 2933 1280 3005 quod
1340 2935 1489 2989 scire
1520 2951 1634 2988 non
1674 2933 1901 2988 licitum

249 3028 364 3081 est.
400 3023 647 3078 Pulchre
705 3027 900 3078 autem
968 3039 1148 3078 causa
1201 3023 1522 3094 prazmissa,
1557 3040 1592 3078 a
1620 3023 1736 3079 Deo
1767 3024 1905 3077 data

253 3113 538 3170 distentio
569 3115 677 3168 est.
697 3112 998 3175 Quomodo
1029 3111 1186 3166 enim
1219 3112 1276 3166 in
1311 3113 1566 3183 Epistola
1594 3113 1666 3167 ad
1699 3113 1904 3167 Roma-

2016 537 2242 594 luntate
2271 538 2394 594 haec
2423 537 2512 594 vel
2544 537 2646 594 illa
2673 538 2956 594 fecerunt.

2087 650 2116 676 «
2150 627 2281 682 Vidi
2340 627 2611 684 universa
2658 626 2765 700 [Αι.
2817 627 3036 700 omnia]
3079 645 3275 701 opera,
3325 647 3452 702 quae
3511 631 3664 686 facta

2015 720 2156 771 sunt
2185 717 2294 772 sub
2335 716 2548 782 sole,et
2568 731 2699 773 ecce
2721 717 2923 772 omnia
2942 716 3189 786 vanitas,
3204 721 3262 772 et
3281 718 3662 791 praesumptio

2016 806 2280 877 spiritus.
2315 829 2345 856 »
2403 805 2758 862 Necessitatc
2813 805 3242 878 compellimur,
3275 811 3342 862 ut
3397 808 3658 863 crebrius

2015 911 2195 966 quam
2243 894 2515 951 volumus
2565 896 2637 950 de
2685 895 2879 951 verbis
2922 895 3221 951 Hebraicis
3272 895 3656 952 disseramus.

2013 983 2129 1039 Nec
2159 983 2318 1040 enim
2349 1000 2666 1056 possumus
2721 983 2869 1040 scire
2927 1001 3187 1055 sensum,
3221 985 3334 1040 nisi
3365 1001 3500 1041 eum
3557 999 3662 1057 per

2012 1073 2190 1128 verba
2240 1072 2558 1129 discamus.
2593 1073 2786 1128 Roo'ru
2845 1073 3052 1144 (my-1).
3085 1073 3304 1146 Aquila
3330 1075 3352 1108 ³
3381 1078 3438 1129 et
3476 1073 3660 1130 Theo-

2013 1162 2170 1217 dotio
2207 1163 2405 1233 νομήν,
2439 1162 2829 1234 Symmachus
2892 1162 3148 1234 βὸσκησιν
3207 1163 3654 1218 transtulerunt.

2012 1251 2395 1324 Septuaginta
2422 1256 2617 1307 autem
2657 1252 3006 1322 interpretes
3037 1268 3152 1307 non
3202 1251 3505 1308 Hebraeum
3535 1265 3659 1307 ser-

2015 1357 2247 1396 monem
2305 1356 2656 1411 expressere.
2694 1341 2794 1395 sed
2844 1339 3076 1412 Syrum,
3117 1341 3378 1396 dicentes
3408 1346 3429 1374 ⁸
3458 1341 3657 1415 προαί-

2015 1448 2178 1504 ρεσιν.
2242 1428 2371 1485 Sive
2421 1446 2559 1502 ergo
2615 1428 2782 1499 νομή,
2824 1428 2942 1484 sive
3004 1427 3262 1500 βόσκησις
3303 1446 3338 1485 a
3391 1430 3657 1501 pastione

2012 1516 2362 1573 vocabulum
2409 1522 2498 1572 est
2541 1534 2554 1570 :
2599 1516 2916 1591 προαίρεσις
2967 1521 3163 1573 autem
3203 1517 3414 1574 melius
3464 1520 3656 1574 volun-

2014 1611 2202 1674 tatem,
2226 1623 2404 1678 quam
2432 1607 2916 1678 praesumptionem
2945 1611 3131 1661 sonat.
3162 1606 3392 1662 Dicitur
3435 1611 3656 1673 autem,

2013 1696 2170 1767 quod
2201 1699 2338 1767 agat
2368 1695 2777 1767 unusquisque
2807 1695 2962 1766 quod
2993 1694 3149 1762 velit,
3181 1699 3238 1750 et
3269 1695 3381 1751 sibi
3432 1699 3657 1751 rectum

2013 1801 2143 1840 esse
2184 1785 2470 1851 videatur,
2521 1788 2695 1855 atque
2744 1784 2802 1838 in
2859 1783 3089 1839 diversa
3144 1783 3328 1839 libero
3386 1784 3660 1840 homines

2011 1875 2276 1930 ferantur
2327 1871 2588 1936 arbitrio,
2621 1877 2677 1928 et
2731 1888 2882 1926 vana
2909 1871 3029 1927 sint
3058 1871 3332 1928 universa
3371 1872 3482 1928 sub
3511 1871 3656 1940 sole,

2013 1963 2152 2018 dum
2179 1962 2426 2018 invicem
2452 1960 2620 2016 nobis
2649 1962 2708 2015 in
2745 1961 3033 2016 bonorum
3066 1965 3124 2016 et
3180 1959 3470 2016 malorum
3523 1961 3657 2016 ﬁni-

2011 2053 2124 2107 bus
2151 2051 2552 2123 displicemus.
2587 2050 2822 2106 Dicebat
2851 2049 2997 2104 mibi
3027 2049 3326 2118 Hebraeus,
3353 2067 3469 2121 quo
3501 2052 3656 2109 894

2013 2142 2347 2214 Scripturas
2371 2146 2605 2195 sanctas
2633 2138 2974 2194 instituente
3005 2137 3243 2210 perlegi,
3277 2139 3434 2210 quod
3477 2156 3659 2212 supra

2013 2215 2296 2301 scriptum
2327 2245 2508 2301 sporn
2529 2229 2795 2292 verbum,
2828 2227 3017 2298 magis
3048 2227 3110 2281 in
3157 2226 3265 2282 hoc
3321 2226 3447 2282 loco
3507 2228 3656 2283 afﬂi-

2012 2319 2263 2374 ctionem
2295 2322 2350 2374 et
2379 2317 2688 2384 malitiam,
2721 2333 2898 2388 quam
2956 2315 3282 2386 pastionem
3341 2318 3399 2369 et
3450 2314 3660 2370 volun-

2011 2413 2192 2464 tatem
2224 2406 2580 2479 signiﬂcaret
2613 2422 2626 2460 :
2662 2421 2778 2460 non
2827 2421 2861 2459 a
2890 2403 3066 2469 malo,
3101 2403 3256 2474 quod
3287 2408 3377 2459 est
3433 2408 3659 2459 contra-

2012 2498 2166 2552 rium
2199 2495 2488 2564 bono,sed
2521 2495 2591 2550 ab
2619 2493 2875 2566 eo,quod
2909 2493 2968 2547 in
2999 2491 3311 2564 Evangelia
3343 2492 3653 2549 scribitur:

2013 2587 2227 2658 Sufﬁcit
2256 2585 2368 2640 diei
2396 2585 2620 2638 malitia
2649 2599 2749 2638 sua
2780 2583 2988 2652 (Matth.
3019 2596 3100 2648 vt,
3128 2581 3242 2652 34).
3265 2583 3452 2646 Quam
3475 2580 3657 2638 Graeci

2013 2674 2444 2747 significantius
2473 2670 2770 2745 κακουχίαν
2803 2674 3011 2726 vocant
3039 2671 3080 2737 ⁵,
3113 2673 3170 2724 et
3203 2685 3331 2725 esse
3363 2686 3603 2726 sensum
3640 2688 3654 2726 :

2013 2762 2384 2823 Consideravi
2445 2761 2736 2828 universa,
2765 2777 2897 2831 qua:
2934 2759 2992 2812 in
3028 2758 3248 2813 mundo
3279 2757 3449 2825 fiunt,
3482 2763 3538 2814 et
3569 2759 3658 2814 ni-

2013 2855 2093 2911 hil
2125 2853 2285 2909 aliud
2317 2850 2694 2924 deprehendi,
2727 2865 2905 2920 quam
2935 2847 3253 2903 vanitatem
3292 2851 3350 2902 et
3378 2845 3660 2917 malitias,

2013 2944 2073 2999 id
2123 2947 2212 2998 est
2254 2939 2522 2996 miserias
2572 2937 2840 3010 spiritus,
2889 2935 3105 3008 quibus
3169 2934 3368 2990 anima
3414 2935 3660 2992 diversis

2014 3029 2467 3105 cogitationibus
2497 3026 2832 3082 afﬂictatur.
3513 3090 3516 3094 η

2087 3143 2115 3170 ‹‹
2142 3121 2452 3175 Perversus
2484 3133 2598 3172 non
2631 3114 2843 3187 poterit
2889 3112 3159 3168 adornari
3189 3115 3230 3180 6,
3265 3116 3322 3167 et
3379 3112 3659 3168 imminu-

252 3220 365 3260 nos
419 3201 748 3256 scribitur:
782 3207 1010 3272 Propter
1057 3201 1197 3272 quod
1239 3201 1468 3257 tradidit
1513 3217 1601 3257 eos
1661 3203 1798 3256 Deus
1842 3203 1901 3255 in
1934 3185 1976 3251 C
2014 3210 2093 3266 ιίο
2151 3225 2264 3264 non
2327 3206 2537 3279 poterit
2593 3185 2910 3258 numerari.
2951 3224 2975 3248 υ
3021 3201 3127 3266 Qui
3182 3211 3492 3272 perversus
3545 3204 3656 3263 est,

247 3293 535 3365 passiones
563 3291 882 3360 ignominiae
910 3290 1083 3359 (Rom.
1121 3291 1224 3360 1,6)
1245 3291 1358 3344 ?Et
1388 3290 1597 3345 iterum
1625 3309 1638 3346 ε
1671 3295 1904 3361 Propter

253 3379 669 3453 qmdtradidit
720 3393 810 3433 eos
858 3379 996 3433 Deus
1025 3379 1087 3431 in
1115 3378 1407 3448 reprobum
1453 3395 1692 3446 sensum,
1726 3388 1785 3434 ut
1814 3382 1902 3450 fa-

253 3471 412 3525 ciant
440 3483 688 3540 quznon
715 3469 920 3538 oportet
950 3466 1104 3537 (Ibid.
1133 3467 1335 3536 28).Ac
1350 3467 1590 3522 deinde:
1613 3472 1905 3538 Propterea

255 3557 487 3614 tradidit
522 3572 611 3612 eos
640 3557 780 3612 Deus
809 3557 870 3609 in
897 3555 1168 3609 desideria
1217 3555 1402 3610 cordis
1431 3557 1522 3610 sui
1569 3558 1627 3610 in
1662 3558 1905 3611 immun-

260 3645 462 3700 ditiam
493 3645 650 3715 (Ibid.
672 3644 872 3714 24).Et
903 3645 977 3698 ad
999 3643 1551 3700 Tbessalonicenses
1586 3646 1907 3716 :Propterea

258 3734 446 3788 mittet
509 3733 588 3787 eis
661 3734 799 3788 Deus
875 3735 1257 3803 operationem
1335 3735 1541 3789 erroris
1607 3736 1678 3805 (II
1731 3735 1902 3790 Thess.

259 3839 326 3888 ιι,
362 3820 470 3892 10).
513 3821 583 3877 Et
635 3822 801 3892 prius
850 3837 1039 3876 causa:
1105 3822 1500 3877 ostenduntur
1521 3824 1564 3887 ³,
1599 3840 1779 3894 quare
1818 3824 1906 3879 vel

257 3909 640 3984 passionibus
677 3910 1035 3983 ignominiae,
1089 3910 1181 3965 vel
1249 3911 1449 3966 sensui
1498 3913 1763 3983 reprobo,
1819 3914 1904 3968 vel

258 3997 452 4054 cordis
509 3996 604 4052 sui
661 3996 968 4051 desideriis
1026 3998 1424 4053 concedantur
1457 4000 1557 4065 [AL
1604 3999 1908 4056 concidan-

255 4091 401 4156 tur],
443 4089 547 4141 aut
603 4085 745 4158 quid
805 4085 1067 4150 fecerint,
1125 4090 1189 4140 ut
1246 4089 1642 4158 operationem
1698 4091 1910 4146 erroris

257 4175 571 4246 accipiant.
622 4174 707 4229 Ita
747 4178 804 4228 et
860 4174 921 4229 in
978 4175 1420 4245 praesentiarum
1487 4176 1701 4234 idcirco
1757 4179 1911 4235 Deus

257 4262 678 4321 distentionem
709 4263 924 4317 malam
970 4262 1132 4318 dedit
1181 4263 1540 4334 hominibus,
1574 4272 1638 4321 ut
1690 4267 1910 4324 disten-

281 4481 288 4486 ,
337 4423 352 4456 ¹
377 4425 579 4503 _Atq_ue
617 4422 740 4503 hinc
788 4422 1026 4503 quidem
1070 4422 1470 4503 interpretum
1525 4426 1911 4503 plurimorum

258 4494 821 4566 sententiagestmui
844 4499 1040 4566 tamen
1073 4494 1340 4550 nonnulli
1373 4496 1473 4551 alii
1504 4494 1913 4566 adversantur,

256 4571 319 4621 et
351 4569 488 4620 ante
541 4564 831 4620 liberioris
897 4565 1024 4619 vitae
1082 4566 1331 4621 crimina
1361 4568 1648 4624 scriptum
1679 4587 1712 4622 a
1743 4564 1910 4624 Salo?

257 4653 446 4722 mone.
487 4652 655 4722 opus,
689 4653 757 4692 ex
801 4638 1496 4722 e.o‘conteildunt..quod
1538 4642 1664 4710 ejus
1705 4642 1908 4722 resipi-

257 4707 501 4780 scentiae
529 4707 695 4763 nulla
723 4711 912 4762 exstet
930 4707 1083 4780 apud
1104 4707 1376 4764 Ecclesia;
1391 4707 1588 4766 Patres
1607 4707 1908 4780 memoria,

258 4779 366 4852 qni
398 4779 471 4834 de
499 4780 628 4850 ejus
659 4783 875 4833 aztenna
904 4779 1096 4834 salute
1128 4781 1405 4836 continuo
1436 4782 1723 4837 dubitant.

333 4860 356 4892 ²
386 4857 681 4915 Victorius
718 4857 1415 4941 supplet,‘jungitque,Et
1441 4863 1595 4941 sicut
1603 4864 1762 4932 prius
1786 4879 1914 4917 cau-

333 5001 445 5073 3ln
504 4999 729 5072 aliquot
782 4999 953 5073 mss,
1005 5001 1203 5073 Ruotlz.
1265 4999 1531 5058 Martian.
1583 5003 1674 5058 hic
1715 5005 1913 5073 Routh,

259 5069 619 5145 pwlo_post'
636 5072 806 5128 Rooth
829 5071 987 5144 legit,
1020 5077 1076 5126 et
1103 5070 1278 5145 νόμην
1312 5090 1414 5145 pro
1462 5074 1661 5145 νομήν,
1694 5079 1803 5130 etc.

335 5173 409 5183 —
439 5142 633 5198 Roorrn
694 5142 910 5214 Aquila'
963 5147 1063 5214 Ms.
1091 5142 1468 5214 iSorbonicus
1531 5142 1736 5214 Rooth;
1777 5146 1912 5201 Cor-

259 5213 524 5287 miensis
553 5213 817 5287 uterque,
851 5213 1046 5287 Routh_.
1077 5213 1188 5269 Sed
1221 5215 1432 5271 scheva
1462 5213 1810 5272 hodiernam
1860 5224 1917 5272 et

259 5285 753 5359 Messorethicum
776 5291 998 5359 veteres
1026 5285 1217 5356 legere
1249 5287 1446 5359 solent
1481 5289 1652 5359 juxta
1705 5305 1917 5343 sonum

260 5356 486 5429 vocalis
544 5356 845 5429 sequentis
897 5374 911 5412 :
959 5366 1110 5429 D110
1152 5357 1371 5429 Sodom,
1422 5356 1526 5429 pro
1577 5360 1812 5427 Sedom;
1863 5365 1920 5414 et

260 5428 360 5484 hic
381 5437 525 5492 mm
559 5427 742 5494 Rooth,
775 5446 878 5499 pro
918 5427 1105 5491 Reuth,
1140 5428 1260 5482 sive
1293 5427 1470 5484 Reoth.
1507 5431 1793 5486 Maurum.

337 5510 360 5542 ⁸
389 5508 496 5563 Sed
540 5507 761 5582 Syrum,
811 5507 1066 5562 dicentes.
1114 5507 1266 5562 Scito
1325 5511 1590 5582 observat
1641 5511 1916 5582 Hierony-

269 5592 429 5654 mus,
459 5579 914 5654 n99_H_ebrzeum
937 5595 1292 5654 sermonem,
1324 5581 1425 5635 sed
1456 5579 1920 5654 Syrumiexpre's-

265 5649 424 5707 uisse
463 5651 602 5709 LXX
649 5652 1041 5723 Interpretes;
1075 5650 1216 5723 quia
1264 5662 1382 5717 nm
1413 5649 1512 5709 rea
1550 5649 1838 5712 Chaldéis
1863 5658 1920 5711 et

477 4971 490 4984 .
519 4972 581 5003 .__.
619 4973 631 4985 .
660 4971 672 4983 .
705 4933 984 5000 accipiant
1016 4947 1034 4983 .·
1065 4933 1144 4984 ita
1156 4934 1224 5003 Aet
1257 4933 1312 5003 in
1333 4935 1779 5003 prcrsentiarum,
1813 4943 1910 4989 etc.

2014 3299 2126 3355 nisi
2177 3301 2309 3353 ante
2357 3293 2701 3365 corrigatur,
2740 3307 2854 3346 non
2897 3289 3112 3362 poterit
3158 3287 3448 3344 adornari.
3483 3288 3660 3344 Recta

2015 3392 2285 3444 ornatum
2313 3383 2623 3454 recipiunt,
2658 3397 2834 3436 curva
2877 3377 3315 3434 correctionem.
3346 3377 3657 3434 Perversus

2016 3495 2132 3533 non
2181 3475 2416 3540 dicitur,
2450 3471 2561 3526 nisi
2611 3470 2711 3540 qui
2759 3469 3110 3540 depravatus
3137 3484 3170 3522 a
3200 3471 3355 3522 recto
3401 3470 3508 3521 est.
3539 3466 3658 3522 Hoc

2017 3569 2219 3621 contra
2269 3560 2594 3624 haereticos,
2629 3558 2729 3628 qui
2774 3556 3061 3627 quasdam
3121 3557 3364 3609 naturas
3393 3553 3660 3608 introdu-

2017 3657 2176 3716 cunt,
2211 3668 2339 3723 quae
2397 3665 2513 3703 non
2569 3645 2861 3716 recipiunt
2892 3643 3228 3699 sanitatem.
3270 3642 3340 3696 Et
3367 3641 3506 3711 quia
3551 3641 3663 3695 im-

2020 3738 2421 3804 minutio,hoc
2450 3740 2559 3801 est,
2578 3734 2733 3806 quod
2765 3733 2948 3800 deest,
2968 3747 3083 3786 non
3113 3733 3305 3801 potest
3334 3727 3664 3796 numerari;

2020 3834 2325 3904 propterea
2383 3829 2614 3880 tantum
2673 3819 3063 3893 primogenita
3128 3816 3303 3872 Israel
3363 3819 3670 3904 numerata

2021 3901 2180 3976 sunt.
2214 3914 2466 3973 Feminae
2497 3928 2651 3977 vero,
2683 3915 2739 3966 et
2789 3908 2961 3977 servi,
2993 3911 3052 3962 et
3083 3905 3327 3978 parvuli,
3361 3908 3418 3960 et
3459 3901 3670 3976 vulgus

2019 4025 2089 4064 ex
2117 4007 2382 4078 zEgypto,
2417 4015 2790 4072 nequaquam
2825 3996 3150 4069 plenitudo,
3183 3994 3283 4050 sed
3333 3991 3669 4048 imminutio

2021 4096 2331 4160 exercitus,
2365 4092 2584 4161 absque
2613 4103 2860 4143 numero
2892 4081 3268 4158 praetermissi
3297 4085 3456 4138 sunt.
3471 4084 3671 4136 Potest

2021 4189 2078 4241 et
2109 4183 2205 4240 hic
2236 4197 2366 4238 esse
2395 4195 2604 4235 sensus
2639 4195 2651 4231 :
2687 4177 2877 4231 Tanta
2906 4172 3131 4230 malitia
3158 4172 3219 4226 in
3253 4169 3459 4226 mundi
3483 4169 3665 4240 huius

2023 4272 2342 4346 capacitate
2371 4271 2658 4332 versatur,
2692 4268 2756 4320 ut
2787 4264 2858 4319 ad
2900 4263 3194 4333 integrum
3256 4258 3391 4314 boni
3443 4261 3664 4314 statum

2025 4430 2202 4504 Syris,
2227 4430 2364 4504 uelle
2392 4433 2569 4504 e_st_e_t
2597 4427 2856 4504 cogitare.
2890 4438 3168 4477 auarus.
3443 4489 3452 4498 I

2098 4533 2162 4542 —
2190 4487 2318 4556 Sive
2375 4487 2774 4563 Chaldaicum,
2807 4511 2922 4567 quo
2981 4507 3279 4567 sermone_
3296 4506 3402 4545 vox
3438 4487 3665 4567 isthmc,

1942 4557 1989 4620 Π
2020 4582 2161 4636 ηψπ
2201 4574 2537 4627 voluntatem
2562 4557 2771 4632 sonati
2803 4557 3171 4636 occurritque
3240 4563 3363 4636 Enr.
3398 4579 3454 4627 v,
3489 4561 3576 4636 i7_,
3610 4564 3668 4615 et

2025 4629 2124 4705 vii,
2157 4629 2245 4698 48.
2277 4646 2635 4699 Consensere
2665 4629 2860 4694 autem
2882 4641 2997 4696 τοῖς
3033 4629 3167 4689 LXX
3198 4633 3438 4705 quidam
3483 4629 3660 4686 etiam

2024 4733 2054 4771 e
2077 4713 2381 4777 Rabbinis,
2413 4713 2512 4784 qui
2542 4728 2645 4783 pro
2670 4721 2816 4802 νὴ)
2843 4708 3193 4802 teneplacitc,
3213 4708 3555 4802 exponunt:

2092 4803 2113 4836 ⁸
2143 4801 2446 4875 Κακφυχέπν
2467 4791 2860 4875 coeantLEditi
2892 4799 3064 4850 antea
3094 4793 3225 4875 libri
3259 4791 3477 4875 habent
3495 4791 3670 4875 ξιάκω-

2023 4893 2102 4925 σιν
2139 4889 2150 4927 ;
2187 4873 2287 4928 sed
2320 4861 2521 4927 o‘mnia
2548 4868 2904 4940 exemplaria
2933 4883 3078 4940 mss.
3109 4865 3314 4940 legunt
3356 4861 3513 4940 quod
3554 4875 3670 4940 .nos

2023 4944 2336 5001 edidimus.
2368 4945 2469 4998 Est
2517 4933 3030 5012 autem'xaxouxla,
3058 4933 3208 5012 mala
3245 4934 3484 5012 vexatio,
3519 4933 3674 5012 sicut

2021 5018 2293 5085 κακοῦμαι
2335 5013 2627 5086 significat
2654 5011 2798 5066 male
2841 5001 3027 5072 ocior,
3058 5008 3307 5062 animum
3351 5001 3668 5075 despondeo.

2024 5087 2310 5142 Murrus.
2753 5152 2762 5154 _
2800 5151 2811 5154 _
2878 5151 2890 5154 _
3111 5153 3115 5154 ,
3276 5145 3286 5154 .
3431 5143 3496 5154 .-.

2097 5189 2162 5198 —
2199 5160 2282 5214 [ta
2311 5161 2367 5212 et
2397 5172 2539 5210 mss.
2583 5152 2768 5209 nostri
2799 5151 3040 5215 habent,
3067 5153 3242 5218 atque
3273 5145 3400 5217 ipse
3430 5144 3669 5218 Hieron.

2026 5228 2084 5283 in
2117 5230 2508 5284 Commentar.
2540 5225 2599 5279 in
2641 5225 2796 5278 hunc
2819 5220 3068 5276 Μελίη]ίεὶ
3121 5216 3338 5283 locum,
3372 5216 3670 5280 malitiam,

2025 5299 2236 5371 inquit,
2270 5316 2382 5353 non
2423 5297 2760 5353 contrariam
2811 5293 3003 5371 uirtuti
3044 5292 3246 5371 posuit,
3276 5289 3372 5344 sed
3410 5287 3673 5353 laborem,

2025 5379 2078 5427 et
2099 5363 2482 5442 afﬂictionem,
2515 5372 2566 5422 et
2596 5367 2880 5442 angustias
2909 5363 3144 5442 sgeculi._
3198 5430 3262 5442 η.
3615 5427 3627 5438 .

2097 5430 2440 5497 6'Pcrwersus
2471 5430 2586 5494 non
2631 5430 2832 5508 poterit
2877 5436 3162 5489 adornari.
3198 5430 3299 5485 Hic
3340 5444 3574 5511 quoque
3599 5430 3671 5511 _in

2029 5512 2383 5567 editislibris
2415 5503 2697 5579 scriptum
2730 5512 2818 5562 est
2842 5519 3281 5579 perversumnon
3309 5503 3672 5579 poterit,_etc.

2025 5588 2098 5638 At
2119 5585 2188 5638 de
2213 5584 2318 5638 hoc
2341 5584 2512 5638 verbo
2538 5570 2697 5635 infra
2716 5579 2774 5635 in
2807 5570 2967 5634 Notis
2991 5575 3208 5632 nostris
3230 5570 3670 5646 prolixioribus.

2028 5657 2308 5711 Maenas.
