  <div class='ocr_page' id='page_1' title='image "/cluster/home/n/w/nwhite01/storage/ocr_20150623/23/hvd.32044052772480/545.png"; bbox 0 0 4084 6170; ppageno 0'>
   <div class='ocr_carea' id='block_1_1' title="bbox 494 255 667 326">
    <p class='ocr_par' dir='ltr' id='par_1_1' title="bbox 494 255 667 326">
     <span class='ocr_line' id='line_1_1' title="bbox 494 255 667 326; baseline -0.023 0"><span class='ocrx_word' id='word_1_1' title='bbox 494 255 667 326; x_wconf 56' lang='grc' dir='ltr'>ιονιξ</span> 
     </span>
    </p>
   </div>
   <div class='ocr_carea' id='block_1_2' title="bbox 1733 261 2664 330">
    <p class='ocr_par' dir='ltr' id='par_1_2' title="bbox 1733 261 2664 330">
     <span class='ocr_line' id='line_1_2' title="bbox 1733 261 2664 330; baseline -0.002 -2"><span class='ocrx_word' id='word_1_2' title='bbox 1733 266 1798 328; x_wconf 84' lang='grc'>8.</span> <span class='ocrx_word' id='word_1_3' title='bbox 1844 263 2158 330; x_wconf 90' lang='lat' dir='ltr'>EUSEBII</span> <span class='ocrx_word' id='word_1_4' title='bbox 2199 261 2664 328; x_wconf 80' lang='lat' dir='ltr'>HIERONYMI.</span> 
     </span>
    </p>
   </div>
   <div class='ocr_carea' id='block_1_3' title="bbox 3682 258 3817 331">
    <p class='ocr_par' dir='ltr' id='par_1_3' title="bbox 3682 258 3817 331">
     <span class='ocr_line' id='line_1_3' title="bbox 3682 258 3817 331; baseline 0 0"><span class='ocrx_word' id='word_1_5' title='bbox 3682 258 3817 331; x_wconf 76' lang='lat' dir='ltr'>me</span> 
     </span>
    </p>
   </div>
   <div class='ocr_carea' id='block_1_4' title="bbox 491 393 3817 472">
    <p class='ocr_par' dir='ltr' id='par_1_4' title="bbox 491 393 3817 472">
     <span class='ocr_line' id='line_1_4' title="bbox 491 393 3817 472; baseline 0.002 -23"><span class='ocrx_word' id='word_1_6' title='bbox 491 394 756 451; x_wconf 87' lang='lat' dir='ltr'>mundus</span> <span class='ocrx_word' id='word_1_7' title='bbox 811 393 1000 453; x_wconf 90' lang='lat' dir='ltr'>redire</span> <span class='ocrx_word' id='word_1_8' title='bbox 1052 394 1148 454; x_wconf 85' lang='lat' dir='ltr'>vix</span> <span class='ocrx_word' id='word_1_9' title='bbox 1194 396 1401 467; x_wconf 84' lang='lat' dir='ltr'>valeat,</span> <span class='ocrx_word' id='word_1_10' title='bbox 1436 414 1541 455; x_wconf 90' lang='lat' dir='ltr'>nec</span> <span class='ocrx_word' id='word_1_11' title='bbox 1572 400 1758 472; x_wconf 79' lang='lat' dir='ltr'>possit</span> <span class='ocrx_word' id='word_1_12' title='bbox 1791 398 1955 456; x_wconf 79' lang='lat' dir='ltr'>facile</span> <span class='ocrx_word' id='word_1_13' title='bbox 1986 398 2134 454; x_wconf 89' lang='lat' dir='ltr'>reci-</span> <span class='ocrx_word' id='word_1_14' title='bbox 2164 400 2220 467; x_wconf 81' lang='grc' dir='ltr'><strong>Α</strong></span> <span class='ocrx_word' id='word_1_15' title='bbox 2248 397 2438 454; x_wconf 81' lang='lat' dir='ltr'>doleat</span> <span class='ocrx_word' id='word_1_16' title='bbox 2466 402 2588 453; x_wconf 89' lang='lat' dir='ltr'>tam</span> <span class='ocrx_word' id='word_1_17' title='bbox 2628 397 2687 454; x_wconf 89' lang='lat' dir='ltr'>in</span> <span class='ocrx_word' id='word_1_18' title='bbox 2722 398 2919 455; x_wconf 90' lang='lat' dir='ltr'>abdito</span> <span class='ocrx_word' id='word_1_19' title='bbox 2970 402 3027 456; x_wconf 90' lang='lat' dir='ltr'>et</span> <span class='ocrx_word' id='word_1_20' title='bbox 3069 397 3352 472; x_wconf 86' lang='lat' dir='ltr'>profundo</span> <span class='ocrx_word' id='word_1_21' title='bbox 3381 397 3403 435; x_wconf 79' lang='grc'>¹</span> <span class='ocrx_word' id='word_1_22' title='bbox 3429 395 3592 455; x_wconf 84' lang='lat' dir='ltr'>latere</span> <span class='ocrx_word' id='word_1_23' title='bbox 3626 397 3817 472; x_wconf 82' lang='lat' dir='ltr'>sapien-</span> 
     </span>
    </p>
   </div>
   <div class='ocr_carea' id='block_1_5' title="bbox 488 484 2136 567">
    <p class='ocr_par' dir='ltr' id='par_1_5' title="bbox 488 484 2136 567">
     <span class='ocr_line' id='line_1_5' title="bbox 488 484 2136 567; baseline 0.003 -30"><span class='ocrx_word' id='word_1_24' title='bbox 488 497 627 554; x_wconf 92' lang='lat' dir='ltr'>pere</span> <span class='ocrx_word' id='word_1_25' title='bbox 660 484 1007 567; x_wconf 47' lang='lat' dir='ltr'>ordinemlet</span> <span class='ocrx_word' id='word_1_26' title='bbox 1038 488 1450 559; x_wconf 84' lang='lat' dir='ltr'>perfectionem</span> <span class='ocrx_word' id='word_1_27' title='bbox 1474 505 1664 557; x_wconf 90' lang='lat' dir='ltr'>suam,</span> <span class='ocrx_word' id='word_1_28' title='bbox 1685 489 1742 543; x_wconf 92' lang='lat' dir='ltr'>in</span> <span class='ocrx_word' id='word_1_29' title='bbox 1785 488 2002 561; x_wconf 89' lang='lat' dir='ltr'>quibus</span> <span class='ocrx_word' id='word_1_30' title='bbox 2022 487 2136 560; x_wconf 90' lang='lat' dir='ltr'>pri-</span> 
     </span>
    </p>
   </div>
   <div class='ocr_carea' id='block_1_6' title="bbox 491 573 2132 649">
    <p class='ocr_par' dir='ltr' id='par_1_6' title="bbox 491 573 2132 649">
     <span class='ocr_line' id='line_1_6' title="bbox 491 573 2132 649; baseline 0.002 -22"><span class='ocrx_word' id='word_1_31' title='bbox 491 587 657 629; x_wconf 88' lang='lat' dir='ltr'>mum</span> <span class='ocrx_word' id='word_1_32' title='bbox 689 573 963 631; x_wconf 89' lang='lat' dir='ltr'>conditus</span> <span class='ocrx_word' id='word_1_33' title='bbox 990 580 1097 631; x_wconf 90' lang='lat' dir='ltr'>est.</span> <span class='ocrx_word' id='word_1_34' title='bbox 1131 576 1329 645; x_wconf 84' lang='lat' dir='ltr'>Aliter,</span> <span class='ocrx_word' id='word_1_35' title='bbox 1363 577 1650 633; x_wconf 86' lang='lat' dir='ltr'>Omnibus</span> <span class='ocrx_word' id='word_1_36' title='bbox 1698 594 1802 649; x_wconf 91' lang='lat' dir='ltr'>per</span> <span class='ocrx_word' id='word_1_37' title='bbox 1848 577 2132 649; x_wconf 82' lang='lat' dir='ltr'>pceniten-</span> 
     </span>
    </p>
   </div>
   <div class='ocr_carea' id='block_1_7' title="bbox 490 660 2133 736">
    <p class='ocr_par' dir='ltr' id='par_1_7' title="bbox 490 660 2133 736">
     <span class='ocr_line' id='line_1_7' title="bbox 490 660 2133 736; baseline 0.003 -21"><span class='ocrx_word' id='word_1_38' title='bbox 490 660 637 717; x_wconf 90' lang='lat' dir='ltr'>tiam</span> <span class='ocrx_word' id='word_1_39' title='bbox 669 661 729 716; x_wconf 92' lang='lat' dir='ltr'>in</span> <span class='ocrx_word' id='word_1_40' title='bbox 760 662 1056 736; x_wconf 90' lang='lat' dir='ltr'>integrum</span> <span class='ocrx_word' id='word_1_41' title='bbox 1078 666 1388 733; x_wconf 81' lang='lat' dir='ltr'>restitutis,</span> <span class='ocrx_word' id='word_1_42' title='bbox 1422 666 1583 723; x_wconf 91' lang='lat' dir='ltr'>solus</span> <span class='ocrx_word' id='word_1_43' title='bbox 1610 666 1879 722; x_wconf 88' lang='lat' dir='ltr'>diabolus</span> <span class='ocrx_word' id='word_1_44' title='bbox 1928 666 1987 721; x_wconf 91' lang='lat' dir='ltr'>in</span> <span class='ocrx_word' id='word_1_45' title='bbox 2027 683 2133 721; x_wconf 93' lang='lat' dir='ltr'>suo</span> 
     </span>
    </p>
   </div>
   <div class='ocr_carea' id='block_1_8' title="bbox 487 746 2134 827">
    <p class='ocr_par' dir='ltr' id='par_1_8' title="bbox 487 746 2134 827">
     <span class='ocr_line' id='line_1_8' title="bbox 487 746 2134 827; baseline 0.003 -22"><span class='ocrx_word' id='word_1_46' title='bbox 487 752 858 821; x_wconf 84' lang='lat' dir='ltr'>permanebit</span> <span class='ocrx_word' id='word_1_47' title='bbox 904 770 1118 809; x_wconf 90' lang='lat' dir='ltr'>errore.</span> <span class='ocrx_word' id='word_1_48' title='bbox 1178 746 1401 810; x_wconf 84' lang='lat' dir='ltr'>Cuncta</span> <span class='ocrx_word' id='word_1_49' title='bbox 1456 757 1633 823; x_wconf 89' lang='lat' dir='ltr'>enim,</span> <span class='ocrx_word' id='word_1_50' title='bbox 1667 773 1793 827; x_wconf 81' lang='lat' dir='ltr'>quae</span> <span class='ocrx_word' id='word_1_51' title='bbox 1854 756 1963 810; x_wconf 87' lang='lat' dir='ltr'>sub</span> <span class='ocrx_word' id='word_1_52' title='bbox 2014 754 2134 810; x_wconf 89' lang='lat' dir='ltr'>sole</span> 
     </span>
    </p>
   </div>
   <div class='ocr_carea' id='block_1_9' title="bbox 490 838 2135 917">
    <p class='ocr_par' dir='ltr' id='par_1_9' title="bbox 490 838 2135 917">
     <span class='ocr_line' id='line_1_9' title="bbox 490 838 2135 917; baseline 0.002 -22"><span class='ocrx_word' id='word_1_53' title='bbox 490 838 647 895; x_wconf 84' lang='lat' dir='ltr'>facta</span> <span class='ocrx_word' id='word_1_54' title='bbox 694 846 854 910; x_wconf 90' lang='lat' dir='ltr'>sunt,</span> <span class='ocrx_word' id='word_1_55' title='bbox 885 842 1044 898; x_wconf 90' lang='lat' dir='ltr'>illius</span> <span class='ocrx_word' id='word_1_56' title='bbox 1079 844 1318 900; x_wconf 89' lang='lat' dir='ltr'>arbitrio</span> <span class='ocrx_word' id='word_1_57' title='bbox 1376 849 1433 899; x_wconf 91' lang='lat' dir='ltr'>et</span> <span class='ocrx_word' id='word_1_58' title='bbox 1489 845 1698 917; x_wconf 82' lang='lat' dir='ltr'>spiritu</span> <span class='ocrx_word' id='word_1_59' title='bbox 1753 844 2135 917; x_wconf 84' lang='lat' dir='ltr'>malignitatis</span> 
     </span>
    </p>
   </div>
   <div class='ocr_carea' id='block_1_10' title="bbox 491 932 2136 1006">
    <p class='ocr_par' dir='ltr' id='par_1_10' title="bbox 491 932 2136 1006">
     <span class='ocr_line' id='line_1_10' title="bbox 491 932 2136 1006; baseline 0.003 -23"><span class='ocrx_word' id='word_1_60' title='bbox 491 942 693 985; x_wconf 83' lang='lat' dir='ltr'>eversa</span> <span class='ocrx_word' id='word_1_61' title='bbox 725 934 866 985; x_wconf 91' lang='lat' dir='ltr'>sunt</span> <span class='ocrx_word' id='word_1_62' title='bbox 896 932 1037 987; x_wconf 91' lang='lat' dir='ltr'>dum</span> <span class='ocrx_word' id='word_1_63' title='bbox 1070 934 1143 988; x_wconf 92' lang='lat' dir='ltr'>ad</span> <span class='ocrx_word' id='word_1_64' title='bbox 1169 934 1297 1004; x_wconf 86' lang='lat' dir='ltr'>ejus</span> <span class='ocrx_word' id='word_1_65' title='bbox 1322 933 1668 989; x_wconf 86' lang='lat' dir='ltr'>instinctum</span> <span class='ocrx_word' id='word_1_66' title='bbox 1701 933 1951 1006; x_wconf 86' lang='lat' dir='ltr'>peccatis</span> <span class='ocrx_word' id='word_1_67' title='bbox 2005 950 2136 1004; x_wconf 89' lang='lat' dir='ltr'>pec-</span> 
     </span>
    </p>
   </div>
   <div class='ocr_carea' id='block_1_11' title="bbox 492 1019 2137 1094">
    <p class='ocr_par' dir='ltr' id='par_1_11' title="bbox 492 1019 2137 1094">
     <span class='ocr_line' id='line_1_11' title="bbox 492 1019 2137 1094; baseline 0.004 -22"><span class='ocrx_word' id='word_1_68' title='bbox 492 1021 624 1072; x_wconf 90' lang='lat' dir='ltr'>cata</span> <span class='ocrx_word' id='word_1_69' title='bbox 672 1019 1067 1075; x_wconf 85' lang='lat' dir='ltr'>cumulantur.</span> <span class='ocrx_word' id='word_1_70' title='bbox 1111 1022 1393 1094; x_wconf 88' lang='lat' dir='ltr'>Denique,</span> <span class='ocrx_word' id='word_1_71' title='bbox 1443 1025 1666 1078; x_wconf 89' lang='lat' dir='ltr'>Tantus</span> <span class='ocrx_word' id='word_1_72' title='bbox 1719 1028 1808 1078; x_wconf 91' lang='lat' dir='ltr'>est</span> <span class='ocrx_word' id='word_1_73' title='bbox 1856 1039 2137 1078; x_wconf 89' lang='lat' dir='ltr'>numerus</span> 
     </span>
    </p>
   </div>
   <div class='ocr_carea' id='block_1_12' title="bbox 491 1107 2137 1185">
    <p class='ocr_par' dir='ltr' id='par_1_12' title="bbox 491 1107 2137 1185">
     <span class='ocr_line' id='line_1_12' title="bbox 491 1107 2137 1185; baseline 0.002 -24"><span class='ocrx_word' id='word_1_74' title='bbox 491 1107 866 1164; x_wconf 88' lang='lat' dir='ltr'>seductorum</span> <span class='ocrx_word' id='word_1_75' title='bbox 893 1114 949 1165; x_wconf 89' lang='lat' dir='ltr'>et</span> <span class='ocrx_word' id='word_1_76' title='bbox 978 1126 1180 1166; x_wconf 91' lang='lat' dir='ltr'>eorum</span> <span class='ocrx_word' id='word_1_77' title='bbox 1212 1112 1310 1184; x_wconf 88' lang='lat' dir='ltr'>qui</span> <span class='ocrx_word' id='word_1_78' title='bbox 1342 1113 1412 1167; x_wconf 92' lang='lat' dir='ltr'>de</span> <span class='ocrx_word' id='word_1_79' title='bbox 1450 1128 1622 1185; x_wconf 84' lang='lat' dir='ltr'>grege</span> <span class='ocrx_word' id='word_1_80' title='bbox 1653 1112 1885 1167; x_wconf 89' lang='lat' dir='ltr'>Domini</span> <span class='ocrx_word' id='word_1_81' title='bbox 1942 1113 2013 1167; x_wconf 91' lang='lat' dir='ltr'>ab</span> <span class='ocrx_word' id='word_1_82' title='bbox 2071 1128 2137 1165; x_wconf 90' lang='lat' dir='ltr'>eo</span> 
     </span>
    </p>
   </div>
   <div class='ocr_carea' id='block_1_13' title="bbox 490 1195 2136 1272">
    <p class='ocr_par' dir='ltr' id='par_1_13' title="bbox 490 1195 2136 1272">
     <span class='ocr_line' id='line_1_13' title="bbox 490 1195 2136 1272; baseline 0.004 -22"><span class='ocrx_word' id='word_1_83' title='bbox 490 1195 644 1268; x_wconf 82' lang='lat' dir='ltr'>rapti</span> <span class='ocrx_word' id='word_1_84' title='bbox 690 1201 847 1265; x_wconf 87' lang='lat' dir='ltr'>sunt,</span> <span class='ocrx_word' id='word_1_85' title='bbox 881 1202 947 1254; x_wconf 88' lang='lat' dir='ltr'>ut</span> <span class='ocrx_word' id='word_1_86' title='bbox 1001 1202 1415 1272; x_wconf 88' lang='lat' dir='ltr'>supputatione</span> <span class='ocrx_word' id='word_1_87' title='bbox 1468 1218 1582 1257; x_wconf 91' lang='lat' dir='ltr'>non</span> <span class='ocrx_word' id='word_1_88' title='bbox 1642 1205 1818 1272; x_wconf 88' lang='lat' dir='ltr'>queat</span> <span class='ocrx_word' id='word_1_89' title='bbox 1874 1217 2136 1272; x_wconf 87' lang='lat' dir='ltr'>compre-</span> 
     </span>
    </p>
   </div>
   <div class='ocr_carea' id='block_1_14' title="bbox 491 1283 688 1341">
    <p class='ocr_par' dir='ltr' id='par_1_14' title="bbox 491 1283 688 1341">
     <span class='ocr_line' id='line_1_14' title="bbox 491 1283 688 1341; baseline 0.01 -2"><span class='ocrx_word' id='word_1_90' title='bbox 491 1283 688 1341; x_wconf 89' lang='lat' dir='ltr'>hendi.</span> 
     </span>
    </p>
   </div>
   <div class='ocr_carea' id='block_1_15' title="bbox 544 1375 2136 1452">
    <p class='ocr_par' dir='ltr' id='par_1_15' title="bbox 544 1375 2136 1452">
     <span class='ocr_line' id='line_1_15' title="bbox 544 1375 2136 1452; baseline 0.008 -32"><span class='ocrx_word' id='word_1_91' title='bbox 544 1395 599 1425; x_wconf 73' lang='grc' dir='ltr'>,ιι</span> <span class='ocrx_word' id='word_1_92' title='bbox 629 1375 884 1433; x_wconf 86' lang='lat' dir='ltr'>Locutus</span> <span class='ocrx_word' id='word_1_93' title='bbox 933 1394 1067 1435; x_wconf 91' lang='lat' dir='ltr'>sum</span> <span class='ocrx_word' id='word_1_94' title='bbox 1116 1395 1222 1452; x_wconf 89' lang='lat' dir='ltr'>ego</span> <span class='ocrx_word' id='word_1_95' title='bbox 1269 1396 1403 1435; x_wconf 90' lang='lat' dir='ltr'>cum</span> <span class='ocrx_word' id='word_1_96' title='bbox 1462 1381 1632 1437; x_wconf 88' lang='lat' dir='ltr'>corde</span> <span class='ocrx_word' id='word_1_97' title='bbox 1699 1396 1847 1447; x_wconf 89' lang='lat' dir='ltr'>meo,</span> <span class='ocrx_word' id='word_1_98' title='bbox 1897 1378 2136 1434; x_wconf 88' lang='lat' dir='ltr'>dicens:</span> 
     </span>
    </p>
   </div>
   <div class='ocr_carea' id='block_1_16' title="bbox 492 1462 2138 1540">
    <p class='ocr_par' dir='ltr' id='par_1_16' title="bbox 492 1462 2138 1540">
     <span class='ocr_line' id='line_1_16' title="bbox 492 1462 2138 1540; baseline 0.002 -22"><span class='ocrx_word' id='word_1_99' title='bbox 492 1462 639 1520; x_wconf 86' lang='lat' dir='ltr'>Ecce</span> <span class='ocrx_word' id='word_1_100' title='bbox 667 1480 773 1537; x_wconf 87' lang='lat' dir='ltr'>ego</span> <span class='ocrx_word' id='word_1_101' title='bbox 821 1468 1232 1539; x_wconf 81' lang='lat' dir='ltr'>magnificatus</span> <span class='ocrx_word' id='word_1_102' title='bbox 1280 1486 1434 1535; x_wconf 91' lang='lat' dir='ltr'>sum,</span> <span class='ocrx_word' id='word_1_103' title='bbox 1467 1473 1525 1525; x_wconf 90' lang='lat' dir='ltr'>et</span> <span class='ocrx_word' id='word_1_104' title='bbox 1571 1468 1757 1540; x_wconf 88' lang='lat' dir='ltr'>adjeci</span> <span class='ocrx_word' id='word_1_105' title='bbox 1789 1467 2138 1539; x_wconf 87' lang='lat' dir='ltr'>sapientiam</span> 
     </span>
    </p>
   </div>
   <div class='ocr_carea' id='block_1_17' title="bbox 496 1555 2137 1627">
    <p class='ocr_par' dir='ltr' id='par_1_17' title="bbox 496 1555 2137 1627">
     <span class='ocr_line' id='line_1_17' title="bbox 496 1555 2137 1627; baseline 0.003 -21"><span class='ocrx_word' id='word_1_106' title='bbox 496 1567 674 1624; x_wconf 89' lang='lat' dir='ltr'>super</span> <span class='ocrx_word' id='word_1_107' title='bbox 703 1570 928 1626; x_wconf 88' lang='lat' dir='ltr'>omnes,</span> <span class='ocrx_word' id='word_1_108' title='bbox 961 1556 1061 1627; x_wconf 89' lang='lat' dir='ltr'>qui</span> <span class='ocrx_word' id='word_1_109' title='bbox 1094 1556 1328 1612; x_wconf 88' lang='lat' dir='ltr'>fuerunt</span> <span class='ocrx_word' id='word_1_110' title='bbox 1366 1562 1500 1613; x_wconf 89' lang='lat' dir='ltr'>ante</span> <span class='ocrx_word' id='word_1_111' title='bbox 1548 1574 1642 1612; x_wconf 89' lang='lat' dir='ltr'>me</span> <span class='ocrx_word' id='word_1_112' title='bbox 1688 1558 1748 1611; x_wconf 90' lang='lat' dir='ltr'>in</span> <span class='ocrx_word' id='word_1_113' title='bbox 1785 1555 2137 1623; x_wconf 89' lang='lat' dir='ltr'>Jerusalem,</span> 
     </span>
    </p>
   </div>
   <div class='ocr_carea' id='block_1_18' title="bbox 496 1643 2138 1718">
    <p class='ocr_par' dir='ltr' id='par_1_18' title="bbox 496 1643 2138 1718">
     <span class='ocr_line' id='line_1_18' title="bbox 496 1643 2138 1718; baseline 0.003 -24"><span class='ocrx_word' id='word_1_114' title='bbox 496 1643 555 1695; x_wconf 89' lang='lat' dir='ltr'>et</span> <span class='ocrx_word' id='word_1_115' title='bbox 583 1656 683 1696; x_wconf 92' lang='lat' dir='ltr'>cor</span> <span class='ocrx_word' id='word_1_116' title='bbox 712 1659 909 1699; x_wconf 90' lang='lat' dir='ltr'>meum</span> <span class='ocrx_word' id='word_1_117' title='bbox 952 1644 1098 1700; x_wconf 89' lang='lat' dir='ltr'>vidit</span> <span class='ocrx_word' id='word_1_118' title='bbox 1150 1645 1399 1701; x_wconf 90' lang='lat' dir='ltr'>multam</span> <span class='ocrx_word' id='word_1_119' title='bbox 1455 1645 1805 1718; x_wconf 86' lang='lat' dir='ltr'>sapientiam</span> <span class='ocrx_word' id='word_1_120' title='bbox 1853 1649 1911 1701; x_wconf 91' lang='lat' dir='ltr'>et</span> <span class='ocrx_word' id='word_1_121' title='bbox 1950 1644 2138 1700; x_wconf 83' lang='lat' dir='ltr'>scien-</span> 
     </span>
    </p>
   </div>
   <div class='ocr_carea' id='block_1_19' title="bbox 495 1725 2137 1804">
    <p class='ocr_par' dir='ltr' id='par_1_19' title="bbox 495 1725 2137 1804">
     <span class='ocr_line' id='line_1_19' title="bbox 495 1725 2137 1804; baseline 0.005 -23"><span class='ocrx_word' id='word_1_122' title='bbox 495 1725 718 1784; x_wconf 82' lang='lat' dir='ltr'>tiam.»</span> <span class='ocrx_word' id='word_1_123' title='bbox 753 1731 1081 1803; x_wconf 87' lang='lat' dir='ltr'>Sapientior</span> <span class='ocrx_word' id='word_1_124' title='bbox 1137 1734 1248 1789; x_wconf 86' lang='lat' dir='ltr'>fuit</span> <span class='ocrx_word' id='word_1_125' title='bbox 1300 1733 1597 1804; x_wconf 90' lang='lat' dir='ltr'>Salomon,</span> <span class='ocrx_word' id='word_1_126' title='bbox 1650 1751 1763 1789; x_wconf 91' lang='lat' dir='ltr'>non</span> <span class='ocrx_word' id='word_1_127' title='bbox 1820 1734 2137 1801; x_wconf 87' lang='lat' dir='ltr'>Abraham,</span> 
     </span>
    </p>
   </div>
   <div class='ocr_carea' id='block_1_20' title="bbox 506 1816 2149 1894">
    <p class='ocr_par' dir='ltr' id='par_1_20' title="bbox 506 1816 2149 1894">
     <span class='ocr_line' id='line_1_20' title="bbox 506 1816 2149 1894; baseline 0.004 -23"><span class='ocrx_word' id='word_1_128' title='bbox 506 1818 563 1881; x_wconf 84' lang='lat' dir='ltr'>et</span> <span class='ocrx_word' id='word_1_129' title='bbox 592 1816 809 1888; x_wconf 86' lang='lat' dir='ltr'>Moyse,</span> <span class='ocrx_word' id='word_1_130' title='bbox 843 1824 900 1876; x_wconf 88' lang='lat' dir='ltr'>et</span> <span class='ocrx_word' id='word_1_131' title='bbox 929 1822 1148 1877; x_wconf 72' lang='lat' dir='ltr'>caeteris</span> <span class='ocrx_word' id='word_1_132' title='bbox 1205 1822 1448 1889; x_wconf 90' lang='lat' dir='ltr'>sanctis,</span> <span class='ocrx_word' id='word_1_133' title='bbox 1482 1823 1582 1878; x_wconf 88' lang='lat' dir='ltr'>sed</span> <span class='ocrx_word' id='word_1_134' title='bbox 1624 1821 1718 1878; x_wconf 87' lang='lat' dir='ltr'>his</span> <span class='ocrx_word' id='word_1_135' title='bbox 1761 1822 1860 1894; x_wconf 88' lang='lat' dir='ltr'>qui</span> <span class='ocrx_word' id='word_1_136' title='bbox 1912 1823 2149 1877; x_wconf 84' lang='lat' dir='ltr'>fuerunt</span> 
     </span>
    </p>
   </div>
   <div class='ocr_carea' id='block_1_21' title="bbox 508 1908 2148 1983">
    <p class='ocr_par' dir='ltr' id='par_1_21' title="bbox 508 1908 2148 1983">
     <span class='ocr_line' id='line_1_21' title="bbox 508 1908 2148 1983; baseline 0.004 -24"><span class='ocrx_word' id='word_1_137' title='bbox 508 1909 642 1960; x_wconf 84' lang='lat' dir='ltr'>ante</span> <span class='ocrx_word' id='word_1_138' title='bbox 688 1924 751 1963; x_wconf 89' lang='lat' dir='ltr'>se</span> <span class='ocrx_word' id='word_1_139' title='bbox 790 1908 850 1963; x_wconf 89' lang='lat' dir='ltr'>in</span> <span class='ocrx_word' id='word_1_140' title='bbox 897 1909 1243 1966; x_wconf 89' lang='lat' dir='ltr'>Jerusalem.</span> <span class='ocrx_word' id='word_1_141' title='bbox 1289 1912 1563 1983; x_wconf 88' lang='lat' dir='ltr'>Legimus</span> <span class='ocrx_word' id='word_1_142' title='bbox 1606 1916 1664 1967; x_wconf 91' lang='lat' dir='ltr'>et</span> <span class='ocrx_word' id='word_1_143' title='bbox 1707 1911 1767 1965; x_wconf 93' lang='lat' dir='ltr'>in</span> <span class='ocrx_word' id='word_1_144' title='bbox 1814 1911 2148 1983; x_wconf 83' lang='lat' dir='ltr'>Regnorum</span> 
     </span>
    </p>
   </div>
   <div class='ocr_carea' id='block_1_22' title="bbox 505 1994 2144 2071">
    <p class='ocr_par' dir='ltr' id='par_1_22' title="bbox 505 1994 2144 2071">
     <span class='ocr_line' id='line_1_22' title="bbox 505 1994 2144 2071; baseline 0.003 -21"><span class='ocrx_word' id='word_1_145' title='bbox 505 1994 692 2065; x_wconf 88' lang='lat' dir='ltr'>libris,</span> <span class='ocrx_word' id='word_1_146' title='bbox 725 1996 922 2053; x_wconf 69' lang='lat' dir='ltr'>multae</span> <span class='ocrx_word' id='word_1_147' title='bbox 971 1999 1268 2071; x_wconf 68' lang='lat' dir='ltr'>sapientiae</span> <span class='ocrx_word' id='word_1_148' title='bbox 1317 2000 1508 2066; x_wconf 84' lang='lat' dir='ltr'>fuisse</span> <span class='ocrx_word' id='word_1_149' title='bbox 1561 1999 1958 2066; x_wconf 90' lang='lat' dir='ltr'>Salomonem,</span> <span class='ocrx_word' id='word_1_150' title='bbox 1993 1999 2144 2055; x_wconf 77' lang='lat'>395</span> 
     </span>
    </p>
   </div>
   <div class='ocr_carea' id='block_1_23' title="bbox 505 2086 2147 2161">
    <p class='ocr_par' dir='ltr' id='par_1_23' title="bbox 505 2086 2147 2161">
     <span class='ocr_line' id='line_1_23' title="bbox 505 2086 2147 2161; baseline 0.001 -21"><span class='ocrx_word' id='word_1_151' title='bbox 505 2088 564 2141; x_wconf 93' lang='lat' dir='ltr'>et</span> <span class='ocrx_word' id='word_1_152' title='bbox 592 2086 702 2142; x_wconf 92' lang='lat' dir='ltr'>hoc</span> <span class='ocrx_word' id='word_1_153' title='bbox 733 2104 768 2141; x_wconf 92' lang='lat' dir='ltr'>a</span> <span class='ocrx_word' id='word_1_154' title='bbox 795 2088 911 2144; x_wconf 90' lang='lat' dir='ltr'>Deo</span> <span class='ocrx_word' id='word_1_155' title='bbox 936 2089 1154 2144; x_wconf 88' lang='lat' dir='ltr'>donum</span> <span class='ocrx_word' id='word_1_156' title='bbox 1186 2106 1301 2160; x_wconf 67' lang='lat' dir='ltr'>prae</span> <span class='ocrx_word' id='word_1_157' title='bbox 1332 2089 1553 2145; x_wconf 64' lang='lat' dir='ltr'>caeteris</span> <span class='ocrx_word' id='word_1_158' title='bbox 1584 2088 2147 2161; x_wconf 89' lang='lat' dir='ltr'>postulasse.Mundi</span> 
     </span>
    </p>
   </div>
   <div class='ocr_carea' id='block_1_24' title="bbox 503 2161 2148 2249">
    <p class='ocr_par' dir='ltr' id='par_1_24' title="bbox 503 2161 2148 2249">
     <span class='ocr_line' id='line_1_24' title="bbox 503 2161 2148 2249; baseline -0.001 -19"><span class='ocrx_word' id='word_1_159' title='bbox 503 2190 611 2247; x_wconf 88' lang='lat' dir='ltr'>ego</span> <span class='ocrx_word' id='word_1_160' title='bbox 639 2161 838 2231; x_wconf 76' lang='lat' dir='ltr'>cordis</span> <span class='ocrx_word' id='word_1_161' title='bbox 863 2176 1066 2233; x_wconf 90' lang='lat' dir='ltr'>oculus</span> <span class='ocrx_word' id='word_1_162' title='bbox 1099 2176 1345 2233; x_wconf 90' lang='lat' dir='ltr'>multam</span> <span class='ocrx_word' id='word_1_163' title='bbox 1379 2177 1727 2249; x_wconf 87' lang='lat' dir='ltr'>sapientiam</span> <span class='ocrx_word' id='word_1_164' title='bbox 1755 2176 2148 2249; x_wconf 13' lang='lat' dir='ltr'>etqscientiam</span> 
     </span>
    </p>
   </div>
   <div class='ocr_carea' id='block_1_25' title="bbox 505 2265 2151 2339">
    <p class='ocr_par' dir='ltr' id='par_1_25' title="bbox 505 2265 2151 2339">
     <span class='ocr_line' id='line_1_25' title="bbox 505 2265 2151 2339; baseline 0 -20"><span class='ocrx_word' id='word_1_165' title='bbox 505 2268 850 2334; x_wconf 87' lang='lat' dir='ltr'>contuetur;</span> <span class='ocrx_word' id='word_1_166' title='bbox 886 2266 1025 2337; x_wconf 90' lang='lat' dir='ltr'>quia</span> <span class='ocrx_word' id='word_1_167' title='bbox 1069 2283 1183 2322; x_wconf 93' lang='lat' dir='ltr'>non</span> <span class='ocrx_word' id='word_1_168' title='bbox 1228 2266 1354 2322; x_wconf 89' lang='lat' dir='ltr'>ait:</span> <span class='ocrx_word' id='word_1_169' title='bbox 1401 2265 1646 2322; x_wconf 90' lang='lat' dir='ltr'>multam</span> <span class='ocrx_word' id='word_1_170' title='bbox 1696 2266 2043 2339; x_wconf 89' lang='lat' dir='ltr'>sapientiam</span> <span class='ocrx_word' id='word_1_171' title='bbox 2092 2270 2151 2320; x_wconf 91' lang='lat' dir='ltr'>et</span> 
     </span>
    </p>
   </div>
   <div class='ocr_carea' id='block_1_26' title="bbox 508 2352 2148 2427">
    <p class='ocr_par' dir='ltr' id='par_1_26' title="bbox 508 2352 2148 2427">
     <span class='ocr_line' id='line_1_26' title="bbox 508 2352 2148 2427; baseline 0.001 -20"><span class='ocrx_word' id='word_1_172' title='bbox 508 2352 814 2410; x_wconf 89' lang='lat' dir='ltr'>scientiam</span> <span class='ocrx_word' id='word_1_173' title='bbox 847 2371 980 2410; x_wconf 90' lang='lat' dir='ltr'>sum</span> <span class='ocrx_word' id='word_1_174' title='bbox 1036 2355 1269 2411; x_wconf 85' lang='lat' dir='ltr'>locutus</span> <span class='ocrx_word' id='word_1_175' title='bbox 1295 2373 1307 2423; x_wconf 92' lang='lat'><strong>;</strong></span> <span class='ocrx_word' id='word_1_176' title='bbox 1335 2356 1458 2422; x_wconf 90' lang='lat' dir='ltr'>sed,</span> <span class='ocrx_word' id='word_1_177' title='bbox 1502 2355 1747 2411; x_wconf 89' lang='lat' dir='ltr'>multam</span> <span class='ocrx_word' id='word_1_178' title='bbox 1797 2354 2148 2427; x_wconf 87' lang='lat' dir='ltr'>sapientiam</span> 
     </span>
    </p>
   </div>
   <div class='ocr_carea' id='block_1_27' title="bbox 506 2443 2150 2516">
    <p class='ocr_par' dir='ltr' id='par_1_27' title="bbox 506 2443 2150 2516">
     <span class='ocr_line' id='line_1_27' title="bbox 506 2443 2150 2516; baseline 0.001 -19"><span class='ocrx_word' id='word_1_179' title='bbox 506 2445 563 2497; x_wconf 87' lang='lat' dir='ltr'>et</span> <span class='ocrx_word' id='word_1_180' title='bbox 594 2443 901 2500; x_wconf 89' lang='lat' dir='ltr'>scientiam</span> <span class='ocrx_word' id='word_1_181' title='bbox 930 2444 1077 2500; x_wconf 90' lang='lat' dir='ltr'>vidit</span> <span class='ocrx_word' id='word_1_182' title='bbox 1107 2462 1204 2501; x_wconf 92' lang='lat' dir='ltr'>cor</span> <span class='ocrx_word' id='word_1_183' title='bbox 1233 2461 1454 2500; x_wconf 91' lang='lat' dir='ltr'>meum.</span> <span class='ocrx_word' id='word_1_184' title='bbox 1488 2446 1613 2500; x_wconf 93' lang='lat' dir='ltr'>Non</span> <span class='ocrx_word' id='word_1_185' title='bbox 1644 2444 1800 2500; x_wconf 91' lang='lat' dir='ltr'>enim</span> <span class='ocrx_word' id='word_1_186' title='bbox 1833 2460 2150 2516; x_wconf 90' lang='lat' dir='ltr'>possumus</span> 
     </span>
    </p>
   </div>
   <div class='ocr_carea' id='block_1_28' title="bbox 507 2528 1417 2605">
    <p class='ocr_par' dir='ltr' id='par_1_28' title="bbox 507 2528 1417 2605">
     <span class='ocr_line' id='line_1_28' title="bbox 507 2528 1417 2605; baseline 0.002 -18"><span class='ocrx_word' id='word_1_187' title='bbox 507 2528 700 2603; x_wconf 85' lang='lat' dir='ltr'>eloqui</span> <span class='ocrx_word' id='word_1_188' title='bbox 733 2533 932 2590; x_wconf 90' lang='lat' dir='ltr'>omnia</span> <span class='ocrx_word' id='word_1_189' title='bbox 958 2550 1083 2605; x_wconf 80' lang='lat' dir='ltr'>quae</span> <span class='ocrx_word' id='word_1_190' title='bbox 1106 2533 1417 2589; x_wconf 89' lang='lat' dir='ltr'>sentimus.</span> 
     </span>
    </p>
   </div>
   <div class='ocr_carea' id='block_1_29' title="bbox 585 2622 2152 2694">
    <p class='ocr_par' dir='ltr' id='par_1_29' title="bbox 585 2622 2152 2694">
     <span class='ocr_line' id='line_1_29' title="bbox 585 2622 2152 2694; baseline 0.001 -18"><span class='ocrx_word' id='word_1_191' title='bbox 585 2640 614 2670; x_wconf 85' lang='grc'>‹‹</span> <span class='ocrx_word' id='word_1_192' title='bbox 643 2622 713 2676; x_wconf 90' lang='lat' dir='ltr'>Et</span> <span class='ocrx_word' id='word_1_193' title='bbox 743 2622 873 2677; x_wconf 92' lang='lat' dir='ltr'>dedi</span> <span class='ocrx_word' id='word_1_194' title='bbox 903 2638 1003 2678; x_wconf 91' lang='lat' dir='ltr'>cor</span> <span class='ocrx_word' id='word_1_195' title='bbox 1032 2640 1250 2691; x_wconf 89' lang='lat' dir='ltr'>meum,</span> <span class='ocrx_word' id='word_1_196' title='bbox 1284 2628 1350 2678; x_wconf 91' lang='lat' dir='ltr'>ut</span> <span class='ocrx_word' id='word_1_197' title='bbox 1388 2639 1624 2678; x_wconf 87' lang='lat' dir='ltr'>nossem</span> <span class='ocrx_word' id='word_1_198' title='bbox 1683 2622 2034 2694; x_wconf 88' lang='lat' dir='ltr'>sapientiam</span> <span class='ocrx_word' id='word_1_199' title='bbox 2093 2625 2152 2677; x_wconf 89' lang='lat' dir='ltr'>et</span> 
     </span>
    </p>
   </div>
   <div class='ocr_carea' id='block_1_30' title="bbox 509 2709 2154 2783">
    <p class='ocr_par' dir='ltr' id='par_1_30' title="bbox 509 2709 2154 2783">
     <span class='ocr_line' id='line_1_30' title="bbox 509 2709 2154 2783; baseline -0.001 -18"><span class='ocrx_word' id='word_1_200' title='bbox 509 2709 836 2779; x_wconf 89' lang='lat' dir='ltr'>scientiam,</span> <span class='ocrx_word' id='word_1_201' title='bbox 868 2727 1093 2768; x_wconf 81' lang='lat' dir='ltr'>errores</span> <span class='ocrx_word' id='word_1_202' title='bbox 1126 2717 1185 2767; x_wconf 91' lang='lat' dir='ltr'>et</span> <span class='ocrx_word' id='word_1_203' title='bbox 1213 2712 1522 2768; x_wconf 88' lang='lat' dir='ltr'>stultitiam</span> <span class='ocrx_word' id='word_1_204' title='bbox 1558 2728 1571 2766; x_wconf 95' lang='lat'>:</span> <span class='ocrx_word' id='word_1_205' title='bbox 1606 2712 1846 2783; x_wconf 88' lang='lat' dir='ltr'>cognovi</span> <span class='ocrx_word' id='word_1_206' title='bbox 1903 2711 2043 2782; x_wconf 90' lang='lat' dir='ltr'>quia</span> <span class='ocrx_word' id='word_1_207' title='bbox 2097 2714 2154 2765; x_wconf 90' lang='lat' dir='ltr'>et</span> 
     </span>
    </p>
   </div>
   <div class='ocr_carea' id='block_1_31' title="bbox 507 2797 2145 2873">
    <p class='ocr_par' dir='ltr' id='par_1_31' title="bbox 507 2797 2145 2873">
     <span class='ocr_line' id='line_1_31' title="bbox 507 2797 2145 2873; baseline -0.001 -20"><span class='ocrx_word' id='word_1_208' title='bbox 507 2797 617 2853; x_wconf 89' lang='lat' dir='ltr'>hoc</span> <span class='ocrx_word' id='word_1_209' title='bbox 643 2802 734 2855; x_wconf 91' lang='lat' dir='ltr'>est</span> <span class='ocrx_word' id='word_1_210' title='bbox 771 2799 958 2873; x_wconf 90' lang='lat' dir='ltr'>pastio</span> <span class='ocrx_word' id='word_1_211' title='bbox 988 2801 1166 2868; x_wconf 88' lang='lat' dir='ltr'>venti,</span> <span class='ocrx_word' id='word_1_212' title='bbox 1209 2801 1328 2856; x_wconf 92' lang='lat' dir='ltr'>sive</span> <span class='ocrx_word' id='word_1_213' title='bbox 1387 2799 1764 2872; x_wconf 82' lang='lat' dir='ltr'>praesumptio</span> <span class='ocrx_word' id='word_1_214' title='bbox 1816 2800 2077 2872; x_wconf 91' lang='lat' dir='ltr'>spiritus.</span> <span class='ocrx_word' id='word_1_215' title='bbox 2123 2822 2145 2851; x_wconf 66' lang='grc' dir='ltr'><strong><em>υ</em></strong></span> 
     </span>
    </p>
   </div>
   <div class='ocr_carea' id='block_1_32' title="bbox 506 2886 2155 2960">
    <p class='ocr_par' dir='ltr' id='par_1_32' title="bbox 506 2886 2155 2960">
     <span class='ocr_line' id='line_1_32' title="bbox 506 2886 2155 2960; baseline 0.001 -18"><span class='ocrx_word' id='word_1_216' title='bbox 506 2886 826 2944; x_wconf 87' lang='lat' dir='ltr'>Contrariis</span> <span class='ocrx_word' id='word_1_217' title='bbox 899 2889 1189 2945; x_wconf 88' lang='lat' dir='ltr'>contraria</span> <span class='ocrx_word' id='word_1_218' title='bbox 1260 2888 1686 2960; x_wconf 91' lang='lat' dir='ltr'>intelliguntur.</span> <span class='ocrx_word' id='word_1_219' title='bbox 1735 2890 1802 2943; x_wconf 85' lang='lat' dir='ltr'>Et</span> <span class='ocrx_word' id='word_1_220' title='bbox 1867 2887 2155 2960; x_wconf 85' lang='lat' dir='ltr'>sapientia</span> 
     </span>
    </p>
   </div>
   <div class='ocr_carea' id='block_1_33' title="bbox 507 2976 2153 3048">
    <p class='ocr_par' dir='ltr' id='par_1_33' title="bbox 507 2976 2153 3048">
     <span class='ocr_line' id='line_1_33' title="bbox 507 2976 2153 3048; baseline -0.002 -16"><span class='ocrx_word' id='word_1_221' title='bbox 507 2976 699 3048; x_wconf 91' lang='lat' dir='ltr'>prima</span> <span class='ocrx_word' id='word_1_222' title='bbox 728 2982 835 3044; x_wconf 91' lang='lat' dir='ltr'>est,</span> <span class='ocrx_word' id='word_1_223' title='bbox 861 2977 1114 3033; x_wconf 87' lang='lat' dir='ltr'>stultitia</span> <span class='ocrx_word' id='word_1_224' title='bbox 1143 2978 1422 3033; x_wconf 88' lang='lat' dir='ltr'>caruisse.</span> <span class='ocrx_word' id='word_1_225' title='bbox 1443 2976 1701 3032; x_wconf 87' lang='lat' dir='ltr'>Stultitia</span> <span class='ocrx_word' id='word_1_226' title='bbox 1730 2980 1924 3032; x_wconf 87' lang='lat' dir='ltr'>autem</span> <span class='ocrx_word' id='word_1_227' title='bbox 1959 2992 2153 3031; x_wconf 89' lang='lat' dir='ltr'>carere</span> 
     </span>
    </p>
   </div>
   <div class='ocr_carea' id='block_1_34' title="bbox 509 3061 2156 3136">
    <p class='ocr_par' dir='ltr' id='par_1_34' title="bbox 509 3061 2156 3136">
     <span class='ocr_line' id='line_1_34' title="bbox 509 3061 2156 3136; baseline -0.002 -16"><span class='ocrx_word' id='word_1_228' title='bbox 509 3080 624 3120; x_wconf 91' lang='lat' dir='ltr'>non</span> <span class='ocrx_word' id='word_1_229' title='bbox 656 3069 867 3136; x_wconf 89' lang='lat' dir='ltr'>potest,</span> <span class='ocrx_word' id='word_1_230' title='bbox 901 3065 1013 3121; x_wconf 84' lang='lat' dir='ltr'>nisi</span> <span class='ocrx_word' id='word_1_231' title='bbox 1047 3065 1147 3136; x_wconf 91' lang='lat' dir='ltr'>qui</span> <span class='ocrx_word' id='word_1_232' title='bbox 1177 3064 1527 3120; x_wconf 79' lang='lat' dir='ltr'>intellexerit</span> <span class='ocrx_word' id='word_1_233' title='bbox 1555 3080 1701 3118; x_wconf 88' lang='lat' dir='ltr'>eam.</span> <span class='ocrx_word' id='word_1_234' title='bbox 1738 3064 1902 3118; x_wconf 92' lang='lat' dir='ltr'>Unde</span> <span class='ocrx_word' id='word_1_235' title='bbox 1930 3066 1987 3118; x_wconf 88' lang='lat' dir='ltr'>et</span> <span class='ocrx_word' id='word_1_236' title='bbox 2027 3061 2156 3133; x_wconf 91' lang='lat' dir='ltr'>plu-</span> 
     </span>
    </p>
   </div>
   <div class='ocr_carea' id='block_1_35' title="bbox 2243 487 3813 559">
    <p class='ocr_par' dir='ltr' id='par_1_35' title="bbox 2243 487 3813 559">
     <span class='ocr_line' id='line_1_35' title="bbox 2243 487 3813 559; baseline 0.001 -17"><span class='ocrx_word' id='word_1_237' title='bbox 2243 487 2407 553; x_wconf 90' lang='lat' dir='ltr'>tiam,</span> <span class='ocrx_word' id='word_1_238' title='bbox 2441 503 2544 542; x_wconf 91' lang='lat' dir='ltr'>nec</span> <span class='ocrx_word' id='word_1_239' title='bbox 2572 488 2653 544; x_wconf 91' lang='lat' dir='ltr'>ita</span> <span class='ocrx_word' id='word_1_240' title='bbox 2681 505 2742 544; x_wconf 92' lang='lat' dir='ltr'>se</span> <span class='ocrx_word' id='word_1_241' title='bbox 2772 489 3025 559; x_wconf 60' lang='lat' dir='ltr'>praebere</span> <span class='ocrx_word' id='word_1_242' title='bbox 3056 489 3449 558; x_wconf 86' lang='lat' dir='ltr'>mentibus,ut</span> <span class='ocrx_word' id='word_1_243' title='bbox 3475 488 3813 559; x_wconf 60' lang='lat' dir='ltr'>lumenvisuif;</span> 
     </span>
    </p>
   </div>
   <div class='ocr_carea' id='block_1_36' title="bbox 2244 576 3817 650">
    <p class='ocr_par' dir='ltr' id='par_1_36' title="bbox 2244 576 3817 650">
     <span class='ocr_line' id='line_1_36' title="bbox 2244 576 3817 650; baseline 0.002 -19"><span class='ocrx_word' id='word_1_244' title='bbox 2244 577 2345 632; x_wconf 89' lang='lat' dir='ltr'>sed</span> <span class='ocrx_word' id='word_1_245' title='bbox 2387 593 2488 647; x_wconf 89' lang='lat' dir='ltr'>per</span> <span class='ocrx_word' id='word_1_246' title='bbox 2516 581 2808 632; x_wconf 90' lang='lat' dir='ltr'>tormenta</span> <span class='ocrx_word' id='word_1_247' title='bbox 2839 578 3127 650; x_wconf 81' lang='lat' dir='ltr'>quaedam,</span> <span class='ocrx_word' id='word_1_248' title='bbox 3161 581 3216 633; x_wconf 90' lang='lat' dir='ltr'>et</span> <span class='ocrx_word' id='word_1_249' title='bbox 3260 577 3662 633; x_wconf 86' lang='lat' dir='ltr'>intolerandum</span> <span class='ocrx_word' id='word_1_250' title='bbox 3686 576 3817 634; x_wconf 82' lang='lat' dir='ltr'>labo-</span> 
     </span>
    </p>
   </div>
   <div class='ocr_carea' id='block_1_37' title="bbox 2245 665 3596 738">
    <p class='ocr_par' dir='ltr' id='par_1_37' title="bbox 2245 665 3596 738">
     <span class='ocr_line' id='line_1_37' title="bbox 2245 665 3596 738; baseline 0.001 -19"><span class='ocrx_word' id='word_1_251' title='bbox 2245 681 2389 731; x_wconf 93' lang='lat' dir='ltr'>rem,</span> <span class='ocrx_word' id='word_1_252' title='bbox 2416 666 2546 737; x_wconf 86' lang='lat' dir='ltr'>jugi</span> <span class='ocrx_word' id='word_1_253' title='bbox 2581 665 2955 721; x_wconf 89' lang='lat' dir='ltr'>meditatione</span> <span class='ocrx_word' id='word_1_254' title='bbox 2980 671 3037 721; x_wconf 93' lang='lat' dir='ltr'>et</span> <span class='ocrx_word' id='word_1_255' title='bbox 3066 666 3262 722; x_wconf 86' lang='lat' dir='ltr'>studio</span> <span class='ocrx_word' id='word_1_256' title='bbox 3292 666 3596 738; x_wconf 89' lang='lat' dir='ltr'>provenire.</span> 
     </span>
    </p>
   </div>
   <div class='ocr_carea' id='block_1_38' title="bbox 2317 754 3819 827">
    <p class='ocr_par' dir='ltr' id='par_1_38' title="bbox 2317 754 3819 827">
     <span class='ocr_line' id='line_1_38' title="bbox 2317 754 3819 827; baseline 0.001 -19"><span class='ocrx_word' id='word_1_257' title='bbox 2317 754 2477 825; x_wconf 85' lang='lat' dir='ltr'>(Cap.</span> <span class='ocrx_word' id='word_1_258' title='bbox 2514 754 2606 825; x_wconf 92' lang='grc' dir='ltr'>ΙΙ.)</span> <span class='ocrx_word' id='word_1_259' title='bbox 2639 777 2664 803; x_wconf 90' lang='grc'>‹‹</span> <span class='ocrx_word' id='word_1_260' title='bbox 2702 754 2824 808; x_wconf 85' lang='lat' dir='ltr'>Dixi</span> <span class='ocrx_word' id='word_1_261' title='bbox 2883 771 2987 827; x_wconf 89' lang='lat' dir='ltr'>ego</span> <span class='ocrx_word' id='word_1_262' title='bbox 3040 755 3100 810; x_wconf 91' lang='lat' dir='ltr'>in</span> <span class='ocrx_word' id='word_1_263' title='bbox 3132 755 3300 810; x_wconf 88' lang='lat' dir='ltr'>corde</span> <span class='ocrx_word' id='word_1_264' title='bbox 3329 770 3455 810; x_wconf 93' lang='lat' dir='ltr'>meo</span> <span class='ocrx_word' id='word_1_265' title='bbox 3487 772 3500 810; x_wconf 88' lang='lat'><strong><em>:</em></strong></span> <span class='ocrx_word' id='word_1_266' title='bbox 3528 754 3658 810; x_wconf 89' lang='lat' dir='ltr'>Veni</span> <span class='ocrx_word' id='word_1_267' title='bbox 3682 770 3819 824; x_wconf 84' lang='lat' dir='ltr'>nunc,</span> 
     </span>
    </p>
   </div>
   <div class='ocr_carea' id='block_1_39' title="bbox 2245 842 3822 912">
    <p class='ocr_par' dir='ltr' id='par_1_39' title="bbox 2245 842 3822 912">
     <span class='ocr_line' id='line_1_39' title="bbox 2245 842 3822 912; baseline 0.001 -15"><span class='ocrx_word' id='word_1_268' title='bbox 2245 843 2481 897; x_wconf 86' lang='lat' dir='ltr'>tentabo</span> <span class='ocrx_word' id='word_1_269' title='bbox 2531 847 2585 898; x_wconf 90' lang='lat' dir='ltr'>te</span> <span class='ocrx_word' id='word_1_270' title='bbox 2629 843 2687 897; x_wconf 91' lang='lat' dir='ltr'>in</span> <span class='ocrx_word' id='word_1_271' title='bbox 2738 842 2957 912; x_wconf 83' lang='lat' dir='ltr'>laetitia,</span> <span class='ocrx_word' id='word_1_272' title='bbox 2993 848 3048 898; x_wconf 92' lang='lat' dir='ltr'>et</span> <span class='ocrx_word' id='word_1_273' title='bbox 3095 844 3303 899; x_wconf 88' lang='lat' dir='ltr'>videbo</span> <span class='ocrx_word' id='word_1_274' title='bbox 3334 844 3394 898; x_wconf 92' lang='lat' dir='ltr'>in</span> <span class='ocrx_word' id='word_1_275' title='bbox 3438 844 3580 898; x_wconf 77' lang='lat' dir='ltr'>bono</span> <span class='ocrx_word' id='word_1_276' title='bbox 3610 859 3622 898; x_wconf 89' lang='lat'>:</span> <span class='ocrx_word' id='word_1_277' title='bbox 3651 847 3822 899; x_wconf 83' lang='lat' dir='ltr'>etecce</span> 
     </span>
    </p>
   </div>
   <div class='ocr_carea' id='block_1_40' title="bbox 2247 931 3827 1004">
    <p class='ocr_par' dir='ltr' id='par_1_40' title="bbox 2247 931 3827 1004">
     <span class='ocr_line' id='line_1_40' title="bbox 2247 931 3827 1004; baseline 0.002 -18"><span class='ocrx_word' id='word_1_278' title='bbox 2247 932 2421 986; x_wconf 88' lang='lat' dir='ltr'>etiam</span> <span class='ocrx_word' id='word_1_279' title='bbox 2482 931 2590 987; x_wconf 92' lang='lat' dir='ltr'>hoc</span> <span class='ocrx_word' id='word_1_280' title='bbox 2647 933 2959 988; x_wconf 84' lang='lat' dir='ltr'>vanitas.»</span> <span class='ocrx_word' id='word_1_281' title='bbox 3020 934 3333 1004; x_wconf 89' lang='lat' dir='ltr'>Postquam</span> <span class='ocrx_word' id='word_1_282' title='bbox 3401 933 3459 987; x_wconf 91' lang='lat' dir='ltr'>in</span> <span class='ocrx_word' id='word_1_283' title='bbox 3509 931 3827 989; x_wconf 82' lang='lat' dir='ltr'>multitudine</span> 
     </span>
    </p>
   </div>
   <div class='ocr_carea' id='block_1_41' title="bbox 2247 1018 3831 1092">
    <p class='ocr_par' dir='ltr' id='par_1_41' title="bbox 2247 1018 3831 1092">
     <span class='ocr_line' id='line_1_41' title="bbox 2247 1018 3831 1092; baseline 0 -17"><span class='ocrx_word' id='word_1_284' title='bbox 2247 1018 2542 1092; x_wconf 71' lang='lat' dir='ltr'>sapientia:</span> <span class='ocrx_word' id='word_1_285' title='bbox 2574 1025 2632 1076; x_wconf 88' lang='lat' dir='ltr'>et</span> <span class='ocrx_word' id='word_1_286' title='bbox 2654 1021 2979 1091; x_wconf 85' lang='lat' dir='ltr'>adjectione</span> <span class='ocrx_word' id='word_1_287' title='bbox 3010 1022 3287 1088; x_wconf 66' lang='lat' dir='ltr'>scientiae,</span> <span class='ocrx_word' id='word_1_288' title='bbox 3320 1021 3570 1077; x_wconf 89' lang='lat' dir='ltr'>laborem</span> <span class='ocrx_word' id='word_1_289' title='bbox 3614 1026 3666 1076; x_wconf 93' lang='lat' dir='ltr'>et</span> <span class='ocrx_word' id='word_1_290' title='bbox 3707 1020 3831 1075; x_wconf 87' lang='lat' dir='ltr'>dolo—</span> 
     </span>
    </p>
   </div>
   <div class='ocr_carea' id='block_1_42' title="bbox 2248 1109 3825 1181">
    <p class='ocr_par' dir='ltr' id='par_1_42' title="bbox 2248 1109 3825 1181">
     <span class='ocr_line' id='line_1_42' title="bbox 2248 1109 3825 1181; baseline -0.001 -17"><span class='ocrx_word' id='word_1_291' title='bbox 2248 1124 2372 1164; x_wconf 89' lang='lat' dir='ltr'>rem</span> <span class='ocrx_word' id='word_1_292' title='bbox 2404 1126 2532 1165; x_wconf 89' lang='lat' dir='ltr'>esse</span> <span class='ocrx_word' id='word_1_293' title='bbox 2560 1109 2938 1181; x_wconf 90' lang='lat' dir='ltr'>deprehendi,</span> <span class='ocrx_word' id='word_1_294' title='bbox 2973 1114 3030 1165; x_wconf 92' lang='lat' dir='ltr'>et</span> <span class='ocrx_word' id='word_1_295' title='bbox 3082 1109 3227 1164; x_wconf 90' lang='lat' dir='ltr'>nihil</span> <span class='ocrx_word' id='word_1_296' title='bbox 3272 1109 3452 1176; x_wconf 89' lang='lat' dir='ltr'>aliud,</span> <span class='ocrx_word' id='word_1_297' title='bbox 3484 1110 3591 1165; x_wconf 91' lang='lat' dir='ltr'>nisi</span> <span class='ocrx_word' id='word_1_298' title='bbox 3640 1124 3825 1165; x_wconf 87' lang='lat' dir='ltr'>cassum</span> 
     </span>
    </p>
   </div>
   <div class='ocr_carea' id='block_1_43' title="bbox 2248 1197 3830 1268">
    <p class='ocr_par' dir='ltr' id='par_1_43' title="bbox 2248 1197 3830 1268">
     <span class='ocr_line' id='line_1_43' title="bbox 2248 1197 3830 1268; baseline -0.001 -15"><span class='ocrx_word' id='word_1_299' title='bbox 2248 1202 2302 1253; x_wconf 91' lang='lat' dir='ltr'>et</span> <span class='ocrx_word' id='word_1_300' title='bbox 2333 1198 2459 1253; x_wconf 91' lang='lat' dir='ltr'>sine</span> <span class='ocrx_word' id='word_1_301' title='bbox 2491 1198 2603 1254; x_wconf 81' lang='lat' dir='ltr'>fine</span> <span class='ocrx_word' id='word_1_302' title='bbox 2635 1203 2951 1266; x_wconf 89' lang='lat' dir='ltr'>certamen,</span> <span class='ocrx_word' id='word_1_303' title='bbox 2985 1198 3262 1254; x_wconf 89' lang='lat' dir='ltr'>transtuli</span> <span class='ocrx_word' id='word_1_304' title='bbox 3292 1215 3386 1254; x_wconf 91' lang='lat' dir='ltr'>me</span> <span class='ocrx_word' id='word_1_305' title='bbox 3415 1199 3484 1255; x_wconf 91' lang='lat' dir='ltr'>ad</span> <span class='ocrx_word' id='word_1_306' title='bbox 3514 1197 3760 1268; x_wconf 73' lang='lat' dir='ltr'>laetitiam,</span> <span class='ocrx_word' id='word_1_307' title='bbox 3783 1203 3830 1251; x_wconf 85' lang='lat' dir='ltr'>ut</span> 
     </span>
    </p>
   </div>
   <div class='ocr_carea' id='block_1_44' title="bbox 2249 1285 3828 1360">
    <p class='ocr_par' dir='ltr' id='par_1_44' title="bbox 2249 1285 3828 1360">
     <span class='ocr_line' id='line_1_44' title="bbox 2249 1285 3828 1360; baseline 0 -20"><span class='ocrx_word' id='word_1_308' title='bbox 2249 1285 2388 1342; x_wconf 91' lang='lat' dir='ltr'>luxu</span> <span class='ocrx_word' id='word_1_309' title='bbox 2438 1288 2703 1353; x_wconf 87' lang='lat' dir='ltr'>ﬂuerem,</span> <span class='ocrx_word' id='word_1_310' title='bbox 2753 1304 3165 1360; x_wconf 86' lang='lat' dir='ltr'>eongregarem</span> <span class='ocrx_word' id='word_1_311' title='bbox 3242 1303 3401 1360; x_wconf 90' lang='lat' dir='ltr'>opes,</span> <span class='ocrx_word' id='word_1_312' title='bbox 3451 1288 3597 1343; x_wconf 78' lang='lat'>896</span> <span class='ocrx_word' id='word_1_313' title='bbox 3653 1285 3828 1341; x_wconf 87' lang='lat' dir='ltr'>divitiis</span> 
     </span>
    </p>
   </div>
   <div class='ocr_carea' id='block_1_45' title="bbox 2250 1375 3831 1448">
    <p class='ocr_par' dir='ltr' id='par_1_45' title="bbox 2250 1375 3831 1448">
     <span class='ocr_line' id='line_1_45' title="bbox 2250 1375 3831 1448; baseline -0.001 -18"><span class='ocrx_word' id='word_1_314' title='bbox 2250 1375 2635 1441; x_wconf 89' lang='lat' dir='ltr'>abundarem,</span> <span class='ocrx_word' id='word_1_315' title='bbox 2666 1380 2724 1432; x_wconf 90' lang='lat' dir='ltr'>et</span> <span class='ocrx_word' id='word_1_316' title='bbox 2754 1376 3046 1448; x_wconf 88' lang='lat' dir='ltr'>perituras</span> <span class='ocrx_word' id='word_1_317' title='bbox 3082 1375 3412 1448; x_wconf 86' lang='lat' dir='ltr'>voluptates</span> <span class='ocrx_word' id='word_1_318' title='bbox 3468 1390 3732 1448; x_wconf 88' lang='lat' dir='ltr'>caperem,</span> <span class='ocrx_word' id='word_1_319' title='bbox 3756 1390 3831 1429; x_wconf 86' lang='lat' dir='ltr'>an-</span> 
     </span>
    </p>
   </div>
   <div class='ocr_carea' id='block_1_46' title="bbox 2247 1463 3830 1535">
    <p class='ocr_par' dir='ltr' id='par_1_46' title="bbox 2247 1463 3830 1535">
     <span class='ocr_line' id='line_1_46' title="bbox 2247 1463 3830 1535; baseline -0.001 -16"><span class='ocrx_word' id='word_1_320' title='bbox 2247 1468 2487 1535; x_wconf 90' lang='lat' dir='ltr'>tequam</span> <span class='ocrx_word' id='word_1_321' title='bbox 2521 1481 2798 1521; x_wconf 87' lang='lat' dir='ltr'>morerer.</span> <span class='ocrx_word' id='word_1_322' title='bbox 2843 1465 2954 1520; x_wconf 92' lang='lat' dir='ltr'>Sed</span> <span class='ocrx_word' id='word_1_323' title='bbox 2986 1469 3044 1519; x_wconf 89' lang='lat' dir='ltr'>et</span> <span class='ocrx_word' id='word_1_324' title='bbox 3071 1464 3130 1519; x_wconf 92' lang='lat' dir='ltr'>in</span> <span class='ocrx_word' id='word_1_325' title='bbox 3181 1464 3290 1520; x_wconf 91' lang='lat' dir='ltr'>hoc</span> <span class='ocrx_word' id='word_1_326' title='bbox 3327 1463 3632 1520; x_wconf 87' lang='lat' dir='ltr'>vanitatem</span> <span class='ocrx_word' id='word_1_327' title='bbox 3685 1477 3830 1518; x_wconf 83' lang='lat' dir='ltr'>meam</span> 
     </span>
    </p>
   </div>
   <div class='ocr_carea' id='block_1_47' title="bbox 2249 1546 3829 1625">
    <p class='ocr_par' dir='ltr' id='par_1_47' title="bbox 2249 1546 3829 1625">
     <span class='ocr_line' id='line_1_47' title="bbox 2249 1546 3829 1625; baseline -0.001 -18"><span class='ocrx_word' id='word_1_328' title='bbox 2249 1553 2375 1624; x_wconf 90' lang='lat' dir='ltr'>ipse</span> <span class='ocrx_word' id='word_1_329' title='bbox 2407 1554 2695 1625; x_wconf 88' lang='lat' dir='ltr'>perspexi,</span> <span class='ocrx_word' id='word_1_330' title='bbox 2726 1554 2866 1608; x_wconf 91' lang='lat' dir='ltr'>dum</span> <span class='ocrx_word' id='word_1_331' title='bbox 2901 1553 3191 1622; x_wconf 70' lang='lat' dir='ltr'>praeterita</span> <span class='ocrx_word' id='word_1_332' title='bbox 3235 1546 3503 1624; x_wconf 84' lang='lat' dir='ltr'>voluptas</span> <span class='ocrx_word' id='word_1_333' title='bbox 3548 1556 3829 1625; x_wconf 70' lang='lat' dir='ltr'>praesentem</span> 
     </span>
    </p>
   </div>
   <div class='ocr_carea' id='block_1_48' title="bbox 2248 1641 3831 1712">
    <p class='ocr_par' dir='ltr' id='par_1_48' title="bbox 2248 1641 3831 1712">
     <span class='ocr_line' id='line_1_48' title="bbox 2248 1641 3831 1712; baseline -0.001 -16"><span class='ocrx_word' id='word_1_334' title='bbox 2248 1659 2365 1697; x_wconf 91' lang='lat' dir='ltr'>non</span> <span class='ocrx_word' id='word_1_335' title='bbox 2391 1643 2578 1712; x_wconf 90' lang='lat' dir='ltr'>juvat,</span> <span class='ocrx_word' id='word_1_336' title='bbox 2613 1647 2667 1698; x_wconf 89' lang='lat' dir='ltr'>et</span> <span class='ocrx_word' id='word_1_337' title='bbox 2699 1643 2985 1699; x_wconf 86' lang='lat' dir='ltr'>exhausta</span> <span class='ocrx_word' id='word_1_338' title='bbox 3015 1659 3130 1699; x_wconf 89' lang='lat' dir='ltr'>non</span> <span class='ocrx_word' id='word_1_339' title='bbox 3164 1642 3360 1699; x_wconf 88' lang='lat' dir='ltr'>satiat.</span> <span class='ocrx_word' id='word_1_340' title='bbox 3391 1641 3517 1697; x_wconf 88' lang='lat' dir='ltr'>Non</span> <span class='ocrx_word' id='word_1_341' title='bbox 3547 1641 3718 1697; x_wconf 91' lang='lat' dir='ltr'>solum</span> <span class='ocrx_word' id='word_1_342' title='bbox 3755 1656 3831 1695; x_wconf 83' lang='lat' dir='ltr'>au-</span> 
     </span>
    </p>
   </div>
   <div class='ocr_carea' id='block_1_49' title="bbox 2253 1729 3833 1804">
    <p class='ocr_par' dir='ltr' id='par_1_49' title="bbox 2253 1729 3833 1804">
     <span class='ocr_line' id='line_1_49' title="bbox 2253 1729 3833 1804; baseline -0.003 -18"><span class='ocrx_word' id='word_1_343' title='bbox 2253 1738 2371 1787; x_wconf 87' lang='lat' dir='ltr'>tem</span> <span class='ocrx_word' id='word_1_344' title='bbox 2434 1731 2753 1804; x_wconf 88' lang='lat' dir='ltr'>corporalis</span> <span class='ocrx_word' id='word_1_345' title='bbox 2812 1731 3035 1802; x_wconf 67' lang='lat' dir='ltr'>laetitia,</span> <span class='ocrx_word' id='word_1_346' title='bbox 3068 1732 3167 1787; x_wconf 92' lang='lat' dir='ltr'>sed</span> <span class='ocrx_word' id='word_1_347' title='bbox 3216 1732 3393 1787; x_wconf 88' lang='lat' dir='ltr'>etiam</span> <span class='ocrx_word' id='word_1_348' title='bbox 3450 1729 3743 1803; x_wconf 88' lang='lat' dir='ltr'>spiritualis</span> <span class='ocrx_word' id='word_1_349' title='bbox 3770 1732 3833 1784; x_wconf 64' lang='lat' dir='ltr'>est</span> 
     </span>
    </p>
   </div>
   <div class='ocr_carea' id='block_1_50' title="bbox 2262 1819 3833 1893">
    <p class='ocr_par' dir='ltr' id='par_1_50' title="bbox 2262 1819 3833 1893">
     <span class='ocr_line' id='line_1_50' title="bbox 2262 1819 3833 1893; baseline -0.003 -18"><span class='ocrx_word' id='word_1_350' title='bbox 2262 1820 2504 1876; x_wconf 88' lang='lat' dir='ltr'>tentatio</span> <span class='ocrx_word' id='word_1_351' title='bbox 2567 1821 2911 1893; x_wconf 87' lang='lat' dir='ltr'>possidenti,</span> <span class='ocrx_word' id='word_1_352' title='bbox 2944 1826 3010 1875; x_wconf 93' lang='lat' dir='ltr'>ut</span> <span class='ocrx_word' id='word_1_353' title='bbox 3052 1820 3350 1893; x_wconf 90' lang='lat' dir='ltr'>indigeam</span> <span class='ocrx_word' id='word_1_354' title='bbox 3413 1819 3731 1892; x_wconf 78' lang='lat' dir='ltr'>corripiente</span> <span class='ocrx_word' id='word_1_355' title='bbox 3764 1830 3833 1871; x_wconf 87' lang='lat' dir='ltr'>me</span> 
     </span>
    </p>
   </div>
   <div class='ocr_carea' id='block_1_51' title="bbox 2258 1906 3832 1981">
    <p class='ocr_par' dir='ltr' id='par_1_51' title="bbox 2258 1906 3832 1981">
     <span class='ocr_line' id='line_1_51' title="bbox 2258 1906 3832 1981; baseline -0.004 -17"><span class='ocrx_word' id='word_1_356' title='bbox 2258 1908 2518 1975; x_wconf 87' lang='lat' dir='ltr'>stimulo,</span> <span class='ocrx_word' id='word_1_357' title='bbox 2552 1913 2608 1965; x_wconf 93' lang='lat' dir='ltr'>et</span> <span class='ocrx_word' id='word_1_358' title='bbox 2637 1909 2842 1981; x_wconf 87' lang='lat' dir='ltr'>angelo</span> <span class='ocrx_word' id='word_1_359' title='bbox 2881 1909 3128 1977; x_wconf 75' lang='lat' dir='ltr'>Satanae,</span> <span class='ocrx_word' id='word_1_360' title='bbox 3163 1909 3262 1981; x_wconf 89' lang='lat' dir='ltr'>qui</span> <span class='ocrx_word' id='word_1_361' title='bbox 3289 1930 3292 1934; x_wconf 57' lang='grc' dir='ltr'>λ</span> <span class='ocrx_word' id='word_1_362' title='bbox 3316 1925 3411 1965; x_wconf 92' lang='lat' dir='ltr'>me</span> <span class='ocrx_word' id='word_1_363' title='bbox 3457 1906 3757 1980; x_wconf 84' lang='lat' dir='ltr'>colaphizet,</span> <span class='ocrx_word' id='word_1_364' title='bbox 3779 1920 3832 1959; x_wconf 88' lang='lat' dir='ltr'>ne</span> 
     </span>
    </p>
   </div>
   <div class='ocr_carea' id='block_1_52' title="bbox 2257 1995 3833 2069">
    <p class='ocr_par' dir='ltr' id='par_1_52' title="bbox 2257 1995 3833 2069">
     <span class='ocr_line' id='line_1_52' title="bbox 2257 1995 3833 2069; baseline -0.003 -16"><span class='ocrx_word' id='word_1_365' title='bbox 2257 1997 2444 2053; x_wconf 91' lang='lat' dir='ltr'>elever</span> <span class='ocrx_word' id='word_1_366' title='bbox 2472 1999 2544 2069; x_wconf 86' lang='lat' dir='ltr'>(ll</span> <span class='ocrx_word' id='word_1_367' title='bbox 2577 1998 2697 2055; x_wconf 85' lang='lat' dir='ltr'>Cor.</span> <span class='ocrx_word' id='word_1_368' title='bbox 2730 2016 2833 2065; x_wconf 82' lang='lat' dir='ltr'>x11,</span> <span class='ocrx_word' id='word_1_369' title='bbox 2861 2000 2942 2067; x_wconf 90' lang='lat'>7).</span> <span class='ocrx_word' id='word_1_370' title='bbox 2979 1998 3140 2053; x_wconf 92' lang='lat' dir='ltr'>Unde</span> <span class='ocrx_word' id='word_1_371' title='bbox 3188 2002 3246 2054; x_wconf 92' lang='lat' dir='ltr'>et</span> <span class='ocrx_word' id='word_1_372' title='bbox 3296 1997 3568 2053; x_wconf 88' lang='lat' dir='ltr'>Salomon</span> <span class='ocrx_word' id='word_1_373' title='bbox 3600 2014 3612 2051; x_wconf 93' lang='lat'><strong>:</strong></span> <span class='ocrx_word' id='word_1_374' title='bbox 3641 1995 3833 2058; x_wconf 71' lang='lat' dir='ltr'>Divitias,</span> 
     </span>
    </p>
   </div>
   <div class='ocr_carea' id='block_1_53' title="bbox 2258 2086 3835 2159">
    <p class='ocr_par' dir='ltr' id='par_1_53' title="bbox 2258 2086 3835 2159">
     <span class='ocr_line' id='line_1_53' title="bbox 2258 2086 3835 2159; baseline -0.002 -18"><span class='ocrx_word' id='word_1_375' title='bbox 2258 2086 2471 2158; x_wconf 89' lang='lat' dir='ltr'>inquit,</span> <span class='ocrx_word' id='word_1_376' title='bbox 2500 2090 2550 2143; x_wconf 75' lang='lat' dir='ltr'>et</span> <span class='ocrx_word' id='word_1_377' title='bbox 2592 2091 2969 2159; x_wconf 78' lang='lat' dir='ltr'>paupertatem</span> <span class='ocrx_word' id='word_1_378' title='bbox 3018 2104 3087 2142; x_wconf 85' lang='lat' dir='ltr'>ne</span> <span class='ocrx_word' id='word_1_379' title='bbox 3136 2087 3350 2143; x_wconf 84' lang='lat' dir='ltr'>dederis</span> <span class='ocrx_word' id='word_1_380' title='bbox 3396 2087 3537 2142; x_wconf 88' lang='lat' dir='ltr'>mihi</span> <span class='ocrx_word' id='word_1_381' title='bbox 3563 2087 3723 2157; x_wconf 87' lang='lat' dir='ltr'>(Prov.</span> <span class='ocrx_word' id='word_1_382' title='bbox 3741 2098 3835 2148; x_wconf 81' lang='lat' dir='ltr'>xxx,</span> 
     </span>
    </p>
   </div>
   <div class='ocr_carea' id='block_1_54' title="bbox 2257 2172 3834 2248">
    <p class='ocr_par' dir='ltr' id='par_1_54' title="bbox 2257 2172 3834 2248">
     <span class='ocr_line' id='line_1_54' title="bbox 2257 2172 3834 2248; baseline 0.004 -19"><span class='ocrx_word' id='word_1_383' title='bbox 2257 2177 2311 2243; x_wconf 87' lang='lat'>8)</span> <span class='ocrx_word' id='word_1_384' title='bbox 2347 2192 2359 2229; x_wconf 91' lang='lat'><strong>:</strong></span> <span class='ocrx_word' id='word_1_385' title='bbox 2394 2176 2714 2248; x_wconf 89' lang='lat' dir='ltr'>statimque</span> <span class='ocrx_word' id='word_1_386' title='bbox 2740 2176 3002 2232; x_wconf 89' lang='lat' dir='ltr'>subdidit</span> <span class='ocrx_word' id='word_1_387' title='bbox 3035 2194 3048 2231; x_wconf 87' lang='lat'><strong>:</strong></span> <span class='ocrx_word' id='word_1_388' title='bbox 3083 2179 3165 2231; x_wconf 89' lang='lat' dir='ltr'>Ne</span> <span class='ocrx_word' id='word_1_389' title='bbox 3204 2179 3440 2232; x_wconf 76' lang='lat' dir='ltr'>satiatus</span> <span class='ocrx_word' id='word_1_390' title='bbox 3475 2174 3694 2231; x_wconf 70' lang='lat' dir='ltr'>mendax</span> <span class='ocrx_word' id='word_1_391' title='bbox 3718 2172 3834 2236; x_wconf 75' lang='lat' dir='ltr'>liam;</span> 
     </span>
    </p>
   </div>
   <div class='ocr_carea' id='block_1_55' title="bbox 2258 2259 3839 2336">
    <p class='ocr_par' dir='ltr' id='par_1_55' title="bbox 2258 2259 3839 2336">
     <span class='ocr_line' id='line_1_55' title="bbox 2258 2259 3839 2336; baseline -0.005 -16"><span class='ocrx_word' id='word_1_392' title='bbox 2258 2272 2310 2320; x_wconf 84' lang='lat' dir='ltr'>et</span> <span class='ocrx_word' id='word_1_393' title='bbox 2328 2264 2528 2330; x_wconf 86' lang='lat' dir='ltr'>dicam,</span> <span class='ocrx_word' id='word_1_394' title='bbox 2558 2267 2681 2336; x_wconf 79' lang='lat' dir='ltr'>quis</span> <span class='ocrx_word' id='word_1_395' title='bbox 2730 2282 2813 2319; x_wconf 91' lang='lat' dir='ltr'>me</span> <span class='ocrx_word' id='word_1_396' title='bbox 2865 2268 3130 2336; x_wconf 74' lang='lat' dir='ltr'>conspicit</span> <span class='ocrx_word' id='word_1_397' title='bbox 3171 2265 3332 2336; x_wconf 87' lang='lat' dir='ltr'>(Ibid.</span> <span class='ocrx_word' id='word_1_398' title='bbox 3365 2264 3470 2336; x_wconf 83' lang='lat'>9)?</span> <span class='ocrx_word' id='word_1_399' title='bbox 3500 2262 3763 2336; x_wconf 89' lang='lat' dir='ltr'>Siquidem</span> <span class='ocrx_word' id='word_1_400' title='bbox 3798 2259 3839 2312; x_wconf 84' lang='lat' dir='ltr'>et</span> 
     </span>
    </p>
   </div>
   <div class='ocr_carea' id='block_1_56' title="bbox 2259 2346 3837 2425">
    <p class='ocr_par' dir='ltr' id='par_1_56' title="bbox 2259 2346 3837 2425">
     <span class='ocr_line' id='line_1_56' title="bbox 2259 2346 3837 2425; baseline -0.005 -17"><span class='ocrx_word' id='word_1_401' title='bbox 2259 2352 2528 2409; x_wconf 89' lang='lat' dir='ltr'>diabolus</span> <span class='ocrx_word' id='word_1_402' title='bbox 2560 2370 2661 2425; x_wconf 91' lang='lat' dir='ltr'>per</span> <span class='ocrx_word' id='word_1_403' title='bbox 2680 2354 2968 2408; x_wconf 91' lang='lat' dir='ltr'>bonorum</span> <span class='ocrx_word' id='word_1_404' title='bbox 3000 2353 3429 2409; x_wconf 85' lang='lat' dir='ltr'>abundantiam</span> <span class='ocrx_word' id='word_1_405' title='bbox 3458 2346 3837 2409; x_wconf 69' lang='lat' dir='ltr'>conciditlinde</span> 
     </span>
    </p>
   </div>
   <div class='ocr_carea' id='block_1_57' title="bbox 2259 2436 3841 2514">
    <p class='ocr_par' dir='ltr' id='par_1_57' title="bbox 2259 2436 3841 2514">
     <span class='ocr_line' id='line_1_57' title="bbox 2259 2436 3841 2514; baseline -0.003 -18"><span class='ocrx_word' id='word_1_406' title='bbox 2259 2446 2316 2496; x_wconf 91' lang='lat' dir='ltr'>et</span> <span class='ocrx_word' id='word_1_407' title='bbox 2358 2443 2418 2496; x_wconf 91' lang='lat' dir='ltr'>in</span> <span class='ocrx_word' id='word_1_408' title='bbox 2462 2442 2736 2514; x_wconf 90' lang='lat' dir='ltr'>Apostolo</span> <span class='ocrx_word' id='word_1_409' title='bbox 2772 2442 3055 2514; x_wconf 89' lang='lat' dir='ltr'>s&#39;eriptum</span> <span class='ocrx_word' id='word_1_410' title='bbox 3093 2446 3183 2497; x_wconf 91' lang='lat' dir='ltr'>est</span> <span class='ocrx_word' id='word_1_411' title='bbox 3215 2460 3227 2497; x_wconf 93' lang='lat'>:</span> <span class='ocrx_word' id='word_1_412' title='bbox 3259 2444 3340 2499; x_wconf 88' lang='lat' dir='ltr'>Ne</span> <span class='ocrx_word' id='word_1_413' title='bbox 3362 2445 3426 2498; x_wconf 83' lang='lat' dir='ltr'>in</span> <span class='ocrx_word' id='word_1_414' title='bbox 3446 2441 3730 2514; x_wconf 76' lang='lat' dir='ltr'>superbiam</span> <span class='ocrx_word' id='word_1_415' title='bbox 3759 2436 3841 2492; x_wconf 75' lang='lat' dir='ltr'>ela-</span> 
     </span>
    </p>
   </div>
   <div class='ocr_carea' id='block_1_58' title="bbox 2261 2522 3838 2602">
    <p class='ocr_par' dir='ltr' id='par_1_58' title="bbox 2261 2522 3838 2602">
     <span class='ocr_line' id='line_1_58' title="bbox 2261 2522 3838 2602; baseline -0.006 -16"><span class='ocrx_word' id='word_1_416' title='bbox 2261 2539 2367 2600; x_wconf 81' lang='lat' dir='ltr'>tus,</span> <span class='ocrx_word' id='word_1_417' title='bbox 2394 2534 2453 2587; x_wconf 82' lang='lat' dir='ltr'>in</span> <span class='ocrx_word' id='word_1_418' title='bbox 2492 2531 2773 2602; x_wconf 75' lang='lat' dir='ltr'>judicium</span> <span class='ocrx_word' id='word_1_419' title='bbox 2810 2531 3020 2587; x_wconf 79' lang='lat' dir='ltr'>incidat</span> <span class='ocrx_word' id='word_1_420' title='bbox 3071 2531 3283 2587; x_wconf 82' lang='lat' dir='ltr'>diaboli</span> <span class='ocrx_word' id='word_1_421' title='bbox 3331 2532 3380 2600; x_wconf 92' lang='grc' dir='ltr'>(ι</span> <span class='ocrx_word' id='word_1_422' title='bbox 3427 2533 3559 2587; x_wconf 87' lang='lat' dir='ltr'>Tim.</span> <span class='ocrx_word' id='word_1_423' title='bbox 3603 2545 3675 2597; x_wconf 89' lang='grc' dir='ltr'>ιιι,</span> <span class='ocrx_word' id='word_1_424' title='bbox 3717 2528 3777 2594; x_wconf 87' lang='lat'>6),</span> <span class='ocrx_word' id='word_1_425' title='bbox 3800 2522 3838 2577; x_wconf 87' lang='lat' dir='ltr'>id</span> 
     </span>
    </p>
   </div>
   <div class='ocr_carea' id='block_1_59' title="bbox 2260 2610 3843 2692">
    <p class='ocr_par' dir='ltr' id='par_1_59' title="bbox 2260 2610 3843 2692">
     <span class='ocr_line' id='line_1_59' title="bbox 2260 2610 3843 2692; baseline -0.006 -17"><span class='ocrx_word' id='word_1_426' title='bbox 2260 2625 2366 2688; x_wconf 90' lang='lat' dir='ltr'>est,</span> <span class='ocrx_word' id='word_1_427' title='bbox 2399 2621 2458 2674; x_wconf 91' lang='lat' dir='ltr'>in</span> <span class='ocrx_word' id='word_1_428' title='bbox 2484 2619 2597 2675; x_wconf 86' lang='lat' dir='ltr'>tale</span> <span class='ocrx_word' id='word_1_429' title='bbox 2619 2619 2935 2691; x_wconf 83' lang='lat' dir='ltr'>judicium,</span> <span class='ocrx_word' id='word_1_430' title='bbox 2968 2620 3029 2674; x_wconf 91' lang='lat' dir='ltr'>in</span> <span class='ocrx_word' id='word_1_431' title='bbox 3059 2637 3176 2692; x_wconf 91' lang='lat' dir='ltr'>quo</span> <span class='ocrx_word' id='word_1_432' title='bbox 3221 2621 3400 2676; x_wconf 90' lang='lat' dir='ltr'>etiam</span> <span class='ocrx_word' id='word_1_433' title='bbox 3449 2618 3700 2676; x_wconf 88' lang='lat' dir='ltr'>diabolus</span> <span class='ocrx_word' id='word_1_434' title='bbox 3737 2610 3843 2669; x_wconf 87' lang='lat' dir='ltr'>inci-</span> 
     </span>
    </p>
   </div>
   <div class='ocr_carea' id='block_1_60' title="bbox 2262 2708 3841 2782">
    <p class='ocr_par' dir='ltr' id='par_1_60' title="bbox 2262 2708 3841 2782">
     <span class='ocr_line' id='line_1_60' title="bbox 2262 2708 3841 2782; baseline -0.006 -18"><span class='ocrx_word' id='word_1_435' title='bbox 2262 2709 2369 2764; x_wconf 91' lang='lat' dir='ltr'>dit.</span> <span class='ocrx_word' id='word_1_436' title='bbox 2403 2709 2513 2764; x_wconf 92' lang='lat' dir='ltr'>Sed</span> <span class='ocrx_word' id='word_1_437' title='bbox 2555 2713 2611 2763; x_wconf 88' lang='lat' dir='ltr'>et</span> <span class='ocrx_word' id='word_1_438' title='bbox 2655 2708 2764 2764; x_wconf 92' lang='lat' dir='ltr'>hoc</span> <span class='ocrx_word' id='word_1_439' title='bbox 2818 2725 3136 2781; x_wconf 89' lang='lat' dir='ltr'>possumus</span> <span class='ocrx_word' id='word_1_440' title='bbox 3166 2709 3387 2777; x_wconf 90' lang='lat' dir='ltr'>dicere,</span> <span class='ocrx_word' id='word_1_441' title='bbox 3418 2712 3707 2782; x_wconf 86' lang='lat' dir='ltr'>propterea</span> <span class='ocrx_word' id='word_1_442' title='bbox 3729 2715 3841 2758; x_wconf 86' lang='lat' dir='ltr'>nunc</span> 
     </span>
    </p>
   </div>
   <div class='ocr_carea' id='block_1_61' title="bbox 2263 2793 3841 2869">
    <p class='ocr_par' dir='ltr' id='par_1_61' title="bbox 2263 2793 3841 2869">
     <span class='ocr_line' id='line_1_61' title="bbox 2263 2793 3841 2869; baseline -0.005 -18"><span class='ocrx_word' id='word_1_443' title='bbox 2263 2796 2525 2852; x_wconf 69' lang='lat' dir='ltr'>laetitiam</span> <span class='ocrx_word' id='word_1_444' title='bbox 2576 2795 2971 2869; x_wconf 90' lang='lat' dir='ltr'>spiritualem,</span> <span class='ocrx_word' id='word_1_445' title='bbox 3011 2797 3165 2852; x_wconf 86' lang='lat' dir='ltr'>sicut</span> <span class='ocrx_word' id='word_1_446' title='bbox 3211 2801 3269 2852; x_wconf 89' lang='lat' dir='ltr'>et</span> <span class='ocrx_word' id='word_1_447' title='bbox 3322 2803 3547 2865; x_wconf 66' lang='lat' dir='ltr'>caetera,</span> <span class='ocrx_word' id='word_1_448' title='bbox 3598 2793 3841 2851; x_wconf 80' lang='lat' dir='ltr'>vanitatem</span> 
     </span>
    </p>
   </div>
   <div class='ocr_carea' id='block_1_62' title="bbox 2263 2882 3844 2957">
    <p class='ocr_par' dir='ltr' id='par_1_62' title="bbox 2263 2882 3844 2957">
     <span class='ocr_line' id='line_1_62' title="bbox 2263 2882 3844 2957; baseline -0.003 -18"><span class='ocrx_word' id='word_1_449' title='bbox 2263 2885 2653 2957; x_wconf 89' lang='lat' dir='ltr'>pronuntiari,</span> <span class='ocrx_word' id='word_1_450' title='bbox 2685 2886 2841 2957; x_wconf 87' lang='lat' dir='ltr'>quod</span> <span class='ocrx_word' id='word_1_451' title='bbox 2874 2902 2977 2957; x_wconf 92' lang='lat' dir='ltr'>per</span> <span class='ocrx_word' id='word_1_452' title='bbox 2998 2885 3303 2957; x_wconf 88' lang='lat' dir='ltr'>speculum</span> <span class='ocrx_word' id='word_1_453' title='bbox 3340 2903 3469 2942; x_wconf 89' lang='lat' dir='ltr'>eam</span> <span class='ocrx_word' id='word_1_454' title='bbox 3499 2886 3766 2941; x_wconf 89' lang='lat' dir='ltr'>videamus</span> <span class='ocrx_word' id='word_1_455' title='bbox 3805 2882 3844 2931; x_wconf 80' lang='lat' dir='ltr'>et</span> 
     </span>
    </p>
   </div>
   <div class='ocr_carea' id='block_1_63' title="bbox 2262 2966 3843 3047">
    <p class='ocr_par' dir='ltr' id='par_1_63' title="bbox 2262 2966 3843 3047">
     <span class='ocr_line' id='line_1_63' title="bbox 2262 2966 3843 3047; baseline -0.006 -19"><span class='ocrx_word' id='word_1_456' title='bbox 2262 2974 2322 3028; x_wconf 90' lang='lat' dir='ltr'>in</span> <span class='ocrx_word' id='word_1_457' title='bbox 2348 2974 2674 3047; x_wconf 69' lang='lat' dir='ltr'>aznigmate.</span> <span class='ocrx_word' id='word_1_458' title='bbox 2716 2975 2861 3031; x_wconf 87' lang='lat' dir='ltr'>Cum</span> <span class='ocrx_word' id='word_1_459' title='bbox 2921 2978 3119 3030; x_wconf 90' lang='lat' dir='ltr'>autem</span> <span class='ocrx_word' id='word_1_460' title='bbox 3164 2974 3314 3030; x_wconf 86' lang='lat' dir='ltr'>facie</span> <span class='ocrx_word' id='word_1_461' title='bbox 3365 2977 3437 3031; x_wconf 86' lang='lat' dir='ltr'>ad</span> <span class='ocrx_word' id='word_1_462' title='bbox 3487 2973 3678 3030; x_wconf 90' lang='lat' dir='ltr'>faciem</span> <span class='ocrx_word' id='word_1_463' title='bbox 3719 2966 3843 3025; x_wconf 85' lang='lat' dir='ltr'>fuerit</span> 
     </span>
    </p>
   </div>
   <div class='ocr_carea' id='block_1_64' title="bbox 2266 3052 3841 3135">
    <p class='ocr_par' dir='ltr' id='par_1_64' title="bbox 2266 3052 3841 3135">
     <span class='ocr_line' id='line_1_64' title="bbox 2266 3052 3841 3135; baseline -0.001 -18"><span class='ocrx_word' id='word_1_464' title='bbox 2266 3062 2533 3129; x_wconf 90' lang='lat' dir='ltr'>revelata,</span> <span class='ocrx_word' id='word_1_465' title='bbox 2583 3066 2722 3118; x_wconf 92' lang='lat' dir='ltr'>tunc</span> <span class='ocrx_word' id='word_1_466' title='bbox 2796 3079 2922 3119; x_wconf 90' lang='lat' dir='ltr'>eam</span> <span class='ocrx_word' id='word_1_467' title='bbox 2990 3079 3367 3135; x_wconf 89' lang='lat' dir='ltr'>nequaquam</span> <span class='ocrx_word' id='word_1_468' title='bbox 3435 3063 3741 3125; x_wconf 86' lang='lat' dir='ltr'>vanitatem,</span> <span class='ocrx_word' id='word_1_469' title='bbox 3772 3052 3841 3110; x_wconf 75' lang='lat' dir='ltr'>sed</span> 
     </span>
    </p>
   </div>
   <div class='ocr_carea' id='block_1_65' title="bbox 505 3139 2819 3219">
    <p class='ocr_par' dir='ltr' id='par_1_65' title="bbox 505 3139 2819 3219">
     <span class='ocr_line' id='line_1_65' title="bbox 505 3139 2819 3219; baseline 0.001 -13"><span class='ocrx_word' id='word_1_470' title='bbox 505 3152 659 3207; x_wconf 88' lang='lat' dir='ltr'>rima</span> <span class='ocrx_word' id='word_1_471' title='bbox 688 3153 747 3206; x_wconf 91' lang='lat' dir='ltr'>in</span> <span class='ocrx_word' id='word_1_472' title='bbox 778 3153 954 3209; x_wconf 88' lang='lat' dir='ltr'>rebus</span> <span class='ocrx_word' id='word_1_473' title='bbox 984 3153 1158 3209; x_wconf 85' lang='lat' dir='ltr'>noxia</span> <span class='ocrx_word' id='word_1_474' title='bbox 1187 3157 1329 3208; x_wconf 92' lang='lat' dir='ltr'>sunt</span> <span class='ocrx_word' id='word_1_475' title='bbox 1356 3156 1570 3219; x_wconf 79' lang='lat' dir='ltr'>creata,</span> <span class='ocrx_word' id='word_1_476' title='bbox 1612 3154 1677 3206; x_wconf 89' lang='lat' dir='ltr'>ut</span> <span class='ocrx_word' id='word_1_477' title='bbox 1696 3152 1849 3206; x_wconf 88' lang='lat' dir='ltr'>dum</span> <span class='ocrx_word' id='word_1_478' title='bbox 1898 3150 2151 3206; x_wconf 90' lang='lat' dir='ltr'>vitamus</span> <span class='ocrx_word' id='word_1_479' title='bbox 2181 3139 2224 3206; x_wconf 87' lang='lat' dir='ltr'>C</span> <span class='ocrx_word' id='word_1_480' title='bbox 2260 3152 2564 3207; x_wconf 90' lang='lat' dir='ltr'>veritatem</span> <span class='ocrx_word' id='word_1_481' title='bbox 2604 3153 2819 3208; x_wconf 90' lang='lat' dir='ltr'>vocari.</span> 
     </span>
    </p>
   </div>
   <div class='ocr_carea' id='block_1_66' title="bbox 507 3238 2147 3314">
    <p class='ocr_par' dir='ltr' id='par_1_66' title="bbox 507 3238 2147 3314">
     <span class='ocr_line' id='line_1_66' title="bbox 507 3238 2147 3314; baseline -0.001 -19"><span class='ocrx_word' id='word_1_482' title='bbox 507 3256 596 3307; x_wconf 89' lang='lat' dir='ltr'>ea,</span> <span class='ocrx_word' id='word_1_483' title='bbox 626 3241 699 3295; x_wconf 89' lang='lat' dir='ltr'>ad</span> <span class='ocrx_word' id='word_1_484' title='bbox 732 3241 1080 3314; x_wconf 87' lang='lat' dir='ltr'>sapientiam</span> <span class='ocrx_word' id='word_1_485' title='bbox 1108 3240 1466 3296; x_wconf 89' lang='lat' dir='ltr'>erudiamur.</span> <span class='ocrx_word' id='word_1_486' title='bbox 1499 3238 1762 3312; x_wconf 69' lang='lat' dir='ltr'>quualis</span> <span class='ocrx_word' id='word_1_487' title='bbox 1806 3242 1942 3311; x_wconf 80' lang='lat' dir='ltr'>ergo</span> <span class='ocrx_word' id='word_1_488' title='bbox 1973 3238 2147 3295; x_wconf 89' lang='lat' dir='ltr'>studii</span> 
     </span>
    </p>
   </div>
   <div class='ocr_carea' id='block_1_67' title="bbox 508 3327 2152 3401">
    <p class='ocr_par' dir='ltr' id='par_1_67' title="bbox 508 3327 2152 3401">
     <span class='ocr_line' id='line_1_67' title="bbox 508 3327 2152 3401; baseline 0.001 -19"><span class='ocrx_word' id='word_1_489' title='bbox 508 3327 622 3384; x_wconf 86' lang='lat' dir='ltr'>fuit</span> <span class='ocrx_word' id='word_1_490' title='bbox 651 3328 949 3385; x_wconf 89' lang='lat' dir='ltr'>Salomoni</span> <span class='ocrx_word' id='word_1_491' title='bbox 1000 3329 1146 3385; x_wconf 88' lang='lat' dir='ltr'>scire</span> <span class='ocrx_word' id='word_1_492' title='bbox 1197 3329 1543 3401; x_wconf 89' lang='lat' dir='ltr'>sapientiam</span> <span class='ocrx_word' id='word_1_493' title='bbox 1588 3333 1648 3384; x_wconf 93' lang='lat' dir='ltr'>et</span> <span class='ocrx_word' id='word_1_494' title='bbox 1677 3328 2003 3395; x_wconf 88' lang='lat' dir='ltr'>scientiam,</span> <span class='ocrx_word' id='word_1_495' title='bbox 2037 3332 2092 3382; x_wconf 90' lang='lat' dir='ltr'>et</span> <span class='ocrx_word' id='word_1_496' title='bbox 2122 3345 2152 3383; x_wconf 91' lang='lat' dir='ltr'>e</span> 
     </span>
    </p>
   </div>
   <div class='ocr_carea' id='block_1_68' title="bbox 512 3416 2152 3490">
    <p class='ocr_par' dir='ltr' id='par_1_68' title="bbox 512 3416 2152 3490">
     <span class='ocr_line' id='line_1_68' title="bbox 512 3416 2152 3490; baseline 0 -18"><span class='ocrx_word' id='word_1_497' title='bbox 512 3416 748 3490; x_wconf 88' lang='lat' dir='ltr'>regione</span> <span class='ocrx_word' id='word_1_498' title='bbox 778 3434 1004 3474; x_wconf 90' lang='lat' dir='ltr'>errores</span> <span class='ocrx_word' id='word_1_499' title='bbox 1033 3423 1091 3473; x_wconf 90' lang='lat' dir='ltr'>et</span> <span class='ocrx_word' id='word_1_500' title='bbox 1120 3416 1459 3474; x_wconf 90' lang='lat' dir='ltr'>stultitiam:</span> <span class='ocrx_word' id='word_1_501' title='bbox 1482 3417 1626 3472; x_wconf 89' lang='lat' dir='ltr'>utin</span> <span class='ocrx_word' id='word_1_502' title='bbox 1656 3416 1785 3473; x_wconf 88' lang='lat' dir='ltr'>aliis</span> <span class='ocrx_word' id='word_1_503' title='bbox 1808 3417 2152 3489; x_wconf 88' lang='lat' dir='ltr'>appetendis</span> 
     </span>
    </p>
   </div>
   <div class='ocr_carea' id='block_1_69' title="bbox 511 3506 2148 3578">
    <p class='ocr_par' dir='ltr' id='par_1_69' title="bbox 511 3506 2148 3578">
     <span class='ocr_line' id='line_1_69' title="bbox 511 3506 2148 3578; baseline 0.001 -17"><span class='ocrx_word' id='word_1_504' title='bbox 511 3510 568 3561; x_wconf 89' lang='lat' dir='ltr'>et</span> <span class='ocrx_word' id='word_1_505' title='bbox 597 3506 729 3563; x_wconf 90' lang='lat' dir='ltr'>aliis</span> <span class='ocrx_word' id='word_1_506' title='bbox 759 3507 1290 3575; x_wconf 87' lang='lat' dir='ltr'>declinandis,vera</span> <span class='ocrx_word' id='word_1_507' title='bbox 1319 3507 1447 3577; x_wconf 90' lang='lat' dir='ltr'>ejus</span> <span class='ocrx_word' id='word_1_508' title='bbox 1478 3506 1763 3578; x_wconf 90' lang='lat' dir='ltr'>sapientia</span> <span class='ocrx_word' id='word_1_509' title='bbox 1785 3507 2148 3578; x_wconf 89' lang='lat' dir='ltr'>probaretur.</span> 
     </span>
    </p>
   </div>
   <div class='ocr_carea' id='block_1_70' title="bbox 508 3594 2151 3668">
    <p class='ocr_par' dir='ltr' id='par_1_70' title="bbox 508 3594 2151 3668">
     <span class='ocr_line' id='line_1_70' title="bbox 508 3594 2151 3668; baseline -0.001 -17"><span class='ocrx_word' id='word_1_510' title='bbox 508 3596 621 3652; x_wconf 89' lang='lat' dir='ltr'>Sed</span> <span class='ocrx_word' id='word_1_511' title='bbox 680 3594 740 3651; x_wconf 90' lang='lat' dir='ltr'>in</span> <span class='ocrx_word' id='word_1_512' title='bbox 796 3595 907 3651; x_wconf 92' lang='lat' dir='ltr'>hoc</span> <span class='ocrx_word' id='word_1_513' title='bbox 960 3611 1214 3668; x_wconf 92' lang='lat' dir='ltr'>quoque,</span> <span class='ocrx_word' id='word_1_514' title='bbox 1248 3599 1313 3650; x_wconf 89' lang='lat' dir='ltr'>ut</span> <span class='ocrx_word' id='word_1_515' title='bbox 1367 3594 1426 3649; x_wconf 90' lang='lat' dir='ltr'>in</span> <span class='ocrx_word' id='word_1_516' title='bbox 1457 3595 1698 3661; x_wconf 64' lang='lat' dir='ltr'>caeteris,</span> <span class='ocrx_word' id='word_1_517' title='bbox 1733 3594 1875 3649; x_wconf 89' lang='lat' dir='ltr'>dicit</span> <span class='ocrx_word' id='word_1_518' title='bbox 1920 3594 2151 3666; x_wconf 88' lang='lat' dir='ltr'>pavisse</span> 
     </span>
    </p>
   </div>
   <div class='ocr_carea' id='block_1_71' title="bbox 506 3683 2148 3754">
    <p class='ocr_par' dir='ltr' id='par_1_71' title="bbox 506 3683 2148 3754">
     <span class='ocr_line' id='line_1_71' title="bbox 506 3683 2148 3754; baseline -0.001 -12"><span class='ocrx_word' id='word_1_519' title='bbox 506 3701 570 3742; x_wconf 87' lang='lat' dir='ltr'>se</span> <span class='ocrx_word' id='word_1_520' title='bbox 593 3688 815 3754; x_wconf 88' lang='lat' dir='ltr'>ventos,</span> <span class='ocrx_word' id='word_1_521' title='bbox 849 3689 906 3741; x_wconf 91' lang='lat' dir='ltr'>et</span> <span class='ocrx_word' id='word_1_522' title='bbox 948 3700 1065 3740; x_wconf 92' lang='lat' dir='ltr'>non</span> <span class='ocrx_word' id='word_1_523' title='bbox 1108 3683 1364 3740; x_wconf 89' lang='lat' dir='ltr'>valuisse</span> <span class='ocrx_word' id='word_1_524' title='bbox 1409 3684 1723 3754; x_wconf 79' lang='lat' dir='ltr'>perfectam</span> <span class='ocrx_word' id='word_1_525' title='bbox 1768 3683 2148 3754; x_wconf 88' lang='lat' dir='ltr'>comprehen-</span> 
     </span>
    </p>
   </div>
   <div class='ocr_carea' id='block_1_72' title="bbox 504 3771 2149 3845">
    <p class='ocr_par' dir='ltr' id='par_1_72' title="bbox 504 3771 2149 3845">
     <span class='ocr_line' id='line_1_72' title="bbox 504 3771 2149 3845; baseline -0.001 -16"><span class='ocrx_word' id='word_1_526' title='bbox 504 3774 642 3830; x_wconf 89' lang='lat' dir='ltr'>dere</span> <span class='ocrx_word' id='word_1_527' title='bbox 702 3773 1029 3830; x_wconf 85' lang='lat' dir='ltr'>veritatem.</span> <span class='ocrx_word' id='word_1_528' title='bbox 1092 3779 1166 3828; x_wconf 86' lang='lat' dir='ltr'>l)e</span> <span class='ocrx_word' id='word_1_529' title='bbox 1219 3772 1673 3845; x_wconf 74' lang='lat' dir='ltr'>praesumptione</span> <span class='ocrx_word' id='word_1_530' title='bbox 1728 3771 1993 3843; x_wconf 87' lang='lat' dir='ltr'>spiritus,</span> <span class='ocrx_word' id='word_1_531' title='bbox 2028 3772 2149 3827; x_wconf 89' lang='lat' dir='ltr'>sive</span> 
     </span>
    </p>
   </div>
   <div class='ocr_carea' id='block_1_73' title="bbox 504 3859 2147 3934">
    <p class='ocr_par' dir='ltr' id='par_1_73' title="bbox 504 3859 2147 3934">
     <span class='ocr_line' id='line_1_73' title="bbox 504 3859 2147 3934; baseline -0.001 -16"><span class='ocrx_word' id='word_1_532' title='bbox 504 3862 769 3934; x_wconf 90' lang='lat' dir='ltr'>pastione</span> <span class='ocrx_word' id='word_1_533' title='bbox 798 3862 974 3928; x_wconf 90' lang='lat' dir='ltr'>venti,</span> <span class='ocrx_word' id='word_1_534' title='bbox 1008 3878 1134 3933; x_wconf 64' lang='lat' dir='ltr'>qua:</span> <span class='ocrx_word' id='word_1_535' title='bbox 1167 3861 1380 3932; x_wconf 62' lang='lat' dir='ltr'>sapius</span> <span class='ocrx_word' id='word_1_536' title='bbox 1411 3861 1426 3895; x_wconf 85' lang='grc'>¹</span> <span class='ocrx_word' id='word_1_537' title='bbox 1459 3861 1519 3915; x_wconf 94' lang='lat' dir='ltr'>in</span> <span class='ocrx_word' id='word_1_538' title='bbox 1558 3860 1669 3915; x_wconf 91' lang='lat' dir='ltr'>hoc</span> <span class='ocrx_word' id='word_1_539' title='bbox 1712 3859 1862 3916; x_wconf 91' lang='lat' dir='ltr'>libro</span> <span class='ocrx_word' id='word_1_540' title='bbox 1911 3859 2147 3928; x_wconf 87' lang='lat' dir='ltr'>dicitur,</span> 
     </span>
    </p>
   </div>
   <div class='ocr_carea' id='block_1_74' title="bbox 503 3949 1363 4023">
    <p class='ocr_par' dir='ltr' id='par_1_74' title="bbox 503 3949 1363 4023">
     <span class='ocr_line' id='line_1_74' title="bbox 503 3949 1363 4023; baseline -0.003 -16"><span class='ocrx_word' id='word_1_541' title='bbox 503 3967 685 4023; x_wconf 87' lang='lat' dir='ltr'>supra</span> <span class='ocrx_word' id='word_1_542' title='bbox 708 3949 1057 4006; x_wconf 88' lang='lat' dir='ltr'>disseruisse</span> <span class='ocrx_word' id='word_1_543' title='bbox 1088 3950 1363 4006; x_wconf 82' lang='lat' dir='ltr'>sufficiat.</span> 
     </span>
    </p>
   </div>
   <div class='ocr_carea' id='block_1_75' title="bbox 575 4037 2147 4111">
    <p class='ocr_par' dir='ltr' id='par_1_75' title="bbox 575 4037 2147 4111">
     <span class='ocr_line' id='line_1_75' title="bbox 575 4037 2147 4111; baseline 0.003 -21"><span class='ocrx_word' id='word_1_544' title='bbox 575 4063 604 4091; x_wconf 82' lang='lat'><strong>«</strong></span> <span class='ocrx_word' id='word_1_545' title='bbox 635 4038 779 4103; x_wconf 89' lang='lat' dir='ltr'>Quia</span> <span class='ocrx_word' id='word_1_546' title='bbox 806 4039 867 4093; x_wconf 92' lang='lat' dir='ltr'>in</span> <span class='ocrx_word' id='word_1_547' title='bbox 911 4038 1285 4095; x_wconf 88' lang='lat' dir='ltr'>multitudine</span> <span class='ocrx_word' id='word_1_548' title='bbox 1335 4039 1657 4111; x_wconf 70' lang='lat' dir='ltr'>sapientiae,</span> <span class='ocrx_word' id='word_1_549' title='bbox 1690 4037 2003 4093; x_wconf 91' lang='lat' dir='ltr'>multitudo</span> <span class='ocrx_word' id='word_1_550' title='bbox 2061 4040 2147 4094; x_wconf 83' lang='lat' dir='ltr'>l&#39;u-</span> 
     </span>
    </p>
   </div>
   <div class='ocr_carea' id='block_1_76' title="bbox 501 4126 2142 4200">
    <p class='ocr_par' dir='ltr' id='par_1_76' title="bbox 501 4126 2142 4200">
     <span class='ocr_line' id='line_1_76' title="bbox 501 4126 2142 4200; baseline -0.001 -17"><span class='ocrx_word' id='word_1_551' title='bbox 501 4127 650 4184; x_wconf 91' lang='lat' dir='ltr'>roris</span> <span class='ocrx_word' id='word_1_552' title='bbox 685 4146 698 4183; x_wconf 91' lang='lat'>:</span> <span class='ocrx_word' id='word_1_553' title='bbox 723 4132 780 4183; x_wconf 89' lang='lat' dir='ltr'>et</span> <span class='ocrx_word' id='word_1_554' title='bbox 810 4128 910 4200; x_wconf 90' lang='lat' dir='ltr'>qui</span> <span class='ocrx_word' id='word_1_555' title='bbox 938 4128 1179 4200; x_wconf 91' lang='lat' dir='ltr'>apponit</span> <span class='ocrx_word' id='word_1_556' title='bbox 1208 4127 1789 4199; x_wconf 86' lang='lat' dir='ltr'>scientiam,apponit</span> <span class='ocrx_word' id='word_1_557' title='bbox 1817 4126 2142 4183; x_wconf 82' lang='lat' dir='ltr'>dolorem.»</span> 
     </span>
    </p>
   </div>
   <div class='ocr_carea' id='block_1_77' title="bbox 499 4216 2143 4290">
    <p class='ocr_par' dir='ltr' id='par_1_77' title="bbox 499 4216 2143 4290">
     <span class='ocr_line' id='line_1_77' title="bbox 499 4216 2143 4290; baseline -0.001 -17"><span class='ocrx_word' id='word_1_558' title='bbox 499 4220 729 4284; x_wconf 88' lang='lat' dir='ltr'>Quanto</span> <span class='ocrx_word' id='word_1_559' title='bbox 758 4216 946 4290; x_wconf 89' lang='lat' dir='ltr'>magis</span> <span class='ocrx_word' id='word_1_560' title='bbox 991 4216 1125 4288; x_wconf 92' lang='lat' dir='ltr'>quis</span> <span class='ocrx_word' id='word_1_561' title='bbox 1160 4216 1505 4288; x_wconf 88' lang='lat' dir='ltr'>sapientiam</span> <span class='ocrx_word' id='word_1_562' title='bbox 1552 4216 1725 4270; x_wconf 87' lang='lat' dir='ltr'>fuerit</span> <span class='ocrx_word' id='word_1_563' title='bbox 1772 4221 2143 4283; x_wconf 89' lang='lat' dir='ltr'>consecutus,</span> 
     </span>
    </p>
   </div>
   <div class='ocr_carea' id='block_1_78' title="bbox 497 4304 2140 4379">
    <p class='ocr_par' dir='ltr' id='par_1_78' title="bbox 497 4304 2140 4379">
     <span class='ocr_line' id='line_1_78' title="bbox 497 4304 2140 4379; baseline -0.001 -18"><span class='ocrx_word' id='word_1_564' title='bbox 497 4311 661 4363; x_wconf 89' lang='lat' dir='ltr'>tanto</span> <span class='ocrx_word' id='word_1_565' title='bbox 708 4306 841 4379; x_wconf 92' lang='lat' dir='ltr'>plus</span> <span class='ocrx_word' id='word_1_566' title='bbox 889 4307 1231 4378; x_wconf 88' lang='lat' dir='ltr'>indignatur</span> <span class='ocrx_word' id='word_1_567' title='bbox 1277 4305 1578 4375; x_wconf 87' lang='lat' dir='ltr'>subjacere</span> <span class='ocrx_word' id='word_1_568' title='bbox 1625 4304 1800 4371; x_wconf 91' lang='lat' dir='ltr'>vitiis,</span> <span class='ocrx_word' id='word_1_569' title='bbox 1835 4308 1891 4358; x_wconf 91' lang='lat' dir='ltr'>et</span> <span class='ocrx_word' id='word_1_570' title='bbox 1940 4305 2140 4376; x_wconf 90' lang='lat' dir='ltr'>procul</span> 
     </span>
    </p>
   </div>
   <div class='ocr_carea' id='block_1_79' title="bbox 497 4392 2143 4467">
    <p class='ocr_par' dir='ltr' id='par_1_79' title="bbox 497 4392 2143 4467">
     <span class='ocr_line' id='line_1_79' title="bbox 497 4392 2143 4467; baseline -0.002 -14"><span class='ocrx_word' id='word_1_571' title='bbox 497 4412 626 4453; x_wconf 86' lang='lat' dir='ltr'>esse</span> <span class='ocrx_word' id='word_1_572' title='bbox 658 4414 692 4453; x_wconf 88' lang='lat' dir='ltr'>a</span> <span class='ocrx_word' id='word_1_573' title='bbox 719 4395 1058 4463; x_wconf 89' lang='lat' dir='ltr'>virtutibus,</span> <span class='ocrx_word' id='word_1_574' title='bbox 1092 4399 1239 4467; x_wconf 86' lang='lat' dir='ltr'>quas</span> <span class='ocrx_word' id='word_1_575' title='bbox 1292 4393 1535 4465; x_wconf 88' lang='lat' dir='ltr'>requirit</span> <span class='ocrx_word' id='word_1_576' title='bbox 1589 4392 1746 4465; x_wconf 86' lang='lat' dir='ltr'>(Sap.</span> <span class='ocrx_word' id='word_1_577' title='bbox 1780 4410 1858 4459; x_wconf 78' lang='lat' dir='ltr'>v1,</span> <span class='ocrx_word' id='word_1_578' title='bbox 1889 4395 1965 4461; x_wconf 81' lang='lat'>7).</span> <span class='ocrx_word' id='word_1_579' title='bbox 1997 4394 2143 4457; x_wconf 87' lang='lat' dir='ltr'>Quia</span> 
     </span>
    </p>
   </div>
   <div class='ocr_carea' id='block_1_80' title="bbox 2339 3232 3845 3312">
    <p class='ocr_par' dir='ltr' id='par_1_80' title="bbox 2339 3232 3845 3312">
     <span class='ocr_line' id='line_1_80' title="bbox 2339 3232 3845 3312; baseline -0.007 -17"><span class='ocrx_word' id='word_1_580' title='bbox 2339 3263 2359 3289; x_wconf 80' lang='grc' dir='ltr'><strong>α</strong></span> <span class='ocrx_word' id='word_1_581' title='bbox 2387 3241 2551 3296; x_wconf 83' lang='lat' dir='ltr'>Risui</span> <span class='ocrx_word' id='word_1_582' title='bbox 2585 3240 2703 3296; x_wconf 86' lang='lat' dir='ltr'>dixi</span> <span class='ocrx_word' id='word_1_583' title='bbox 2735 3242 3074 3308; x_wconf 90' lang='lat' dir='ltr'>amentiam,</span> <span class='ocrx_word' id='word_1_584' title='bbox 3104 3246 3162 3297; x_wconf 92' lang='lat' dir='ltr'>et</span> <span class='ocrx_word' id='word_1_585' title='bbox 3191 3241 3574 3312; x_wconf 86' lang='lat' dir='ltr'>jucunditati,</span> <span class='ocrx_word' id='word_1_586' title='bbox 3604 3236 3723 3311; x_wconf 89' lang='lat' dir='ltr'>quid</span> <span class='ocrx_word' id='word_1_587' title='bbox 3768 3232 3845 3287; x_wconf 77' lang='lat' dir='ltr'>hoc</span> 
     </span>
    </p>
   </div>
   <div class='ocr_carea' id='block_1_81' title="bbox 2262 3324 3840 3404">
    <p class='ocr_par' dir='ltr' id='par_1_81' title="bbox 2262 3324 3840 3404">
     <span class='ocr_line' id='line_1_81' title="bbox 2262 3324 3840 3404; baseline -0.004 -21"><span class='ocrx_word' id='word_1_588' title='bbox 2262 3329 2448 3385; x_wconf 83' lang='lat' dir='ltr'>facis?</span> <span class='ocrx_word' id='word_1_589' title='bbox 2497 3352 2526 3378; x_wconf 83' lang='lat'>»</span> <span class='ocrx_word' id='word_1_590' title='bbox 2558 3329 2667 3385; x_wconf 92' lang='lat' dir='ltr'>Ubi</span> <span class='ocrx_word' id='word_1_591' title='bbox 2720 3347 2827 3386; x_wconf 92' lang='lat' dir='ltr'>nos</span> <span class='ocrx_word' id='word_1_592' title='bbox 2877 3332 3199 3397; x_wconf 45' lang='lat' dir='ltr'>,amentiam</span> <span class='ocrx_word' id='word_1_593' title='bbox 3243 3329 3522 3404; x_wconf 89' lang='lat' dir='ltr'>legimus,</span> <span class='ocrx_word' id='word_1_594' title='bbox 3570 3329 3624 3384; x_wconf 92' lang='lat' dir='ltr'>in</span> <span class='ocrx_word' id='word_1_595' title='bbox 3663 3324 3840 3382; x_wconf 66' lang='lat' dir='ltr'>Hebraeo</span> 
     </span>
    </p>
   </div>
   <div class='ocr_carea' id='block_1_82' title="bbox 2262 3404 3838 3491">
    <p class='ocr_par' dir='ltr' id='par_1_82' title="bbox 2262 3404 3838 3491">
     <span class='ocr_line' id='line_1_82' title="bbox 2262 3404 3838 3491; baseline -0.006 -19"><span class='ocrx_word' id='word_1_596' title='bbox 2262 3417 2437 3474; x_wconf 91' lang='lat' dir='ltr'>habet</span> <span class='ocrx_word' id='word_1_597' title='bbox 2495 3436 2683 3473; x_wconf 71' lang='grc' dir='ltr'>Μοω,</span> <span class='ocrx_word' id='word_1_598' title='bbox 2738 3404 2971 3489; x_wconf 60' lang='lat' dir='ltr'>(551nm)</span> <span class='ocrx_word' id='word_1_599' title='bbox 3022 3419 3176 3491; x_wconf 90' lang='lat' dir='ltr'>quod</span> <span class='ocrx_word' id='word_1_600' title='bbox 3241 3418 3459 3491; x_wconf 85' lang='lat' dir='ltr'>Aquila</span> <span class='ocrx_word' id='word_1_601' title='bbox 3504 3415 3762 3482; x_wconf 76' lang='grc' dir='ltr'>πλάνησιν,</span> <span class='ocrx_word' id='word_1_602' title='bbox 3800 3408 3838 3463; x_wconf 87' lang='lat' dir='ltr'>id</span> 
     </span>
    </p>
   </div>
   <div class='ocr_carea' id='block_1_83' title="bbox 2260 3497 3840 3581">
    <p class='ocr_par' dir='ltr' id='par_1_83' title="bbox 2260 3497 3840 3581">
     <span class='ocr_line' id='line_1_83' title="bbox 2260 3497 3840 3581; baseline -0.004 -19"><span class='ocrx_word' id='word_1_603' title='bbox 2260 3511 2368 3575; x_wconf 89' lang='lat' dir='ltr'>est,</span> <span class='ocrx_word' id='word_1_604' title='bbox 2400 3523 2660 3575; x_wconf 85' lang='lat' dir='ltr'>errorem,</span> <span class='ocrx_word' id='word_1_605' title='bbox 2693 3507 3083 3579; x_wconf 89' lang='lat' dir='ltr'>Symmachus</span> <span class='ocrx_word' id='word_1_606' title='bbox 3105 3500 3362 3581; x_wconf 78' lang='grc' dir='ltr'>Θόρυϐον,</span> <span class='ocrx_word' id='word_1_607' title='bbox 3396 3507 3505 3563; x_wconf 90' lang='lat' dir='ltr'>hoc</span> <span class='ocrx_word' id='word_1_608' title='bbox 3556 3510 3653 3572; x_wconf 89' lang='lat' dir='ltr'>est,</span> <span class='ocrx_word' id='word_1_609' title='bbox 3683 3497 3840 3558; x_wconf 82' lang='lat' dir='ltr'>tumul-</span> 
     </span>
    </p>
   </div>
   <div class='ocr_carea' id='block_1_84' title="bbox 2259 3588 3840 3668">
    <p class='ocr_par' dir='ltr' id='par_1_84' title="bbox 2259 3588 3840 3668">
     <span class='ocr_line' id='line_1_84' title="bbox 2259 3588 3840 3668; baseline -0.006 -18"><span class='ocrx_word' id='word_1_610' title='bbox 2259 3603 2394 3663; x_wconf 90' lang='lat' dir='ltr'>tum,</span> <span class='ocrx_word' id='word_1_611' title='bbox 2428 3594 2791 3667; x_wconf 88' lang='lat' dir='ltr'>interpretati</span> <span class='ocrx_word' id='word_1_612' title='bbox 2839 3600 2995 3651; x_wconf 91' lang='lat' dir='ltr'>sunt.</span> <span class='ocrx_word' id='word_1_613' title='bbox 3031 3596 3419 3668; x_wconf 89' lang='lat' dir='ltr'>Septuaginta</span> <span class='ocrx_word' id='word_1_614' title='bbox 3462 3610 3589 3651; x_wconf 91' lang='lat' dir='ltr'>vero</span> <span class='ocrx_word' id='word_1_615' title='bbox 3625 3597 3675 3648; x_wconf 89' lang='lat' dir='ltr'>et</span> <span class='ocrx_word' id='word_1_616' title='bbox 3704 3588 3840 3645; x_wconf 82' lang='lat' dir='ltr'>Theo-</span> 
     </span>
    </p>
   </div>
   <div class='ocr_carea' id='block_1_85' title="bbox 2259 3683 3840 3756">
    <p class='ocr_par' dir='ltr' id='par_1_85' title="bbox 2259 3683 3840 3756">
     <span class='ocr_line' id='line_1_85' title="bbox 2259 3683 3840 3756; baseline -0.003 -18"><span class='ocrx_word' id='word_1_617' title='bbox 2259 3683 2436 3754; x_wconf 91' lang='lat' dir='ltr'>dotio,</span> <span class='ocrx_word' id='word_1_618' title='bbox 2462 3684 2616 3739; x_wconf 89' lang='lat' dir='ltr'>sicut</span> <span class='ocrx_word' id='word_1_619' title='bbox 2645 3685 2705 3739; x_wconf 92' lang='lat' dir='ltr'>in</span> <span class='ocrx_word' id='word_1_620' title='bbox 2737 3684 3006 3756; x_wconf 91' lang='lat' dir='ltr'>pluribus</span> <span class='ocrx_word' id='word_1_621' title='bbox 3035 3683 3201 3754; x_wconf 88' lang='lat' dir='ltr'>locis,</span> <span class='ocrx_word' id='word_1_622' title='bbox 3228 3684 3311 3739; x_wconf 87' lang='lat' dir='ltr'>ita</span> <span class='ocrx_word' id='word_1_623' title='bbox 3347 3688 3405 3741; x_wconf 90' lang='lat' dir='ltr'>et</span> <span class='ocrx_word' id='word_1_624' title='bbox 3448 3685 3504 3740; x_wconf 90' lang='lat' dir='ltr'>in</span> <span class='ocrx_word' id='word_1_625' title='bbox 3535 3684 3637 3738; x_wconf 91' lang='lat' dir='ltr'>hoc</span> <span class='ocrx_word' id='word_1_626' title='bbox 3664 3685 3840 3751; x_wconf 69' lang='lat' dir='ltr'>quoque</span> 
     </span>
    </p>
   </div>
   <div class='ocr_carea' id='block_1_86' title="bbox 2257 3773 3833 3851">
    <p class='ocr_par' dir='ltr' id='par_1_86' title="bbox 2257 3773 3833 3851">
     <span class='ocr_line' id='line_1_86' title="bbox 2257 3773 3833 3851; baseline -0.002 -24"><span class='ocrx_word' id='word_1_627' title='bbox 2257 3773 2631 3838; x_wconf 89' lang='lat' dir='ltr'>concordant,</span> <span class='ocrx_word' id='word_1_628' title='bbox 2665 3777 2723 3827; x_wconf 90' lang='lat' dir='ltr'>et</span> <span class='ocrx_word' id='word_1_629' title='bbox 2751 3773 3180 3829; x_wconf 89' lang='lat' dir='ltr'>transtulerunt</span> <span class='ocrx_word' id='word_1_630' title='bbox 3207 3773 3531 3851; x_wconf 73' lang='grc' dir='ltr'>περιφορὰν,</span> <span class='ocrx_word' id='word_1_631' title='bbox 3554 3786 3713 3843; x_wconf 89' lang='lat' dir='ltr'>quam</span> <span class='ocrx_word' id='word_1_632' title='bbox 3739 3778 3833 3824; x_wconf 68' lang='lat' dir='ltr'>nos,</span> 
     </span>
    </p>
   </div>
   <div class='ocr_carea' id='block_1_87' title="bbox 2255 3857 3837 3933">
    <p class='ocr_par' dir='ltr' id='par_1_87' title="bbox 2255 3857 3837 3933">
     <span class='ocr_line' id='line_1_87' title="bbox 2255 3857 3837 3933; baseline -0.004 -16"><span class='ocrx_word' id='word_1_633' title='bbox 2255 3862 2496 3917; x_wconf 88' lang='lat' dir='ltr'>verbum</span> <span class='ocrx_word' id='word_1_634' title='bbox 2557 3861 2629 3916; x_wconf 90' lang='lat' dir='ltr'>de</span> <span class='ocrx_word' id='word_1_635' title='bbox 2710 3862 2883 3917; x_wconf 89' lang='lat' dir='ltr'>verbo</span> <span class='ocrx_word' id='word_1_636' title='bbox 2949 3862 3367 3933; x_wconf 86' lang='lat' dir='ltr'>exprimentes,</span> <span class='ocrx_word' id='word_1_637' title='bbox 3441 3857 3837 3917; x_wconf 62' lang='lat' dir='ltr'>circumhumata!</span> 
     </span>
    </p>
   </div>
   <div class='ocr_carea' id='block_1_88' title="bbox 2256 3946 3839 4024">
    <p class='ocr_par' dir='ltr' id='par_1_88' title="bbox 2256 3946 3839 4024">
     <span class='ocr_line' id='line_1_88' title="bbox 2256 3946 3839 4024; baseline -0.007 -18"><span class='ocrx_word' id='word_1_638' title='bbox 2256 3966 2574 4022; x_wconf 89' lang='lat' dir='ltr'>possumus</span> <span class='ocrx_word' id='word_1_639' title='bbox 2614 3951 2824 4007; x_wconf 90' lang='lat' dir='ltr'>dicere.</span> <span class='ocrx_word' id='word_1_640' title='bbox 2858 3952 3158 4017; x_wconf 87' lang='lat' dir='ltr'>Quomodo</span> <span class='ocrx_word' id='word_1_641' title='bbox 3191 3952 3374 4024; x_wconf 87' lang='lat' dir='ltr'>igitur</span> <span class='ocrx_word' id='word_1_642' title='bbox 3403 3951 3482 4017; x_wconf 91' lang='lat' dir='ltr'>hi,</span> <span class='ocrx_word' id='word_1_643' title='bbox 3513 3949 3607 4023; x_wconf 91' lang='lat' dir='ltr'>qui</span> <span class='ocrx_word' id='word_1_644' title='bbox 3651 3946 3839 4003; x_wconf 83' lang='lat' dir='ltr'>circum-</span> 
     </span>
    </p>
   </div>
   <div class='ocr_carea' id='block_1_89' title="bbox 2256 4032 3834 4108">
    <p class='ocr_par' dir='ltr' id='par_1_89' title="bbox 2256 4032 3834 4108">
     <span class='ocr_line' id='line_1_89' title="bbox 2256 4032 3834 4108; baseline -0.001 -14"><span class='ocrx_word' id='word_1_645' title='bbox 2256 4040 2569 4095; x_wconf 84' lang='lat' dir='ltr'>feruntur3</span> <span class='ocrx_word' id='word_1_646' title='bbox 2611 4041 2770 4095; x_wconf 91' lang='lat' dir='ltr'>omni</span> <span class='ocrx_word' id='word_1_647' title='bbox 2816 4045 2987 4096; x_wconf 91' lang='lat' dir='ltr'>vento</span> <span class='ocrx_word' id='word_1_648' title='bbox 3040 4040 3342 4108; x_wconf 74' lang='lat' dir='ltr'>doctrinae,</span> <span class='ocrx_word' id='word_1_649' title='bbox 3394 4037 3678 4095; x_wconf 86' lang='lat' dir='ltr'>instabiles</span> <span class='ocrx_word' id='word_1_650' title='bbox 3718 4032 3834 4092; x_wconf 58' lang='lat' dir='ltr'>sunt,</span> 
     </span>
    </p>
   </div>
   <div class='ocr_carea' id='block_1_90' title="bbox 2254 4116 3835 4200">
    <p class='ocr_par' dir='ltr' id='par_1_90' title="bbox 2254 4116 3835 4200">
     <span class='ocr_line' id='line_1_90' title="bbox 2254 4116 3835 4200; baseline -0.006 -16"><span class='ocrx_word' id='word_1_651' title='bbox 2254 4134 2312 4184; x_wconf 90' lang='lat' dir='ltr'>et</span> <span class='ocrx_word' id='word_1_652' title='bbox 2342 4130 2400 4183; x_wconf 86' lang='lat' dir='ltr'>in</span> <span class='ocrx_word' id='word_1_653' title='bbox 2433 4129 2662 4184; x_wconf 90' lang='lat' dir='ltr'>diversa</span> <span class='ocrx_word' id='word_1_654' title='bbox 2692 4129 2981 4184; x_wconf 88' lang='lat' dir='ltr'>ﬂuctuant</span> <span class='ocrx_word' id='word_1_655' title='bbox 3005 4128 3222 4200; x_wconf 73' lang='lat' dir='ltr'>(Ep/tes.</span> <span class='ocrx_word' id='word_1_656' title='bbox 3256 4145 3336 4198; x_wconf 82' lang='lat' dir='ltr'>IV,</span> <span class='ocrx_word' id='word_1_657' title='bbox 3380 4131 3465 4199; x_wconf 84' lang='grc'>14)</span> <span class='ocrx_word' id='word_1_658' title='bbox 3497 4147 3510 4184; x_wconf 90' lang='lat'><strong>:</strong></span> <span class='ocrx_word' id='word_1_659' title='bbox 3538 4127 3616 4182; x_wconf 92' lang='lat' dir='ltr'>sic</span> <span class='ocrx_word' id='word_1_660' title='bbox 3642 4121 3727 4196; x_wconf 88' lang='lat' dir='ltr'>qui</span> <span class='ocrx_word' id='word_1_661' title='bbox 3766 4116 3835 4172; x_wconf 82' lang='lat' dir='ltr'>illo</span> 
     </span>
    </p>
   </div>
   <div class='ocr_carea' id='block_1_91' title="bbox 2253 4209 3833 4289">
    <p class='ocr_par' dir='ltr' id='par_1_91' title="bbox 2253 4209 3833 4289">
     <span class='ocr_line' id='line_1_91' title="bbox 2253 4209 3833 4289; baseline -0.005 -17"><span class='ocrx_word' id='word_1_662' title='bbox 2253 4217 2376 4273; x_wconf 90' lang='lat' dir='ltr'>risu</span> <span class='ocrx_word' id='word_1_663' title='bbox 2408 4217 2781 4283; x_wconf 90' lang='lat' dir='ltr'>cachinnant,</span> <span class='ocrx_word' id='word_1_664' title='bbox 2815 4234 2989 4289; x_wconf 91' lang='lat' dir='ltr'>quem</span> <span class='ocrx_word' id='word_1_665' title='bbox 3016 4218 3300 4273; x_wconf 90' lang='lat' dir='ltr'>Dominus</span> <span class='ocrx_word' id='word_1_666' title='bbox 3336 4220 3392 4274; x_wconf 92' lang='lat' dir='ltr'>in</span> <span class='ocrx_word' id='word_1_667' title='bbox 3416 4209 3833 4288; x_wconf 63' lang='lat' dir='ltr'>Evangeliomw.</span> 
     </span>
    </p>
   </div>
   <div class='ocr_carea' id='block_1_92' title="bbox 2251 4299 3833 4387">
    <p class='ocr_par' dir='ltr' id='par_1_92' title="bbox 2251 4299 3833 4387">
     <span class='ocr_line' id='line_1_92' title="bbox 2251 4299 3833 4387; baseline -0.008 -26"><span class='ocrx_word' id='word_1_668' title='bbox 2251 4324 2326 4373; x_wconf 82' lang='lat' dir='ltr'>v1,</span> <span class='ocrx_word' id='word_1_669' title='bbox 2359 4307 2450 4377; x_wconf 74' lang='grc'>25)</span> <span class='ocrx_word' id='word_1_670' title='bbox 2486 4307 2625 4362; x_wconf 86' lang='lat' dir='ltr'>ﬂetu</span> <span class='ocrx_word' id='word_1_671' title='bbox 2674 4307 2814 4362; x_wconf 88' lang='lat' dir='ltr'>dicit</span> <span class='ocrx_word' id='word_1_672' title='bbox 2865 4307 3239 4375; x_wconf 88' lang='lat' dir='ltr'>mutandum,</span> <span class='ocrx_word' id='word_1_673' title='bbox 3290 4323 3485 4364; x_wconf 89' lang='lat' dir='ltr'>errore</span> <span class='ocrx_word' id='word_1_674' title='bbox 3545 4299 3717 4361; x_wconf 67' lang='lat' dir='ltr'>saeculi</span> <span class='ocrx_word' id='word_1_675' title='bbox 3762 4310 3833 4387; x_wconf 79' lang='lat' dir='ltr'>ra-</span> 
     </span>
    </p>
   </div>
   <div class='ocr_carea' id='block_1_93' title="bbox 2251 4395 3833 4468">
    <p class='ocr_par' dir='ltr' id='par_1_93' title="bbox 2251 4395 3833 4468">
     <span class='ocr_line' id='line_1_93' title="bbox 2251 4395 3833 4468; baseline -0.01 -17"><span class='ocrx_word' id='word_1_676' title='bbox 2251 4399 2489 4466; x_wconf 90' lang='lat' dir='ltr'>ptantur</span> <span class='ocrx_word' id='word_1_677' title='bbox 2517 4399 2574 4449; x_wconf 91' lang='lat' dir='ltr'>et</span> <span class='ocrx_word' id='word_1_678' title='bbox 2592 4395 2845 4461; x_wconf 88' lang='lat' dir='ltr'>turbine,</span> <span class='ocrx_word' id='word_1_679' title='bbox 2879 4413 2993 4451; x_wconf 92' lang='lat' dir='ltr'>non</span> <span class='ocrx_word' id='word_1_680' title='bbox 3026 4395 3421 4468; x_wconf 88' lang='lat' dir='ltr'>intelligentes</span> <span class='ocrx_word' id='word_1_681' title='bbox 3444 4395 3658 4451; x_wconf 89' lang='lat' dir='ltr'>ruinam</span> <span class='ocrx_word' id='word_1_682' title='bbox 3683 4397 3833 4460; x_wconf 85' lang='lat' dir='ltr'>pecca-</span> 
     </span>
    </p>
   </div>
   <div class='ocr_carea' id='block_1_94' title="bbox 497 4478 3829 4570">
    <p class='ocr_par' dir='ltr' id='par_1_94' title="bbox 497 4478 3829 4570">
     <span class='ocr_line' id='line_1_94' title="bbox 497 4478 3829 4570; baseline -0.002 -30"><span class='ocrx_word' id='word_1_683' title='bbox 497 4490 694 4541; x_wconf 89' lang='lat' dir='ltr'>autem</span> <span class='ocrx_word' id='word_1_684' title='bbox 747 4488 1011 4556; x_wconf 90' lang='lat' dir='ltr'>potenter</span> <span class='ocrx_word' id='word_1_685' title='bbox 1058 4487 1350 4539; x_wconf 89' lang='lat' dir='ltr'>tormenta</span> <span class='ocrx_word' id='word_1_686' title='bbox 1396 4481 1712 4553; x_wconf 87' lang='lat' dir='ltr'>patientur,</span> <span class='ocrx_word' id='word_1_687' title='bbox 1753 4481 1965 4552; x_wconf 91' lang='lat' dir='ltr'>cuique</span> <span class='ocrx_word' id='word_1_688' title='bbox 2007 4481 2140 4553; x_wconf 91' lang='lat' dir='ltr'>plus</span> <span class='ocrx_word' id='word_1_689' title='bbox 2173 4504 2217 4570; x_wconf 83' lang='lat' dir='ltr'><strong>D</strong></span> <span class='ocrx_word' id='word_1_690' title='bbox 2248 4488 2442 4539; x_wconf 90' lang='lat' dir='ltr'>torum</span> <span class='ocrx_word' id='word_1_691' title='bbox 2474 4500 2741 4551; x_wconf 91' lang='lat' dir='ltr'>suorum,</span> <span class='ocrx_word' id='word_1_692' title='bbox 2768 4500 2959 4556; x_wconf 89' lang='lat' dir='ltr'>neque</span> <span class='ocrx_word' id='word_1_693' title='bbox 2992 4484 3285 4556; x_wconf 70' lang='lat' dir='ltr'>praeterita</span> <span class='ocrx_word' id='word_1_694' title='bbox 3331 4484 3467 4540; x_wconf 89' lang='lat' dir='ltr'>vitia</span> <span class='ocrx_word' id='word_1_695' title='bbox 3506 4478 3829 4570; x_wconf 36' lang='lat' dir='ltr'>plangemus}</span> 
     </span>
    </p>
   </div>
   <div class='ocr_carea' id='block_1_95' title="bbox 494 4559 3833 4646">
    <p class='ocr_par' dir='ltr' id='par_1_95' title="bbox 494 4559 3833 4646">
     <span class='ocr_line' id='line_1_95' title="bbox 494 4559 3833 4646; baseline -0.005 -16"><span class='ocrx_word' id='word_1_696' title='bbox 494 4573 771 4638; x_wconf 91' lang='lat' dir='ltr'>creditur,</span> <span class='ocrx_word' id='word_1_697' title='bbox 816 4572 951 4644; x_wconf 91' lang='lat' dir='ltr'>plus</span> <span class='ocrx_word' id='word_1_698' title='bbox 1000 4572 1251 4643; x_wconf 87' lang='lat' dir='ltr'>exigitur</span> <span class='ocrx_word' id='word_1_699' title='bbox 1296 4571 1368 4626; x_wconf 89' lang='lat' dir='ltr'>ab</span> <span class='ocrx_word' id='word_1_700' title='bbox 1416 4587 1505 4637; x_wconf 93' lang='lat' dir='ltr'>eo,</span> <span class='ocrx_word' id='word_1_701' title='bbox 1550 4573 1855 4641; x_wconf 85' lang='lat' dir='ltr'>propterea</span> <span class='ocrx_word' id='word_1_702' title='bbox 1901 4571 2140 4643; x_wconf 89' lang='lat' dir='ltr'>apponit</span> <span class='ocrx_word' id='word_1_703' title='bbox 2173 4559 2212 4570; x_wconf 74' lang='grc'>”</span> <span class='ocrx_word' id='word_1_704' title='bbox 2248 4572 2349 4628; x_wconf 91' lang='lat' dir='ltr'>sed</span> <span class='ocrx_word' id='word_1_705' title='bbox 2380 4576 2657 4643; x_wconf 89' lang='lat' dir='ltr'>putantes</span> <span class='ocrx_word' id='word_1_706' title='bbox 2680 4573 2878 4628; x_wconf 89' lang='lat' dir='ltr'>brevia</span> <span class='ocrx_word' id='word_1_707' title='bbox 2902 4574 3056 4628; x_wconf 93' lang='lat' dir='ltr'>bona</span> <span class='ocrx_word' id='word_1_708' title='bbox 3103 4589 3232 4629; x_wconf 88' lang='lat' dir='ltr'>esse</span> <span class='ocrx_word' id='word_1_709' title='bbox 3275 4576 3566 4646; x_wconf 89' lang='lat' dir='ltr'>perpetua,</span> <span class='ocrx_word' id='word_1_710' title='bbox 3595 4572 3648 4625; x_wconf 90' lang='lat' dir='ltr'>et</span> <span class='ocrx_word' id='word_1_711' title='bbox 3686 4565 3733 4618; x_wconf 92' lang='lat' dir='ltr'>in</span> <span class='ocrx_word' id='word_1_712' title='bbox 3765 4559 3833 4613; x_wconf 87' lang='lat' dir='ltr'>his</span> 
     </span>
    </p>
   </div>
   <div class='ocr_carea' id='block_1_96' title="bbox 493 4658 2136 4733">
    <p class='ocr_par' dir='ltr' id='par_1_96' title="bbox 493 4658 2136 4733">
     <span class='ocr_line' id='line_1_96' title="bbox 493 4658 2136 4733; baseline -0.002 -14"><span class='ocrx_word' id='word_1_713' title='bbox 493 4661 777 4729; x_wconf 89' lang='lat' dir='ltr'>dolorem,</span> <span class='ocrx_word' id='word_1_714' title='bbox 819 4660 919 4733; x_wconf 91' lang='lat' dir='ltr'>qui</span> <span class='ocrx_word' id='word_1_715' title='bbox 970 4659 1212 4733; x_wconf 91' lang='lat' dir='ltr'>apponit</span> <span class='ocrx_word' id='word_1_716' title='bbox 1257 4658 1582 4725; x_wconf 89' lang='lat' dir='ltr'>scientiam,</span> <span class='ocrx_word' id='word_1_717' title='bbox 1630 4663 1687 4713; x_wconf 88' lang='lat' dir='ltr'>et</span> <span class='ocrx_word' id='word_1_718' title='bbox 1749 4660 2136 4715; x_wconf 89' lang='lat' dir='ltr'>contristatur</span> 
     </span>
    </p>
   </div>
   <div class='ocr_carea' id='block_1_97' title="bbox 492 4738 2136 4819">
    <p class='ocr_par' dir='ltr' id='par_1_97' title="bbox 492 4738 2136 4819">
     <span class='ocr_line' id='line_1_97' title="bbox 492 4738 2136 4819; baseline -0.004 -10"><span class='ocrx_word' id='word_1_719' title='bbox 492 4738 739 4809; x_wconf 76' lang='lat' dir='ltr'>mmrore</span> <span class='ocrx_word' id='word_1_720' title='bbox 764 4748 1087 4805; x_wconf 85' lang='lat' dir='ltr'>secundum</span> <span class='ocrx_word' id='word_1_721' title='bbox 1129 4754 1334 4815; x_wconf 90' lang='lat' dir='ltr'>Deum,</span> <span class='ocrx_word' id='word_1_722' title='bbox 1368 4746 1641 4819; x_wconf 89' lang='lat' dir='ltr'>doletque</span> <span class='ocrx_word' id='word_1_723' title='bbox 1684 4764 1861 4819; x_wconf 90' lang='lat' dir='ltr'>super</span> <span class='ocrx_word' id='word_1_724' title='bbox 1906 4747 2136 4804; x_wconf 90' lang='lat' dir='ltr'>delictis</span> 
     </span>
    </p>
   </div>
   <div class='ocr_carea' id='block_1_98' title="bbox 490 4836 2133 4909">
    <p class='ocr_par' dir='ltr' id='par_1_98' title="bbox 490 4836 2133 4909">
     <span class='ocr_line' id='line_1_98' title="bbox 490 4836 2133 4909; baseline -0.002 -13"><span class='ocrx_word' id='word_1_725' title='bbox 490 4841 638 4897; x_wconf 88' lang='lat' dir='ltr'>suis.</span> <span class='ocrx_word' id='word_1_726' title='bbox 670 4839 833 4896; x_wconf 90' lang='lat' dir='ltr'>Unde</span> <span class='ocrx_word' id='word_1_727' title='bbox 860 4841 919 4894; x_wconf 91' lang='lat' dir='ltr'>et</span> <span class='ocrx_word' id='word_1_728' title='bbox 945 4836 1260 4909; x_wconf 89' lang='lat' dir='ltr'>Apostolus</span> <span class='ocrx_word' id='word_1_729' title='bbox 1292 4836 1373 4891; x_wconf 88' lang='lat' dir='ltr'>ait</span> <span class='ocrx_word' id='word_1_730' title='bbox 1405 4852 1418 4890; x_wconf 90' lang='lat'>:</span> <span class='ocrx_word' id='word_1_731' title='bbox 1452 4838 1517 4891; x_wconf 88' lang='lat' dir='ltr'>Et</span> <span class='ocrx_word' id='word_1_732' title='bbox 1555 4838 1677 4907; x_wconf 81' lang='lat' dir='ltr'>quis</span> <span class='ocrx_word' id='word_1_733' title='bbox 1711 4845 1808 4906; x_wconf 83' lang='lat' dir='ltr'>est,</span> <span class='ocrx_word' id='word_1_734' title='bbox 1842 4839 1939 4908; x_wconf 86' lang='lat' dir='ltr'>qui</span> <span class='ocrx_word' id='word_1_735' title='bbox 1988 4837 2133 4893; x_wconf 64' lang='lat' dir='ltr'>(«eti-</span> 
     </span>
    </p>
   </div>
   <div class='ocr_carea' id='block_1_99' title="bbox 488 4926 2134 5000">
    <p class='ocr_par' dir='ltr' id='par_1_99' title="bbox 488 4926 2134 5000">
     <span class='ocr_line' id='line_1_99' title="bbox 488 4926 2134 5000; baseline -0.004 -14"><span class='ocrx_word' id='word_1_736' title='bbox 488 4928 621 5000; x_wconf 78' lang='lat' dir='ltr'>ﬁcat</span> <span class='ocrx_word' id='word_1_737' title='bbox 646 4946 751 4997; x_wconf 88' lang='lat' dir='ltr'>me,</span> <span class='ocrx_word' id='word_1_738' title='bbox 784 4929 898 4984; x_wconf 80' lang='lat' dir='ltr'>nisi</span> <span class='ocrx_word' id='word_1_739' title='bbox 924 4928 1021 5000; x_wconf 87' lang='lat' dir='ltr'>qui</span> <span class='ocrx_word' id='word_1_740' title='bbox 1061 4928 1417 4983; x_wconf 78' lang='lat' dir='ltr'>contristatur</span> <span class='ocrx_word' id='word_1_741' title='bbox 1461 4942 1529 4981; x_wconf 78' lang='lat' dir='ltr'>ea:</span> <span class='ocrx_word' id='word_1_742' title='bbox 1566 4942 1652 4981; x_wconf 85' lang='lat' dir='ltr'>me</span> <span class='ocrx_word' id='word_1_743' title='bbox 1681 4926 1761 4997; x_wconf 90' lang='lat' dir='ltr'>(II</span> <span class='ocrx_word' id='word_1_744' title='bbox 1789 4927 1909 4981; x_wconf 86' lang='lat' dir='ltr'>Cor.</span> <span class='ocrx_word' id='word_1_745' title='bbox 1943 4943 2005 4990; x_wconf 85' lang='grc' dir='ltr'>ιι,</span> <span class='ocrx_word' id='word_1_746' title='bbox 2028 4926 2134 4997; x_wconf 82' lang='lat'>2)?</span> 
     </span>
    </p>
   </div>
   <div class='ocr_carea' id='block_1_100' title="bbox 487 5014 2134 5088">
    <p class='ocr_par' dir='ltr' id='par_1_100' title="bbox 487 5014 2134 5088">
     <span class='ocr_line' id='line_1_100' title="bbox 487 5014 2134 5088; baseline -0.002 -15"><span class='ocrx_word' id='word_1_747' title='bbox 487 5017 611 5075; x_wconf 89' lang='lat' dir='ltr'>Nisi</span> <span class='ocrx_word' id='word_1_748' title='bbox 643 5018 790 5074; x_wconf 86' lang='lat' dir='ltr'>forte</span> <span class='ocrx_word' id='word_1_749' title='bbox 820 5021 879 5074; x_wconf 91' lang='lat' dir='ltr'>et</span> <span class='ocrx_word' id='word_1_750' title='bbox 923 5016 1032 5073; x_wconf 93' lang='lat' dir='ltr'>hoc</span> <span class='ocrx_word' id='word_1_751' title='bbox 1080 5015 1547 5088; x_wconf 90' lang='lat' dir='ltr'>intelligendum,</span> <span class='ocrx_word' id='word_1_752' title='bbox 1581 5015 1736 5086; x_wconf 88' lang='lat' dir='ltr'>quod</span> <span class='ocrx_word' id='word_1_753' title='bbox 1782 5014 2016 5086; x_wconf 89' lang='lat' dir='ltr'>sapiens</span> <span class='ocrx_word' id='word_1_754' title='bbox 2046 5015 2134 5069; x_wconf 89' lang='lat' dir='ltr'>vir</span> 
     </span>
    </p>
   </div>
   <div class='ocr_carea' id='block_1_101' title="bbox 551 5142 1497 5215">
    <p class='ocr_par' dir='ltr' id='par_1_101' title="bbox 551 5142 1497 5215">
     <span class='ocr_line' id='line_1_101' title="bbox 551 5142 1497 5215; baseline -0.001 -19"><span class='ocrx_word' id='word_1_755' title='bbox 551 5144 567 5176; x_wconf 85' lang='grc'>¹</span> <span class='ocrx_word' id='word_1_756' title='bbox 600 5143 743 5198; x_wconf 91' lang='lat' dir='ltr'>Tres</span> <span class='ocrx_word' id='word_1_757' title='bbox 775 5158 944 5209; x_wconf 91' lang='lat' dir='ltr'>mss.,</span> <span class='ocrx_word' id='word_1_758' title='bbox 972 5144 1103 5215; x_wconf 89' lang='lat' dir='ltr'>quia</span> <span class='ocrx_word' id='word_1_759' title='bbox 1126 5142 1353 5213; x_wconf 74' lang='lat' dir='ltr'>saepius,</span> <span class='ocrx_word' id='word_1_760' title='bbox 1386 5144 1497 5196; x_wconf 90' lang='lat' dir='ltr'>etc.</span> 
     </span>
    </p>
   </div>
   <div class='ocr_carea' id='block_1_102' title="bbox 552 5219 1788 5293">
    <p class='ocr_par' dir='ltr' id='par_1_102' title="bbox 552 5219 1788 5293">
     <span class='ocr_line' id='line_1_102' title="bbox 552 5219 1788 5293; baseline 0 -20"><span class='ocrx_word' id='word_1_761' title='bbox 552 5221 574 5254; x_wconf 86' lang='grc'>²</span> <span class='ocrx_word' id='word_1_762' title='bbox 600 5220 817 5277; x_wconf 87' lang='lat' dir='ltr'>Vitiosc</span> <span class='ocrx_word' id='word_1_763' title='bbox 849 5222 987 5277; x_wconf 91' lang='lat' dir='ltr'>olim</span> <span class='ocrx_word' id='word_1_764' title='bbox 1011 5223 1172 5288; x_wconf 83' lang='lat' dir='ltr'>editi,</span> <span class='ocrx_word' id='word_1_765' title='bbox 1206 5238 1371 5292; x_wconf 86' lang='lat' dir='ltr'>quam</span> <span class='ocrx_word' id='word_1_766' title='bbox 1402 5222 1459 5275; x_wconf 82' lang='lat' dir='ltr'>in</span> <span class='ocrx_word' id='word_1_767' title='bbox 1490 5219 1788 5293; x_wconf 78' lang='lat' dir='ltr'>profundo.</span> 
     </span>
    </p>
   </div>
   <div class='ocr_carea' id='block_1_103' title="bbox 551 5290 2125 5364">
    <p class='ocr_par' dir='ltr' id='par_1_103' title="bbox 551 5290 2125 5364">
     <span class='ocr_line' id='line_1_103' title="bbox 551 5290 2125 5364; baseline 0.001 -20"><span class='ocrx_word' id='word_1_768' title='bbox 551 5322 619 5331; x_wconf 86' lang='lat'>——</span> <span class='ocrx_word' id='word_1_769' title='bbox 650 5293 775 5345; x_wconf 80' lang='lat' dir='ltr'>Tum</span> <span class='ocrx_word' id='word_1_770' title='bbox 812 5294 871 5364; x_wconf 78' lang='lat' dir='ltr'>in</span> <span class='ocrx_word' id='word_1_771' title='bbox 920 5294 1106 5347; x_wconf 78' lang='lat' dir='ltr'>abdito</span> <span class='ocrx_word' id='word_1_772' title='bbox 1156 5290 1526 5364; x_wconf 65' lang='lat' dir='ltr'>efprofundd.</span> <span class='ocrx_word' id='word_1_773' title='bbox 1576 5295 1762 5345; x_wconf 85' lang='lat' dir='ltr'>Antea</span> <span class='ocrx_word' id='word_1_774' title='bbox 1799 5290 2125 5361; x_wconf 77' lang='lat' dir='ltr'>legebatur,</span> 
     </span>
    </p>
   </div>
   <div class='ocr_carea' id='block_1_104' title="bbox 480 5363 2125 5435">
    <p class='ocr_par' dir='ltr' id='par_1_104' title="bbox 480 5363 2125 5435">
     <span class='ocr_line' id='line_1_104' title="bbox 480 5363 2125 5435; baseline 0 -19"><span class='ocrx_word' id='word_1_775' title='bbox 480 5363 607 5417; x_wconf 88' lang='lat' dir='ltr'>Tam</span> <span class='ocrx_word' id='word_1_776' title='bbox 638 5363 693 5416; x_wconf 69' lang='lat' dir='ltr'>in</span> <span class='ocrx_word' id='word_1_777' title='bbox 727 5363 907 5416; x_wconf 77' lang='lat' dir='ltr'>abdito</span> <span class='ocrx_word' id='word_1_778' title='bbox 938 5381 1102 5432; x_wconf 83' lang='lat' dir='ltr'>quam</span> <span class='ocrx_word' id='word_1_779' title='bbox 1160 5366 1217 5417; x_wconf 78' lang='lat' dir='ltr'>in</span> <span class='ocrx_word' id='word_1_780' title='bbox 1252 5364 1526 5435; x_wconf 78' lang='lat' dir='ltr'>profundo</span> <span class='ocrx_word' id='word_1_781' title='bbox 1577 5365 1745 5417; x_wconf 81' lang='lat' dir='ltr'>latere</span> <span class='ocrx_word' id='word_1_782' title='bbox 1775 5365 2125 5431; x_wconf 72' lang='lat' dir='ltr'>sapientiam.</span> 
     </span>
    </p>
   </div>
   <div class='ocr_carea' id='block_1_105' title="bbox 476 5438 765 5489">
    <p class='ocr_par' dir='ltr' id='par_1_105' title="bbox 476 5438 765 5489">
     <span class='ocr_line' id='line_1_105' title="bbox 476 5438 765 5489; baseline -0.007 0"><span class='ocrx_word' id='word_1_783' title='bbox 476 5438 765 5489; x_wconf 78' lang='lat' dir='ltr'>MARTIAN.</span> 
     </span>
    </p>
   </div>
   <div class='ocr_carea' id='block_1_106' title="bbox 548 5505 1773 5576">
    <p class='ocr_par' dir='ltr' id='par_1_106' title="bbox 548 5505 1773 5576">
     <span class='ocr_line' id='line_1_106' title="bbox 548 5505 1773 5576; baseline -0.002 -15"><span class='ocrx_word' id='word_1_784' title='bbox 548 5506 570 5541; x_wconf 84' lang='grc'><strong>³</strong></span> <span class='ocrx_word' id='word_1_785' title='bbox 596 5508 778 5561; x_wconf 88' lang='lat' dir='ltr'>Antea</span> <span class='ocrx_word' id='word_1_786' title='bbox 804 5505 1080 5561; x_wconf 90' lang='lat' dir='ltr'>mendose</span> <span class='ocrx_word' id='word_1_787' title='bbox 1111 5510 1252 5571; x_wconf 84' lang='lat' dir='ltr'>erat,</span> <span class='ocrx_word' id='word_1_788' title='bbox 1286 5507 1773 5576; x_wconf 78' lang='lat' dir='ltr'>circum/&#39;erentur.</span> 
     </span>
    </p>
   </div>
   <div class='ocr_carea' id='block_1_107' title="bbox 546 5584 2121 5644">
    <p class='ocr_par' dir='ltr' id='par_1_107' title="bbox 546 5584 2121 5644">
     <span class='ocr_line' id='line_1_107' title="bbox 546 5584 2121 5644; baseline -0.001 -1"><span class='ocrx_word' id='word_1_789' title='bbox 546 5588 568 5622; x_wconf 78' lang='grc'><strong>⁴</strong></span> <span class='ocrx_word' id='word_1_790' title='bbox 591 5584 947 5644; x_wconf 78' lang='lat' dir='ltr'>Consideravi</span> <span class='ocrx_word' id='word_1_791' title='bbox 974 5586 1029 5639; x_wconf 85' lang='lat' dir='ltr'>in</span> <span class='ocrx_word' id='word_1_792' title='bbox 1055 5584 1212 5639; x_wconf 79' lang='lat' dir='ltr'>corde</span> <span class='ocrx_word' id='word_1_793' title='bbox 1241 5601 1376 5638; x_wconf 83' lang='lat' dir='ltr'>meo.</span> <span class='ocrx_word' id='word_1_794' title='bbox 1412 5587 1518 5639; x_wconf 86' lang='lat' dir='ltr'>Ms.</span> <span class='ocrx_word' id='word_1_795' title='bbox 1564 5584 1949 5641; x_wconf 88' lang='lat' dir='ltr'>Corbeiensis.</span> <span class='ocrx_word' id='word_1_796' title='bbox 1986 5588 2121 5642; x_wconf 83' lang='lat' dir='ltr'>Con-</span> 
     </span>
    </p>
   </div>
   <div class='ocr_carea' id='block_1_108' title="bbox 474 5656 2123 5727">
    <p class='ocr_par' dir='ltr' id='par_1_108' title="bbox 474 5656 2123 5727">
     <span class='ocr_line' id='line_1_108' title="bbox 474 5656 2123 5727; baseline 0.001 -12"><span class='ocrx_word' id='word_1_797' title='bbox 474 5658 713 5718; x_wconf 79' lang='lat' dir='ltr'>sideran</span> <span class='ocrx_word' id='word_1_798' title='bbox 741 5659 802 5715; x_wconf 86' lang='lat' dir='ltr'>in</span> <span class='ocrx_word' id='word_1_799' title='bbox 858 5671 964 5726; x_wconf 87' lang='lat' dir='ltr'>me,</span> <span class='ocrx_word' id='word_1_800' title='bbox 996 5659 1047 5713; x_wconf 89' lang='lat' dir='ltr'>et</span> <span class='ocrx_word' id='word_1_801' title='bbox 1071 5671 1161 5713; x_wconf 86' lang='lat' dir='ltr'>cor</span> <span class='ocrx_word' id='word_1_802' title='bbox 1193 5670 1373 5711; x_wconf 88' lang='lat' dir='ltr'>meum</span> <span class='ocrx_word' id='word_1_803' title='bbox 1398 5656 1627 5713; x_wconf 73' lang='lat' dir='ltr'>deduxit</span> <span class='ocrx_word' id='word_1_804' title='bbox 1654 5673 1766 5727; x_wconf 88' lang='lat' dir='ltr'>me,</span> <span class='ocrx_word' id='word_1_805' title='bbox 1796 5661 1905 5713; x_wconf 89' lang='lat' dir='ltr'>etc.</span> <span class='ocrx_word' id='word_1_806' title='bbox 1939 5657 2123 5716; x_wconf 79' lang='lat' dir='ltr'>Omit-</span> 
     </span>
    </p>
   </div>
   <div class='ocr_carea' id='block_1_109' title="bbox 2247 4650 3830 4736">
    <p class='ocr_par' dir='ltr' id='par_1_109' title="bbox 2247 4650 3830 4736">
     <span class='ocr_line' id='line_1_109' title="bbox 2247 4650 3830 4736; baseline -0.009 -20"><span class='ocrx_word' id='word_1_807' title='bbox 2247 4660 2626 4730; x_wconf 85' lang='lat' dir='ltr'>exsultantes,</span> <span class='ocrx_word' id='word_1_808' title='bbox 2660 4678 2784 4733; x_wconf 74' lang='lat' dir='ltr'>qum</span> <span class='ocrx_word' id='word_1_809' title='bbox 2816 4662 3005 4734; x_wconf 91' lang='lat' dir='ltr'>magis</span> <span class='ocrx_word' id='word_1_810' title='bbox 3036 4662 3216 4736; x_wconf 89' lang='lat' dir='ltr'>digna</span> <span class='ocrx_word' id='word_1_811' title='bbox 3247 4668 3387 4719; x_wconf 91' lang='lat' dir='ltr'>sunt</span> <span class='ocrx_word' id='word_1_812' title='bbox 3413 4663 3653 4735; x_wconf 89' lang='lat' dir='ltr'>planctu.</span> <span class='ocrx_word' id='word_1_813' title='bbox 3681 4650 3830 4710; x_wconf 86' lang='lat' dir='ltr'>Potest</span> 
     </span>
    </p>
   </div>
   <div class='ocr_carea' id='block_1_110' title="bbox 2245 4740 3829 4824">
    <p class='ocr_par' dir='ltr' id='par_1_110' title="bbox 2245 4740 3829 4824">
     <span class='ocr_line' id='line_1_110' title="bbox 2245 4740 3829 4824; baseline -0.004 -20"><span class='ocrx_word' id='word_1_814' title='bbox 2245 4749 2355 4805; x_wconf 92' lang='lat' dir='ltr'>hoc</span> <span class='ocrx_word' id='word_1_815' title='bbox 2386 4754 2443 4805; x_wconf 89' lang='lat' dir='ltr'>et</span> <span class='ocrx_word' id='word_1_816' title='bbox 2471 4750 2541 4805; x_wconf 91' lang='lat' dir='ltr'>de</span> <span class='ocrx_word' id='word_1_817' title='bbox 2573 4750 2861 4806; x_wconf 68' lang='lat' dir='ltr'>haereticis</span> <span class='ocrx_word' id='word_1_818' title='bbox 2910 4751 3118 4824; x_wconf 87' lang='lat' dir='ltr'>accipi,</span> <span class='ocrx_word' id='word_1_819' title='bbox 3150 4753 3251 4824; x_wconf 90' lang='lat' dir='ltr'>qui</span> <span class='ocrx_word' id='word_1_820' title='bbox 3304 4751 3466 4808; x_wconf 85' lang='lat' dir='ltr'>falsis</span> <span class='ocrx_word' id='word_1_821' title='bbox 3514 4740 3829 4820; x_wconf 76' lang='lat' dir='ltr'>dogmatibus</span> 
     </span>
    </p>
   </div>
   <div class='ocr_carea' id='block_1_111' title="bbox 2244 4827 3827 4914">
    <p class='ocr_par' dir='ltr' id='par_1_111' title="bbox 2244 4827 3827 4914">
     <span class='ocr_line' id='line_1_111' title="bbox 2244 4827 3827 4914; baseline -0.008 -19"><span class='ocrx_word' id='word_1_822' title='bbox 2244 4840 2707 4912; x_wconf 88' lang='lat' dir='ltr'>acquiescentes,</span> <span class='ocrx_word' id='word_1_823' title='bbox 2739 4840 2869 4895; x_wconf 67' lang='lat' dir='ltr'>laeta</span> <span class='ocrx_word' id='word_1_824' title='bbox 2905 4840 3016 4896; x_wconf 90' lang='lat' dir='ltr'>sibi</span> <span class='ocrx_word' id='word_1_825' title='bbox 3056 4846 3113 4896; x_wconf 91' lang='lat' dir='ltr'>et</span> <span class='ocrx_word' id='word_1_826' title='bbox 3150 4858 3428 4914; x_wconf 90' lang='lat' dir='ltr'>prospera</span> <span class='ocrx_word' id='word_1_827' title='bbox 3456 4827 3827 4914; x_wconf 72' lang='lat' dir='ltr'>repromittunt.</span> 
     </span>
    </p>
   </div>
   <div class='ocr_carea' id='block_1_112' title="bbox 2319 4913 3824 5011">
    <p class='ocr_par' dir='ltr' id='par_1_112' title="bbox 2319 4913 3824 5011">
     <span class='ocr_line' id='line_1_112' title="bbox 2319 4913 3824 5011; baseline -0.008 -26"><span class='ocrx_word' id='word_1_828' title='bbox 2319 4951 2347 4978; x_wconf 85' lang='lat'><strong>«</strong></span> <span class='ocrx_word' id='word_1_829' title='bbox 2381 4929 2755 4985; x_wconf 88' lang='lat' dir='ltr'>Consideravi</span> <span class='ocrx_word' id='word_1_830' title='bbox 2818 4929 2878 4984; x_wconf 91' lang='lat' dir='ltr'>in</span> <span class='ocrx_word' id='word_1_831' title='bbox 2929 4930 3101 4985; x_wconf 90' lang='lat' dir='ltr'>corde</span> <span class='ocrx_word' id='word_1_832' title='bbox 3146 4913 3359 4998; x_wconf 12' lang='lat' dir='ltr'>meoi‘,</span> <span class='ocrx_word' id='word_1_833' title='bbox 3394 4934 3456 4986; x_wconf 91' lang='lat' dir='ltr'>ut</span> <span class='ocrx_word' id='word_1_834' title='bbox 3504 4923 3758 4983; x_wconf 88' lang='lat' dir='ltr'>traherem</span> <span class='ocrx_word' id='word_1_835' title='bbox 3780 4913 3824 5011; x_wconf 57' lang='lat' dir='ltr'>in</span> 
     </span>
    </p>
   </div>
   <div class='ocr_carea' id='block_1_113' title="bbox 2241 5011 3822 5087">
    <p class='ocr_par' dir='ltr' id='par_1_113' title="bbox 2241 5011 3822 5087">
     <span class='ocr_line' id='line_1_113' title="bbox 2241 5011 3822 5087; baseline -0.007 -14"><span class='ocrx_word' id='word_1_836' title='bbox 2241 5018 2374 5074; x_wconf 90' lang='lat' dir='ltr'>vino</span> <span class='ocrx_word' id='word_1_837' title='bbox 2420 5034 2652 5074; x_wconf 90' lang='lat' dir='ltr'>carnem</span> <span class='ocrx_word' id='word_1_838' title='bbox 2703 5034 2913 5087; x_wconf 91' lang='lat' dir='ltr'>meam,</span> <span class='ocrx_word' id='word_1_839' title='bbox 2963 5023 3020 5074; x_wconf 89' lang='lat' dir='ltr'>et</span> <span class='ocrx_word' id='word_1_840' title='bbox 3062 5036 3162 5075; x_wconf 94' lang='lat' dir='ltr'>eor</span> <span class='ocrx_word' id='word_1_841' title='bbox 3204 5036 3398 5076; x_wconf 90' lang='lat' dir='ltr'>meum</span> <span class='ocrx_word' id='word_1_842' title='bbox 3437 5011 3657 5074; x_wconf 85' lang='lat' dir='ltr'>deduxit</span> <span class='ocrx_word' id='word_1_843' title='bbox 3681 5019 3757 5063; x_wconf 83' lang='lat' dir='ltr'>me</span> <span class='ocrx_word' id='word_1_844' title='bbox 3779 5015 3822 5055; x_wconf 82' lang='lat' dir='ltr'>In</span> 
     </span>
    </p>
   </div>
   <div class='ocr_carea' id='block_1_114' title="bbox 2242 5139 3821 5214">
    <p class='ocr_par' dir='ltr' id='par_1_114' title="bbox 2242 5139 3821 5214">
     <span class='ocr_line' id='line_1_114' title="bbox 2242 5139 3821 5214; baseline -0.007 -16"><span class='ocrx_word' id='word_1_845' title='bbox 2242 5146 2375 5198; x_wconf 89' lang='lat' dir='ltr'>tunt</span> <span class='ocrx_word' id='word_1_846' title='bbox 2409 5143 2639 5214; x_wconf 12' lang='lat' dir='ltr'>figitur,</span> <span class='ocrx_word' id='word_1_847' title='bbox 2694 5144 2756 5199; x_wconf 89' lang='lat' dir='ltr'>Ut</span> <span class='ocrx_word' id='word_1_848' title='bbox 2801 5144 3076 5198; x_wconf 81' lang='lat' dir='ltr'>traherem</span> <span class='ocrx_word' id='word_1_849' title='bbox 3120 5144 3176 5198; x_wconf 87' lang='lat' dir='ltr'>in</span> <span class='ocrx_word' id='word_1_850' title='bbox 3228 5146 3353 5199; x_wconf 83' lang='lat' dir='ltr'>vino</span> <span class='ocrx_word' id='word_1_851' title='bbox 3407 5154 3616 5214; x_wconf 74' lang='lat' dir='ltr'>carnem</span> <span class='ocrx_word' id='word_1_852' title='bbox 3664 5139 3821 5214; x_wconf 47' lang='lat' dir='ltr'>&quot;teat?-</span> 
     </span>
    </p>
   </div>
   <div class='ocr_carea' id='block_1_115' title="bbox 2241 5198 3817 5286">
    <p class='ocr_par' dir='ltr' id='par_1_115' title="bbox 2241 5198 3817 5286">
     <span class='ocr_line' id='line_1_115' title="bbox 2241 5198 3817 5286; baseline 0.001 -19"><span class='ocrx_word' id='word_1_853' title='bbox 2241 5198 2526 5286; x_wconf 71' lang='lat' dir='ltr'>Supploiit</span> <span class='ocrx_word' id='word_1_854' title='bbox 2572 5198 2713 5269; x_wconf 11' lang='lat' dir='ltr'>vero,</span> <span class='ocrx_word' id='word_1_855' title='bbox 2754 5230 2988 5269; x_wconf 88' lang='lat' dir='ltr'>sensum</span> <span class='ocrx_word' id='word_1_856' title='bbox 3025 5231 3200 5286; x_wconf 84' lang='lat' dir='ltr'>quem</span> <span class='ocrx_word' id='word_1_857' title='bbox 3228 5198 3365 5270; x_wconf 84' lang='lat' dir='ltr'>editi</span> <span class='ocrx_word' id='word_1_858' title='bbox 3415 5211 3541 5267; x_wconf 88' lang='lat' dir='ltr'>libri</span> <span class='ocrx_word' id='word_1_859' title='bbox 3586 5198 3817 5286; x_wconf 48' lang='lat' dir='ltr'>ei&#39;ertpiff’</span> 
     </span>
    </p>
   </div>
   <div class='ocr_carea' id='block_1_116' title="bbox 2242 5276 3818 5356">
    <p class='ocr_par' dir='ltr' id='par_1_116' title="bbox 2242 5276 3818 5356">
     <span class='ocr_line' id='line_1_116' title="bbox 2242 5276 3818 5356; baseline -0.003 -17"><span class='ocrx_word' id='word_1_860' title='bbox 2242 5276 2499 5356; x_wconf 63' lang='lat' dir='ltr'>legentes</span> <span class='ocrx_word' id='word_1_861' title='bbox 2566 5288 2987 5355; x_wconf 84' lang='lat' dir='ltr'>consequenter</span> <span class='ocrx_word' id='word_1_862' title='bbox 3038 5276 3059 5340; x_wconf 72' lang='grc' dir='ltr'><em>ἶ</em></span> <span class='ocrx_word' id='word_1_863' title='bbox 3107 5287 3170 5342; x_wconf 82' lang='lat' dir='ltr'>Ut</span> <span class='ocrx_word' id='word_1_864' title='bbox 3219 5276 3818 5356; x_wconf 49' lang='lat' dir='ltr'>obtineremctuttittafﬁ</span> 
     </span>
    </p>
   </div>
   <div class='ocr_carea' id='block_1_117' title="bbox 2241 5342 3817 5427">
    <p class='ocr_par' dir='ltr' id='par_1_117' title="bbox 2241 5342 3817 5427">
     <span class='ocr_line' id='line_1_117' title="bbox 2241 5342 3817 5427; baseline -0.009 -17"><span class='ocrx_word' id='word_1_865' title='bbox 2241 5342 2343 5427; x_wconf 64' lang='grc' dir='ltr'>ριίὸ</span> <span class='ocrx_word' id='word_1_866' title='bbox 2374 5366 2423 5410; x_wconf 85' lang='lat' dir='ltr'>ct</span> <span class='ocrx_word' id='word_1_867' title='bbox 2454 5361 2513 5411; x_wconf 85' lang='lat' dir='ltr'>ut</span> <span class='ocrx_word' id='word_1_868' title='bbox 2544 5342 2843 5411; x_wconf 67' lang='lat' dir='ltr'>obtinerent</span> <span class='ocrx_word' id='word_1_869' title='bbox 2877 5358 2931 5410; x_wconf 84' lang='lat' dir='ltr'>in</span> <span class='ocrx_word' id='word_1_870' title='bbox 2986 5357 3298 5413; x_wconf 71' lang='lat' dir='ltr'>stultitiam.</span> <span class='ocrx_word' id='word_1_871' title='bbox 3332 5358 3472 5411; x_wconf 81' lang='lat' dir='ltr'>Nam</span> <span class='ocrx_word' id='word_1_872' title='bbox 3527 5352 3579 5405; x_wconf 89' lang='lat' dir='ltr'>in</span> <span class='ocrx_word' id='word_1_873' title='bbox 3629 5342 3817 5427; x_wconf 56' lang='lat' dir='ltr'>Hebrwtl</span> 
     </span>
    </p>
   </div>
   <div class='ocr_carea' id='block_1_118' title="bbox 2243 5418 3815 5516">
    <p class='ocr_par' dir='ltr' id='par_1_118' title="bbox 2243 5418 3815 5516">
     <span class='ocr_line' id='line_1_118' title="bbox 2243 5418 3815 5516; baseline 0.024 -36"><span class='ocrx_word' id='word_1_874' title='bbox 2243 5418 2332 5500; x_wconf 48' lang='grc' dir='ltr'>δεῖ</span> <span class='ocrx_word' id='word_1_875' title='bbox 2361 5430 2582 5506; x_wconf 46' lang='grc' dir='ltr'>ΠἺΞ;Ξ;</span> <span class='ocrx_word' id='word_1_876' title='bbox 2613 5430 2810 5516; x_wconf 50' lang='grc' dir='ltr'>τῃκὲιπ,</span> <span class='ocrx_word' id='word_1_877' title='bbox 2842 5445 3099 5501; x_wconf 69' lang='lat' dir='ltr'>rete/ilio:</span> <span class='ocrx_word' id='word_1_878' title='bbox 3138 5445 3454 5507; x_wconf 79' lang='lat' dir='ltr'>besiehluth,</span> <span class='ocrx_word' id='word_1_879' title='bbox 3479 5440 3537 5516; x_wconf 63' lang='lat' dir='ltr'>id</span> <span class='ocrx_word' id='word_1_880' title='bbox 3556 5436 3660 5516; x_wconf 50' lang='grc' dir='ltr'>,δεῖν</span> <span class='ocrx_word' id='word_1_881' title='bbox 3686 5418 3815 5516; x_wconf 43' lang='lat' dir='ltr'>Egit</span> 
     </span>
    </p>
   </div>
   <div class='ocr_carea' id='block_1_119' title="bbox 2235 5496 3815 5588">
    <p class='ocr_par' dir='ltr' id='par_1_119' title="bbox 2235 5496 3815 5588">
     <span class='ocr_line' id='line_1_119' title="bbox 2235 5496 3815 5588; baseline -0.011 -15"><span class='ocrx_word' id='word_1_882' title='bbox 2235 5496 2755 5588; x_wconf 48' lang='lat' dir='ltr'>danistaazaaa</span> <span class='ocrx_word' id='word_1_883' title='bbox 2782 5496 2858 5569; x_wconf 56' lang='lat'>5-,.</span> <span class='ocrx_word' id='word_1_884' title='bbox 2879 5496 3486 5587; x_wconf 56' lang='lat' dir='ltr'>&#39;sazziaa;.;;gim&#39;d</span> <span class='ocrx_word' id='word_1_885' title='bbox 3521 5496 3815 5566; x_wconf 71' lang='lat' dir='ltr'>obtian</span> 
     </span>
    </p>
   </div>
   <div class='ocr_carea' id='block_1_120' title="bbox 2230 5588 3048 5660">
    <p class='ocr_par' dir='ltr' id='par_1_120' title="bbox 2230 5588 3048 5660">
     <span class='ocr_line' id='line_1_120' title="bbox 2230 5588 3048 5660; baseline 0.001 -17"><span class='ocrx_word' id='word_1_886' title='bbox 2230 5589 2607 5660; x_wconf 61' lang='lat' dir='ltr'>princzpatum</span> <span class='ocrx_word' id='word_1_887' title='bbox 2638 5590 2698 5643; x_wconf 86' lang='lat' dir='ltr'>in</span> <span class='ocrx_word' id='word_1_888' title='bbox 2727 5588 3048 5644; x_wconf 79' lang='lat' dir='ltr'>stultitiam.</span> 
     </span>
    </p>
   </div>
  </div>
