4084 6170
228 326 384 400 ιονη

1235 328 1864 398 COMMENTARIUS
1907 330 1987 397 IN
2027 328 2629 400 ECGLESIASTEN.

3475 323 3635 399 1078

226 468 598 544 sapientiam,
630 468 690 525 et
734 468 802 525 ut
842 465 1167 525 obtinerem
1208 466 1269 524 in
1319 469 1656 537 stultitiam,
1687 469 1872 527 donec
1898 471 1952 535 Α
1982 470 2084 527 sed
2115 473 2332 543 quanto
2360 471 2477 528 ista
2503 471 2863 542 crescebant,
2890 468 3056 529 tanto
3086 466 3373 546 sapientia
3409 470 3629 530 deerat.

222 559 483 615 viderem
513 557 653 630 quid
685 561 840 614 esset
882 558 1100 613 bonum
1137 559 1147 591 '
1186 557 1323 614 ﬁliis
1354 558 1685 625 hominum,
1717 559 1872 629 quod

222 650 483 705 facerent
515 648 625 703 sub
658 647 780 703 sole
812 664 1057 703 numero
1116 649 1351 703 dierum
1383 648 1511 703 vitae
1539 664 1678 703 suae.
1708 669 1736 696 ιι
1769 647 1877 703 Vo-

224 736 308 793 lui
337 735 522 791 vitam
554 735 784 790 tradere
814 736 834 768 ²
863 737 1011 792 391
1050 734 1299 803 deliciis,
1328 739 1386 791 et
1415 752 1648 791 carnem
1682 752 1873 791 meam

227 826 302 883 ab
350 824 629 881 omnibus
658 824 815 880 curis
868 823 1137 890 liberare,
1170 830 1229 879 et
1276 824 1444 896 quasi
1476 825 1627 891 vino,
1662 825 1746 880 sic
1783 841 1876 880 vo-

220 912 446 987 luptate
475 910 704 984 sopire;
738 912 841 967 sed
887 911 1161 985 cogitatio
1192 928 1340 983 mea,
1373 917 1431 968 et
1462 913 1607 968 ratio
1637 917 1873 968 natura-

216 1002 500 1076 1is,quam
529 1002 708 1058 etiam
738 1002 1142 1074 peccatoribus
1172 1003 1325 1058 Deus
1372 1008 1578 1059 auctor
1606 1003 1872 1069 inseruit,

222 1095 589 1148 retraxerunt
634 1107 749 1157 me,
782 1095 841 1146 et
884 1091 1253 1147 deduxerunt
1282 1092 1355 1148 ad
1385 1092 1732 1164 sapientiam
1786 1109 1874 1147 re-

220 1180 575 1253 quirendam
626 1179 1061 1251 stultitiamque
1116 1179 1476 1250 calcandam,
1512 1187 1575 1236 ut
1619 1182 1875 1237 viderem

220 1269 508 1342 quidnam
553 1269 700 1324 illud
756 1274 909 1325 esset
940 1270 1101 1337 boni,
1129 1271 1284 1341 quod
1335 1270 1602 1326 homines
1640 1270 1699 1326 in
1747 1270 1874 1325 vitae

218 1376 340 1417 sua:
395 1362 646 1431 possunt
722 1374 894 1430 agere
950 1358 1260 1414 curriculo.
1315 1359 1618 1430 Eleganter
1676 1363 1873 1414 autem

213 1446 578 1520 voluptatem
601 1447 870 1502 ebrietati
902 1448 1279 1519 comparavit.
1302 1448 1599 1520 Siquidem
1625 1447 1875 1503 ebrietas

213 1536 423 1593 evertit
449 1535 634 1591 animi
665 1536 941 1606 vigorem,
974 1553 1151 1608 quam
1179 1537 1277 1608 qui
1308 1538 1564 1609 potuerit
1586 1536 1874 1610 sapientia

215 1628 604 1692 commutare,
636 1630 693 1680 et
745 1626 833 1695 (ut
862 1624 923 1679 in
954 1625 1309 1697 quibusdam
1359 1626 1658 1682 codicibus
1696 1626 1872 1681 habe-

216 1715 338 1785 tur)
368 1714 615 1770 obtinere
663 1715 918 1769 laetitiam
966 1713 1334 1786 spiritualem
1369 1716 1428 1784 8;
1461 1714 1513 1771 is
1561 1714 1772 1787 poterit
1799 1715 1873 1770 ad

216 1803 526 1859 scientiam
575 1802 659 1858 rei
710 1802 886 1859 istius
934 1803 1258 1875 pervenire,
1300 1804 1442 1876 quid
1494 1807 1552 1859 in
1601 1804 1710 1859 hac
1755 1804 1924 1899 vitaB

212 1892 613 1965 appetendum
645 1891 743 1957 sit,
776 1891 916 1964 quid
945 1891 1274 1948 vitandum.

285 2005 315 2033 ι(
350 1980 719 2055 Magniﬁcavi
741 1997 918 2053 opera
940 1997 1071 2037 mea
1100 1999 1113 2037 :
1144 1981 1425 2037 aediﬁcavi
1451 1981 1595 2037 mihi
1625 1984 1832 2037 domos
1858 1999 1871 2036 :

214 2068 477 2142 plantavi
526 2068 672 2125 mihi
703 2069 903 2125 vineas
932 2070 974 2136 ‘,
1012 2091 1033 2120 ι
1070 2074 1127 2125 et
1156 2074 1362 2126 caetera
1393 2087 1582 2142 usque
1631 2071 1704 2126 ad
1735 2088 1871 2126 eum

211 2157 437 2227 locum,
469 2158 526 2213 in
581 2174 697 2230 quo
740 2157 823 2213 ait
867 2176 880 2226 ;
933 2181 961 2209 «
1018 2158 1311 2231 Sapientis
1370 2158 1523 2215 oculi
1570 2159 1631 2213 in
1687 2158 1877 2231 capite

211 2247 370 2318 ejus,
405 2254 459 2302 el
499 2247 714 2303 stultus
763 2247 822 2301 in
856 2247 1112 2304 tenebris
1164 2248 1447 2304 ambulat.
1482 2271 1511 2298 »
1543 2253 1875 2320 Antequam

208 2335 286 2391 de
343 2335 595 2408 singulis
662 2335 974 2404 disseram,
1032 2337 1265 2392 videtur
1323 2336 1468 2391 mihi
1524 2336 1665 2393 utile
1718 2338 1877 2399 brevi

207 2428 428 2481 cuncta
457 2440 726 2480 sermone
757 2424 1277 2497 comprehendere,
1310 2431 1369 2481 et
1400 2426 1569 2498 quasi
1599 2427 1660 2481 in
1690 2442 1875 2481 unum

209 2529 432 2585 corpus
454 2528 697 2569 sensum
728 2513 1012 2587 redigere,
1038 2518 1103 2569 ut
1119 2514 1349 2587 possint
1373 2514 1603 2571 facilius
1626 2512 1876 2587 intelligi

212 2619 348 2675 quae
407 2594 723 2658 dicuntur.
758 2603 970 2659 Omnia
1028 2620 1156 2675 qua:
1213 2607 1499 2675 putantur
1546 2604 1606 2659 in
1665 2603 1877 2660 saeculo

208 2693 392 2760 bona,
446 2691 618 2763 quasi
646 2708 747 2747 rex
798 2696 856 2747 et
895 2696 1104 2764 potens
1153 2692 1353 2748 habui.
1384 2692 1683 2749 [Ediﬁcavi
1729 2693 1875 2748 mihi

209 2782 279 2837 in
309 2779 609 2837 excelsum
641 2779 876 2852 palatia,
909 2781 1132 2837 vitibus
1162 2786 1393 2837 montes
1421 2780 1712 2852 collesque
1744 2798 1877 2837 con-

213 2869 365 2927 seri.
421 2873 492 2923 Et
552 2885 624 2924 ne
674 2869 813 2942 quid
843 2870 1073 2926 deesset
1103 2871 1177 2925 ad
1225 2869 1449 2938 luxum,
1483 2870 1682 2926 hortos
1729 2870 1874 2925 mihi

209 2956 601 3032 pomariaque
644 2956 923 3030 plantavi,
956 2958 1215 3014 diversas
1267 2960 1503 3014 arbores
1532 2960 1870 3030 instituens,

210 3064 370 3120 quas
390 3044 644 3102 collectae
666 3045 726 3100 in
749 3046 1005 3118 piscinas
1028 3064 1191 3119 aquae
1220 3048 1241 3081 ⁵
1263 3048 1515 3119 desuper
1538 3050 1869 3120 irrigarent,

210 3140 284 3192 ut
312 3135 549 3207 longius
584 3135 741 3190 viror
768 3136 789 3170 ⁵
820 3134 1065 3192 humore
1113 3136 1338 3208 perpeti
1365 3138 1710 3192 nutriretur.
1741 3126 1869 3192 Ser-

209 3240 426 3281 verum
458 3239 692 3296 quoque
723 3224 842 3279 sive
890 3230 1225 3297 emptorum
1255 3226 1374 3282 sive
1419 3225 1868 3282 vernaculorum
1901 3203 1943 3270 (ἶ

215 3312 334 3368 iuit
386 3311 841 3368 innumerabilis
909 3313 1245 3381 multitudo,
1303 3319 1361 3370 et
1419 3315 1869 3386 quadrupedum

215 3417 429 3474 greges
475 3399 667 3468 multi,
744 3402 923 3457 boum
976 3402 1195 3458 scilicet
1223 3407 1281 3458 et
1332 3403 1551 3473 ovium,
1582 3408 1870 3474 quantum

217 3489 427 3546 nullus
493 3494 629 3545 ante
662 3506 755 3545 me
802 3506 902 3546 rex
942 3490 1148 3547 habuit
1194 3492 1251 3546 in
1298 3491 1646 3547 Jerusalem.
1673 3493 1785 3547 Sed
1816 3496 1874 3547 et

216 3578 485 3637 thesauri
534 3579 758 3652 argenti
788 3584 845 3634 et
892 3579 1018 3635 auri
1053 3580 1511 3637 innumerabiles
1538 3580 1873 3636 condeban-

219 3673 349 3734 tur,
380 3683 528 3737 quos
553 3667 699 3723 mihi
727 3668 1092 3724 diversorum
1141 3685 1345 3741 regum
1377 3685 1618 3725 munera
1647 3673 1705 3724 et
1732 3685 1872 3741 gen-

226 3757 385 3814 tium
414 3755 625 3811 tributa
646 3756 1034 3812 contulerant.
1058 3757 1222 3813 Unde
1251 3762 1308 3812 et
1327 3758 1556 3825 accidit,
1582 3762 1645 3812 ut
1676 3758 1876 3813 nimiis

223 3843 443 3918 apibus
485 3846 555 3900 ad
606 3847 861 3916 majores
909 3845 1149 3902 delicias
1203 3861 1564 3917 provocarer,
1596 3851 1654 3902 et
1701 3846 1878 3901 musi-

220 3948 430 3991 carum
469 3932 684 3989 artium
714 3934 895 4003 chori,
931 3934 1073 3989 mihi
1125 3933 1291 4000 tibia,
1322 3935 1468 4007 lyra,
1498 3951 1636 3990 voce
1686 3934 1876 3990 conci-

223 4024 435 4080 nerent
463 4022 485 4055 ⁷
515 4025 573 4077 et
602 4026 850 4094 uterque
880 4040 1054 4080 sexus
1083 4022 1143 4079 in
1166 4024 1445 4080 conviviis
1479 4023 1839 4079 ministraret
1863 4041 1875 4079 :

300 4161 582 4236 iNostris
611 4180 780 4231 mss.,
812 4164 955 4236 quid
987 4169 1142 4221 esset
1172 4167 1317 4221 boni.
1350 4167 1615 4222 an'ruuv

296 4238 321 4271 ³
380 4234 563 4291 Iidem
624 4253 793 4304 mss.,
829 4234 1013 4292 'Volui
1068 4239 1237 4292 vitam
1282 4238 1499 4293 trahere
1544 4238 1777 4304 deliciis,
1834 4243 1884 4293 et

224 4322 475 4431 carnemt
524 4322 705 4362 meam
760 4310 830 4363 ab
902 4309 1156 4363 omnibus
1210 4312 1361 4365 euris
1418 4310 1669 4378 liberam,
1730 4311 1887 4381 quasi

226 4394 384 4431 mna.
418 4393 450 4431 e
479 4392 529 4431 c.

226 4383 384 4437 vino.
418 4383 529 4432 etc.

301 4420 631 4532 ίνίέξᾶἶαζη
657 4450 1027 4532 spiritualem.
1071 4448 1303 4532 Qmissa
1322 4450 1731 4532 __quoque_h_oc
1762 4450 1887 4532 loco

226 4523 290 4578 in
339 4519 516 4592 editis
568 4519 699 4577 duo’
733 4520 934 4576 isthaec
981 4521 1175 4589 verba,
1212 4519 1884 4592 la’titiamkpiritualem,

227 4591 437 4650 sensui
462 4591 797 4665 _SCripturm
849 4608 917 4665 ac
970 4591 1737 4665 Hieronymiobservationi
1790 4610 1888 4649 no-

228 4668 387 4722 stem
418 4660 823 4735 effundebant.
856 4664 1019 4735 Nune
1049 4660 1448 4735 vero'lucidus
1497 4669 1672 4735 atque
1705 4665 1893 4720 facilis

229 4734 504 4793 remanet
548 4734 901 4806 intellectus,
935 4734 1115 4804 hujus
1161 4734 1306 4802 loci;
1341 4734 1481 4806 quia
1528 4734 1892 4806 exploratum

230 4808 529 4891 habemus
577 4806 790 4891 legisse
840 4804 1257 4891 Hieronymum
1311 4804 1466 4891 apud
1524 4804 1894 4891 LXX‘lnter-

230 4882 475 4952 pretes,_
515 4882 602 4928 καὶ
638 4876 743 4952 ῖτοιᾷ
797 4876 1163 4952 κρατῆσαι*ξῇ
1204 4876 1475 4952 ἀφρρύνμγ,
1533 4882 1585 4933 ει
1640 4881 1718 4952 ut
1751 4880 1894 4952 (ψιί-

230 4948 427 5006 harem
454 4950 515 5006 in
542 4951 837 5020 stultitiam
860 4966 881 5009 ;
914 4965 1049 5003 cum
1083 4949 1142 5002 in
1193 4948 1547 5020 quibusdam
1594 4948 1895 5003 codicibus

231 5021 557 5079 haberetur
618 5020 691 5069 ἐπ’
743 5019 1072 5086 εὖφροσύνμν,
1134 5021 1195 5073 in
1252 5021 1516 5083 laetitiam,
1568 5021 1686 5074 sive
1732 5037 1897 5089 super

234 5093 519 5163 letitiam.
552 5094 620 5149 Et
648 5094 759 5149 hoc
782 5093 954 5147 modo
986 5090 1238 5163 legimus
1262 5091 1322 5145 in
1343 5090 1598 5146 editione
1615 5090 1898 5146 hodierna

234 5162 385 5220 LXX
416 5165 861 5222 translatorum.
892 5162 1182 5218 Murrum

311 5265 384 5275 —
412 5237 582 5293 Nunc
632 5252 663 5292 e
712 5234 1004 5291 contrario
1053 5249 1170 5287 non
1202 5230 1669 5304 aliisupersunt
1715 5231 1897 5304 Graeci

234 5305 495 5377 codices,
553 5324 730 5379 quam
787 5304 888 5379 qui
944 5305 1226 5379 lwtitiam,
1280 5301 1785 5379 sive'eﬂcppoqéviLV_
1823 5302 1897 5358 le-

235 5380 412 5452 gunt,
474 5375 587 5452 pro:
649 5375 955 5452 ᾇφροςξῦνην,
1011 5376 1328 5452 stultitiam,
1369 5375 1894 5452 _quemadmodum

236 5444 815 5522 ﬁierony‘miani‘aevi
863 5444 1217 5522 exemplaria
1265 5444 1459 5522 verius
1489 5446 1559 5500 ad
1596 5446 1894 5501 Hebraeum

240 5516 646 5646 praeferebant.
684 5520 840 5576 Infra
885 5516 1103 5574 leviora
1150 5517 1413 5587 qua-dam
1448 5534 1478 5572 e
1524 5535 1666 5574 mss.
1700 5534 1896 5573 emen-

293 5608 481 5646 amns.

293 5608 481 5650 smus.

325 5663 348 5697 ‘
374 5665 667 5739 Impressa
696 5661 863 5719 lectio
893 5664 1019 5719 erat
1044 5659 1187 5716 mihi
1234 5660 1444 5715 vineas.
1479 5660 1650 5733 Usque
1678 5660 1749 5716 ad
1776 5675 1900 5716 eum

1982 559 2129 614 Nam
2143 558 2201 614 in
2216 576 2629 633 quamcunque
2640 559 2994 634 voluptatem
3008 577 3101 618 me
3112 561 3323 634 cupido
3335 561 3629 628 traxisset,

1983 647 2229 704 infrenis
2288 648 2513 705 ferebar
2569 655 2625 705 et
2680 666 2962 723 praeceps,
3023 651 3177 706 398
3235 651 3635 723 putabamque

1983 736 2139 793 hunc
2169 753 2297 794 esse
2328 738 2582 794 fructum
2614 738 2881 796 laborum
2912 756 3197 809 meorum,
3230 740 3283 796 si
3311 741 3436 812 ipse
3465 740 3526 796 in
3564 739 3634 796 li-

1983 824 2183 881 bidine
2210 825 2560 900 luxuriaque
2589 845 2984 884 consumerer.
3017 829 3276 885 Tandem
3324 829 3386 884 in
3416 830 3635 885 memet

1984 930 2271 982 reversus,
2343 921 2401 971 et
2455 917 2626 988 quasi
2684 918 2756 973 de
2834 917 2993 990 gravi
3051 934 3257 974 somno
3324 916 3630 990 evigilans,

1982 1004 2180 1075 aspexi
2211 1005 2282 1059 ad
2317 1005 2422 1076 [Αι.
2451 1008 2528 1077 et]
2560 1023 2772 1063 manus
2803 1023 2984 1074 meas,
3012 1011 3070 1062 et
3097 1022 3274 1079 Opera
3302 1023 3434 1063 mea
3461 1005 3637 1078 plena

1981 1092 2279 1164 vanitatis,
2312 1088 2486 1166 plena
2516 1095 2801 1163 sordium,
2834 1086 3008 1167 plena
3051 1095 3259 1168 spiritu
3293 1095 3507 1152 erroris
3536 1094 3636 1150 in-

1982 1181 2168 1237 tuitus
2188 1199 2343 1237 sum.
2364 1182 2542 1250 Nihil,
2564 1184 2741 1252 enim,
2761 1186 2918 1256 quod
2940 1184 3001 1241 in
3025 1184 3245 1240 mundo
3265 1185 3586 1257 putabatur
3608 1183 3632 1219 ⁸

1983 1269 2222 1339 bonum,
2280 1271 2499 1327 bonum
2546 1272 2713 1343 potui
2763 1275 3034 1346 reperire.
3082 1274 3380 1345 Reputans
3430 1272 3629 1345 igitur,

1982 1376 2110 1430 quae
2140 1365 2338 1416 essent
2367 1360 2663 1432 sapientiae
2694 1360 2868 1428 bona,
2899 1367 2959 1418 et
2983 1380 3111 1434 quae.
3159 1360 3423 1418 stultitia:
3451 1360 3627 1430 mala,

1982 1452 2406 1518 consequenter
2443 1448 2503 1503 in
2554 1448 2785 1505 laudem
2816 1449 2974 1506 illius
3021 1450 3279 1507 hominis
3309 1449 3497 1522 erupi,
3529 1450 3630 1522 qui

1983 1540 2117 1607 post
2143 1535 2283 1590 vitia
2313 1553 2375 1592 se
2404 1537 2726 1606 refrenans,
2757 1537 3038 1594 virtutum
3070 1538 3258 1610 possit
3285 1554 3415 1595 esse
3443 1542 3632 1595 secta-

1982 1628 2092 1678 tor.
2128 1624 2340 1696 Magua
2369 1624 2587 1697 quippe
2633 1625 2919 1681 distantia
2965 1629 3055 1682 est
3085 1626 3239 1682 inter
3280 1625 3630 1698 sapientiam

1982 1716 2039 1767 et
2068 1711 2403 1783 stultitiam,
2435 1717 2493 1769 et
2531 1719 2818 1786 quantum
2848 1714 2974 1770 dies
3002 1714 3180 1770 distat
3207 1731 3242 1769 a
3281 1717 3471 1780 nocte,
3501 1716 3632 1768 tan-

1981 1804 2109 1856 tum
2138 1801 2384 1858 virtutes
2414 1820 2448 1858 a
2476 1802 2635 1859 vitiis
2665 1808 3035 1876 separantur.
3066 1802 3312 1858 Videtur
3343 1801 3488 1858 mihi
3519 1802 3633 1858 ita-

1984 1907 2117 1961 que,
2166 1890 2268 1962 qui
2316 1890 2665 1963 sapientiam
2720 1893 3009 1964 sequitur,
3060 1891 3259 1948 oculos
3308 1891 3368 1947 in
3418 1889 3631 1949 cmlum

1983 1995 2215 2051 semper
2232 1979 2473 2052 erigere,
2493 1985 2551 2035 et
2566 1980 2628 2036 in
2659 1980 2937 2049 sublime,
2956 1997 3021 2037 os
3049 1980 3263 2037 habere
3277 1984 3630 2051 surrectum,

1983 2084 2187 2140 eaque,
2220 2085 2349 2140 quae
2382 2086 2561 2141 supra
2591 2086 2769 2125 suum
2790 2070 3063 2125 verticem
3094 2072 3251 2139 sunt,
3278 2068 3634 2141 contempla-

1986 2157 2054 2213 ri.
2088 2157 2195 2222 Qui
2239 2173 2372 2212 vero
2420 2157 2680 2213 stultitiae
2728 2164 2787 2214 et
2813 2159 2972 2214 vitiis
3001 2158 3233 2213 deditus
3285 2158 3382 2221 sit,
3398 2142 3632 2213 ‘versari

1983 2247 2044 2302 in
2074 2245 2352 2317 tenebris,
2387 2251 2444 2301 et
2470 2246 2539 2315 εἰη
2590 2262 2784 2302 rerum
2814 2247 3145 2319 ignorantia
3185 2247 3453 2301 volutari.
3484 2247 3632 2316 Mag-

1983 2336 2210 2406 niﬁcan
2237 2351 2398 2406 opera
2422 2352 2543 2391 mea
2572 2337 2611 2402 9,
2644 2340 2753 2391 etc.
2787 2335 3123 2408 Magniﬁcat
3164 2351 3339 2407 opera
3366 2350 3494 2402 sua,
3529 2333 3632 2405 qui

1976 2424 2148 2494 juxta
2178 2423 2496 2496 imaginem
2528 2424 2858 2479 Conditoris
2887 2424 2947 2479 in
2994 2440 3251 2496 superna
3280 2416 3628 2478 sustollitur.

1986 2513 2054 2568 Et
2082 2513 2330 2567 aediﬁcat
2381 2513 2608 2579 domos,
2644 2516 2709 2567 ut
2753 2513 2992 2568 veniant
3019 2516 3212 2581 Pater,
3244 2514 3301 2568 et
3343 2510 3544 2578 Filius,
3575 2515 3634 2567 et

1986 2600 2240 2674 Spiritus
2269 2605 2531 2670 sanctus,
2563 2605 2621 2657 et
2659 2601 2924 2658 habitent
2951 2601 3010 2656 in
3043 2602 3148 2657 eis.
3182 2605 3249 2656 Et
3293 2599 3520 2673 plantat
3544 2600 3631 2655 vi-

1985 2707 2149 2759 neas,
2179 2691 2250 2745 ad
2283 2706 2433 2762 quas
2461 2690 2636 2746 Jesus
2665 2690 2807 2763 liget
2829 2690 3055 2748 asinam
3083 2707 3273 2747 suam.

2056 2893 2083 2920 «
2117 2870 2245 2926 Feci
2278 2871 2423 2925 mihi
2455 2871 2655 2928 hortos
2684 2875 2741 2927 et
2789 2871 3053 2943 pomaria
3083 2889 3099 2927 :
3131 2869 3389 2943 plantavi
3419 2869 3481 2924 in
3510 2867 3631 2924 illis

1982 2956 2206 3030 lignum
2239 2975 2411 3014 omne
2431 2958 2816 3015 fructiferum.
2856 2984 2878 3011 ι
2906 2962 2965 3015 In
2990 2959 3163 3015 domo
3184 2958 3380 3016 divitis
3404 2974 3523 3013 non
3543 2973 3633 3013 so-

1980 3045 2105 3101 lum
2135 3064 2313 3102 aurea
2354 3064 2493 3103 vasa
2521 3052 2661 3104 sunt
2705 3052 2762 3103 et
2791 3052 3085 3120 argentea,
3119 3047 3221 3103 sed
3249 3050 3308 3103 et
3349 3046 3549 3118 lignea
3574 3050 3633 3101 et
3727 3102 3734 3107 _

1982 3134 2184 3190 ﬁctilia
2230 3136 2304 3206 (II
2348 3136 2460 3190 Tim
2508 3136 2623 3208 xx).
2669 3136 2842 3191 Fiunt
2885 3135 3067 3208 igitur
3093 3139 3152 3191 et
3195 3135 3347 3191 horti
3394 3137 3632 3206 propter

1982 3222 2390 3280 imbecilliores
2408 3240 2672 3296 quosque
2688 3229 2745 3280 et
2763 3224 3051 3280 inﬁrmos.
3069 3224 3214 3279 Nam
3233 3223 3335 3294 qui
3356 3222 3628 3277 inﬁrmus

1980 3316 2089 3379 est,
2139 3311 2397 3368 oleribus
2455 3314 2709 3369 vescitur
2764 3315 2935 3380 (Rom.
2989 3330 3106 3380 xw,
3156 3312 3234 3384 2).
3287 3310 3634 3367 Plantantur

1980 3401 2238 3467 arbores,
2262 3418 2376 3457 non
2409 3417 2593 3457 omnes
2613 3404 2916 3474 fructi/erae
2952 3403 3012 3471 ¹⁰,
3039 3405 3107 3457 ut
3136 3401 3195 3456 in
3216 3399 3442 3456 Latinis
3470 3390 3639 3455 codi-‘

1980 3489 2149 3544 cibus
2180 3489 2505 3559 habemus;
2541 3492 2642 3546 sed
2674 3507 2857 3546 omnes
2893 3493 3127 3561 fructus,
3159 3489 3269 3545 hoc
3298 3492 3406 3557 est,
3440 3488 3629 3544 diver-

1982 3594 2183 3633 sarum
2215 3580 2452 3650 frugum
2483 3584 2661 3651 atque
2690 3595 3020 3650 pomorum,
3053 3576 3194 3649 quia
3221 3576 3459 3631 diversae
3491 3578 3633 3631 sunt

1984 3665 2184 3739 gratiae
2213 3666 2273 3721 in
2324 3666 2582 3724 Ecclesia
2615 3683 2627 3720 :
2662 3671 2719 3722 et
2747 3666 2897 3722 alius
2930 3670 3020 3722 est
3065 3665 3290 3733 oculus,
3322 3663 3476 3719 alius
3505 3679 3631 3717 ma-

1984 3772 2121 3821 nus,
2154 3754 2307 3810 alius
2338 3772 2461 3826 pes,
2494 3760 2569 3820 et,
2602 3772 2729 3826 qua:
2777 3753 3194 3809 verecundiora
3241 3754 3442 3807 nostra
3470 3753 3630 3815 sunt,

1986 3843 2078 3900 bis
2107 3844 2390 3915 majorem
2439 3843 2717 3899 honorem
2766 3842 3202 3898 circumdamus
3252 3840 3298 3912 (I
3343 3839 3465 3895 Cor.
3505 3837 3631 3909 xu).

1986 3933 2145 3989 Inter
2190 3949 2340 4004 quas
2387 3928 2696 4005 frugiferas
2742 3933 2979 3987 arbores
3008 3930 3231 3987 aestimo
3282 3933 3480 3985 tenere
3517 3925 3636 3999 pri-

1989 4025 2215 4077 matum
2245 4020 2475 4093 lignum
2508 4021 2659 4090 vita},
2682 4022 2839 4093 quod
2870 4025 2961 4077 est
2988 4018 3296 4093 sapientia.
3327 4016 3451 4074 Nisi
3480 4015 3640 4073 enim
3714 4074 3725 4085 ,

1991 4165 2189 4230 locum,
2222 4166 2330 4218 etc.

2073 4237 2094 4269 ⁵
2130 4236 2272 4304 Quas
2319 4235 2556 4290 collectae
2585 4239 2646 4289 in
2691 4236 2931 4304 piscinas
2977 4248 3155 4305 aquae,
3187 4235 3298 4288 etc.
3330 4233 3557 4305 Erasm.
3590 4231 3649 4283 et

2003 4300 2165 4362 Μαι-,⁷
2202 4322 2338 4377 quas
2393 4306 2633 4362 collectm
2674 4300 2736 4361 in
2780 4322 2954 4361 unum
3004 4300 3232 4376 piscina:
3278 4319 3434 4377 aqua
3482 4300 3646 4377 _des_u_-

2000 4394 2118 4449 per,
2152 4370 2259 4433 etc.
2294 4378 2727 4447 Consequenter
2757 4370 3112 4433 Sorbonicus
3143 4392 3254 4449 ms.
3279 4370 3458 4449 codex
3482 4370 3644 4443 legit,

2000 4443 2059 4504 ut
2088 4451 2280 4518 longus
2302 4451 2458 4519 vigor
2476 4443 2904 4509 {Corbeienses
2929 4464 3084 4519 vero,
3106 4451 3166 4502 ut
3186 4446 3392 4519 harum
3421 4443 3650 4519 humore

1994 4513 2206 4592 perpeti
2257 4513 2622 4575 nutrirentur.
2674 4522 2807 4587 Quae
2856 4513 3089 4592 phrasis
3140 4517 3426 4590 optimum
3473 4513 3650 4569 habet

2002 4607 2265 4646 sensum.
2300 4592 2586 4645 MARTIAN.

2075 4664 2095 4694 ⁵
2127 4666 2307 4739 Mss,
2326 4664 2388 4718 Ut
2418 4664 2613 4733 longus
2642 4664 2818 4729 viror,
2850 4666 2959 4717 etc.

2075 4744 2092 4776 7
2128 4734 2307 4797 Penes
2339 4741 2594 4809 Alcuin.,
2630 4744 2691 4798 Ut
2720 4744 3056 4797 musicorum
3106 4740 3257 4796 chori
3284 4740 3427 4794 mihi
3468 4734 3655 4792 tibiali

2006 4829 2126 4868 voce
2155 4814 2523 4877 concinerent,
2559 4817 2667 4868 etc.

2075 4886 2095 4918 ⁸
2126 4885 2388 4948 Quatuor
2418 4900 2561 4939 mss.
2598 4885 2655 4938 in
2690 4884 2954 4949 instanti,
2982 4886 3231 4954 putatur.

2076 4966 2096 4999 9
2154 4964 2391 5019 Addunt
2448 4964 2631 5018 nostri
2691 4980 2860 5032 mss.,
2909 4963 3199 5033 {Ediﬁcavi
3252 4960 3394 5015 mihi
3449 4959 3654 5021 domos,

2000 5037 2251 5107 plantavi
2278 5036 2418 5089 mihi
2448 5037 2657 5090 vineas.
3114 5092 3121 5101 ,

2078 5117 2264 5185 ¹⁰,Νοη
2294 5131 2478 5170 omnes
2503 5116 2831 5185 fructifera;
2867 5116 2928 5169 In
2959 5114 3194 5169 Hebraeo
3230 5110 3513 5185 scriptum
3544 5111 3654 5185 est,

2004 5196 2103 5251 MD
2125 5171 2192 5247 '7:
2221 5198 2324 5275 γυ,
2354 5188 2433 5275 eis
2463 5171 2549 5241 kbl
2576 5171 2720 5257 peri,
2751 5186 2809 5239 id
2840 5188 2950 5252 est,
2984 5186 3198 5275 lignum
3222 5171 3397 5275 omnis
3423 5171 3656 5275 (ructus,

2006 5281 2072 5331 ut
2124 5270 2286 5331 notat
2334 5274 2563 5330 Hieron.
2612 5274 2712 5346 qui
2761 5290 2877 5327 non
2932 5273 3140 5346 probat
3189 5270 3334 5346 ξύλον
3387 5272 3485 5316 πᾶν
3539 5284 3659 5346 κυρς

2010 5350 2125 5412 ποῦ,
2176 5348 2391 5415 lignum
2443 5361 2600 5400 omne
2629 5339 2886 5416 'fructus.
2918 5339 3036 5399 sive
3080 5345 3452 5416 fructi/erum,
3506 5339 3660 5411 quod

2010 5414 2277 5490 legebant
2309 5414 2974 5490 in_Latinis:codici_b_us
3022 5432 3051 5469 e
3082 5414 3223 5469 LXX
3273 5414 3659 5484 lnterpretum

2010 5487 2207 5544 Graeca
2236 5487 2497 5543 versione
2528 5487 2821 5542 derivatis.
2856 5488 3140 5541 MARTIAN.

2082 5600 2147 5609 —-
2186 5570 2313 5639 Ipse
2340 5571 2533 5623 autem
2556 5566 2709 5621 Hier.
2743 5567 2914 5622 vertit
2933 5568 3114 5622 cuncti
3142 5567 3380 5635 generis.
3406 5564 3471 5619 In
3493 5561 3646 5617 Hebr

2008 5661 2115 5725 est,
2147 5665 2244 5719 τηε
2273 5640 2368 5728 5:,
2397 5654 2456 5710 in
2489 5654 2687 5713 Graeco
2713 5659 2811 5704 πᾶν
2838 5657 3047 5721 καρποῦ.
