4084 6170
513 315 678 386 10⁵19

1750 332 1814 394 S.
1860 329 2173 395 EUSEBII
2218 329 2685 394 HIEHONYMI.

3690 330 3821 403 ιωο

512 453 583 545 in
640 458 834 516 medio
890 460 906 496 ¹
962 460 1067 521 illa
1119 462 1432 537 plantetur,
1490 464 1649 539 ligna
1719 470 1923 523 caetera
1979 465 2159 522 sicca-
2187 465 2244 532 Α
2273 481 2484 521 aurum
2514 481 2746 538 semper
2774 466 3077 540 Scriptura
3098 464 3482 542 divinasuper
3504 478 3824 545 sermonepd-

512 544 760 608 buntur.

591 660 621 689 «
672 639 800 696 Feci
848 642 992 698 mihi
1044 644 1300 716 piscinas
1342 662 1627 717 aquarum
1678 646 1746 700 ad
1798 644 2161 717 irrigandum

514 732 671 791 890
696 748 765 788 ex
794 732 879 789 eis
905 732 1123 789 saltum
1160 734 1587 805 germinantem
1641 733 1887 807 lignum.
1923 756 1952 782 »
1984 733 2162 804 Ligna

503 821 767 879 saltuum
791 822 835 891 ⁸,
866 820 1027 895 ligna
1057 822 1356 890 silvarum,
1390 841 1517 895 qum
1546 840 1667 879 non
1694 828 1833 879 sunt
1859 822 2160 894 frugifera,

505 927 637 985 qua
668 927 843 983 poma
864 928 977 967 non
1011 912 1283 980 afferunt,
1304 930 1417 968 non
1441 912 1682 969 aluntur
1711 913 1897 967 imbre
1917 910 2157 975 caelesti,

506 1016 627 1058 non
670 1001 942 1073 supernis
988 1001 1159 1072 aquis
1201 1003 1301 1058 sed
1355 1002 1448 1059 his
1495 1019 1622 1074 quas
1664 1002 1723 1057 in
1774 1000 2032 1074 piscinas
2089 1000 2160 1055 de

509 1089 715 1146 rivulis
765 1089 1139 1163 colliguntur.
1173 1092 1320 1147 Nam
1369 1093 1649 1165 {Egyptus
1697 1090 1940 1146 humilis
1994 1093 2051 1145 et
2073 1090 2162 1161 ja-

508 1192 670 1246 cens,
703 1177 872 1251 quasi
902 1178 1109 1235 hortus
1138 1179 1384 1249 olerum,
1408 1180 1656 1237 terrenis
1684 1185 1741 1236 et
1768 1181 1839 1236 de
1868 1178 2160 1250 rEthiOpia

508 1267 881 1326 venientibus
912 1268 1102 1341 aquis,
1135 1269 1427 1343 irrigatur.
1462 1272 1640 1326 Terra
1668 1286 1800 1326 vero
1845 1268 2158 1341 repromis-

508 1356 713 1424 sionis,
793 1374 921 1430 quae
978 1361 1287 1415 montuosa
1346 1362 1436 1415 est
1480 1363 1537 1415 et
1592 1363 1801 1427 erecta,
1872 1362 2159 1429 tempora-

510 1462 681 1504 neam
712 1450 771 1504 et
800 1446 1117 1504 serotinam
1148 1447 1408 1520 pluviam
1438 1452 1734 1520 exspectat
1762 1464 1793 1504 e
1823 1448 1986 1503 coelo.

582 1560 613 1589 α
646 1538 937 1593 Mercatus
967 1554 1100 1593 sum
1132 1552 1350 1603 servos,
1381 1542 1437 1593 et
1466 1536 1731 1605 ancillas,
1765 1542 1824 1592 et
1862 1536 2159 1593 vernaculi

511 1628 751 1685 fuerunt
770 1626 934 1694 mihi,
958 1631 1015 1682 et
1034 1626 1269 1698 quidem
1295 1626 1589 1699 possessio
1610 1626 1859 1682 armenti
1880 1630 1936 1681 et
1964 1626 2156 1681 ovium

512 1715 701 1772 multa
741 1715 853 1770 fuit
898 1714 1038 1770 mihi
1088 1716 1130 1770 ³.
1167 1737 1193 1765 υ
1229 1715 1288 1771 Si
1334 1714 1605 1771 volumus
1653 1714 2061 1781 Ecclesiasten,
2094 1721 2159 1771 ut

2271 554 2360 610 nit
2386 559 2443 611 et
2472 572 2667 612 sensu.
2701 556 2864 612 Unde
2892 561 2949 612 et
2978 558 3037 613 in
3069 558 3423 631 sexagesimo
3466 560 3680 631 septimo
3704 560 3824 632 psal-

2271 660 2366 699 mo
2396 644 2666 701 columba
2696 663 2824 717 quae
2853 645 3272 719 interpretatur
3315 648 3373 703 in
3403 647 3612 721 spiritu,
3636 650 3827 706 manife-

2269 733 2477 789 stiores
2507 740 2565 790 et
2593 734 2745 791 visui
2775 736 3066 806 expositas
3096 736 3220 792 alas
3248 738 3627 810 deargentatas
3646 738 3827 805 habet‘,

2270 823 2646 879 occultiorem
2676 841 2809 880 vero
2841 824 3194 881 intrinsecus
3227 842 3460 881 sensum
3488 826 3543 881 in
3564 827 3675 882 auri
3701 828 3831 900 pullo»

2270 928 2331 967 re
2360 911 2563 983 operit.
2599 912 2823 984 Regum
2854 918 3051 969 autem
3081 914 3466 982 substantias,
3496 918 3549 970 et
3574 916 3834 987 provincia

2269 1017 2423 1067 rum,
2476 1001 2595 1057 sive
2644 1001 2971 1073 regionum,
3019 1002 3079 1057 in
3126 1004 3482 1060 credentium
3532 1005 3834 1078 congregavit

2268 1088 2628 1158 Ecclesium;
2672 1089 2906 1146 illorum
2956 1107 3184 1164 regum,
3216 1093 3290 1149 de
3338 1094 3547 1165 quibus
3589 1092 3835 1148 Psalmista

2268 1177 2424 1232 canit
2476 1194 2488 1232 :
2544 1180 2851 1235 Astiterunt
2894 1197 3045 1251 reges
3090 1190 3272 1249 terrm,
3317 1185 3367 1238 et
3407 1184 3665 1255 principes
3702 1198 3836 1238 conte

2268 1274 2469 1322 nerunt
2512 1268 2573 1321 in
2622 1284 2794 1323 unum
2841 1268 3010 1339 (Psal.
3056 1287 3116 1336 ιι,
3148 1271 3203 1343 2)
3260 1288 3272 1326 :
3324 1269 3656 1343 illarumque
3695 1271 3837 1343 regio-

2267 1372 2411 1411 num
2463 1357 2484 1390 ⁸
2537 1355 2597 1411 in
2646 1374 2790 1427 quas
2838 1356 3036 1414 oculos
3084 1358 3261 1414 levari
3312 1359 3564 1416 Salvator
3587 1360 3838 1433 praecepit:

2268 1445 2406 1518 quia
2428 1446 2555 1517 jam
2604 1447 2890 1502 candeant
2932 1448 3005 1503 ad
3049 1450 3387 1504 metendum
3436 1451 3602 1517 (Joan.
3633 1452 3714 1518 IV).
3740 1453 3839 1504 Pos-

2268 1540 2406 1606 sunt
2434 1551 2639 1607 regum
2683 1536 3024 1592 substantiae
3054 1541 3111 1592 et
3158 1537 3627 1611 philosophorum
3654 1537 3748 1593 dici
3770 1537 3838 1592 do-

2267 1629 2484 1697 gmata,
2519 1629 2573 1680 et
2617 1625 2872 1681 scientiae
2920 1625 3247 1695 saeculares,
3279 1644 3427 1699 quas
3476 1626 3841 1683 Ecclesiasticus

2265 1713 2354 1767 vir
2382 1713 2692 1785 diligenter
2720 1712 3072 1786 intelligens,
3104 1714 3493 1787 apprehendit
3531 1715 3781 1789 sapientes
3801 1715 3839 1769 in

512 1820 695 1877 supra
722 1803 999 1871 diximus,
1029 1803 1207 1859 etiam
1239 1820 1393 1859 nunc
1424 1804 1495 1859 ad
1525 1803 1740 1860 Christi
1778 1805 1992 1860 referre
2022 1822 2155 1878 per—
2191 1831 2239 1896 B
2271 1801 2490 1857 astutia
2518 1818 2740 1869 eorum,
2774 1807 2833 1857 et
2859 1802 3053 1873 perdit
3084 1803 3435 1875 sapientiam
3457 1803 3842 1877 sapientium,et

512 1908 742 1961 sonam,
776 1908 1093 1964 possumus
1130 1908 1326 1947 servos
1357 1893 1485 1963 ejus
1534 1892 1744 1960 dicere,
1778 1893 1877 1964 qui
1908 1894 2161 1950 habeant
2191 1890 2234 1896 ⁷
2270 1890 2642 1962 prudentiam
2693 1891 3073 1962 prudentium
3121 1894 3397 1964 reprobat
3442 1895 3488 1962 (Ι
3517 1892 3631 1949 Cor.
3660 1891 3840 1963 1).Can-

513 1981 789 2055 lpiritum
820 1981 1049 2037 timoris
1078 1980 1139 2036 in
1188 1981 1485 2047 servitute,
1518 1987 1574 2036 et
1612 1980 1942 2052 spiritualia
1971 1983 2160 2055 magis

514 2072 872 2139 desiderant,
902 2086 1081 2141 quam
1133 2074 1371 2125 teneant
1405 2087 1418 2125 :
1451 2069 1694 2126 ancillas
1721 2087 1854 2126 vero
1905 2087 2004 2127 eas
2034 2072 2158 2127 ani-

515 2179 645 2220 mas
681 2160 992 2235 appellare,
1025 2175 1153 2231 quae
1194 2158 1385 2214 adhuc
1432 2159 1657 2231 corpori
1709 2162 1992 2232 terraeque
2021 2163 2162 2216 sunt

513 2251 743 2308 dedita.
776 2247 1135 2305 Vernaculos
1178 2263 1409 2320 quoque
1438 2246 1568 2303 illos
1602 2248 1700 2320 qui
1734 2254 1874 2304 sunt
1920 2249 2158 2321 quidem

514 2341 587 2397 de
614 2338 891 2408 Ecclesia,
922 2339 980 2393 et
1023 2352 1240 2407 servos,
1271 2340 1330 2391 et
1359 2335 1620 2402 ancillas,
1653 2337 1723 2392 de
1767 2337 1982 2408 quibus
2012 2338 2159 2392 dixi-

515 2446 673 2497 mus,
705 2428 1059 2485 antecedunt
1090 2444 1103 2482 :
1137 2426 1388 2481 necdum
1440 2429 1632 2481 tamen
1668 2425 1931 2482 libertate
1961 2426 2159 2482 donati

514 2523 676 2588 sunt,
709 2532 815 2573 nec
855 2514 1156 2572 nobilitate
1190 2532 1224 2570 a
1253 2514 1521 2569 Domino.
1556 2515 1706 2570 Sunt
1751 2519 1944 2571 autem
1975 2520 2032 2571 et
2062 2514 2160 2571 alii

512 2608 576 2665 in
608 2606 831 2664 familia
855 2603 1218 2662 Ecclesiastes
1249 2604 1437 2659 instar
1481 2603 1661 2659 boum
1708 2608 1765 2660 et
1793 2604 2011 2673 ovium,
2035 2622 2163 2677 pro-

514 2702 645 2772 pter
673 2712 850 2769 opera
877 2698 936 2750 et
962 2692 1397 2764 simplicitatem
1433 2708 1447 2746 :
1480 2691 1581 2763 qui
1612 2692 1833 2765 absque
1855 2693 2078 2749 ratione
2107 2699 2167 2750 et

514 2785 761 2845 scientia
831 2783 1262 2854 Scripturarum
1330 2780 1598 2835 laborant
1653 2781 1891 2852 quidem
1951 2784 2011 2837 in
2062 2784 2161 2837 Ec-

514 2875 710 2943 clesia,
740 2873 841 2929 sed
892 2871 1141 2927 necdum
1190 2870 1263 2925 ad
1314 2869 1371 2924 id
1416 2886 1749 2941 pervenere,
1784 2875 1848 2925 ut
1895 2871 2162 2928 homines

513 2979 644 3023 esse
673 2964 1027 3028 mereantur,
1060 2963 1119 3015 et
1162 2959 1403 3014 redeant
1433 2958 1504 3013 ad
1554 2957 1868 3030 imaginem
1901 2959 2162 3015 condito-

515 3054 619 3111 ris.
651 3049 1001 3124 Diligentius
1038 3051 1177 3104 nota
1205 3047 1360 3119 quod
1393 3047 1451 3101 in
1502 3046 1702 3111 servis,
1739 3050 1795 3103 et
1827 3047 2073 3119 ancillis,
2107 3053 2164 3104 et

514 3139 843 3201 vernaculis
887 3136 1206 3193 multitudo
1256 3152 1371 3191 non
1401 3134 1655 3200 additur,
1688 3136 1747 3190 in
1796 3136 1985 3192 bobus
2026 3154 2159 3193 vero

518 3235 577 3289 et
605 3229 808 3287 ovibus
860 3226 1093 3292 dicitur,
1120 3226 1384 3297 possessio
1421 3226 1666 3280 armenti
1691 3234 1744 3281 et
1789 3226 1972 3281 ovium
2002 3226 2166 3280 multi

518 3321 630 3395 fuit
701 3318 843 3373 mihi
899 3318 940 3372 δ.
992 3314 1161 3369 Pluta
1206 3312 1421 3385 quippe
1473 3312 1531 3367 in
1578 3312 1834 3369 Ecclesia
1880 3318 2163 3377 armenta,

524 3424 702 3483 quam
731 3406 1001 3463 homines
1028 3420 1041 3470 ;
1092 3402 1289 3475 plures
1319 3418 1473 3467 oves,
1508 3417 1685 3472 quam
1737 3403 1909 3466 servi.
1942 3402 2166 3457 ancillis

510 3502 686 3572 atque
739 3491 1055 3552 vernaculi.
1119 3490 1267 3547 Illud
1324 3506 1480 3557 vero,
1535 3490 1689 3561 quod
1749 3490 1809 3546 in
1860 3491 1975 3547 fine
2022 3490 2136 3548 dici

511 3591 613 3646 tur
643 3603 658 3643 :

576 3697 609 3726 ‹‹
640 3676 830 3747 Super
877 3685 1104 3737 omnes,
1137 3668 1237 3740 qui
1287 3668 1525 3724 fuerunt
1573 3672 1709 3724 ante
1757 3685 1851 3724 me
1895 3669 1955 3724 in
2002 3670 2142 3725 Jeru

504 3764 715 3833 uelem,
746 3785 776 3815 »
810 3778 924 3818 non
956 3761 1029 3817 ad
1081 3758 1364 3833 grandem
1420 3756 1666 3830 gloriam
1718 3757 1968 3830 pertinet
2008 3758 2166 3817 Salo-

507 3853 724 3920 monis,
755 3867 871 3907 uno
900 3853 1066 3921 patre
1095 3864 1201 3904 suo
1232 3861 1369 3919 rege
1398 3862 1462 3902 se
1492 3845 1761 3902 ditiorem
1796 3846 1999 3913 fuisse,
2024 3847 2166 3919 quia

502 3942 614 3999 sub
644 3939 815 3997 Saule
864 3938 1116 3993 necdum
1168 3935 1524 4007 regnabatur
1554 3935 1610 3989 in
1661 3934 2008 4002 Jerusalem,
2040 3940 2098 3991 et
2130 3954 2163 3992 a

500 4027 784 4087 J’ebusaeis
814 4027 915 4099 qui
944 4024 1058 4097 ipsi
1080 4023 1213 4079 urbi
1236 4023 1591 4092 insederant,
1615 4024 1941 4079 tenebatur.
1965 4024 2161 4081 Altius

500 4118 701 4191 itaque
742 4114 1136 4181 tractandum,
1185 4129 1311 4185 qua
1358 4113 1438 4167 sit
1480 4112 1852 4168 Jerusalem:
1904 4117 1957 4169 et
2005 4130 2148 4185 quo-

500 4207 674 4271 modo
722 4203 1121 4273 Ecclesiastes,
1154 4205 1289 4259 ante
1335 4218 1560 4271 omnes,
1603 4201 1703 4273 qui
1751 4218 1812 4257 se
1858 4218 2161 4273 praecesse-

499 4301 641 4354 runt
668 4311 835 4369 reges
863 4294 925 4349 in
952 4290 1301 4358 Jerusalem,
1337 4290 1512 4347 ditior
1541 4290 1733 4346 fuerit.

570 4408 599 4437 ‹‹
623 4382 978 4457 Congregavi
1010 4382 1153 4437 mihi
1184 4384 1519 4453 argentum,
1554 4384 1609 4433 et
1650 4395 1882 4446 aurum,
1914 4383 1971 4434 et
2004 4380 2151 4435 sub-

495 4473 748 4534 stantias
777 4488 981 4545 regum
1014 4474 1072 4526 et
1109 4468 1561 4542 provinciarum.
1597 4466 1728 4521 Feci
1777 4466 1921 4521 mihi
1954 4472 2151 4523 canto-

2270 1984 2426 2035 tores
2456 1996 2690 2051 quoque
2731 1983 2788 2035 et
2817 1980 3183 2048 cantatrices,
3215 1980 3300 2037 illi
3347 1982 3432 2038 vel
3464 1981 3571 2037 illa:
3617 1986 3750 2048 sunt,
3773 1980 3841 2050 qui

2268 2067 2529 2140 psallunt
2557 2068 2790 2141 spiritu,
2827 2068 3085 2140 psallunt
3112 2074 3170 2126 et
3186 2076 3402 2127 mente.
3436 2071 3695 2127 Cantator
3722 2067 3841 2142 quasi

2267 2158 2357 2213 vir
2386 2162 2442 2213 et
2484 2158 2762 2213 robustus
2805 2162 2863 2213 et
2909 2158 3230 2229 spiritualis
3261 2159 3333 2215 de
3381 2159 3670 2216 altioribus
3716 2158 3838 2213 canit.

2270 2246 2565 2302 Cantatrix
2614 2260 2750 2302 vero
2808 2247 3000 2303 adhuc
3047 2247 3201 2303 circa
3248 2249 3553 2305 materiam
3599 2248 3843 2311 volutatur,

2270 2352 2450 2407 quam
2497 2335 2676 2391 Graeci
2708 2336 2835 2399 ὕλμν
2868 2340 3070 2392 vocant
3099 2355 3112 2405 ;
3148 2354 3251 2393 nec
3283 2342 3477 2411 potest
3519 2353 3699 2394 vocem
3723 2351 3842 2392 suam

2270 2424 2330 2479 in
2397 2424 2649 2481 sublime
2706 2425 2928 2481 tollere.
2962 2426 3306 2499 Ubicunque
3356 2445 3492 2501 ergo
3520 2428 3575 2483 in
3603 2425 3844 2499 Scripturis

2271 2513 2491 2570 femina
2516 2513 2731 2587 legitur
2757 2519 2814 2570 et
2842 2531 3017 2570 sexus
3050 2515 3333 2588 fragilior,
3367 2518 3439 2573 ad
3471 2516 3702 2573 materiae
3728 2512 3844 2570 intel-

2270 2601 2572 2674 ligentiam
2618 2603 3064 2659 transferamus.
3098 2604 3263 2661 Unde
3294 2610 3355 2661 et
3402 2606 3618 2663 Pharao
3645 2621 3741 2660 non
3763 2599 3847 2657 vult

2272 2689 2566 2747 masculos
2603 2690 2901 2760 vivificari,
2934 2693 3036 2748 sed
3063 2696 3294 2749 tantum
3322 2694 3597 2766 ,feminas,
3627 2710 3735 2766 qua:
3758 2706 3845 2745 ma-

2270 2778 2427 2833 terias
2458 2782 2599 2834 sunt
2642 2780 2842 2835 vicinae.
2873 2780 3063 2848 (Exod.
3099 2782 3158 2854 1).
3192 2783 3262 2837 Et
3298 2800 3332 2839 e
3380 2782 3659 2840 contrario
3702 2778 3844 2836 nullus

2271 2867 2639 2936 Sanctorum,
2660 2868 2773 2925 nisi
2797 2884 3032 2940 perraro
3060 2870 3312 2928 feminas
3334 2872 3604 2945 genuisse
3625 2872 3843 2927 narratur.

2271 2955 2560 3028 Solusque
2615 2956 2914 3029 Salphaat,
2950 2958 3049 3030 qui
3094 2959 3152 3014 in
3196 2961 3455 3032 peccatis
3504 2963 3743 3016 mortuus
3771 2957 3843 3019 est,

2270 3061 2474 3101 omnes
2504 3044 2654 3101 filias
2700 3045 2903 3118 genuit
2944 3050 3132 3116 (Num.
3164 3049 3323 3120 xxv).
3358 3050 3538 3106 Jacob
3583 3048 3717 3104 inter
3747 3045 3846 3100 duo-

2274 3133 2462 3189 decim
2521 3134 2885 3206 patriarchas
2943 3135 3119 3192 unius
3169 3135 3302 3191 ﬁliae
3359 3143 3522 3210 pater
3573 3140 3671 3201 est,
3716 3138 3761 3190 et
3798 3130 3846 3185 ob

2193 3194 2237 3263 (ἶ
2277 3223 2464 3294 ipsam
2498 3194 2857 3294 periclitatur
2885 3227 3053 3292 (Gen.
3079 3225 3234 3296 xxx).
3267 3194 3499 3283 DeIicize
3522 3194 3729 3299 quoque
3752 3219 3847 3277 ﬁlio-

2276 3327 2406 3367 rum
2446 3310 2752 3366 hominum
2798 3329 2977 3384 super
3020 3313 3309 3385 sapientia
3356 3313 3849 3388 inte]ligendze,quz

2276 3400 2347 3455 ad
2380 3400 2566 3455 instar
2608 3400 2861 3473 paradisi
2905 3400 3079 3457 habet
3107 3403 3377 3475 pomaria
3424 3403 3580 3459 varia
3608 3403 3647 3470 ⁷,
3671 3404 3719 3456 et
3742 3393 3849 3453 mul-

2274 3486 2503 3561 tiplices
2548 3488 2895 3561 voluptates.
2929 3490 2999 3545 Et
3047 3491 3119 3546 de
3166 3490 3295 3563 ipsa
3350 3492 3706 3564 praecipitur:
3740 3484 3849 3542 Delt-

2274 3587 2422 3633 ctare
2468 3580 2525 3634 in
2574 3580 2825 3648 Domino,
2857 3583 2908 3634 et
2955 3578 3106 3634 dabit
3151 3581 3257 3634 tibi
3296 3583 3587 3651 petitiones
3610 3576 3760 3635 cordis
3791 3571 3851 3626 tui

2276 3668 2445 3739 (Psat.
2493 3685 2684 3735 xxxvr,
2736 3667 2809 3739 4).
2861 3667 2931 3722 Et
2982 3668 3042 3723 in
3092 3667 3203 3724 alio
3249 3668 3430 3726 loco:
3480 3671 3710 3725 Torrente
3741 3662 3849 3719 votu-

2269 3759 2439 3828 ptatis
2490 3765 2600 3814 tua:
2644 3756 2858 3828 potabis
2904 3772 2991 3812 eos
3038 3758 3206 3827 (Psat.
3259 3775 3500 3828 xxxvm,
3530 3760 3604 3827 2).
3648 3755 3768 3811 Nam
3800 3749 3848 3803 de

2272 3845 2391 3900 vini
2440 3844 2759 3916 fusoribus,
2791 3849 2848 3900 et
2888 3844 3019 3899 vini
3056 3844 3426 3903 fusitricibus
3457 3847 3546 3919 (ad
3590 3839 3846 3900 distinctis

2274 3952 2406 3992 nem
2438 3935 2654 4007 quippe
2686 3949 2840 3989 nunc
2862 3932 3191 4001 masculini,
3217 3934 3501 3992 feminino
3531 3948 3721 4008 genere
3736 3922 3845 3986 volui

2272 4024 2583 4093 declinare,
2617 4023 2773 4095 quod
2821 4023 3062 4078 Latinus
3111 4040 3304 4080 sermo
3340 4042 3454 4082 non
3504 4022 3709 4095 recipit)
3732 4012 3845 4074 aliud

2270 4113 2475 4175 multo.
2507 4127 2682 4185 quam
2717 4112 2778 4167 in
2810 4116 3083 4184 promptu
3115 4115 3225 4183 est,
3254 4113 3845 4187 Aquilainterpretatnr-

2268 4203 2394 4258 Non
2447 4201 2605 4257 enim
2664 4199 2955 4267 homines,
3002 4201 3159 4258 viros
3205 4202 3495 4275 videlicet,
3527 4208 3579 4259 et
3622 4200 3750 4258 ωι
3787 4193 3847 4246 ἴθ’

2267 4291 2477 4361 minas,
2511 4291 2610 4346 sed
2659 4289 3029 4345 vasculorum
3080 4291 3303 4363 species
3336 4294 3357 4328 ⁸
3403 4289 3720 4356 nominavit,
3746 4278 3847 4331 κυλί-

2264 4397 2369 4429 κιον
2441 4386 2498 4435 et
2565 4378 2761 4426 ιυλίιια
2829 4395 3063 4445 vocans,
3123 4381 3279 4452 quod
3355 4380 3626 4437 Hebraica
3688 4370 3849 4429 dicitur

2264 4486 2445 4527 sanna
2475 4468 2645 4540 (mur)
2689 4472 2746 4523 et
2788 4485 3042 4524 SADDOTH
3095 4470 3295 4540 (mm)
3343 4468 3596 4541 Denique
3640 4468 3848 4537 Symma-

493 4579 587 4619 res
616 4566 674 4618 et
702 4543 1069 4622 cantatrices,
1097 4562 1155 4613 et
1202 4556 1444 4612 delicias
1483 4555 1636 4610 400
1667 4553 1921 4610 ﬁliorum
1953 4555 2141 4613 homi-
2175 4563 2220 4629 1)
2253 4557 2421 4627 chus,
2484 4555 2620 4612 licet
2675 4556 2919 4612 verbum
2978 4574 3094 4613 non
3154 4558 3411 4630 potuerit
3463 4555 3754 4630 exprimere
3796 4543 3848 4598 d8

493 4667 659 4719 num,
693 4648 997 4706 ministros
1040 4646 1160 4702 vini
1204 4649 1261 4702 et
1306 4643 1630 4700 ministras.
1663 4664 1692 4692 »
1721 4644 2045 4715 Argentum
2090 4649 2146 4701 et

564 4813 581 4847 ¹
628 4812 754 4870 Nisi
798 4810 953 4865 enim
998 4808 1056 4863 in
1105 4806 1307 4867 medio,
1340 4807 1449 4859 etc.
1500 4802 1882 4860 Corbeienses
1935 4821 2144 4861 manu-

488 4881 693 4956 scripti
721 4882 926 4956 eodem
957 4895 1134 4956 sensu
1164 4874 1512 4956 sic_legunt,
1543 4875 1656 4931 nisi
1685 4876 1835 4931 enim
1878 4878 1937 4931 in
1966 4878 2144 4933 medio

747 4954 1047 5028 plantetur,
1077 4955 1187 5028 etc:
1222 4948 1510 5028 Manum.
1599 5018 1608 5028 _

559 5026 582 5060 ²
641 5020 801 5082 Unus
877 5023 1089 5089 Vatic.,
1147 5021 1362 5077 Sattum
1429 5020 1889 5090 ger-minantium.
1971 5020 2144 5090 Ligna

487 5097 754 5163 saltuum,
786 5099 876 5151 etc
889 5135 902 5152 .

558 5169 582 5202 ³
611 5161 753 5224 Mss.
808 5165 993 5222 nostri
1044 5163 1292 5229 addunt,
1321 5164 1501 5233 Super
1546 5175 1752 5228 omnes,
1779 5161 1877 5231 qui
1914 5163 2144 5231 fuerunt

489 5241 619 5295 ante
644 5254 731 5293 me
758 5240 819 5292 in
844 5237 1176 5293 Jerusalem.

560 5308 582 5341 ‘
610 5308 773 5362 Idem
803 5325 971 5374 mss.,
1002 5309 1071 5362 Et
1098 5308 1282 5362 ovium
1312 5302 1605 5359 multitudo
1633 5304 1747 5374 (uit
1777 5302 1936 5357 mihi.

561 5378 583 5412 ⁵
632 5379 690 5432 1η
748 5380 951 5449 spiritu
995 5378 1421 5449 mani/esliores,
1473 5380 1581 5449 etc.
1642 5373 2001 5449 Depravatus
2049 5374 2143 5429 hic

490 5448 657 5506 locus
686 5445 786 5503 est
825 5449 881 5501 in
936 5445 1228 5503 veteribus
1275 5446 1653 5509 editionibus,
1688 5445 1786 5500 ubi
1843 5445 2093 5517 legimus
2127 5465 2138 5500 :

490 5522 716 5592 Propter
755 5520 1135 5592 manifestiora
1183 5522 1233 5571 et
1280 5519 1423 5572 visui
1474 5518 1768 5587 expositas,
1817 5518 1936 5571 atas
1983 5517 2140 5573 dear-

491 5589 737 5666 gentqtas
767 5589 944 5646 habet.
978 5590 1267 5666 MAa'ruN.

562 5666 584 5702 ⁶
611 5664 951 5734 litorumque
980 5661 1294 5733 regionum,
1325 5662 1432 5713 etc.
1469 5656 1650 5714 Iidem
1698 5658 1839 5714 editi
1876 5662 2047 5717 antea
2075 5659 2143 5715 li-

2250 4647 2447 4716 verbo,
2498 4646 2570 4701 ab
2617 4644 2727 4700 hac
2775 4645 3049 4718 opinione
3098 4663 3216 4702 non
3271 4646 3443 4719 longe
3489 4649 3589 4712 est,
3645 4640 3841 4696 dicens:

2252 4806 2362 4875 bri,
2395 4806 2637 4878 Illarum,
2672 4821 2881 4878 quoque
2931 4806 3238 4876 regionum,
3289 4808 3350 4861 in
3400 4820 3530 4877 quas
3576 4799 3737 4859 oculos
3769 4791 3843 4848 σισ-

2253 4893 2402 4940 vare,
2436 4881 2548 4933 etc.
2585 4877 2872 4932 MAnTiAN.

2324 4950 2344 4984 ⁷
2378 4949 2634 5021 Rursum
2667 4948 2845 5021 iidem
2880 4964 3048 5021 mss.,
3081 4948 3257 5005 "abet
3280 4964 3450 5021 poma
3476 4945 3643 5001 varia.

2322 5021 2342 5056 ⁸
2374 5020 2498 5075 Duo
2529 5018 2775 5074 Palatini
2818 5024 2875 5075 et
2902 5015 3191 5087 Vati—can”
3223 5015 3328 5077 Séd
3372 5024 3720 5074 masculorum
3751 5015 3838 5087 ξμ-

2251 5108 2377 5148 οιεις.
2428 5090 2669 5139 Κυλίκιον
2716 5106 2849 5146 vero
2895 5107 3102 5161 parvus
3149 5095 3238 5147 est
3276 5091 3451 5157 calix,
3498 5092 3593 5143 aut
3630 5090 3834 5161 3031111125:

2321 5194 2392 5203 _..
2449 5161 2676 5210 κυλίκιον
2732 5167 2789 5216 et,
2840 5156 3033 5224 πόγίκια
3088 5178 3304 5218 vocans.
3367 5156 3466 5217 Hic
3509 5172 3632 5214 vero
3682 5156 3837 5224 θζεοδ

2253 5234 2338 5289 sic
2413 5237 2819 5304 corrumpunt,
2898 5218 3220 5290 nominavit
3273 5231 3493 5304 κυλικίαν
3552 5228 3627 5276 καὶ

2251 5304 2473 5360 Deinde
2504 5299 2729 5359 addunt
2766 5304 3046 5360 Hebraica
3074 5305 3249 5359 verba
3279 5303 3339 5359 in
3385 5303 3638 5359 contextu
3665 5299 3832 5365 secuti:

2252 5377 2285 5431 d
2297 5394 2394 5430 um
2411 5377 2461 5431 M
2472 5375 2841 5430 assuretharu
2852 5393 2907 5430 m
2927 5381 3145 5447 puncta
3157 5375 3395 5442 vocalia,
3409 5369 3624 5447 schidda
3638 5351 3833 5447 et

2250 5423 2397 5511 ἇᾶιὶὶζ
2412 5423 2625 5501 "Et?
2642 5423 3293 5512 Ηίὲιῖὸῖιᾩῶιῖξῑξέρνιτῖῐ
3301 5423 3515 5501 "sua
3529 5423 3591 5495 Et
3614 5423 3828 5512 imitati.

2251 5509 2392 5646 give
2419 5517 2593 5573 saddu
2642 5523 2699 5572 et
2747 5509 2992 5589 saddoth,
3029 5526 3093 5575 ut
3136 5509 3316 5575 habet
3360 5533 3463 5573 ms.
3513 5509 3827 5569 Sorbonicuﬁ-

2310 5605 2537 5645 ARTIAN.
2990 5640 2991 5643 η
3460 5633 3465 5641 .

2310 5605 2516 5645 ARTIAN
2524 5631 2537 5645 .
