4058 6172
260 290 415 364 1081

1291 293 1921 360 COMMENTARIUS
1965 293 2046 356 ΙΝ
2089 291 2694 357 ECCLESIASTEN.

3512 270 3707 383 {osi

258 392 629 491 Mensaruml
712 427 932 505 species,
1003 431 1054 487 et
1110 432 1469 505 appositones.
1544 430 1675 486 Sive
1730 429 1911 503 igitur
1937 428 1994 494 Α
2022 427 2093 484 Et
2134 427 2257 483 haec
2306 427 2418 483 fuit
2472 428 2660 499 portio
2717 443 2847 483 mea
2893 444 2961 484 ex
3006 428 3167 485 omni
3214 427 3413 488 labore
3454 446 3611 488 meo.
3641 451 3671 481 ››

257 538 493 590 urceos,
527 521 647 577 sive
676 521 948 594 scyphos,
1025 521 1145 577 sive
1191 525 1463 588 crateres,
1520 520 1617 592 qui
1649 519 1708 574 in
1742 518 1915 574 mini-

259 609 467 667 steriis
497 610 865 677 ordinantur,
899 627 1042 666 auro
1071 610 1441 683 gemmisque
1465 609 1775 665 distinctos
1805 609 1913 665 Sa-

257 699 563 757 lomonem
593 698 873 754 habuisse
894 698 1249 753 credendum
1283 702 1406 753 est:
1444 703 1501 753 et
1530 698 1684 770 quod
1708 714 1777 752 ex
1799 713 1915 752 uno

260 786 528 859 κυλικῐφ,
588 787 646 842 id
697 791 787 843 est
833 791 1051 843 cratere
1100 786 1230 843 aliis
1260 784 1551 855 κ’.)λικίοις,
1589 786 1919 842 minoribus

264 877 494 935 scilicet
552 877 806 942 vasculis,
849 875 1224 931 hauriretur:
1267 880 1324 932 et
1370 893 1473 948 per
1513 876 1917 933 ministrorum

262 983 483 1023 manus
531 965 863 1038 potentium
907 964 1110 1020 vinum
1161 965 1333 1020 turba
1387 964 1726 1037 susciperet.
1773 964 1921 1029 Quia

262 1055 451 1129 igitur
478 1054 868 1110 Ecclesiasten
900 1053 1354 1126 interpretamur
1384 1054 1445 1109 in
1502 1053 1731 1110 Christo
1779 1072 1792 1110 :
1862 1058 1921 1110 et

263 1143 560 1216 sapientia
610 1142 671 1198 in
732 1143 991 1199 cratere’
1039 1142 1216 1198 misto
1275 1143 1335 1197 in
1392 1142 1718 1199 Proverbiis
1774 1160 1918 1216 prae-

264 1235 569 1290 tereuntes
607 1232 679 1287 ad
728 1247 790 1288 se
838 1235 1158 1288 convocat:
1217 1248 1428 1303 corpus
1478 1231 1709 1289 Domini
1764 1249 1922 1287 nunc

264 1325 556 1378 craterem
597 1335 881 1392 magnum
907 1318 1190 1375 debemus
1222 1320 1498 1393 accipere,
1531 1320 1590 1375 in
1622 1337 1737 1393 quo
1804 1337 1919 1377 non

265 1426 506 1468 meraca
533 1408 843 1473 Divinitas,
874 1412 940 1464 ut
970 1408 1027 1462 in
1059 1408 1391 1465 coelestibus
1420 1410 1656 1476 fuit,sed
1690 1414 1924 1482 propter

268 1515 384 1556 nos
411 1496 778 1553 humanitate
809 1495 1004 1551 media
1032 1500 1358 1569 temperata
1388 1502 1496 1568 est,
1528 1503 1586 1553 et
1633 1515 1735 1570 per
1770 1501 1923 1570 Apo-

276 1583 483 1650 stolos,
543 1586 771 1640 minora
816 1581 1058 1652 κυλίκια,
1116 1587 1365 1659 scyphos
1421 1586 1693 1660 parvulos
1721 1591 1777 1643 et
1806 1604 1925 1643 cra-

273 1680 451 1744 teras,
507 1673 566 1729 in
615 1678 737 1729 toto
788 1674 928 1729 orbe
982 1674 1355 1732 credentibus
1411 1678 1597 1733 etl'usa
1638 1676 1925 1749 sapientia

270 1767 385 1820 est.

342 1874 374 1900 ‹‹
403 1852 473 1907 Et
519 1850 934 1923 magniﬁcatus
985 1869 1140 1920 sum,
1191 1857 1248 1909 et
1298 1854 1482 1925 adjeei
1522 1854 1873 1926 sapientiam
1902 1855 1924 1888 ³

267 1957 455 2014 super
482 1957 688 1996 omnes
732 1940 834 2013 qui
869 1940 1108 1998 fuerunt
1157 1946 1290 1997 ante
1325 1960 1418 1999 me
1461 1944 1521 1998 in
1560 1942 1924 1999 Jerusalem:

267 2034 328 2086 et
359 2029 601 2102 quidem
634 2028 925 2102 sapientia
955 2046 1085 2086 mea
1116 2031 1278 2086 stetit
1315 2031 1479 2087 mihi.
1514 2054 1542 2081 ››
1589 2032 1924 2104 Magnifica-

267 2108 402 2175 t'um
428 2118 839 2184 Ecclesiasten,
874 2119 1117 2175 minime
1146 2119 1373 2176 videtur
1418 2121 1665 2176 Domino
1714 2138 1928 2177 conve-

268 2208 426 2273 nire,
458 2205 573 2263 nisi
604 2207 750 2263 forte
781 2207 832 2263 ei
856 2207 999 2263 illud
1030 2212 1302 2280 aptemus
1329 2226 1342 2264 :
1375 2211 1698 2280 Praﬁeiebat
1715 2212 1930 2283 sapien-

270 2299 386 2364 tia,
417 2301 470 2353 et
499 2300 682 2365 aetate,
711 2305 764 2352 et
807 2300 992 2369 gratia
1049 2298 1205 2369 (Luc.
1276 2317 1333 2366 ιι,
1364 2300 1475 2369 5?).
1537 2300 1638 2355 Et:
1701 2304 1930 2371 Propter

273 2386 424 2459 quod
479 2386 641 2441 illum
701 2386 838 2440 Deus
886 2387 1154 2442 exaltavit
1189 2387 1453 2459 (Philipp.
1514 2406 1575 2453 ιι,
1631 2388 1711 2459 9).
1763 2388 1927 2456 Quod

277 2479 486 2532 autem
516 2473 639 2529 ait:
695 2475 801 2543 Qui
854 2477 1083 2546 fuerunt
1136 2484 1265 2531 ante
1303 2493 1391 2532 me
1422 2478 1479 2531 in
1505 2479 1829 2541 Jerusalem,
1858 2478 1929 2533 de

272 2564 375 2621 his
406 2563 677 2635 dicit,qui
710 2569 844 2618 ante
874 2564 1190 2619 adventum
1212 2565 1926 2638 suum,congregationem

272 2657 622 2710 sanctorum
647 2656 705 2707 et
732 2651 1053 2708 Eeclesiam
1098 2653 1586 2725 gubernarunt.Si
1608 2654 1929 2726 spirituali-

275 2748 373 2799 ter
398 2739 783 2813 intelligimus
799 2741 1150 2813 Seripturas,
1177 2742 1354 2797 ditior
1384 2747 1474 2797 est
1503 2742 1772 2800 Christus
1802 2762 1926 2800 om-

276 2831 458 2887 nibus
506 2830 613 2902 [AL
670 2829 744 2885 ab
792 2829 1187 2898 hominibus]:
1247 2830 1293 2886 si
1356 2835 1588 2887 tantum
1622 2833 1933 2889 carnaliter

275 2917 499 2976 melius
530 2916 880 2990 intelligitur
900 2918 923 2951 ⁴
950 2919 1273 2991 Synagoga,
1308 2936 1483 2991 quam
1516 2920 1792 2989 Ecclesia,
1814 2923 1929 2977 Tu-

272 3009 348 3065 lit
378 3024 517 3081 ergo
546 3006 830 3077 velamen,
864 3008 1019 3078 quod
1052 3006 1163 3063 fuit
1188 3008 1446 3081 positum
1479 3026 1657 3081 super
1703 3010 1931 3066 vultum

274 3096 468 3169 Moysi
509 3095 700 3163 (Exod.
734 3095 945 3166 xxxrv),
978 3099 1035 3150 et
1083 3095 1253 3168 pleno
1283 3095 1505 3153 lumine
1535 3097 1739 3154 faciem
1801 3100 1928 3171 ejus

2026 516 2190 573 Oculi
2220 516 2427 572 animae
2458 520 2514 571 et
2546 516 2761 572 mentis
2809 516 3060 575 intuitus
3116 520 3670 594 contemplationem

2026 605 2362 662 desiderant
2390 604 2779 677 spiritualem,
2826 623 3005 678 quam
3054 613 3320 680 peccator
3368 610 3673 684 ignorans,

2025 694 2297 768 prohibet
2344 711 2376 750 a
2417 710 2550 750 vera
2586 695 2961 767 jucunditate
2990 713 3090 752 cor
3118 714 3320 755 suum.
3360 700 3504 756 Huic
3533 717 3674 774 ergo

2028 802 2088 841 se
2119 782 2494 839 Ecclesiastes
2526 788 2715 839 totum
2763 784 2940 850 dedit,
2994 790 3050 841 et
3107 785 3229 844 leve
3275 788 3675 848 tribulationis

2029 874 2136 945 [Αἰ.
2171 871 2325 929 leves
2356 871 2783 945 tribulationes]
2816 875 2875 929 in
2908 875 3142 943 saeculo,
3212 881 3428 934 aeterna
3492 879 3678 951 gloria

2028 962 2447 1035 compensavit.
2480 961 2611 1017 Haec
2640 962 2795 1018 enim
2855 964 3042 1035 portio
3102 970 3308 1022 nostra
3365 971 3677 1041 estﬁpraa-

2029 1051 2336 1123 miumque
2366 1056 2741 1124 perpetuum,
2782 1052 2829 1108 si
2859 1052 2955 1108 hic
3004 1070 3109 1126 pro
3136 1054 3456 1114 virtutibus
3514 1057 3676 1115 labo-

2030 1155 2249 1196 remus.

2103 1252 2130 1279 ‹‹
2166 1230 2230 1284 Et
2252 1229 2473 1301 respexi
2505 1246 2611 1302 ego
2643 1231 2713 1286 ad
2741 1232 2942 1287 omnia
2969 1249 3146 1304 opera
3176 1250 3328 1304 mea,
3358 1253 3489 1309 quae
3523 1238 3672 1295 fece-

2031 1321 2164 1373 rant
2212 1334 2423 1373 manus
2474 1334 2636 1384 meae,
2682 1323 2738 1374 et
2784 1319 2842 1374 in
2884 1318 3082 1376 labore
3128 1339 3243 1394 quo
3279 1323 3675 1382 laboraveram

2032 1406 2270 1462 faciens.
2307 1427 2329 1455 ι
2366 1406 2473 1471 Qui
2505 1422 2640 1461 cum
2668 1406 2975 1480 diligentia
3004 1415 3061 1465 et
3101 1412 3368 1469 cautione
3399 1414 3519 1488 agit
3548 1416 3679 1472 uni-

2031 1510 2218 1559 versa,
2251 1494 2373 1549 haec
2397 1499 2586 1567 potest
2603 1495 2824 1552 'dicere.

2106 1605 2134 1632 ‹‹
2160 1583 2227 1638 Et
2256 1600 2387 1638 ecce
2418 1583 2617 1639 omnia
2645 1586 2892 1652 vanitas,
2935 1591 2991 1642 et
3036 1588 3313 1646 voluntas
3364 1593 3611 1664 spiritus
3634 1596 3677 1652 ³.

2033 1671 2104 1726 Et
2135 1689 2249 1727 non
2305 1676 2395 1728 est
2442 1672 2805 1729 abundantia
2852 1676 2963 1731 sub
3010 1676 3156 1733 sole.
3206 1700 3233 1727 »
3285 1679 3586 1743 Quomodo
3619 1683 3681 1740 in

1953 1798 2003 1864 Β
2035 1761 2257 1817 caeteris
2287 1759 2425 1816 vilia
2455 1765 2667 1817 cuncta
2707 1763 3012 1834 reputavit,
3050 1783 3178 1838 quae
3228 1768 3338 1824 sub
3367 1769 3490 1826 sole
3520 1776 3681 1840 sunt,

2035 1853 2092 1906 et
2124 1867 2225 1921 pro
2267 1849 2638 1906 voluntatum
2686 1851 2962 1909 varietate
3000 1854 3246 1912 diversa.
3289 1879 3318 1909 «
3348 1858 3419 1914 Et
3447 1876 3562 1916 non
3594 1866 3685 1917 est

2037 1939 2399 1995 abundantia
2430 1939 2541 1995 sub
2572 1940 2694 1996 sole
2723 1941 2893 2012 (Psal.
2926 1960 3085 2012 xvm,
3117 1946 3194 2017 6).
3242 1968 3272 1995 ››
3326 1946 3594 2006 Christus
3623 1950 3682 2006 in

2036 2027 2157 2083 sole
2178 2028 2377 2099 posuit
2406 2028 2850 2085 tabernaculum
2880 2033 3284 2105 suumJtaque
3310 2036 3408 2108 qui
3433 2039 3683 2095 necdum

2037 2116 2109 2171 ad
2133 2114 2275 2172 solis
2306 2115 2650 2184 claritatem,
2687 2118 2974 2185 ordinem,
3019 2123 3529 2196 constantiamque
3553 2144 3683 2200 per-

2035 2205 2197 2260 venit
2226 2205 2331 2276 [Αι.
2366 2205 2733 2279 pervenerit],
2759 2207 2817 2261 in
2850 2207 2958 2263 hoc
2988 2207 3256 2266 Christus
3286 2228 3391 2267 nec
3421 2213 3685 2272 habitare

2037 2293 2267 2366 poterit,
2302 2310 2407 2349 nec
2438 2294 2756 2351 abundare.

2114 2404 2142 2431 ‹‹
2167 2383 2238 2437 Et
2270 2383 2491 2454 respexi
2526 2400 2651 2456 ego,
2686 2388 2750 2439 ut
2779 2384 3034 2442 viderem
3077 2387 3449 2459 sapientiam,
3490 2395 3548 2447 et
3594 2408 3684 2449 er-

2038 2486 2199 2526 rores
2228 2476 2285 2525 et
2314 2471 2646 2539 stultitiam,
2679 2472 2817 2545 quia
2856 2474 2989 2546 quis
3048 2480 3137 2531 est
3194 2476 3524 2548 hominum,
3582 2482 3686 2553 qui

2037 2560 2226 2631 possit
2268 2560 2350 2615 ire
2403 2564 2536 2632 post
2583 2578 2778 2633 regem
2831 2565 3047 2635 atque"
3096 2564 3374 2623 factorem
3402 2570 3626 2625 suum?
3660 2592 3687 2619 ››

2038 2648 2187 2712 Quia
2207 2648 2265 2703 in
2299 2649 2699 2721 superioribus
2730 2668 2919 2724 usque
2963 2653 3035 2708 ad
3068 2669 3204 2710 eum
3237 2653 3429 2712 locum
3460 2656 3521 2714 in
3571 2675 3687 2731 quo

2038 2737 2343 2810 Scriptura
2374 2738 2491 2793 ait:
2532 2739 2806 2810 Sapientis
2848 2743 2997 2798 oeuli
3041 2744 3104 2799 in
3142 2746 3318 2817 capite
3372 2748 3509 2818 ejus,
3570 2764 3687 2804 uno

2039 2831 2250 2881 cuncta
2280 2842 2548 2883 sermone
2580 2829 3158 2903 comprehenderam,
3210 2831 3411 2891 volens
3442 2852 3684 2893 sensum

2040 2914 2291 2971 breviter
2351 2914 2631 2980 indicare,
2691 2921 2748 2972 et
2806 2918 2881 2973 ob
2957 2920 3014 2974 id
3065 2937 3301 2977 rursum
3360 2925 3685 2980 secundum

2042 3003 2358 3077 ἀναγωγὴν,
2390 3003 2584 3074 aliqua
2614 3006 2766 3062 408
2816 3007 3290 3078 perstrinxeram,
3318 3028 3476 3068 nunc
3519 3013 3690 3084 justa

2042 3094 2100 3148 id
2132 3093 2288 3164 quod
2319 3109 2630 3165 coeperam,
2663 3111 2947 3167 exponere
2985 3097 3186 3154 debeo.
3248 3099 3496 3159 Multum
3526 3102 3687 3159 enim

272 3186 480 3242 videre
510 3200 618 3240 nos
650 3183 876 3255 tecit(ll
899 3185 1024 3240 Cor.
1060 3185 1165 3257 Ill).
1199 3186 1374 3241 Porro
1417 3186 1650 3243 stetisse
1698 3188 1933 3259 sapien-
1963 3173 2007 3240 C
2046 3198 2081 3237 a
2110 3181 2493 3254 Septuaginta
2523 3182 2997 3255 interpretatione
3042 3186 3101 3242 in
3132 3186 3240 3243 hoe
3268 3187 3391 3244 loco
3423 3190 3690 3247 diversus

272 3275 426 3333 tiam
457 3273 570 3329 sibi
589 3274 630 3344 ⁵,
664 3271 761 3328 ille
791 3289 1003 3329 sensus
1048 3278 1157 3340 est,
1190 3274 1346 3346 quod
1405 3275 1582 3330 etiam
1640 3276 1698 3331 in
1758 3294 1934 3333 carne

284 3362 486 3437 posito
517 3361 630 3417 sibi
662 3361 817 3417 402
847 3363 1235 3432 permanserit
1263 3363 1572 3434 sapientia.
1633 3364 1740 3428 Qui
1800 3382 1933 3436 pro-

277 3452 508 3508 fbctum
540 3448 716 3506 habet
744 3448 804 3504 in
838 3449 1144 3522 sapientia,
1190 3467 1305 3506 non
1363 3450 1413 3505 ei
1464 3455 1581 3507 stat
1610 3453 1928 3523 sapientia;

272 3538 392 3613 qui
413 3542 607 3594 autem
639 3554 756 3594 non
786 3537 990 3611 recipit
1018 3539 1479 3610 profectum,nec
1502 3556 1603 3612 per
1634 3547 1933 3598 momenta

280 3627 619 3698 succrescit,
649 3628 751 3683 sed
774 3643 1007 3700 semper
1036 3627 1095 3683 in
1128 3627 1495 3701 plenitudine
1524 3634 1632 3698 est,
1687 3630 1796 3687 iste
1843 3632 1933 3687 di-

283 3729 427 3772 cere
453 3720 636 3787 potest
659 3733 673 3771 :
696 3717 765 3771 Et
794 3718 941 3773 stetit
969 3716 1112 3772 mihi
1138 3718 1432 3789 sapientia.

362 3826 396 3853 ‹‹
419 3803 487 3860 Et
538 3820 711 3862 omne
767 3806 923 3878 quod
968 3804 1410 3878 postulaverunt
1448 3808 1599 3863 oculi
1636 3809 1771 3879 mei,
1817 3827 1934 3866 non

275 3891 405 3950 tuli
420 3892 494 3948 ab
516 3892 601 3949 eis
624 3910 637 3950 :
671 3910 777 3950 nec
800 3893 1072 3967 prohibui
1095 3910 1195 3950 cor
1215 3910 1411 3950 meum
1431 3895 1504 3951 ab
1526 3897 1685 3951 omni
1707 3896 1933 3954 lzetitia:

276 3980 431 4057 quia
458 3997 560 4038 cor
589 3997 786 4039 meum
818 3982 1080 4039 laetatum
1104 3988 1192 4039 est
1217 3983 1275 4037 in
1321 3984 1481 4039 omni
1538 3984 1736 4042 labore
1786 4003 1934 4043 meo.

359 4124 568 4208 ‘plim
620 4130 744 4207 erat
789 4140 1199 4190 mensurarum,
1264 4127 1940 4208 proquOyartianazus

280 4196 431 4273 fecit
460 4195 674 4273 minori
706 4213 956 4273 numero
972 4195 1317 4273 mensuram,
1350 4195 1495 4273 et_i_n
1538 4198 1937 4273 _Hexaplorum

281 4266 634 4342 collectione
669 4268 900 4342 agt-pm.
936 4268 1082 4342 Mihi
1108 4268 1181 4323 ad
1212 4266 1388 4324 ﬁdem
1418 4268 1684 4342 Vaticani
1708 4266 1825 4329 ins.
1852 4278 1937 4329 at-

280 4355 410 4412 que
439 4337 682 4395 alterius
712 4337 958 4395 Palatini
990 4339 1391 4412 prima_manu
1423 4340 1607 4397 satius
1640 4343 1831 4399 visum
1853 4350 1940 4400 est

277 4409 427 4483 legi,
475 4426 824 4492 mensarum.
874 4409 1572 4492 Et.verousihmensarurn
1614 4417 1839 4492 species,
1889 4424 1941 4471 et

276 4481 660 4609 Wes
680 4481 1263 4565 Symmachusdixit,
1298 4483 1372 4537 ab
1399 4481 1652 4555 Aquilae,
1689 4481 1941 4567 qui.'po-

275 4569 351 4608 cu
570 4568 778 4609 sneczes
800 4560 1124 4609 nomznavit.
1160 4569 1274 4608 non
1308 4553 1499 4609 longe.
1555 4557 1711 4609 auod
1744 4557 1941 4609 Hlero-

2043 3274 2134 3326 est
2162 3288 2393 3327 sensus.
2426 3271 2575 3327 Dicit
2603 3280 2797 3328 autem
2830 3290 2913 3340 se,
2947 3279 3080 3346 post
3132 3275 3377 3334 delicias
3418 3277 3693 3352 volupta-

2040 3362 2247 3431 tesque
2277 3360 2608 3427 damnatas,
2637 3362 2943 3418 revertisse
2973 3364 3046 3418 ad
3078 3366 3430 3436 sapientiam
3452 3369 3696 3441 perqui-

2042 3447 2285 3503 rendam
2317 3447 2376 3502 in
2406 3464 2524 3519 qua
2552 3448 2685 3519 plus
2714 3450 2931 3505 erroris
2962 3451 3343 3526 stultitiaque
3390 3458 3697 3529 repererit,

2040 3552 2214 3605 quam
2272 3552 2420 3591 verae
2468 3540 2760 3608 certceque
2789 3540 3132 3610 prudentia.
3163 3542 3288 3598 Non
3316 3543 3475 3601 enim
3530 3562 3706 3620 posse

2042 3623 2342 3679 hominem
2401 3633 2520 3680 tam
2570 3624 2797 3697 liquido
2847 3631 2903 3683 et
2950 3645 3094 3700 pure
3141 3630 3291 3686 scire
3340 3633 3689 3704 sapientiam

2043 3712 2321 3769 creatoris
2352 3718 2409 3770 et
2436 3713 2592 3786 regis
2619 3714 2735 3782 sui,
2770 3732 2947 3793 quam
2980 3717 3093 3771 scit
3121 3717 3239 3787 ille,
3272 3720 3372 3791 qui
3421 3720 3690 3777 conditor

2044 3806 2151 3859 est.
2188 3803 2385 3874 Itaque
2417 3807 2473 3858 et
2501 3802 2603 3859 illa
2632 3820 2759 3875 quae
2791 3804 3083 3877 novimus,
3116 3807 3341 3878 opinari
3371 3825 3478 3866 nos
3498 3809 3694 3882 potius

2047 3907 2228 3963 quam
2255 3896 2471 3960 tenere,
2502 3896 2559 3948 et
2588 3888 2880 3949 wstimare
2904 3894 3096 3968 magis
3121 3912 3299 3968 quam
3331 3896 3501 3967 seire,
3535 3901 3692 3973 quod

2045 3995 2246 4035 verum
2280 3985 2392 4037 est.

2047 4122 2359 4206 προσέθηκα
2389 4123 2575 4201 σοφίαν
2610 4127 2756 4206 τεσξρᾶ
2804 4128 3007 4190 πάντας
3044 4146 3056 4185 :
3102 4130 3169 4184 Et
3251 4129 3429 4206 adieci
3479 4135 3701 4206 sapien-

2049 4199 2367 4274 tiarnsuper
2393 4199 2594 4274 omnes.
2633 4199 2766 4274 Mox
2795 4216 3030 4274 quoque
3081 4217 3235 4257 unus
3287 4199 3561 4274 Palestin,
3600 4204 3698 4259 ad-

2048 4267 2218 4389 ἶςιεῐςίι,
2268 4284 2372 4339 pro
2418 4272 2583 4325 stetit.
2633 4267 2871 4329 Veteres
2916 4267 3056 4328 edit.
3127 4275 3333 4341 astitit,
3380 4273 3478 4330 hic
3526 4267 3702 4347 atque

2049 4354 2108 4392 1n
2141 4354 2222 4392 ra.

2171 4355 2222 4392 ει.

2122 4407 2145 4441 ⁸
2178 4410 2260 4486 Ita
2291 4415 2347 4486 et
2377 4427 2523 4486 mss.
2555 4412 2671 4469 duo
2702 4412 2968 4477 Palatini.
3002 4420 3060 4471 et
3105 4414 3398 4472 Victorius
3456 4415 3695 4486 habent,

2050 4481 2427 4557 concinniore
2455 4483 2624 4557 longe
2667 4501 2867 4540 sensu.
2918 4486 3289 4543 Martianaaus
3312 4487 3496 4545 active
3527 4481 3696 4546 inici;

570 4545 778 4637 speciEs
800 4555 1126 4637 τωτηίηαυέιλ
1160 4545 1276 4637 non
1308 4545 1521 4637 longe,
1555 4545 1722 4627 quod.
1744 4545 1942 4613 Hiero-
1972 4545 2020 4609 D
2053 4551 2196 4637 ligit;

277 4639 507 4696 nymus
527 4598 1001 4696 trafdit,opinione
1022 4598 1523 4696 abiuit.Contr?1,si
1545 4598 1937 4685 nitensltrarui’n

277 4694 413 4770 aut,
446 4710 579 4770 quae
644 4694 810 4767 pejor
850 4700 940 4751 est
980 4694 1168 4764 lectio,
1220 4694 1536 4770 mensuram
1568 4701 1788 4770 species
1817 4718 1941 4757 ver-

278 4765 657 4855 tissetietlcg
686 4765 819 4855 quae
849 4783 1028 4855 voces
1048 4783 1235 4855 neque
1266 4767 1338 4822 ad
1364 4784 1431 4849 se
1464 4765 1719 4855 invicem
1749 4789 1941 4855 respe-

277 4841 451 4916 ctum
484 4836 866 4916 habentgnnec
891 4837 1042 4916 quid
1058 4836 1295 4916 tandem
1328 4838 1508 4894 simul
1553 4841 1777 4910 junctaa
1819 4836 1938 4916 sig-

278 4908 534 4982 niﬁcent
573 4903 946 4982 intelligitur.
1006 4908 1288 4982 Reliquus
1346 4903 1581 4982 quoque
1638 4903 1944 4971 contextus

278 4926 534 4966 mncent
580 4926 764 4965 intem
833 4926 946 4967 tur.
1007 4926 1288 4980 nenquus
1346 4926 1397 4981 (Il

274 4926 944 5062 emendationemﬁlanc
972 4981 1200 5062 probat.

354 5049 680 5124 {Martiam
728 5052 948 5123 absque
972 5049 1053 5106 'in
1104 5050 1547 5124 praepositione:
1610 5056 1735 5124 tum
1788 5073 1942 5113 unus

271 5121 756 5199 Palatin:_mista,
789 5118 892 5197 pro
914 5118 1576 5199 (nisto.'Proverbiorum
1603 5123 1772 5199 locus
1828 5133 1937 5184 est.

277 5211 359 5263 ιι,
396 5195 472 5266 5:
518 5195 718 5264 Venite,
740 5195 979 5252 'cemedit
1008 5210 1238 5266 epanem
1265 5204 1524 5265 meum,et
1555 5195 1723 5253 bibite
1752 5202 1944 5254 vinum

271 5265 431 5339 quod
459 5268 669 5339 miscui
696 5265 1087 5339 vobir.Estque
1116 5265 1238 5339 haec
1262 5266 1319 5339 in
1344 5267 1553 5339 primis
1583 5269 1937 5339 adnotanda,

274 5335 353 5395 ad
388 5335 696 5410 veritatem
729 5335 1233 5410 corporis—Christi
1260 5338 1325 5410 in
1345 5335 1736 5395 'Eueharistia
1766 5343 1939 5397 conli-

278 5408 551 5481 tendam,
585 5408 907 5481 anagogica
934 5409 1271 5481 Hieronymi
1302 5410 1726 5481 interpretatio.

356 5479 380 5514 ³
410 5478 627 5537 Vocem
650 5478 1196 5552 isdpiEntiam,quam
1225 5478 1689 5552 malegomiserat
1716 5486 1943 5540 Martia-

288 5549 758 5624 napgeduobu‘s
770 5549 1230 5624 mss.Paléstinis_
1250 5556 1307 5607 et
1329 5549 1662 5624 Victoriana
1690 5556 1944 5613 editione

285 5618 664 5685 snﬁ‘ecimus.
701 5625 787 5681 Ita
842 5629 900 5682 et
948 5623 1132 5682 (Ξτωοὶ
1178 5622 1379 5697 plures
1410 5622 1545 5681 libri
1583 5624 1819 5701 habent,
1853 5628 1943 5683 καὶ

2126 4622 2147 4703 f‘
2175 4624 2347 4703 Per-rp
2374 4627 2586 4703 stetisse
2625 4628 2962 4703 sapientiam
3005 4628 3132 4684 sibi.
3186 4630 3325 4703 Ten
3356 4634 3697 4703 corruptum

2053 4698 2143 4748 est
2172 4694 2328 4774 istud
2357 4697 2601 4774 verbum
2636 4694 2789 4774 apud
2810 4699 3048 4774 ,Erasm.
3084 4704 3141 4756 et
3186 4700 3429 4774 Marian.
3464 4694 3564 4774 qui
3621 4701 3700 4774 le-

2052 4770 2201 4890 gunt
2246 4767 2305 4823 in
2348 4772 2532 4836 textu,
2576 4767 2853 4840 sapientia
2902 4788 3025 4827 mea
3081 4774 3261 4827 astitit
3300 4773 3443 4826 mihi
3471 4767 3499 4841 ;’
3535 4776 3592 4828 et
3638 4773 3696 4828 in

2093 4839 2503 4890 ommentario-
2544 4843 2788 4890 astitisse
2828 4844 3161 4890 .mnientiam
3207 4843 3331 4890 sibi.
3386 4849 3445 4890 et.
3496 4859 3696 4890 comm-

2093 4839 2504 4905 ommentario,
2544 4839 2788 4897 astitisse
2828 4844 3161 4914 sapientiam
3207 4843 3334 4910 sibi,
3386 4849 3445 4898 et
3473 4839 3697 4901 conse-

2053 4915 2317 4979 quenter,
2351 4917 2504 4968 astat
2531 4914 2672 4968 mihi
2697 4915 2986 4984 sapientia.
3022 4914 3311 4970 MARTIAN.

2130 4983 2152 5017 ⁶
2178 4983 2524 5057 fl‘res_mss.,
2558 4986 2608 5039 et
2640 4982 2885 5056 voluptas
2929 4986 3204 5057 spiritus;
3257 4982 3446 5057 multo
3503 4994 3696 5057 autem

2052 5054 2269 5114 rectius
2300 5054 2394 5109 hic
2424 5054 2669 5110 alterum
2701 5054 2969 5111 co‘mmai
3002 5065 3053 5112 et
3080 5072 3193 5112 non
3238 5063 3319 5112 est
3356 5056 3700 5116 abundantia

2049 5130 2151 5185 sub
2180 5127 2311 5195 sole,
2345 5126 2637 5197 ignorant.

2122 5202 2141 5235 7
2177 5199 2297 5253 Duo
2331 5197 2575 5253 Palatini
2615 5214 2758 5255 mss.
2807 5215 2941 5255 cum
2985 5198 3285 5256 veteribus
3344 5198 3515 5255 editis
3570 5208 3700 5258 ante

2053 5289 2157 5344 pro
2188 5277 2375 5344 atque;
2408 5269 2609 5344 Vatic.
2629 5274 2937 5343 utramque
2966 5287 3165 5327 vocem
3199 5268 3657 5344 veriusomittit.

2123 5374 2191 5384 .-
2224 5342 2543 5413 Quipossit
2590 5343 2677 5413 ire
2714 5342 2855 5413 post
2884 5359 3084 5411 regem,
3136 5346 3247 5397 etc.
3302 5342 3444 5398 Male
3493 5342 3552 5398 in
3584 5343 3695 5400 eis-

2052 5415 2185 5469 dem
2217 5410 2389 5486 editis
2419 5410 2727 5486 ac~paueis
2778 5431 2918 5469 mss.
2946 5410 3406 5486 exemplaribus
3461 5413 3693 5486 legitur,

2050 5487 2148 5613 ﬁt:
2201 5484 2370 5554 possit
2430 5485 2512 5537 ire
2572 5493 2691 5556 post
2762 5502 2939 5556 regem
2997 5484 3155 5542 ante‘
3178 5488 3441 5557 factorem
3498 5484 3698 5539 suum!

2149 5568 2336 5611 arma.

2149 5568 2316 5611 RTIAN
2325 5597 2336 5607 .
