4084 6170
410 251 568 322 1083

1650 253 1713 317 S.
1762 250 2074 317 EUSEBII
2116 251 2587 319 HIERONYMI.

3654 248 3817 329 seu

480 411 508 439 ‹‹
540 392 608 444 Et
634 384 1041 473 vidiego,quia
1068 389 1159 445 est
1179 382 1541 445 abundantia
1560 389 1856 462 sapientiae
1879 405 2055 461 super
2084 392 2139 454 Α
2168 394 2224 445 et
2256 390 2312 445 in
2343 390 2722 447 tabernaculo
2752 390 2865 447 isto
2893 388 3806 466 Apostolusingemistiitdieens:

405 477 743 546 stultitiam,
778 478 935 535 sicut
957 479 1315 534 abundantia
1337 479 1486 534 lucis
1509 496 1685 552 super
1707 479 1995 534 tenebras.
2024 502 2051 528 »

405 568 581 637 Licet,
618 568 830 640 inquit,
862 567 1051 639 ipsam
1083 568 1391 625 hominum
1434 569 1781 639 sapientiam
1814 567 2050 623 mistam

404 675 600 715 errore
633 657 1004 731 perviderim,
1038 674 1142 713 nec
1174 663 1292 713 tam
1314 658 1531 729 purein
1560 662 1790 712 nostros
1820 657 2050 713 animos

400 747 561 804 illabi
592 764 782 820 posse,
816 764 993 818 quam
1026 750 1115 802 est
1146 746 1201 801 in
1237 763 1369 817 rege
1400 751 1456 801 et
1486 747 1782 801 conditore
1815 752 2044 813 nostro;

400 841 599 894 tamen
632 853 907 907 magnam
941 836 1115 890 etiam
1144 836 1202 889 in
1229 853 1294 891 eo
1327 836 1482 907 quod
1513 842 1623 900 est,
1657 836 2042 890 differentiam

401 927 555 982 inter
584 924 745 981 illam
778 929 835 980 et
865 923 1170 980 stultitiam
1203 941 1331 979 esse
1362 926 1916 997 cognovi.quantum
1943 943 2041 997 po-

400 1018 515 1071 test
535 1014 755 1070 distare
784 1014 907 1069 dies
935 1032 968 1069 a
999 1019 1184 1076 nocte,
1213 1013 1411 1069 lumen
1444 1032 1477 1069 a
1506 1014 1780 1069 tenebris.

470 1128 497 1155 ‹‹
532 1103 822 1176 Sapientis
854 1102 1006 1158 oculi
1040 1102 1097 1157 in
1126 1105 1312 1175 capite
1338 1106 1484 1175 ejus,
1518 1108 1574 1158 et
1604 1104 1824 1159 stultus
1862 1104 1921 1158 in
1954 1107 2040 1159 te-

400 1193 595 1250 nebris
627 1192 909 1247 ambulat.
941 1193 1009 1248 Et
1032 1193 1276 1265 cognovi
1309 1193 1582 1264 ego,quia
1612 1201 1852 1249 eventus
1886 1211 2040 1249 unus

398 1282 621 1339 eveniet
659 1281 931 1337 omnibus
958 1281 1061 1336 eis.
1098 1303 1123 1330 ››
1185 1282 1291 1347 Qui
1353 1282 1410 1335 in
1471 1282 1790 1352 perfectum
1851 1282 2038 1337 virum

400 1371 748 1443 pervenerit,
780 1375 839 1426 et
870 1369 1232 1425 merueritut
1289 1374 1464 1441 caput
1527 1370 1712 1442 ipsius
1771 1369 2039 1426 Christus

395 1460 493 1529 sit,
524 1460 725 1517 oculos
756 1476 895 1516 suos
927 1476 1160 1531 semper
1189 1458 1427 1513 habebit
1448 1460 1517 1513 ad
1540 1458 1921 1527 Christum,et
1939 1476 2037 1514 eos

389 1548 449 1604 in
482 1548 734 1605 sublime
765 1549 1015 1612 elevans,
1051 1564 1352 1617 nunquam
1387 1546 1851 1602 deinferioribus
1884 1547 2036 1618 cogi-

388 1638 556 1693 tabit.
589 1638 735 1693 Cum
768 1637 886 1691 haec
918 1654 979 1693 se
1012 1637 1092 1691 ita
1122 1636 1396 1705 habeant,
1428 1640 1483 1691 et
1514 1635 1664 1690 inter
1709 1636 2033 1707 sapientem

2162 480 2323 535 Miser
2359 496 2452 551 ego
2482 480 2657 547 homo,
2686 481 2807 552 quis
2843 497 2932 536 me
2963 480 3219 537 liberabit
3246 483 3314 537 de
3351 496 3574 554 corpore
3617 482 3807 537 mortis

2161 570 2324 640 hujus
2356 571 2535 641 (Rom.
2576 588 2677 637 vn,
2717 570 2854 642 2(1)?
2880 574 3033 627 recte
3071 571 3202 626 odio
3234 570 3409 626 habet
3440 586 3615 625 omne
3652 570 3806 642 quod

2161 658 2270 713 sub
2298 658 2418 713 sole
2451 658 2668 714 factum
2701 663 2807 714 est.
2841 659 2925 713 Ad
2946 658 3437 730 comparationem
3471 659 3691 731 quippe
3713 676 3808 731 pa-

2160 747 2338 802 radisi
2370 752 2428 802 et
2457 747 2616 803 illius
2646 748 2774 802 vitae
2807 747 3257 814 beatitudinem,
3291 747 3349 801 in
3382 764 3498 819 qua
3529 746 3803 819 spiritua-

2158 835 2313 891 libus
2346 837 2557 908 pomis,
2592 841 2644 892 et
2677 837 2960 892 virtutum
2991 836 3218 892 deliciis
3249 836 3614 891 fruebamur:
3650 853 3805 892 nunc

2157 926 2325 998 quasi
2357 927 2411 980 in
2446 925 2742 999 ergastulo
2770 929 2827 981 et
2858 942 3086 982 carcere
3118 942 3321 981 sumus
3351 929 3408 980 et
3435 924 3585 980 valle
3616 924 3802 998 lact-y-

2156 1015 2473 1085 marum,in
2498 1016 2709 1070 sudore
2726 1014 2924 1070 vultus
2957 1014 3141 1070 nostri
3165 1015 3537 1070 comedentes
3560 1030 3800 1086 panem.

2226 1125 2253 1151 ‹‹
2286 1105 2356 1159 Et
2386 1104 2537 1159 odivi
2569 1120 2674 1177 ego
2708 1120 2943 1160 omnem
2975 1103 3233 1159 laborem
3266 1118 3672 1175 meum,quem
3695 1120 3801 1177 ego

2150 1192 2369 1260 laboro,
2403 1195 2511 1249 sub
2544 1192 2829 1265 sole,quia
2866 1192 3094 1249 dimitto
3126 1191 3294 1247 illum
3325 1192 3568 1260 homini,
3594 1192 3697 1265 qui
3712 1193 3801 1247 fu-

2150 1286 2315 1337 turus
2350 1287 2437 1338 est
2470 1288 2601 1353 post
2640 1299 2752 1338 me.
2785 1282 2855 1336 Et
2886 1282 3020 1354 quis
3053 1282 3165 1337 scit
3197 1297 3381 1337 unum
3429 1280 3666 1352 sapiens
3696 1281 3793 1351 sit,

2150 1390 2222 1426 an
2252 1370 2517 1426 stultus?
2547 1376 2603 1425 et
2632 1370 3035 1427 dominabitur
3087 1370 3147 1425 in
3178 1369 3339 1426 omni
3368 1369 3592 1437 labore,
3640 1386 3798 1437 meo,

2147 1477 2263 1531 quo
2295 1459 2635 1527 1aboravi,et
2656 1459 2713 1514 in
2746 1476 2862 1530 quo
2885 1458 3121 1531 sapiens
3140 1459 3329 1515 factus
3360 1475 3493 1514 sum
3518 1459 3632 1515 sub
3653 1457 3798 1515 sole:

2148 1550 2247 1604 sed
2282 1554 2338 1605 et
2367 1548 2475 1604 hoc
2507 1548 2756 1605 vanitas.
2792 1571 2820 1597 ››
2850 1549 3097 1604 Videtur
3151 1548 3392 1620 quidem
3449 1548 3520 1604 de
3576 1547 3798 1604 divitiis

2145 1642 2201 1692 et
2230 1638 2442 1709 Opibus
2474 1641 2804 1704 retractare,
2838 1637 2992 1709 quod
3035 1637 3360 1692 secundum
3418 1634 3797 1708 Evangelium

390 1729 447 1780 et
476 1725 722 1781 stultum
746 1728 908 1781 tanta
937 1724 1217 1781 distantia
1247 1725 1342 1792 sit,
1377 1725 1529 1796 quod
1564 1724 1711 1780 alter
1742 1724 2037 1791 diei,alter
2066 1760 2112 1825 B
2146 1726 2451 1798 repentina
2482 1731 2668 1781 morte
2698 1725 3175 1797 subtracti,quali
3195 1725 3521 1781 moriamur
3542 1725 3793 1796 haerede,

388 1814 646 1870 tenebris
672 1818 1065 1887 comparetur,
1105 1814 1201 1870 ille
1243 1812 1441 1869 oculos
1492 1814 1564 1869 ad
1601 1814 1811 1869 ccelum
1865 1812 2033 1879 levet,

387 1896 498 1959 iste
535 1903 595 1959 in
644 1908 861 1959 terram
912 1903 1239 1975 deprimat:
1290 1906 1527 1975 repente
1572 1902 1715 1958 mihi
1761 1902 2032 1975 cogitatio

386 1990 502 2048 ista
531 1993 848 2064 subrepsit,
884 2008 1065 2064 quare
1092 1993 1325 2064 sapiens
1356 1997 1414 2047 et
1464 1992 1682 2048 stultus
1731 1992 2029 2047 communi

387 2081 668 2137 finiantur
698 2082 958 2146 interitu,
989 2097 1092 2135 cur
1117 2082 1333 2136 eaedem
1365 2080 1568 2153 plagae,
1588 2081 1739 2136 idem
1768 2086 2033 2138 eventus.

383 2171 587 2227 eadem
620 2187 799 2241 mors,
834 2186 1006 2241 pares
1039 2174 1355 2242 utrumque
1387 2170 1671 2241 angustize
1704 2176 1989 2243 premant.

456 2283 483 2309 ‹‹
518 2261 585 2315 Et
613 2260 728 2315 dixi
762 2276 867 2332 ego
897 2259 956 2313 in
988 2260 1158 2314 corde
1190 2276 1338 2329 meo,
1382 2258 1535 2314 sicut
1565 2264 1806 2314 eventus
1839 2259 2025 2315 stulti.

386 2349 469 2405 ita
497 2354 553 2405 et
578 2349 723 2403 mihi
755 2349 997 2414 eveniet,
1030 2353 1086 2403 et
1109 2354 1173 2403 ut
1204 2348 1342 2420 quid
1375 2348 1608 2420 sapiens
1642 2350 1827 2404 factus
1857 2350 2029 2404 sum?

387 2438 454 2493 Et
484 2435 713 2492 locutus
745 2453 877 2492 sum
904 2436 966 2507 in
1000 2437 1171 2492 corde
1204 2437 1636 2508 meo,quoniam
1668 2436 1775 2492 hoc
1798 2454 2030 2510 quoque

382 2526 762 2582 vanitas.Non
784 2526 940 2583 enim
963 2527 1070 2582 erit
1088 2527 1369 2582 memoria
1392 2526 1670 2598 sapientis
1692 2543 1825 2582 cum
1848 2527 2028 2583 stulto

384 2615 444 2670 in
468 2620 846 2682 aeternum,eo
879 2617 1034 2688 quod
1068 2632 1199 2671 ecce
1221 2615 1427 2671 diebus
1461 2615 1561 2688 qui
1596 2616 2025 2688 supervenient,

383 2703 655 2760 universa
680 2704 890 2760 oblivio
935 2704 1257 2776 cooperiet;
1305 2710 1361 2759 et
1410 2706 1703 2776 quomodo
1744 2706 2028 2760 morietur

383 2793 621 2866 sapiens
669 2810 800 2849 cum
847 2792 1079 2848 stulto?
1130 2816 1156 2842 »
1206 2792 1355 2861 Dixi,
1401 2793 1637 2864 sapiens
1696 2798 1752 2847 et
1782 2793 2016 2863 stultus,

375 2884 576 2955 justus
606 2890 660 2939 et
698 2882 938 2955 impius,
971 2882 1177 2953 aequali
1206 2886 1357 2937 sorte
1389 2881 1726 2947 morientur,
1757 2887 1812 2936 et
1833 2882 2027 2937 omnia

382 2971 442 3027 in
474 2971 581 3029 hoc
611 2970 819 3027 szeculo
843 2970 998 3026 mala
1019 2975 1226 3026 eventu
1251 2968 1429 3024 simili
1451 2970 1858 3037 sustinebunt;
1884 2970 2023 3040 quid

380 3077 516 3133 ergo
548 3061 693 3116 mihi
725 3061 980 3133 prodest,
1015 3060 1167 3132 quod
1210 3064 1448 3115 secutus
1497 3077 1628 3114 sum
1678 3060 2023 3130 sapientiam

382 3129 549 3205 Δόιι
580 3153 636 3205 et
656 3129 789 3220 plus
819 3129 1050 3203 caeteris
1072 3148 1375 3203 laboravi?
1404 3148 1660 3202 Rursum
1685 3129 1945 3220 cogitans
1967 3151 2024 3202 et
2053 3129 2095 3195 (Ἰ

381 3236 694 3309 diligenter
723 3253 953 3292 mecum
1002 3241 1195 3291 mente
1242 3240 1622 3309 pertractans,
1671 3236 2020 3291 sententiam

382 3341 574 3380 meam
604 3342 814 3380 vanam
844 3342 970 3381 esse
1001 3325 1378 3396 deprehendi.
1406 3325 1531 3380 Non
1563 3325 1720 3380 enim
1752 3324 2025 3380 similiter

382 3414 617 3486 sapiens
638 3418 694 3469 et
722 3413 1008 3485 insipiens
1038 3413 1341 3469 habebunt
1369 3413 1428 3468 in
1452 3413 1646 3469 futuro
1678 3413 2022 3469 memoriam

381 3502 619 3574 quando
659 3502 1089 3558 consummatio
1138 3501 1328 3557 veniet
1356 3502 1750 3558 universitatis
1778 3521 1790 3558 :
1835 3507 1892 3558 et
1922 3520 2020 3558 ne-

380 3608 677 3664 quaquam
709 3594 831 3664 pari
865 3592 1023 3647 exitu
1055 3592 1429 3663 tenebuntur,
1463 3591 1599 3664 quia
1629 3591 1722 3648 hic
1753 3592 1824 3647 ad
1858 3591 2022 3648 refri-

379 3680 558 3755 geria,
590 3680 688 3737 ille
717 3665 917 3753 perget
946 3681 1016 3735 ad
1052 3697 1306 3752 poenam.
1351 3681 1620 3752 Apertius
1653 3680 1711 3735 in
1760 3680 1868 3736 hoc
1896 3680 2022 3737 loco

380 3786 624 3826 sensum
655 3770 1004 3826 Hebraicnm
1037 3769 1423 3841 Septuaginta
1461 3769 1809 3841 interpretes
1839 3774 2024 3825 trans-

377 3859 662 3929 tulerunt,
697 3858 831 3914 licet
861 3861 1169 3913 verborum
1203 3857 1467 3913 ordinem
1492 3875 1606 3912 non
1649 3858 1766 3912 sint
1796 3858 1978 3912 secuti
2011 3877 2023 3913 :

378 3970 406 3998 «
440 3948 509 4001 Et
543 3952 607 4001 ut
635 3947 776 4018 quid
810 3947 1044 4018 sapiens
1068 3946 1253 4001 factus
1287 3962 1419 4001 sum
1451 3947 1603 4019 ego?
1631 3946 1793 4001 Tunc
1832 3946 2023 4000 abun-

376 4036 586 4091 danter
626 4035 858 4090 locutus
890 4052 1020 4090 sum
1053 4035 1111 4089 in
1145 4035 1316 4090 corde
1348 4052 1495 4105 meo,
1558 4036 1836 4106 quoniam
1887 4035 2025 4090 insi-

376 4123 542 4196 piens
564 4140 634 4180 ex
655 4122 1015 4199 abundantia
1033 4122 1327 4195 loquitur:
1352 4123 1632 4195 quoniam
1657 4123 1767 4179 hoc
1792 4141 2024 4195 quoque

373 4212 770 4285 vanitas,quia
785 4230 899 4268 non
930 4218 1019 4268 est
1050 4212 1333 4268 memoria
1359 4212 1643 4284 sapientis
1676 4229 1811 4267 cum
1842 4212 2023 4268 stulto

373 4302 434 4358 in
466 4306 771 4373 aeternum,
805 4324 834 4351 ν
885 4306 941 4357 et
983 4306 1208 4357 caetera.
1264 4302 1426 4367 Quod
1471 4300 1735 4356 videlicet
1766 4301 2020 4371 priorem

373 4391 771 4465 opinationem
803 4408 972 4446 suam
1005 4390 1245 4447 stultam
1287 4406 1416 4445 esse
1465 4389 1836 4459 convincens,
1886 4390 2024 4446 insi-

2145 1816 2476 1872 nesciamus
2503 1833 2515 1883 ;
2551 1820 2747 1871 utrum
2775 1815 2993 1871 stultus
3007 1832 3079 1871 an
3102 1814 3337 1887 sapiens
3358 1814 3564 1886 sit,qui
3592 1819 3796 1871 nostro

2142 1908 2231 1960 est
2259 1904 2459 1959 labore
2487 1903 2969 1969 fruiturus.Quod
2991 1902 3323 1959 Salomonio
3362 1919 3601 1974 quoque
3651 1904 3796 1958 acci-

2142 1993 2257 2048 dit:
2293 2010 2407 2047 non
2440 1994 2597 2048 enim
2638 1992 2894 2047 similem
2926 1992 3019 2047 sui
3049 1992 3259 2047 habuit
3288 1991 3475 2047 ﬁlium
3507 1992 3790 2047 Roboam.

2139 2084 2219 2137 Ex
2250 2099 2365 2154 quo
2389 2081 2868 2155 intelligimus,ne
2899 2081 3085 2136 {ilium
3116 2081 3355 2153 quidem
3386 2081 3570 2153 patris
3606 2079 3798 2136 haem-

2139 2170 2319 2226 ditate
2350 2170 2591 2242 dignum
2626 2186 2772 2241 esse,
2816 2169 2863 2225 si
2895 2168 3113 2226 stultus
3140 2170 3237 2225 sit.
3282 2170 3394 2225 Sed
3428 2169 3575 2224 mihi
3607 2170 3790 2225 altius

2138 2258 2599 2329 comtemplanti,
2632 2259 2703 2314 de
2732 2258 2930 2314 labore
2959 2258 3187 2313 videtur
3230 2258 3422 2314 dicere
3471 2256 3786 2330 spirituali,

2140 2349 2297 2421 quod
2337 2348 2545 2403 diebus
2579 2365 2643 2403 ac
2674 2348 2826 2403 405
2869 2347 3138 2403 noctibus
3168 2347 3256 2403 vir
3285 2347 3521 2419 sapiens
3546 2347 3608 2402 in
3641 2347 3791 2403 Scri-

2139 2436 2327 2509 pturis
2357 2436 2597 2507 laboret,
2632 2442 2687 2491 et
2716 2440 3028 2508 componat
3064 2436 3265 2503 libros,
3319 2440 3384 2492 ut
3440 2436 3789 2491 memoriam

2137 2526 2228 2582 sui
2270 2525 2517 2597 posteris
2548 2525 2936 2597 derelinquat,
2968 2529 3025 2581 et
3057 2524 3441 2581 nihilominus
3473 2525 3533 2579 in
3567 2542 3785 2581 manus

2136 2614 2452 2670 stultorum
2485 2615 2741 2682 veniant,
2778 2614 2876 2686 qui
2909 2614 3243 2687 frequenter
3300 2614 3629 2670 secundum
3659 2631 3786 2686 per-

2134 2704 2469 2759 versitatem
2500 2702 2692 2758 cordis
2724 2704 2837 2771 sui,
2869 2703 3098 2758 semina
3159 2703 3295 2758 inde
3346 2703 3644 2758 haereseon
3692 2719 3790 2759 ca-

2135 2793 2317 2864 piant,
2351 2796 2407 2848 et
2437 2792 2659 2848 alienos
2690 2790 2920 2847 labores
2954 2790 3408 2848 calumnientur.
3441 2792 3497 2846 Si
3527 2792 3686 2848 enim
3718 2792 3790 2847 de

2134 2880 2535 2952 corporalibus
2567 2880 2787 2935 divitiis
2820 2896 2975 2935 nunc
3008 2879 3363 2936 Ecclesiastes
3421 2897 3617 2936 sermo
3673 2885 3795 2949 est,

2135 2969 2273 3041 quid
2316 2985 2552 3024 necesse
2584 2968 2692 3023 fuit
2718 2969 2788 3023 de
2820 2968 3016 3024 labore
3046 2973 3100 3024 et
3130 2968 3343 3041 opibus
3383 2969 3572 3024 dicere
3599 2987 3613 3025 :
3646 2992 3675 3017 «
3722 2970 3791 3025 Et

2135 3057 2535 3113 dominabitur
2566 3058 2626 3111 in
2655 3057 2813 3112 omni
2846 3056 3042 3113 labore
3073 3073 3223 3128 meo,
3256 3058 3314 3112 in
3348 3075 3464 3130 quo
3493 3057 3784 3128 laboravi,

2134 3151 2191 3203 et
2217 3146 2276 3201 in
2310 3163 2424 3218 quo
2447 3146 2684 3218 sapiens
2706 3146 2894 3202 factus
2916 3163 3047 3203 sum
3069 3147 3178 3202 sub
3207 3145 3371 3202 sole?
3404 3169 3432 3196 »
3462 3147 3602 3211 Quae
3623 3146 3786 3203 enim

2134 3234 2421 3308 sapientia
2450 3239 2556 3302 est,
2594 3238 2853 3290 terrenas
2882 3234 3116 3291 divitias
3155 3250 3506 3308 congregare
3524 3234 3552 3289 ?

2204 3346 2232 3373 «
2270 3323 2335 3377 Et
2365 3340 2680 3379 conversus
2702 3340 2835 3378 sum
2865 3339 2991 3395 ego,
3039 3327 3104 3379 ut
3158 3324 3559 3380 renuntiarem
3621 3324 3789 3380 cordi

2133 3428 2263 3469 meo
2305 3413 2364 3467 in
2394 3412 2554 3467 omni
2584 3411 2783 3468 labore
2816 3428 2965 3480 meo,
3000 3428 3114 3483 quo
3145 3411 3407 3468 laboravi
3460 3414 3570 3469 sub
3633 3414 3780 3483 sole,

2133 3501 2272 3573 quia
2301 3505 2392 3557 est
2419 3501 2595 3556 homo
2617 3501 2711 3555 cui
2740 3500 2905 3556 labor
2935 3501 3064 3572 ejus
3093 3505 3183 3557 est
3247 3502 3308 3556 in
3369 3501 3702 3573 sapientia’
3732 3506 3789 3557 et

2133 3590 2398 3660 scientia,
2431 3594 2488 3645 et
2515 3589 2747 3658 virtute,
2772 3594 2829 3645 et
2857 3589 3081 3645 homini
3113 3590 3214 3662 qui
3245 3607 3361 3646 non
3383 3588 3785 3660 laboravit,illi

2133 3678 2296 3734 dabit
2333 3682 2557 3750 partem
2588 3694 2779 3733 suam.
2817 3679 2884 3733 Et
2915 3677 3153 3750 quidem
3195 3678 3307 3735 hoc
3332 3678 3559 3735 vanitas
3589 3683 3648 3735 et
3695 3697 3791 3735 ne-

2134 3767 2321 3839 quitia
2379 3765 2562 3822 multa
2613 3767 2653 3821 ³.
2712 3766 2856 3832 Quid
2917 3766 3075 3822 enim
3134 3767 3200 3822 ﬁt
3248 3766 3471 3823 homini
3521 3767 3581 3823 in
3623 3768 3787 3824 omni

2132 3855 2330 3912 labore
2361 3873 2485 3921 suo,
2520 3854 2662 3911 etin
2719 3855 3013 3911 voluntate
3065 3855 3259 3912 cordis
3312 3856 3425 3923 sui,
3473 3872 3594 3928 qua
3658 3857 3786 3929 ipse

2130 3945 2354 4001 laborat
2391 3945 2500 4002 sub
2533 3942 2689 3999 sole?
2710 3944 2855 4008 Quia
2883 3961 3088 4001 omnes
3120 3945 3244 4001 dies
3274 3946 3403 4017 ejus
3434 3944 3706 4001 dolorum
3729 3949 3787 4000 et

2132 4033 2443 4090 iracundiae
2478 4050 2890 4106 curarumque,
2922 4038 2980 4089 et
3011 4034 3251 4106 quidem
3312 4033 3372 4089 in
3441 4038 3612 4090 nocte
3665 4051 3785 4090 non

2132 4123 2350 4180 dormit
2377 4139 2475 4179 cor
2505 4125 2668 4193 ejus;
2703 4124 2803 4178 sed
2837 4122 3022 4178 ethoc
3050 4124 3301 4181 vanitas.
3346 4123 3538 4195 Supra
3587 4123 3661 4178 de
3690 4122 3782 4178 in-

2133 4217 2288 4269 certo
2316 4212 2578 4283 loquitur
2608 4211 2855 4279 haerede,
2887 4211 3027 4283 quia
3056 4216 3256 4267 utrum
3288 4211 3527 4282 stultus,
3559 4229 3637 4268 an
3688 4228 3782 4269 sa-

2133 4301 2299 4374 piens
2330 4301 2596 4357 laborum
2638 4300 2877 4356 alterius
2908 4301 3142 4357 futurus
3173 4300 3251 4356 sit
3281 4301 3577 4372 dominus,
3611 4301 3785 4374 igno-

2135 4394 2314 4445 retur.
2349 4388 2517 4444 Nunc
2546 4389 2749 4444 eadem
2776 4388 3013 4460 quidem
3044 4390 3270 4462 repetit,
3300 4390 3402 4446 sed
3434 4389 3496 4444 in
3544 4388 3647 4445 illo
3694 4389 3785 4445 di-

374 4482 601 4553 pienter
630 4497 691 4535 se
723 4480 982 4535 locutum
1013 4495 1142 4536 esse
1172 4484 1423 4534 testatus
1450 4477 1610 4547 sit,et
1631 4479 2023 4549 errasse,quia
2055 4494 2101 4558 ί)
2132 4494 2335 4535 versus
2366 4482 2455 4534 est
2469 4478 2861 4549 sensus,quod
2893 4477 3072 4533 etiam
3097 4479 3148 4534 si
3178 4478 3319 4550 ﬁlio,
3344 4478 3394 4535 si
3426 4478 3788 4550 propinquo,

375 4570 509 4621 ante
542 4564 624 4619 sic
656 4565 925 4620 senserit.

448 4673 476 4702 ‹‹
509 4653 581 4708 Et
633 4652 785 4708 odivi
840 4653 1045 4720 vitam,
1114 4653 1251 4725 quia
1285 4652 1507 4707 malum
1540 4668 1719 4725 super
1749 4671 1840 4709 me
1873 4672 2022 4727 opus

377 4742 533 4816 quod
569 4741 786 4798 factum
821 4746 910 4797 est
940 4742 1051 4796 sub
1078 4740 1218 4806 sole,
1262 4741 1399 4812 quia
1451 4742 1654 4797 omnia
1709 4744 1937 4799 vanitas
1967 4749 2024 4799 et

374 4831 566 4904 pastio
598 4830 773 4888 venti.
808 4853 835 4882 »
871 4830 930 4886 Si
963 4830 1242 4900 mundus,
1278 4830 1338 4884 in
1370 4829 1627 4903 maligno
1679 4832 1903 4903 positus
1934 4836 2024 4887 est

446 5010 461 5044 ¹
504 5008 799 5081 Palatinus
831 5008 975 5081 alter
1002 5010 1219 5081 sapiens
1246 5010 1423 5079 factus
1451 5025 1575 5063 sum
1602 5024 1696 5078 ego
1715 5008 1745 5063 ἲ
1773 5008 1846 5063 ad
1875 5012 2021 5063 Grae-

374 5097 508 5137 cum
549 5078 883 5157 ξσοφισάμην
926 5078 1077 5157 ἐγῴί
1203 5078 1253 5157 Ai
1728 5154 1742 5157 Α
1801 5150 1840 5157 __
1900 5084 1926 5157 ξ

445 5182 513 5191 —
542 5154 608 5224 Et
634 5150 694 5207 ut
723 5150 855 5223 quid
910 5150 1129 5224 sapiens
1184 5154 1380 5224 factus
1421 5166 1543 5205 sum
1600 5165 1695 5217 ego
1720 5154 1745 5203 ν
1801 5150 2017 5206 Eadem

375 5223 722 5295 temeritate,
758 5240 875 5295 qua
900 5223 1130 5295 multos
1161 5229 1333 5279 antea
1360 5223 1592 5295 Greecos
1615 5238 1818 5295 versus
1870 5224 2018 5277 inte-

374 5309 510 5364 gros
577 5292 808 5347 additos
859 5294 1133 5361 vidimus,
1183 5311 1337 5351 nunc
1380 5292 1704 5365 capitulum
1754 5292 2016 5348 Grmcum

373 5368 595 5419 veteres
621 5364 905 5419 editiones
938 5367 1103 5421 nobis
1133 5364 1476 5429 obtrudunt’,
1509 5366 1678 5435 cujus
1738 5380 1841 5418 nec
1888 5365 2017 5419 uni-

375 5452 510 5492 cum
542 5435 776 5509 quidem
814 5436 1050 5491 verbum
1079 5444 1316 5509 apparet
1366 5438 1423 5491 in
1476 5438 1627 5491 veris
1685 5435 2017 5509 Hieronymi

376 5505 825 5577 exemplaribus.
859 5505 1140 5562 ΜΑῐινι-ιΑΝῖ

448 5580 468 5614 ²
497 5578 641 5635 Tres
672 5593 852 5634 mss.e
882 5578 1097 5648 quibus
1119 5579 1412 5635 Palatinus
1438 5579 1585 5635 alter
1607 5579 1864 5635 secunda
1885 5596 2017 5636 ma-

2134 4568 2183 4624 si
2215 4572 2351 4623 noto
2384 4566 2560 4622 alicui
2593 4566 2985 4621 substantiam
3017 4566 3364 4639 laboresque
3393 4564 3674 4635 dimittat;
3702 4567 3786 4622 ni-

2134 4655 2455 4712 hilominus
2475 4660 2669 4711 tamen
2695 4655 2753 4709 in
2786 4656 3061 4711 eumdem
3087 4655 3372 4712 circulum
3396 4671 3489 4712 res
3520 4659 3788 4711 recurrat

2132 4750 2197 4801 ut
2262 4745 2408 4801 alter
2471 4744 2671 4800 labore
2747 4744 2986 4800 alterius
3060 4746 3411 4817 perfruatur,
3478 4748 3539 4800 et
3605 4746 3790 4801 sudor

2134 4832 2351 4889 mortui
2372 4834 2414 4901 ⁴,
2476 4831 2697 4889 delicia:
2764 4832 2884 4888 sint
2911 4833 3179 4890 viventis.
3239 4834 3311 4889 Se
3369 4832 3790 4905 unusquisque

2132 5030 2231 5118 nus,
2256 5012 2438 5139 {.abor
2469 5012 2584 5083 ejus
2613 5012 2687 5065 est
2715 5012 2777 5093 ia
2798 5012 3040 5093 justitia.
3091 5015 3142 5068 et
3200 5012 3497 5083 sapientia,
3524 5014 3641 5093 etc.

2294 5086 2477 5139 auitas
2514 5086 2565 5138 et
2592 5084 2843 5153 nequitia
2870 5084 3072 5154 multa.
3108 5084 3172 5138 In
3202 5082 3444 5139 Hebraeo
3496 5084 3785 5154 scriptum

2130 5159 2222 5211 est
2249 5166 2364 5215 n21
2396 5162 2535 5226 nam
2590 5169 2757 5208 veraa
2800 5153 2991 5225 rabba,
3051 5155 3207 5222 quod
3251 5162 3308 5210 et
3330 5154 3584 5226 nequitia
3612 5153 3791 5226 inulta

2128 5224 2496 5297 interpretari
2529 5228 2749 5297 potest,
2772 5229 2873 5297 aut
2900 5238 2952 5281 et
2976 5224 3188 5281 malum
3210 5224 3496 5295 magnum,
3532 5225 3677 5296 quia
3702 5240 3791 5280 ra-

2128 5300 2225 5354 dix
2255 5296 2493 5353 Hebraea
2523 5309 2634 5358 :31
2666 5296 2857 5365 rabab,
2887 5299 3118 5354 multum
3163 5302 3221 5354 et
3274 5312 3541 5366 magnum
3584 5298 3782 5351 sonat.

2316 5384 2331 5420 ι
2419 5410 2430 5423 .

2136 5370 2311 5495 Mill;
2337 5386 2528 5510 Agzdor
2555 5440 2782 5510 mortui.
2809 5439 2867 5494 Si
2890 5440 3115 5497 vanitas
3136 5443 3305 5510 est,et
3322 5436 3591 5510 nequitia
3634 5434 3793 5510 mul-

2126 5516 2204 5581 ta,
2234 5511 2393 5585 quod
2414 5508 2581 5585 alter
2618 5507 2816 5585 labore
2844 5510 3086 5585 alterius
3115 5507 3473 5585 perfruatur,
3506 5513 3564 5563 et
3600 5509 3793 5585 sudor

2126 5578 2362 5661 mortui,
2396 5579 2620 5637 deliciae
2656 5580 2777 5638 sint
2803 5582 3089 5654 viventis;
3115 5578 3409 5658 quantam
3446 5578 3784 5652 nequitiam
