4084 6170
301 302 465 379 1085

294 542 499 608 ponat,
535 539 850 609 quomodo.

363 652 744 726 §aape_stylum
775 656 960 715 vertat,
991 655 1207 715 iterum,
1239 668 1358 717 quae
1390 654 1551 716 digna
1573 653 1674 717 legi
1707 654 1830 712 sint,

361 716 673 780 Scripturus
707 731 719 767 :

1050 780 1145 841 (Ex
1177 780 1359 828 Horat.
1392 779 1503 828 Sat.
1534 778 1567 827 l.
1598 793 1634 838 ι,
1665 780 1763 828 sat.
1796 778 1894 839 10).

299 897 358 950 et
402 893 626 949 homini
679 896 781 966 qui
827 912 942 950 non
1000 894 1305 962 laboravit,
1352 896 1449 951 det
1493 899 1715 967 partem
1767 910 1959 950 suam.

302 982 451 1047 Quid
484 983 667 1051 enim,
704 988 768 1039 ut
802 984 1079 1054 antejam
1113 983 1255 1051 dixi,
1286 985 1356 1039 ad
1391 1000 1531 1054 opes
1578 988 1743 1039 terrm
1782 982 1960 1054 perti-

301 1076 445 1127 nent
468 1071 759 1144 sapientia
786 1078 844 1127 et
874 1072 1120 1129 scientia
1160 1077 1219 1127 et
1263 1073 1470 1141 virtus,
1520 1072 1579 1126 in
1634 1073 1851 1143 quibus
1899 1088 1961 1128 se

301 1161 605 1217 laborasse
632 1164 882 1218 testatus
915 1167 1023 1229 est,
1058 1179 1193 1217 cum
1229 1161 1549 1233 sapientiae,
1586 1160 1842 1217 scientiae
1866 1164 1958 1216 at-

303 1267 421 1322 que
446 1250 684 1306 virtutis
716 1249 814 1319 sit,
846 1250 1069 1307 calcare
1100 1256 1333 1307 terrena
1360 1252 1388 1305 εἶ

377 1362 406 1389 ‹‹
439 1339 564 1395 Non
598 1343 690 1395 est
719 1340 943 1395 bonnm
973 1339 1223 1405 homini,
1254 1339 1367 1394 nisi
1398 1340 1553 1412 quod
1585 1340 1872 1404 comedat,
1903 1342 1961 1393 et

304 1428 490 1497 bibat,
524 1433 582 1484 et
621 1430 894 1485 ostendat
924 1428 1132 1483 animae
1164 1446 1281 1483 suae
1313 1429 1532 1484 bonum
1582 1429 1735 1483 406
1785 1428 1843 1482 in
1876 1426 1958 1482 la-

304 1517 447 1574 bore
476 1534 605 1573 suo.
639 1518 707 1572 Et
736 1518 976 1589 quidem
1007 1517 1117 1572 hoc
1148 1517 1263 1572 vidi
1296 1534 1422 1589 ego,
1474 1517 1611 1588 quia
1655 1517 1727 1571 de
1778 1531 1958 1571 manu

304 1606 410 1662 Dei
439 1610 547 1661 est.
582 1605 724 1671 Quis
755 1605 910 1661 enim
943 1606 1227 1672 comedet,
1260 1610 1317 1662 et
1364 1607 1497 1678 quis
1522 1611 1719 1678 parcet
1763 1608 1785 1639 ²
1832 1604 1959 1660 sine

304 1693 405 1750 illo
428 1694 458 1749 ‘t
478 1694 617 1765 quia
648 1694 871 1750 homini
902 1695 1053 1750 bono
1084 1710 1281 1750 coram
1313 1711 1375 1750 se
1398 1695 1560 1751 dedit
1580 1694 1953 1766 sapientiam,

303 1787 363 1840 et
392 1782 758 1849 scientiam,e
784 1787 808 1838 t
830 1782 1115 1849 laetitiam,
1137 1788 1195 1838 et
1220 1785 1481 1855 peccanti
1505 1785 1614 1855 [Αι.
1639 1781 1951 1855 peccatori]

304 1872 467 1927 dedit
495 1869 973 1943 sollicitudinem,
1006 1876 1071 1926 ut
1110 1877 1321 1940 augeat
1362 1877 1417 1927 et
1461 1877 1776 1944 congregat
1823 1888 1951 1943 quae

304 1961 525 2016 dantur
553 1962 707 2016 bono
736 1965 871 2016 ante
902 1960 1107 2016 faciem
1144 1961 1240 2016 Dei
1270 1962 1310 2016 ³.
1346 1962 1456 2017 Sed
1488 1966 1545 2017 et
1575 1962 1683 2016 hoc
1705 1962 1952 2025 vanitas,

305 2052 368 2105 et
397 2048 775 2120 praesumptio
804 2048 1068 2119 spiritus.
1106 2071 1134 2098 υ
1166 2052 1485 2120 Postquam
1532 2050 1806 2105 universa
1832 2053 1956 2103 tra—

309 2137 487 2205 ctavi,
516 2142 573 2192 et
601 2136 743 2192 nihil
775 2137 1194 2209 injustiusesse
1210 2139 1683 2211 perspexi,quam
1702 2139 1957 2195 alterius

308 2226 513 2283 labore
541 2225 787 2282 alterum
815 2226 948 2293 frui,
980 2231 1120 2281 tunc
1173 2226 1316 2281 mihi
1358 2228 1550 2283 visum
1600 2232 1688 2283 est
1730 2227 1838 2283 hoc
1894 2227 1955 2281 in

305 2316 487 2371 rebus
516 2331 643 2371 esse
672 2314 1067 2385 iustissimum
1101 2318 1140 2383 δ,
1174 2321 1230 2372 et
1262 2317 1431 2387 quasi
1463 2317 1557 2371 Dei
1590 2317 1835 2383 donum,
1891 2320 1957 2371 ut

304 2420 415 2461 suo
443 2404 576 2475 quis
607 2402 806 2459 labore
835 2404 1127 2460 frueretur
1174 2406 1382 2460 bibens
1429 2410 1485 2461 et
1532 2405 1865 2474 comedens,
1898 2410 1956 2460 et

302 2508 411 2565 pro
441 2496 702 2563 tempore
732 2508 977 2563 parcens
1022 2494 1232 2564 opibus
1262 2495 1283 2528 ⁵
1323 2494 1709 2566 congregatis.
1760 2494 1956 2566 Siqui-

303 2582 439 2637 dem
472 2597 689 2635 munus
725 2581 822 2636 Dei
853 2587 961 2649 est,
995 2581 1171 2637 talem
1201 2583 1324 2638 viro
1350 2584 1509 2652 justo
1540 2584 1662 2638 dari
1696 2587 1953 2639 mentem

300 2674 370 2726 ut
396 2684 463 2725 ea
494 2686 623 2741 qua;
653 2670 810 2725 curis
848 2670 1185 2743 vigiliisque
1235 2672 1518 2743 quaesivit,
1570 2673 1695 2744 ipse
1743 2689 1952 2729 consu-

301 2763 447 2814 mat.
482 2758 643 2814 Sicut
671 2774 701 2813 e
732 2758 1040 2827 contrario,
1077 2759 1173 2813 im
1205 2760 1306 2814 Dei
1338 2764 1427 2815 est
1469 2760 1527 2814 in
1565 2764 1947 2833 peccatorem,

298 2851 367 2902 ut
384 2846 593 2902 diebus
620 2862 687 2903 ac
706 2846 977 2902 noctibus
993 2864 1132 2919 opes
1155 2852 1551 2920 congreget,et
1577 2865 1950 2921 nequaquam

294 2934 384 2991 eis
415 2939 607 3002 utens,
640 2934 734 2990 his
763 2934 1080 3007 relinquat,
1112 2936 1212 3008 qui
1240 2937 1297 2990 in
1331 2940 1646 3009 conspectu
1676 2937 1775 2992 Dei
1800 2938 1949 3008 justi

297 3028 461 3081 sunt.
496 3024 606 3080 Sed
638 3029 695 3079 et
724 3024 856 3090 hoc,
879 3024 1412 3097 inquit,diligentcr
1442 3026 1763 3098 inspiciens
1792 3031 1850 3081 et
1869 3026 1949 3081 vi-

295 3114 446 3169 dens
473 3113 673 3169 omnia
702 3118 890 3168 morte
921 3113 1101 3180 ﬁniri,
1124 3114 1513 3170 vanissimum
1528 3114 1947 3186 judicavi.Hzec

1327 312 1959 379 COMMENTARIUS
2000 312 2084 377 IN
2126 312 2734 381 ECCLESI'ASTEN.

297 446 649 517 consideret,
680 445 741 504 et
766 443 1004 519 videbit,
1048 449 1266 521 quanto
1308 448 1491 504 libros
1539 449 1734 504 labore
1779 464 1941 523 com-
1971 456 2027 522 Α
2054 448 2296 506 delicias
2316 454 2535 506 vertere
2568 468 2580 507 :
2615 456 2673 507 ct
2702 452 2810 507 hoc
2831 454 3038 523 putare
3078 450 3295 508 donum
3319 463 3448 508 esse
3494 450 3612 520 Dei,
3659 467 3690 507 s

3549 308 3717 379 1086

3690 400 3709 462 i

2060 537 2266 593 alienis
2298 540 2549 596 miseriis
2571 544 2628 597 et
2673 540 2973 597 laboribus
3014 542 3383 615 perfruamur
3411 540 3439 596 τ
3481 548 3709 599 Bonum

2064 631 2153 681 est
2182 626 2377 699 itaque
2404 646 2570 686 veros
2601 630 2764 686 cibos
2793 634 2851 685 et
2875 646 3072 686 veram
3110 646 3343 687 sumere
3391 630 3710 702 potionem,

2068 732 2215 786 quos
2247 717 2316 772 de
2347 720 2496 791 Agni
2548 736 2721 775 carne
2765 725 2822 775 et
2855 720 3137 791 sanguine
3182 720 3242 775 in
3289 719 3499 776 divinis
3543 720 3707 776 volu-

2069 804 2329 861 minibus
2365 807 2714 863 invenimus.
2747 809 2888 873 Quis
2920 809 3069 863 enim
3119 807 3208 864 vel
3256 809 3580 874 comedere,
3619 807 3709 864 vel

2069 909 2203 948 cum
2236 912 2384 966 opus
2412 901 2521 962 est,
2568 914 2801 963 parcere
2830 899 2851 931 ⁷
2898 902 3081 970 potest
3129 899 3353 970 asbque
3406 897 3521 954 Deo
3551 897 3579 951 ?
3610 896 3710 970 qui

2067 983 2329 1055 praecipit
2372 991 2639 1040 sanctum
2690 987 2936 1042 canibus
2992 1004 3107 1042 non
3165 1004 3294 1043 esse
3358 987 3712 1043 mittendum

2069 1072 2299 1142 (Matth.,
2332 1091 2432 1141 vn,
2462 1076 2539 1145 6),
2571 1080 2627 1130 et
2656 1077 2842 1144 docet,
2875 1076 3168 1147 quomodo
3195 1077 3254 1131 in
3280 1081 3542 1149 tempore
3573 1092 3713 1132 con-

2069 1158 2251 1217 servis
2302 1163 2420 1217 sint
2469 1165 2661 1220 danda
2727 1165 2948 1221 cibaria
2995 1165 3201 1237 (Matth.
3278 1183 3434 1233 xxrv,
3486 1166 3599 1237 45),
3657 1168 3716 1222 et

2059 1251 2229 1321 juxta
2259 1251 2440 1307 alium
2474 1269 2735 1321 sensum,
2759 1253 3061 1309 inventum
3095 1254 3209 1310 mel
3240 1258 3471 1310 tantum
3519 1271 3713 1311 come-

2068 1340 2203 1395 dere
2226 1342 2267 1406 ⁸,
2301 1346 2591 1412 quantum
2623 1343 2817 1398 suli‘cit
2844 1345 3028 1411 (Prov.
3070 1361 3202 1409 xxv,
3248 1344 3335 1415 16)
3383 1365 3411 1393 ››
3466 1341 3713 1398 Pulchre

2067 1434 2263 1483 autem
2294 1431 2516 1485 nomini
2549 1432 2698 1487 bono
2728 1432 2883 1488 Deus
2913 1433 3009 1487 dat
3038 1418 3409 1504 sapientiam,
3441 1436 3500 1488 et
3528 1433 3716 1487 scien-

2066 1518 2231 1587 tiam,
2264 1523 2319 1573 et
2352 1520 2610 1575 lzetitiam
2636 1538 2649 1576 :
2675 1521 2787 1576 nisi
2820 1520 2974 1576 enim
3008 1522 3199 1577 bonus
3226 1522 3420 1589 fuerit,
3445 1526 3504 1577 et
3522 1538 3715 1579 mores

2068 1622 2207 1661 suos
2241 1610 2388 1663 407
2444 1609 2676 1680 proprio
2714 1609 2958 1665 arbitrio
3006 1615 3141 1666 ante
3193 1612 3215 1645 ⁹
3269 1609 3604 1679 correxerit,
3627 1627 3718 1666 sa-

2068 1694 2369 1766 pientiam,
2400 1701 2457 1752 et
2485 1698 2812 1765 scientiam,
2845 1702 2901 1754 et
2951 1698 3216 1754 laetitiam
3265 1716 3381 1754 non
3438 1703 3714 1767 meretur,

2069 1786 2394 1840 secundum
2421 1785 2563 1840 illud
2599 1788 2751 1857 quod
2785 1787 2921 1842 alibi
2953 1788 3174 1842 dicitur
3205 1805 3220 1853 ;
3259 1788 3534 1843 Seminate
3570 1787 3719 1843 vobis

2067 1875 2123 1926 in
2152 1875 2399 1943 justitia,
2450 1875 2780 1930 vindemiate
2826 1877 2887 1929 in
2947 1879 3133 1947 fructu
3204 1877 3352 1939 vitze,
3402 1877 3720 1932 itluminate

2066 1962 2213 2017 vobis
2244 1964 2427 2018 lumen
2456 1965 2708 2020 scientiae
2735 1964 2893 2035 (Osee
2940 1982 2992 2031 χ,
3043 1966 3132 2031 12,
3173 1966 3339 2037 juxta
3390 1966 3553 2035 LXX).
3616 1966 3717 2020 Se-

2066 2051 2346 2106 minanda
2377 2052 2592 2123 quippe
2623 2057 2757 2107 ante
2779 2052 3034 2123 justitia,
3065 2058 3122 2107 et
3158 2053 3287 2108 vitae
3343 2053 3568 2109 fructus
3616 2059 3721 2110 est

2064 2139 2468 2209 demetendus,
2519 2146 2575 2195 et
2630 2146 2833 2213 postea
2911 2142 3164 2198 scientiae
3231 2141 3431 2198 lumen
3495 2142 3714 2215 poterit

2064 2245 2366 2300 apparere.
2408 2230 2477 2284 Ut
2511 2246 2647 2301 ergo
2681 2231 2831 2285 bono
2863 2247 3059 2286 coram
3107 2247 3170 2285 se
3227 2231 3388 2286 dedit
3439 2236 3591 2287 Deus
3623 2248 3719 2286 sa-

2065 2316 2365 2387 pientiam,
2399 2321 2455 2372 et
2501 2322 2707 2373 caetera
2739 2336 2752 2373 :
2786 2317 2869 2373 sic
2906 2322 3267 2389 peccatorem
3318 2335 3424 2374 suo
3473 2319 3719 2375 arbitrio

2064 2405 2499 2477 derelinquens,
2532 2406 2668 2461 fecit
2705 2422 3056 2478 congregare
3102 2406 3356 2474 divitias,
3400 2412 3458 2462 et
3484 2407 3625 2463 hinc
3658 2411 3716 2463 et

2062 2494 2199 2549 inde
2232 2511 2637 2566 perversorum
2671 2496 3012 2566 dogmatum
3051 2511 3332 2551 consuere
3377 2494 3711 2552 cervicalia.

2064 2585 2201 2649 Qum
2231 2600 2365 2638 cum
2400 2584 2489 2637 vir
2518 2588 2760 2639 sanctus
2790 2587 2847 2638 et
2878 2584 3114 2655 placens
3147 2589 3257 2640 Deo
3288 2585 3520 2651 viderit,
3551 2583 3716 2659 intel-

2064 2669 2195 2744 ligit
2241 2673 2348 2743 [ΑΙ.
2400 2671 2731 2745 intelliget],
2778 2672 2920 2744 quia
2963 2689 3112 2728 vana
3160 2679 3317 2743 sunt,
3365 2678 3422 2729 et
3470 2672 3718 2746 Spiritus

2060 2760 2513 2833 praesumptione
2530 2761 2994 2833 composita.Nec
3015 2762 3535 2834 mirandum,quod
3559 2763 3721 2818 dixe-

2060 2848 2180 2903 rit:
2214 2851 2497 2905 Peccatori
2540 2849 2690 2905 dedit
2738 2849 3191 2920 sollicitudinem,
3237 2854 3296 2905 et
3351 2855 3577 2907 caetera.
3630 2852 3718 2905 Ad

2058 2936 2225 2992 illum
2257 2938 2413 2992 enim
2445 2954 2685 2993 sensum
2716 2940 2788 2993 de
2819 2955 2933 3010 quo
2955 2956 3106 3010 saepe
3156 2939 3416 3005 tractavi,
3439 2939 3548 2995 hoc
3578 2940 3721 2995 refe-

2058 3027 2304 3082 rendum
2334 3031 2423 3082 est
2455 3027 2496 3061 ¹⁰
2530 3044 2544 3081 :
2580 3027 2859 3098 Proptera
2888 3029 3086 3083 datam
3134 3029 3240 3099 [Αἰ.
3287 3029 3391 3084 dat
3420 3030 3438 3098 ]
3477 3028 3529 3084 ei
3592 3045 3722 3085 esse

2056 3113 2510 3170 sollicitudinem
2544 3112 2673 3169 sive'
2697 3115 3115 3171 distentionem
3149 3117 3258 3187 [ΑΙ.
3286 3116 3720 3186 afﬂictionem],

294 3201 534 3258 interim
565 3203 895 3257 secundum
926 3202 1206 3270 litteram,
1254 3220 1325 3259 ne
1364 3204 1669 3259 videamur
1714 3204 1947 3275 penitus
1977 3189 2021 3256 C
2060 3206 2195 3274 quia
2225 3210 2494 3274 peccator
2524 3204 2699 3258 fuerit
2740 3205 2813 3259 de
2863 3220 2979 3259 non
3028 3220 3157 3260 esse
3205 3220 3445 3260 causam
3497 3205 3717 3261 disten-

294 3290 628 3363 simplicem
662 3290 963 3362 praeterire
996 3307 1263 3360 sensum,
1318 3298 1376 3347 et
1427 3293 1568 3347 dum
1619 3292 1955 3364 spirituales

298 3380 538 3436 divitias
569 3381 895 3451 sequimur,
941 3380 1203 3435 historias
1229 3385 1601 3451 contemnere
1645 3386 1956 3453 pauperta-

295 3473 441 3526 tem.
473 3468 621 3535 Quid
654 3468 810 3524 enim
842 3469 981 3524 boni
1011 3474 1120 3535 est,
1156 3474 1256 3524 aut
1284 3486 1319 3541 q
1340 3468 1471 3525 uale
1502 3469 1599 3525 Dei
1622 3469 1955 3538 munus,vel

296 3558 429 3615 suis
457 3557 665 3629 opibus
696 3556 943 3623 inhiare,
976 3561 1033 3613 et
1085 3558 1258 3629 quasi
1303 3558 1620 3630 fugientem
1649 3560 1670 3592 ⁸
1718 3575 1956 3630 praecer-

297 3661 444 3718 pere
471 3644 846 3725 voluptatem,
880 3645 967 3702 vel
1001 3645 1261 3702 alienum
1289 3646 1557 3703 laborum
1593 3647 1654 3701 in
1688 3648 1958 3719 proprias

297 3790 490 3861 putas
517 3786 758 3861 sudares
788 3789 1063 3861 Bernardi
1095 3789 1357 3857 viventis,
1394 3790 1674 3846 honorem
1706 3807 1833 3847 esse
1867 3793 1959 3850 Ni-

300 3857 454 3916 colai
498 3860 811 3915 nescientis
844 3878 857 3927 ;
892 3864 994 3916 aut
1035 3860 1264 3917 labores
1301 3862 1568 3929 Joannis,
1621 3862 1855 3917 divitias
1903 3869 1956 3919 et

295 3930 548 4005 gloriam
583 3947 784 4005 parere
834 3932 1085 4005 saevienti
1142 3950 1383 4005 operum
1429 3934 1711 4005 magistro
1739 3934 1766 3987 ?
1796 3939 1957 3990 Hanc

300 4001 626 4076 vanitatem
657 4004 767 4058 sub
799 4002 922 4059 sole
951 4004 1050 4076 qui
1083 4001 1357 4072 sus—tinet,
1388 4001 1879 4076 ,molestissimam
1902 4011 1957 4061 et

299 4073 735 4145 nequissimam
765 4073 1107 4146 pronuntiat
1137 4092 1270 4130 cum
1305 4075 1615 4131 Salomone
1662 4082 1719 4132 et
1764 4076 1955 4133 Eccle-

301 4146 486 4202 siaste
516 4149 742 4201 nostro.
776 4146 1061 4201 MARTIAN.

380 4218 397 4250 ¹
428 4216 584 4289 Saepe
612 4218 818 4289 stytum
846 4222 1043 4272 vertat.
1070 4217 1213 4272 Vide
1244 4234 1423 4289 supra
1455 4217 1512 4272 in
1546 4218 1697 4274 notis
1739 4221 1957 4280 nostris

297 4286 688 4344 Horatianum
746 4288 903 4343 istud
962 4305 1211 4355 comma,
1245 4286 1531 4344 ΜᾸῐιΤιΑΝ.

370 4360 396 4392 ²
428 4358 609 4413 Iidem
643 4374 793 4425 mss,
822 4359 1175 4415 Criticorum
1210 4364 1429 4426 tamen,
1462 4364 1523 4414 ut
1553 4360 1802 4427 videtur,
1834 4378 1957 4416 ma-

298 4446 448 4505 num
514 4431 754 4501 experti,
787 4439 839 4485 et
876 4432 999 4501 quis
1041 4441 1244 4502 pascet.
1296 4432 1359 4485 In
1409 4434 1602 4487 Grmco
1649 4438 1738 4487 est
1779 4442 1955 4505 πίεται,

297 4502 466 4567 bibet,
499 4508 602 4573 aut
630 4510 869 4573 ῳείσεται,
895 4511 1100 4573 parcet.

373 4560 610 4640 —'Quis
637 4560 787 4628 enim
814 4560 1073 4639 comedet,
1134 4581 1238 4628 etc.
1293 4573 1418 4627 Non
1469 4573 1613 4628 bene
1662 4574 1721 4628 in
1781 4560 2028 4630 anteaD

291 4643 477 4701 editis
511 4643 595 4698 sic
626 4642 879 4714 legimus
913 4661 926 4699 :
962 4647 1105 4770 guis
1134 4647 1283 4700 enim
1312 4645 1617 4713 comedit,et
1637 4647 1758 4716 quis
1774 4649 1955 4717 parcit

291 4719 424 4770 sine
452 4713 559 4769 illo
587 4717 685 4770 cui
712 4716 929 4770 homini
1006 4731 1129 4770 ono.
1164 4721 1271 4770 etc.
1307 4716 1593 4770 MARTIAN.

290 4713 559 4787 sinejlto
587 4713 693 4787 qui
712 4716 929 4787 homini
959 4713 1129 4787 bono,
1164 4721 1271 4771 etc.
1307 4716 1593 4770 Maenas.

365 4787 393 4821 ³
423 4784 847 4912 VatiGIduo%ue
878 4785 1124 4842 Palatini
1160 4804 1173 4843 :
1208 4787 1337 4855 Quae
1388 4787 1589 4841 dentur
1636 4789 1772 4842 bono
1822 4793 1952 4843 ante

365 4858 499 4912 ciem
524 4873 703 4912 suam.
779 4861 850 4912 ei.
882 4861 1119 4912 Veteres
1150 4858 1287 4912 editi
1318 4857 1678 4912 vitiosexmze
1702 4859 1952 4912 videntur

286 4858 499 4932 frciem
524 4873 703 4913 suam.
726 4857 1119 4932 Deitveteres
1150 4858 1287 4913 editi
1318 4857 1678 4930 vitiose,quae
1702 4859 1952 4914 videntur

291 4930 444 4989 banc
464 4937 591 4984 ante
618 4930 821 4999 faciem
847 4930 964 4984 Dei.

367 5031 443 5042 —-
476 5001 540 5054 Et
567 4998 1000 5082 congregetquw
1029 4999 1253 5082 dantur,
1288 4999 1392 5054 Hic
1414 4998 1591 5082 etiam
1613 5004 1947 5082 corruptam

288 5088 545 5148 prorsus
574 5071 829 5148 retinent
858 5071 1032 5148 istam
1063 5071 1391 5148 lectionem,
1424 5071 1488 5124 Et
1514 5076 1797 5141 congreget
1826 5087 1951 5144 quae

286 5142 557 5203 videntur
589 5143 725 5198 bona
755 5151 882 5198 ante
908 5142 1108 5214 faciem
1136 5144 1253 5197 Dei.
1288 5142 1570 5197 Murrus.

365 5218 390 5250 ⁴
424 5214 606 5269 Penes
642 5214 848 5269 Alcuin
882 5230 894 5268 :
955 5216 1247 5285 Postquam
1300 5215 1555 5269 universa
1587 5217 1837 5279 tractavi,
1897 5219 1949 5269 et

284 5287 445 5345 nihil
495 5287 554 5339 in
598 5287 756 5340 istius
800 5285 995 5341 mundi
1061 5285 1245 5340 labore
1290 5291 1613 5355 perpetuum
1674 5286 1945 5352 intellexi,

278 5357 757 5434 posterioremque
785 5359 1201 5434 generationem
1229 5358 1432 5434 prioris
1479 5359 1603 5427 [rai
1648 5357 1944 5422 laboribus,

277 5429 429 5490 tune
456 5429 598 5482 mihi
618 5430 793 5482 visum
822 5429 922 5494 est,
954 5430 1050 5482 hoc
1080 5430 1137 5482 in
1160 5429 1340 5495 rebus,
1365 5433 1471 5483 etc.

366 5504 391 5536 ⁸
425 5500 527 5555 llic
558 5516 793 5571 quoque
823 5517 891 5555 ex
922 5498 1259 5571 praeiudicio
1312 5499 1633 5571 superioris
1682 5499 1948 5555 lectionis

288 5580 422 5631 tres
450 5588 593 5627 mss.
608 5587 724 5643 ,pro
745 5573 986 5644 tempore
1010 5587 1237 5642 pascens
1250 5573 1478 5644 apibus,
1513 5575 1621 5625 etc.

368 5644 391 5678 ⁶
420 5644 497 5699 Et
519 5641 683 5716 quasi
706 5641 1028 5716 fugientem.
1085 5647 1194 5702 etc.
1247 5641 1332 5699 Ita
1383 5641 1587 5715 legunt
1629 5646 1749 5699 tres
1797 5659 1944 5701 mss.

2064 3291 2243 3348 tionis
2268 3292 2381 3363 [Al.
2416 3291 2774 3364 afﬂictionis)
2804 3292 2863 3347 in
2896 3293 3031 3360 Deo,
3067 3294 3168 3348 sed
3198 3292 3374 3349 inillo
3396 3294 3497 3366 qui
3515 3299 3723 3366 sponte

2066 3396 2174 3436 sua
2203 3385 2338 3435 ante
2370 3379 2713 3452 peccaverit.

2136 3469 2296 3539 (Cap.
2348 3469 2465 3541 III).
2521 3492 2548 3519 «
2604 3468 2892 3524 Omnibus
2936 3473 3169 3541 tempus
3219 3474 3327 3539 est,
3378 3474 3436 3526 et
3481 3475 3721 3545 tempus

2065 3557 2225 3613 omni
2257 3557 2336 3612 rei
2369 3558 2478 3613 sub
2510 3556 2671 3612 coelo.
2706 3579 2733 3606 »
2778 3558 3070 3613 Incertum
3100 3562 3158 3614 et
3186 3560 3564 3615 ﬂuctuantem
3598 3565 3718 3617 sta-

2066 3650 2193 3701 tum
2223 3645 2573 3701 conditionis
2602 3645 2874 3700 humanae
2920 3646 2979 3700 in
3028 3647 3432 3718 superioribus
3456 3649 3664 3704 docuit
3700 3667 3713 3704 :

2066 3790 2294 3845 codices
2329 3808 2341 3856 ;
2375 3789 2513 3845 editi
2545 3796 2739 3844 autem
2772 3794 2946 3845 antea
2974 3789 3107 3845 libri
3143 3805 3155 3843 :
3188 3791 3253 3861 Et
3281 3790 3440 3861 quasi
3456 3791 3718 3845 scientem

2062 3866 2395 3932 prazsentem
2447 3877 2675 3930 carpere
2728 3863 3108 3933 voluptatem:
3152 3860 3262 3926 vel,
3296 3860 3376 3915 Et
3426 3862 3588 3932 quasi
3630 3864 3719 3933 fu-

2065 3934 2303 4004 gientem
2331 3933 2608 4004 percipere
2637 3932 2989 4004 voluptatem.
3032 3932 3319 3987 MARTIAN.

2137 4035 2205 4042 —
2238 4003 2527 4059 Victorius
2559 4020 2627 4058 ex
2657 4003 2942 4058 Brixianis
2974 4004 3142 4058 codd.
3190 4003 3332 4075 legit
3374 4005 3665 4076 percipere
3699 4024 3714 4060 :

2068 4079 2237 4129 antea
2268 4079 2392 4129 erat
2437 4077 2595 4147 quasi
2635 4077 2896 4147 scientem
2930 4078 3251 4147 praesentem
3294 4091 3516 4147 carpere
3562 4077 3713 4131 volu-

2062 4154 2265 4218 ptatem
2302 4163 2322 4207 ,'
2354 4145 2532 4217 quam
2565 4145 2871 4201 lectionem
2902 4150 2959 4201 et
2988 4146 3221 4201 retineri
3254 4163 3425 4217 posse
3454 4146 3554 4214 ait,
3585 4151 3712 4202 tan-

2068 4224 2194 4272 tum
2228 4218 2275 4271 si
2305 4220 2607 4288 fugientem
2638 4234 2738 4287 pro
2768 4220 3043 4284 scientem,
3079 4218 3318 4273 scribas.

2139 4289 2157 4321 ⁷
2190 4289 2444 4360 Rursum
2482 4305 2624 4343 mss.
2660 4306 2863 4360 omnes
2910 4304 3136 4360 pascere
3170 4288 3388 4344 habent
3440 4305 3541 4360 pro
3578 4305 3713 4360 par-

2066 4376 2187 4415 cere
2216 4361 2368 4431 quod
2402 4359 2510 4415 hoc
2540 4360 2779 4416 demum
2812 4359 2936 4416 loco
2974 4362 3155 4415 ferme
3177 4360 3521 4416 concinnius
3550 4359 3712 4415 vide-

2066 4436 2181 4497 tur,
2218 4448 2282 4485 ac
2313 4432 2581 4486 subnexae
2612 4431 2955 4503 expositioni
2986 4431 3390 4487 cohaerentius.

2137 4504 2157 4535 ⁸
2189 4507 2312 4557 Duo
2344 4520 2487 4557 mss.
2525 4502 2743 4558 tantum
2774 4504 2931 4559 debet
3012 4502 3311 4558 comedere.

2131 4573 2652 4647 ‘fPraapositionem
2703 4579 2829 4630 ante
2856 4574 3042 4647 Vatic.
3079 4574 3259 4630 codex
3301 4574 3550 4647 ignorat,
3595 4589 3714 4647 qua

2058 4645 2295 4716 quidem
2327 4649 2634 4717 expuncta,
2670 4652 2771 4701 aut
2801 4646 2966 4714 nihil,
3000 4650 3102 4717 aut
3130 4650 3284 4700 certe
3314 4645 3513 4701 minus
3540 4645 3713 4717 Pela-

2057 4691 2299 4788 gianum
2333 4691 2588 4771 arborem
2622 4691 2717 4772 hic
2740 4717 2904 4772 locns
2938 4691 3211 4782 redoleat,
3245 4717 3497 4788 maxime
3555 4716 3603 4788 si
3635 4717 3707 4771 ad

2059 4787 2144 4854 ea,
2181 4805 2306 4858 quae
2330 4788 3111 4859 subsequuntur.annimum
3140 4788 3407 4843 intendas
3426 4787 3708 4843 Alcuinus

2060 4859 2409 4914 sententiam
2457 4859 2608 4914 hanc
2658 4861 2730 4914 ad
2781 4859 3076 4915 catholicae
3122 4859 3399 4915 doctrinae
3440 4874 3705 4927 sensum,

2060 4929 2161 5001 qui
2209 4935 2340 5000 post
2392 4930 2816 5003 Hieronymum
2883 4930 3098 5003 clarius
3164 4930 3442 5003 definitus
3488 4928 3706 5003 ubique

2058 5007 2348 5074 terrarum
2373 5007 2486 5068 est,
2522 5001 2702 5057 itaex
2732 5001 2964 5074 ingenio
2994 5005 3283 5074 temperat
3318 5019 3330 5055 :
3382 5002 3504 5056 Nisi
3549 5002 3703 5056 enim

2061 5072 2228 5127 bonus
2252 5074 2440 5141 fuerit,
2473 5077 2523 5126 et
2559 5089 2735 5129 mores
2791 5072 2936 5140 suos,
2995 5075 3092 5128 Det
3119 5072 3450 5145 'adjuvante
3495 5074 3701 5143 gratia,

2053 5146 2275 5215 preprio
2308 5144 2538 5198 arbitrio
2569 5150 2694 5199 ante
2722 5151 2976 5200 correxit.
3012 5150 3123 5199 etc.

2128 5214 2195 5254 —’—
2227 5216 2290 5269 Et
2317 5231 2492 5287 mores
2520 5230 2622 5287 suo
2650 5218 2874 5287 preprio
2903 5216 3157 5270 arbitrio.
3189 5214 3465 5270 Nonnihil
3498 5231 3703 5286 sapere

2059 5286 2285 5359 videtur
2336 5285 2553 5355 Pelagii
2599 5285 3039 5359 error—emised
3090 5303 3157 5340 ex
3206 5285 3701 5359 consequentibus

2060 5357 2225 5413 facile
2257 5358 2449 5412 locum
2482 5358 2842 5412 emendabis.
2876 5358 3161 5413 ΜΑΗΤΙΑΝ.

2130 5430 2171 5461 ¹⁰
2203 5429 2432 5483 Alcuin.
2470 5446 2571 5500 pro
2604 5428 2762 5483 hisce
2794 5429 3005 5484 verbis.
3041 5430 3121 5483 Ad
3169 5431 3328 5483 illum
3374 5432 3523 5484 enim
3570 5447 3699 5485 sen-

2054 5516 2197 5573 sum,
2244 5506 2375 5561 etc.,
2420 5518 2605 5571 usque
2653 5501 2997 5573 referendum
3045 5508 3141 5566 cst,
3207 5500 3382 5573 habet
3421 5501 3698 5573 pressiori

2057 5571 2246 5644 ferme
2266 5572 2626 5643 expositione
2670 5572 2867 5628 :Dedit
2909 5572 3065 5628 enim
3111 5588 3214 5644 pro
3261 5571 3475 5629 dimisit
3520 5571 3699 5629 intel-

2056 5640 2358 5715 ligendum
2389 5648 2498 5701 est.
