4084 6170
509 290 670 372 ων

1740 302 1804 366 S.
1850 302 2168 368 EUSEBII'
2204 301 2670 374 HIERONYMI.

507 442 664 486 nunc
693 429 817 487 vult
846 429 988 488 illud
1013 430 1536 503 ostendere,omnia
1553 434 1664 492 sibi
1694 435 1752 491 in
1775 437 1996 492 mundo
2018 453 2148 492 esse
2177 441 2231 510 Α
2262 437 2424 493 bant.
2459 439 2717 510 Tempus
2759 438 3114 510 dilectionis,
3164 456 3282 513 qua
3332 449 3426 498 eos
3468 437 3564 500 sub
3600 441 3820 513 patrihus

508 522 819 587 contraria,
853 523 910 578 et
936 522 1082 578 nihil
1123 528 1277 580 stare
1327 531 1700 597 perpetuum,
1746 542 1947 580 eorum
2002 526 2151 580 dun-

505 614 682 672 taxat.
716 628 843 682 quae
876 613 986 668 sub
1021 613 1161 667 coelo
1211 618 1369 683 sunt,
1418 619 1474 670 et
1523 615 1676 669 intra
1728 619 1981 685 tempus,
2016 615 2158 684 quia

505 703 720 757 cetera:
751 701 1094 758 substantiae
1134 702 1489 774 spirituales,
1524 720 1626 758 nec
1658 702 1821 768 coelo,
1858 719 1962 758 nec
2005 708 2150 759 tem-

505 805 643 861 pore
673 790 1063 846 continentur.

576 901 603 928 «
639 880 896 950 Tempus
926 880 1212 950 pariendi,
1243 884 1300 935 et
1328 885 1560 952 tempus
1611 881 1920 937 moriendi.
1971 882 2162 944 Tems

503 984 616 1040 pus
646 967 973 1039 plantandi,
997 973 1054 1024 et
1082 974 1313 1041 tempus
1337 968 1616 1024 evellendi
1641 970 1795 1040 quod
1819 969 2148 1041 plantatum

503 1061 614 1113 est.
649 1080 676 1108 »
711 1057 864 1113 Nulli
896 1057 1141 1122 dubium
1175 1059 1329 1129 quod
1361 1063 1419 1113 et
1447 1065 1612 1113 ortus
1645 1063 1699 1114 et
1736 1058 2005 1114 interitus
2037 1059 2145 1115 ho-

502 1147 752 1214 minum,
777 1147 892 1203 Deo
925 1151 1098 1201 notus
1129 1147 1204 1202 sit
1233 1152 1291 1202 et
1321 1147 1643 1218 prmﬁnitus
1691 1149 1731 1214 ί,
1778 1152 1834 1202 et
1885 1147 2144 1220 idipsum

501 1250 630 1291 esse
649 1252 871 1307 parere,
904 1237 1057 1307 quod
1089 1235 1396 1306 plantare:
1443 1237 1610 1300 mori,
1663 1240 1719 1291 et
1767 1237 1920 1308 quod
1975 1236 2142 1308 plan-

500 1327 687 1380 tatum
719 1328 808 1379 est
833 1324 1096 1381 evellere.
1130 1326 1241 1382 Sed
1271 1325 1408 1396 quia
1465 1325 1519 1380 in
1558 1325 1706 1380 Isaia
1755 1324 2008 1397 legimus
2039 1334 2058 1380 .‘
2097 1328 2133 1381 A

499 1415 693 1469 timore
723 1421 833 1481 tuo,
864 1415 1110 1481 Domine,
1143 1416 1505 1486 coneepimus.
1549 1422 1599 1470 et
1639 1416 2060 1484 parturivimus,
2093 1425 2145 1471 et

492 1503 806 1574 peperimus
837 1504 962 1573 (Isa.
995 1520 1146 1569 XXVI,
1179 1503 1264 1573 l8)
1297 1521 1309 1568 ;
1345 1502 1452 1558 hoc
1485 1502 1795 1558 dicendum
1828 1508 1936 1569 est,
1987 1505 2140 1574 quod

498 1592 750 1663 perfecto
779 1591 921 1660 viro,
956 1597 1159 1663 partus
1191 1593 1320 1658 iste,
1356 1593 1453 1663 qui
1487 1592 1558 1646 de
1587 1592 1795 1648 timore
1826 1597 1998 1647 natus
2029 1599 2136 1648 est.

497 1696 631 1736 cum
691 1681 875 1736 Deum
941 1696 1136 1736 amare
1209 1680 1461 1750 caaperit,
1544 1680 1811 1735 moritur.
1885 1682 2137 1751 Perfecta

497 1767 713 1840 quippe
733 1769 956 1824 dilectio
982 1771 1132 1839 foras
1161 1770 1337 1824 mittit
1362 1771 1613 1824 timorem
1643 1770 1690 1838 (I
1721 1771 1877 1842 Joari.
1913 1787 1987 1836 1v,
2025 1771 2135 1841 18).

496 1856 719 1913 Hebraei
749 1874 922 1913 omne
961 1857 1089 1926 hoc,
1145 1858 1300 1930 quod
1343 1859 1414 1913 de
1463 1858 1870 1914 contrarietate
1913 1863 2138 1931 tempo-

497 1962 629 2001 rum
661 1945 946 2017 scriptum
975 1950 1082 2010 est,
1115 1963 1303 2018 usque
1334 1947 1405 2002 ad
1449 1945 1615 2001 illum
1661 1946 1877 2012 locum,
1908 1946 1968 2002 in
2021 1965 2138 2019 quo

495 2035 577 2090 ait
610 2053 622 2090 :
652 2035 805 2092 408
864 2037 1084 2107 Tempus
1143 2036 1288 2102 belli,
1349 2040 1398 2091 et
1453 2044 1663 2102 tempus
1731 2038 1905 2107 pacis,
1965 2053 2140 2108 super

495 2123 675 2181 Israel
727 2123 1083 2197 intelligunt.
1131 2126 1202 2180 Et
1251 2124 1390 2196 quia
1429 2141 1544 2180 non
1611 2140 1849 2180 necesse
1897 2129 1986 2181 est
2034 2143 2139 2197 per

495 2213 760 2286 singulos
780 2230 982 2270 versus
1013 2231 1243 2284 ponere,
1279 2214 1418 2286 quid
1451 2213 1909 2286 interpretentur
1929 2220 1987 2269 et
2009 2232 2139 2270 sen-

491 2302 662 2369 tiant,
707 2302 1098 2375 perstringam
1147 2304 1401 2359 breviter
1437 2303 1548 2374 (Al.
1600 2302 1820 2371 leviter)
1869 2304 2132 2361 latiorem

492 2407 670 2462 super
699 2391 808 2446 hoc
839 2389 1310 2446 dissertationem
1341 2390 1574 2447 lectoris
1606 2391 1840 2464 ingenio
1879 2393 2132 2448 derelin-

492 2496 699 2552 quens.
733 2481 990 2552 Tempus
1015 2479 1126 2534 fuit
1153 2481 1466 2552 generandi
1498 2484 1554 2536 et
1594 2480 1895 2552 plantandi
1949 2483 2131 2538 Israe-

489 2567 626 2633 lem,
656 2572 888 2639 tempus
921 2569 1226 2624 moriendi.
1259 2574 1317 2625 et
1343 2569 1595 2624 ducendi
1626 2569 1684 2624 in
1733 2570 2130 2642 captivitatem

487 2657 745 2729 Tempus
791 2656 1086 2712 occidendi
1119 2674 1218 2714 eos
1248 2658 1307 2713 in
1357 2659 1620 2730 Egypto,
1679 2663 1736 2714 et
1781 2664 2016 2732 tempus
2059 2661 2130 2715 de

487 2749 731 2818 Egypto
762 2745 1068 2802 liberandi.
1103 2747 1359 2819 Tempus
1391 2749 1728 2803 destruendi
1782 2749 1986 2821 templi
2017 2751 2129 2805 sub

485 2834 1038 2902 Nabuchodonosor,
1071 2839 1129 2890 et
1155 2839 1391 2908 tempus
1419 2829 1744 2892 aedificandi
1775 2838 1888 2892 sub
1935 2839 2124 2894 Dario.

485 2925 744 2996 Tempus
797 2923 1108 2996 plangendi
1161 2925 1516 2981 eversionem
1566 2925 1749 2990 urbis,
1791 2931 1848 2980 et
1895 2931 2128 2998 tempus

486 3013 714 3069 ridendi
763 3017 937 3084 atque
987 3011 1238 3068 saltandi
1287 3014 1396 3069 sub
1451 3013 1782 3083 Zorobrbel,
1835 3016 2036 3080 Esdra,
2071 3020 2129 3071 et

425 3108 432 3114 “
483 3102 740 3166 Neemia.
774 3103 1032 3173 Tempus
1063 3102 1437 3174 dispergendi
1470 3102 1668 3168 Israel,
1702 3106 1760 3157 et
1797 3107 2034 3174 tempus
2065 3104 2124 3158 in

483 3206 672 3246 unum
736 3191 1152 3261 congregandi.
1197 3173 1452 3261 Tempus
1503 3191 1669 3262 quasi
1715 3173 2018 3263 cingulum
2067 3198 2124 3248 et
2156 3173 2198 3239 (ἶ

482 3277 784 3334 baltheum
816 3277 1167 3333 circumdari
1197 3280 1218 3314 ⁸
1251 3281 1361 3334 Deo
1391 3278 1671 3350 populum
1701 3280 2128 3347 Judazorum,et

479 3370 718 3437 tempus
749 3367 998 3421 ducendi
1029 3383 1130 3422 eos
1167 3367 1224 3422 in
1273 3367 1650 3440 Babyloniam
1701 3369 2122 3441 captivitatem,

480 3459 543 3511 et
566 3455 647 3510 ibi
677 3459 1145 3526 computrescere
1172 3460 1336 3512 trans
1383 3457 1736 3528 Euphraten.
1795 3458 1945 3530 Lege
1990 3469 2126 3531 περί-

481 3551 622 3614 ζωμα
665 3543 960 3615 (tumbare)
1015 3543 1279 3600 Jeremiae
1365 3547 1580 3617 (Jerem.
1641 3562 1767 3612 xm,
1827 3547 1849 3602 4
1927 3551 2122 3620 seqq.)

480 3633 742 3704 Tempus
785 3633 1083 3704 quaerendi
1134 3633 1266 3689 illos
1305 3637 1362 3688 et
1408 3634 1701 3702 servandi,
1766 3639 1822 3690 et
1889 3639 2124 3708 tempus

480 3721 784 3794 perdendi,
819 3726 875 3777 et
904 3726 1137 3794 tempus
1167 3722 1798 3795 projiciendi.Tempus
1815 3724 2123 3780 scindendi

481 3809 682 3880 Israel,
716 3814 772 3865 et
800 3813 1034 3883 tempus
1077 3811 1290 3866 iterum
1341 3811 1681 3867 consuendi.
1731 3813 1988 3884 Tempus
2036 3819 2121 3868 ta-

479 3899 650 3954 cendi
685 3899 1020 3970 prophetas,
1053 3917 1209 3956 nunc
1253 3899 1314 3955 in
1367 3900 1698 3972 captivitate
1757 3902 2040 3970 Romana,
2069 3907 2126 3958 et

476 3991 717 4059 tempus
746 3986 1022 4058 loquendi
1071 4005 1190 4056 eos,
1238 3993 1378 4044 tunc
1428 3989 1660 4060 quando
1710 3991 1886 4046 etiam
1927 3990 1986 4046 in
2018 3991 2123 4046 ho-

479 4074 598 4132 stili
631 4079 786 4131 terra
816 4075 921 4132 Dei
953 4077 1348 4134 consolatione
1400 4082 1457 4133 et
1494 4077 1749 4150 alloquio
1801 4095 1915 4133 non
1965 4095 2122 4134 care-

549 4197 564 4275 ?
596 4197 677 4275 Eg;
703 4197 948 4275 Alcuino
978 4201 1248 4275 legimus.
1291 4206 1477 4259 Antea
1521 4207 1647 4259 erat
1695 4213 1747 4260 ct
1794 4204 1989 4274 ﬁnitus
2024 4205 2120 4262 :in

475 4268 770 4345 veteribus
796 4268 1066 4345 vulgatis,
1098 4283 1149 4330 et
1163 4278 1402 4344 agnitus.

478 4371 617 4468 Μ-
646 4343 751 4398 Deo
779 4343 942 4400 notus
971 4347 1056 4416 ﬁt,
1091 4343 1370 4402 EraSmus
1399 4347 1506 4402 Deo
1532 4354 1690 4402 notus
1708 4348 1781 4402 sit
1810 4356 1860 4402 et
1880 4348 2120 4417 agnitus.

538 4428 769 4468 ARTIAN.

538 4428 769 4468 ΑΒἸῚΑΝ.

545 4482 890 4541 3Victorius
931 4503 999 4542 ex
1048 4488 1325 4554 Mediceo,
1377 4489 1682 4554 Fesulano,
1735 4492 1792 4542 et
1834 4491 1888 4542 S.
1942 4488 2122 4544 Marci

475 4553 832 4641 Florentinis
863 4559 1164 4638 codicibus
1195 4553 1504 4641 reseripsit
1542 4553 1954 4641 circumdandi.
2010 4561 2122 4614 Im-

475 4641 740 4697 pressam
771 4627 1076 4686 lectionem
1111 4635 1352 4686 tuentur
1380 4627 1563 4687 nostri
1599 4647 1824 4686 omnes.

545 4697 568 4730 ³
596 4695 860 4756 Vatican.
922 4706 978 4756 et
1005 4701 1246 4758 Palatin.
1281 4703 1445 4757 alter.
1477 4702 1910 4758 destruxerimus
1949 4704 2119 4766 mala,

475 4770 1158 4842 sicutJeremiaeverbum,
1209 4779 1318 4829 etc.
1383 4775 1669 4830 Caeterum
1723 4778 1893 4828 antea
1940 4774 2119 4830 inter-

474 4841 813 4913 punctionis
843 4844 984 4900 vitio
1016 4841 1318 4900 laborabat
1348 4845 1442 4900 hic
1473 4845 1655 4900 locus.

545 4913 567 4946 ⁴
617 4913 680 4970 Ut
725 4919 908 4985 postea
949 4917 1152 4973 saltare
1203 4917 1504 4984 valeamus,
1568 4921 1677 4972 etc.
1721 4919 1856 4970 Mss.
1911 4916 2118 4973 Corbe-

475 4983 688 5071 i'enses,
725 4983 956 5071 Saltare
991 4990 1278 5071 paleamus
1319 4989 1478 5071 illam
1532 4989 1898 5071 saltationem,
1958 5005 2122 5071 quam

475 5055 648 5112 David
690 5057 929 5114 saltavit.
989 5060 1214 5117 Saltare
1275 5059 1670 5126 saltationem,
1735 5059 1889 5115 sicut
1932 5055 2121 5116 vivere

474 5125 675 5181 vitam.
710 5128 987 5186 Maurus.

544 5197 565 5230 ⁸
593 5199 846 5272 Additur
873 5203 932 5258 in
968 5203 1192 5259 Erasmi
1224 5207 1281 5258 et
1307 5201 1544 5258 Victorii
1576 5200 1933 5256 editionibus
1962 5199 2118 5272 glos-

476 5282 639 5321 sema
669 5269 823 5346 istud
861 5291 873 5328 :
906 5276 1036 5344 quia
1080 5277 1139 5329 in
1193 5277 1458 5346 prmsenti
1503 5275 1700 5329 sarculo
1747 5289 1847 5346 sua
1900 5269 2119 5343 plangit

469 5347 689 5419 peccata
721 5342 925 5464 iidehit‘
942 5349 1121 5415 potius
1151 5342 1210 5401 iii
1238 5347 1432 5421 futuro
1468 5363 1479 5401 :
1517 5346 1671 5416 quod
1705 5342 1938 5416 penitus
1973 5361 2116 5401 mss.

479 5426 720 5464 mnoran
755 5451 764 5463 .

479 5426 764 5464 ignorant.

543 5426 764 5464 norant.

499 5426 824 5562 gf—hMa/iis
864 5487 1072 5562 pluritit
1120 5489 1244 5543 Dea.
1304 5491 1360 5543 ln
1409 5487 1719 5562 veteribus
1762 5485 2120 5562 editionibus

475 5551 875 5628 adulterinum
904 5557 1371 5616 additamentum
1405 5560 1652 5616 invenio.
1687 5558 1842 5628 quod
1878 5559 2120 5614 minime

474 5624 601 5682 loco
653 5634 954 5698 congruat.
1009 5629 1172 5686 Unde
1219 5631 1466 5702 conjicio
1515 5624 1772 5703 positu-In
1821 5629 2002 5689 fuisse
2047 5631 2116 5688 ab

2263 531 2398 582 ante
2429 527 2652 594 dilexit,
2684 533 2739 582 et
2769 533 3000 600 tempus
3031 529 3171 596 odii,
3205 530 3341 601 quia
3368 529 3425 586 in
3466 529 3720 590 Christum
3750 530 3818 585 in-

2262 615 2524 671 tulerunt
2545 634 2777 673 manus.
2821 619 3080 690 Tempus
3108 619 3311 692 prtelii,
3342 619 3502 674 modo
3545 635 3647 675 non
3685 635 3821 692 agen-

2259 705 2418 760 tibus
2449 705 2531 761 eis
2563 707 2990 777 paenitentiam,
3021 713 3079 764 et
3109 713 3342 780 tempus
3372 707 3520 780 pacis
3549 708 3602 762 in
3646 709 3819 774 futuro,

2260 795 2495 864 quando
2527 796 2780 851 intrante
2811 795 3174 868 plenitudine
3191 797 3468 870 gentium,
3497 797 3667 854 omnis
3692 796 3828 853 Israel

2259 882 2460 940 salvus
2491 884 2620 939 erit.

2335 996 2353 1017 α
2376 973 2634 1044 Tempus
2659 973 3048 1042 occidendi,et
3075 978 3308 1047 tempus
3339 973 3619 1032 sanandi.»
3647 973 3834 1031 Etocci-

2257 1059 2433 1115 dendi
2457 1065 2690 1132 tempus
2717 1066 2808 1118 est
2835 1067 2892 1118 et
2920 1063 3188 1131 sanandi,
3221 1065 3320 1135 qui
3354 1064 3436 1120 ait
3465 1065 3599 1134 :Ego
3615 1063 3830 1128 occidam,

2252 1159 2304 1206 et
2328 1166 2424 1219 ego
2457 1151 2740 1220 viviﬁcabo
2771 1152 2946 1222 (Deut.
2980 1169 3182 1220 χχχιιι,
3224 1152 3335 1223 49].
3385 1153 3552 1208 Sanat
3594 1151 3658 1208 ad
3689 1151 3828 1224 pinni-

2254 1241 2497 1294 tentiam
2542 1255 2880 1310 provocans.
2929 1240 3146 1307 Occidi,
3188 1239 3550 1311 juxta'illum
3595 1255 3828 1298 sensum:

2252 1329 2317 1382 In
2369 1329 2638 1382 matutino
2690 1327 3088 1398 interﬁciebam
3142 1345 3330 1385 omnes
3380 1336 3660 1400 peceatores
3711 1335 3830 1388 terra

2252 1417 2425 1488 (Psal.
2460 1434 2512 1472 c.
2545 1418 2620 1484 8].

2325 1527 2353 1553 ‹‹
2385 1505 2641 1577 Tempus
2671 1505 3029 1573 destruendi,
3083 1511 3142 1562 et
3179 1511 3415 1579 tempus
3459 1505 3769 1563 aediﬁcandi.
3812 1527 3834 1566 η

2250 1593 2374 1649 Νοη
2407 1609 2726 1664 possumus
2755 1595 3040 1651 adiﬁeare
3070 1595 3244 1663 bona,
3287 1595 3402 1652 nisi
3450 1595 3606 1668 prius
3646 1595 3830 1651 destru-

2248 1681 2508 1738 xerimus
2561 1681 2737 1737 mala.
2792 1683 3013 1738 Idcirco
3079 1684 3163 1740 sic
3205 1684 3474 1740 Jeremiae
3522 1684 3736 1739 verbum
3773 1682 3835 1736 ‘a

2249 1769 2362 1825 Deo
2393 1771 2594 1826 datum
2626 1775 2734 1838 est,
2769 1777 2833 1826 ut
2863 1776 2998 1827 ante
3023 1772 3349 1830 eradicaret
3390 1777 3562 1846 atque
3601 1771 3834 1844 plantaret

2247 1864 2304 1914 et
2333 1859 2598 1930 perderet
2629 1877 2642 1915 :
2677 1864 2735 1915 et
2763 1864 2968 1931 postea
3014 1861 3330 1918 aedificaret
3377 1866 3548 1934 atque
3589 1860 3826 1933 plecteret

2248 1949 2464 2017 (Jerem.
2501 1951 2560 2016 1).

2318 2039 2471 2094 409
2520 2061 2545 2086 -.‹
2599 2039 2856 2108 Tempus
2918 2038 3118 2104 ﬂendi,
3177 2043 3234 2094 et
3289 2044 3523 2110 tempus
3578 2036 3832 2094 ridendi.»

2244 2125 2409 2181 Nunc
2442 2125 2618 2182 ﬂendi
2646 2130 2880 2198 tempus
2901 2133 3010 2192 est,
3034 2131 3092 2182 et
3119 2127 3178 2182 in
3203 2128 3403 2184 futuro
3427 2126 3644 2184 ridendi
3673 2127 3831 2185 :Beatt-

2245 2213 2401 2270 enim
2432 2217 2637 2284 ﬂentes,
2669 2216 2929 2286 quoniam
2960 2217 3070 2286 ipsi
3100 2216 3361 2272 ridebunt
3391 2217 3540 2286 (Luc.
3572 2232 3640 2272 ιν.
3667 2214 3765 2284 24).

2318 2325 2346 2353 ‹‹
2375 2304 2632 2374 Tempus
2664 2303 2998 2376 plangendi,
3033 2307 3090 2359 et
3118 2308 3358 2376 tempus
3407 2304 3668 2362 saltandi.
3715 2326 3739 2352 ››
3770 2300 3832 2356 ld-

2243 2391 2395 2447 circo
2426 2391 2824 2462 corripiuntur
2853 2393 2912 2447 in
2954 2391 3288 2465 Evangelio,
3341 2393 3553 2465 quibus
3596 2391 3834 2449 Dominus

2243 2479 2322 2534 ait
2353 2497 2366 2534 :
2401 2482 2843 2536 Lamentavimus
2869 2481 3040 2547 vobis,
3074 2490 3124 2537 et
3171 2497 3286 2536 non
3326 2482 3619 2554 planxistis
3648 2499 3660 2536 :
3687 2487 3830 2536 canta

2240 2570 2435 2635 vimus,
2467 2571 2517 2624 et
2540 2585 2651 2623 non
2677 2569 2925 2624 saltastis
2961 2569 3114 2641 (Luc.
3159 2585 3270 2639 vn,
3319 2571 3434 2639 32).
3483 2569 3830 2642 Plangendum

2240 2661 2329 2711 est
2357 2656 2416 2711 in
2448 2657 2913 2728 praesentiarum,
2947 2661 3012 2712 ut
3041 2662 3245 2730 postea
3275 2658 3492 2716 saltare
3535 2654 3830 2714 valcamus‘

2239 2745 2340 2801 illa
2369 2745 2698 2810 saltatione,
2757 2763 2877 2818 qua
2908 2745 3082 2802 David
3114 2747 3354 2804 saltavit
3382 2752 3516 2803 ante
3544 2762 3721 2804 arcam
3746 2744 3832 2799 'l‘e-

2238 2835 2510 2890 stamenti
2547 2853 2560 2900 ;
2596 2839 2652 2890 et
2675 2833 2872 2890 Saulis
2895 2834 3030 2890 ﬁliae
3059 2835 3413 2908 displicens,
3447 2837 3633 2909 magis
3659 2831 3833 2906 placuit

2241 2924 2352 2979 Deo
2383 2924 2404 2958 ⁵
2435 2925 2506 2992 (Il
2537 2925 2659 2994 Reg.
2692 2923 2796 2993 v1).

2308 3034 2336 3061 α
2383 3013 2639 3084 Tempus
2671 3013 2985 3085 spargendi
3023 3012 3269 3086 lapides.
3321 3018 3379 3072 et
3425 3019 3650 3088 tempus
3698 3006 3825 3067 colli-

2234 3100 2407 3173 gendi
2432 3100 2677 3172 lapides.
2712 3121 2738 3153 η
2775 3102 2972 3158 Miror.
2992 3104 3286 3174 quomodo
3310 3104 3398 3158 vir
3421 3104 3666 3160 disertus
3690 3102 3708 3135 ⁶
3734 3112 3825 3153 rem

2235 3189 2543 3246 ridiculam
2594 3190 2653 3244 in
2704 3193 2809 3246 hoc
2859 3189 2984 3247 loco
3041 3191 3254 3247 dixerit
3289 3209 3302 3246 :
3337 3193 3418 3250 De
3472 3188 3831 3250 destructione.

2235 3278 2529 3350 inquiens,
2562 3283 2619 3334 et
2647 3279 3030 3335 aediﬁcatione
3059 3281 3376 3338 domorum
3409 3279 3718 3338 Salomonis
3739 3291 3829 3331 ser-

2235 3385 2330 3423 mo
2361 3371 2469 3435 ost,
2503 3369 2658 3439 quod
2692 3367 2961 3424 homines
2991 3385 3148 3424 nunc
3177 3369 3512 3438 destruant,
3561 3384 3700 3424 nunc
3725 3361 3829 3420 edi-

2235 3457 2409 3513 ficent
2459 3457 2605 3512 :alii
2653 3462 3008 3530 congregent
3049 3457 3276 3529 lapides
3320 3461 3393 3515 ad
3444 3457 3676 3515 aedificia
3723 3468 3828 3511 con-

2233 3546 2536 3612 struenda,
2599 3544 2694 3600 alii
2767 3562 2893 3617 quae
2962 3549 3258 3601 exstructa
3326 3551 3486 3612 sunt,
3553 3542 3829 3601 destruant.

2233 3634 2558 3690 secundum
2621 3633 2765 3689 illud
2822 3634 3206 3690 Horatianum
3289 3637 3310 3669 ⁷
3373 3637 3562 3708 (Epist.
3633 3632 3723 3688 lib.
3782 3643 3830 3688 ιι.

2233 3722 2408 3794 epist.
2445 3725 2497 3792 1)
2523 3739 2535 3777 :
3049 3738 3065 3750 ·

2297 3829 2492 3887 Diruit,
2523 3827 2766 3892 mdiﬁcat,
2797 3831 2968 3892 mutat
2994 3828 3257 3892 quadrata
3287 3829 3552 3881 rotundis.

2294 3893 2500 3940 Estuat
2529 3898 2574 3948 8,
2607 3896 2660 3939 et
2690 3891 2812 3939 vitae
2843 3891 3178 3940 disconvenit
3205 3892 3396 3942 ordine
3434 3896 3561 3942 toto.

2231 3992 2350 4043 Hoc
2399 3991 2597 4042 utrum
2654 3991 2827 4054 recte,
2895 4004 2967 4041 an
3011 4003 3318 4060 perperam
3369 3989 3596 4059 dixerit,
3645 3979 3832 4043 lectoris

2233 4075 2472 4132 arbitrio
2505 4075 2884 4147 derelinquoc
2915 4076 3030 4131 Nos
3060 4075 3277 4148 prioris
3325 4073 3734 4152 explanationis
3759 4086 3829 4128 se-

2233 4199 2429 4273 aliquo
2456 4200 2738 4273 scriptore
2771 4199 3201 4273 imperito,gqui
3233 4200 3671 4273 pretiosissimis
3708 4210 3830 4252 mar-

2273 4271 2439 4346 aritis
2470 4271 2804 4346 Hieronymi
2835 4271 3010 4327 suum
3035 4271 3255 4346 vitrum
3288 4274 3586 4346 adjecerit.
3616 4278 3829 4346 nemng

2273 4289 2439 4328 arms
2474 4289 2804 4344 uieronymi
2835 4289 3010 4327 suum
3035 4289 3255 4329 varum
3288 4289 3586 4346 adjacent.
3616 4289 3829 4339 nempe.

2233 4289 2374 4418 guia
2404 4345 2501 4418 qui
2527 4345 2589 4418 in
2631 4346 2902 4418 prasenti
2955 4344 3152 4418 saeculo
3205 4361 3312 4401 sua
3362 4347 3582 4418 plangit
3627 4341 3829 4416 peccata,

2231 4415 2436 4470 ridebit
2464 4416 2645 4486 potius
2676 4417 2733 4469 in
2764 4417 2976 4484 futuro.
3009 4415 3293 4486 MABTIAN.
3362 4415 3377 4418 ⁷
3508 4415 3513 4416 7
3622 4415 3640 4486 ξ
3772 4475 3802 4486 ,,

2303 4487 2324 4522 ⁶
2353 4477 2525 4542 Miror
2551 4477 2822 4556 quomodo
2853 4488 2940 4540 vir
2986 4485 3246 4550 disertus,
3278 4491 3392 4543 etc.
3441 4486 3580 4552 Quis
3621 4483 3717 4539 hoc
3757 4477 3831 4532 di-

2156 4543 2199 4605 D
2230 4557 2406 4638 xerit,
2431 4543 2579 4612 scire
2603 4574 2718 4638 non
2751 4557 2913 4638 potui
2949 4573 2964 4638 ξ
2996 4543 3270 4638 quamvis
3319 4543 3574 4638 plurima
3611 4558 3829 4638 veterum

2232 4628 2588 4708 scriptorum
2619 4627 2922 4708 volumina
2951 4627 3201 4708 in’hunc
3231 4627 3411 4708 ﬁnem
3457 4627 3732 4708 perlegere
3753 4635 3830 4708 οξξ-

2232 4693 2432 4755 rarim.
2464 4703 2664 4772 Moneo
2707 4703 2903 4772 autem
2961 4698 3261 4772 lectorem,
3322 4693 3650 4772 Hieronymi
3695 4693 3831 4772 Q9111-

2233 4771 2589 4827 mentarium
2634 4771 2694 4826 in
2745 4771 2901 4826 hunc
2959 4766 3329 4828 Ecclesiaste
3370 4766 3561 4828 locum
3605 4766 3830 4840 funditus

2231 4859 2359 4915 esse
2392 4843 2776 4915 depravatum
2808 4846 2866 4899 et
2896 4843 3244 4899 subversum
3267 4843 3328 4898 in
3355 4842 3561 4899 Glossa
3579 4837 3832 4897 ordinaria

2231 4914 2660 5042 Μὲἢξέἕιῗγίάωη
2711 4983 2848 5040 illud
2903 4985 3288 5052 Horatianum,
3349 4984 3520 5040 Alius
3571 4981 3705 5052 culo
3756 4973 3827 5028 δεῖ

2228 5073 2506 5130 versuum
2556 5056 2712 5130 apud
2776 5055 2972 5126 ipsum
3037 5049 3364 5125 Horatium,
3431 5057 3597 5128 Epist.
3653 5049 3742 5106 lib.
3795 5057 3825 5096 ι-

2227 5129 2400 5202 epist.
2433 5131 2485 5196 4,
2519 5129 2997 5186 αάΜωοθεειιθω
3035 5144 3048 5182 :

2290 5252 2443 5302 Ruod
2474 5253 2641 5315 petiit,
2673 5251 2878 5315 spernit
2911 5264 2930 5298 :
2959 5251 3156 5315 repetit
3184 5251 3322 5315 quod
3353 5263 3525 5311 nuper
3552 5245 3712 5299 omisit
3739 5254 3751 5288 :

2291 5313 2511 5371 Estuat,
2542 5319 2596 5364 et
2623 5313 2744 5363 vita:
2774 5313 3109 5362 disconvenit
3142 5313 3329 5363 ordine
3359 5317 3470 5362 toto
3505 5327 3517 5360 :

2221 5406 2232 5417 -
2291 5379 2479 5437 Diruit,
2510 5377 2752 5435 aedificat,
2784 5379 2958 5426 mutat
2985 5376 3249 5439 quadrata
3276 5375 3540 5426 rotundis.

3312 5439 3554 5488 Mantus.

2299 5558 2318 5627 ἒ
2376 5557 2517 5611 Tres
2546 5571 2712 5627 mss.
2758 5555 3025 5610 Exstruit.
3085 5556 3155 5627 Et
3207 5553 3361 5627 apud
3411 5549 3711 5627 Horatium,
3738 5534 3823 5610 qui

2228 5626 2390 5701 prior
2418 5627 2512 5684 hic
2543 5625 2822 5690 laudatur
2847 5641 3086 5696 versus,
3108 5617 3298 5685 alter'o-
3318 5621 3591 5704 posterior
3620 5617 3719 5696 est.
