4084 6170
293 327 450 399 ια»

1317 333 1942 403 COMMENTARIUS
1985 339 2066 400 IN
2109 339 2251 400 ECC
2264 336 2717 401 LESJASTEN.

3536 328 3696 403 {090

291 463 548 540 quamui-
566 463 841 523 ordinem
868 483 880 524 :
909 473 1164 541 Tempus
1194 473 1659 542 spargendarum
1714 479 1768 528 et
1799 490 1935 527 cun-
1971 476 2018 539 Α
2051 472 2157 534 sio,
2191 475 2255 525 ut
2295 469 2606 542 Evangelia
2650 472 3012 526 consuantur
3037 470 3080 540 ‘,
3130 471 3285 543 quod
3324 471 3691 545 evangelista

289 553 722 629 gregandorum
767 556 1033 630 lapidum
1081 575 1210 615 esse
1259 560 1540 626 dicentes,
1584 563 1754 632 juxta
1793 561 1936 616 illud

289 645 534 716 quodin
578 644 890 718 Evangelio
937 639 1224 719 scriptum
1270 653 1389 704 est:
1444 651 1640 705 Potens
1684 655 1763 706 est
1802 652 1940 706 Deus

287 730 354 788 de
384 733 660 804 lapidibus
691 736 809 789 istis
837 737 1106 791 suscitare
1148 738 1292 807 ﬁlios
1328 738 1566 796 Abrahae
1613 740 1818 810 (Matth.
1854 757 1937 807 m,

288 822 366 893 9).
399 823 564 888 Quod
599 827 836 896 tempus
859 825 1033 880 fuerit
1051 826 1300 896 gentiles
1321 826 1521 899 pepuli
1542 827 1939 899 dispergendi,

289 918 351 969 et
373 916 609 983 tempus
637 927 878 968 rursum
908 913 968 968 in
1001 913 1322 970 Ecelesiam
1354 918 1772 989 congregandi.
1808 917 1941 989 Legi

290 1001 351 1056 in
384 1000 639 1073 quodam
671 1000 822 1057 libro
870 1003 1058 1073 (juxta
1103 1003 1482 1076 Septuaginta
1527 1008 1723 1061 tamen
1762 1005 1941 1061 inter-

292 1093 508 1162 pretes,
555 1089 657 1160 qui
697 1090 1010 1159 dixerunt;
1063 1093 1283 1163 Tempus
1331 1093 1586 1148 mittendi
1623 1095 1859 1166 lapides,
1891 1098 1944 1153 et

294 1183 510 1250 tempus
538 1179 856 1250 colligendi)
885 1180 1219 1237 servitutem
1260 1180 1407 1253 legis
1450 1182 1726 1254 antiquae.
1760 1185 1942 1238 Evan-

295 1267 430 1342 gelii
465 1268 654 1340 gratia
687 1273 1092 1340 temperatam.
1128 1271 1241 1325 Lex
1269 1271 1486 1343 quippe
1515 1272 1725 1345 rigida,
1782 1273 1944 1329 inbe-

295 1356 494 1428 nigna,
523 1373 640 1411 non
672 1371 939 1429 parcens,
988 1363 1323 1430 peccantem
1371 1359 1649 1416 interficit
1695 1365 1947 1433 Evange-

293 1444 357 1499 lii
385 1445 576 1517 gratia
604 1445 941 1513 miseretur,
973 1451 1030 1502 et
1076 1449 1148 1502 ad
1197 1448 1601 1520 paenitentiam
1650 1455 1942 1523 provocat.

293 1538 364 1588 Et
409 1534 520 1590 hoc
561 1549 693 1590 esse
735 1539 970 1607 tempus
1021 1537 1440 1593 mittendorum
1495 1539 1781 1611 lapidum,
1829 1541 1948 1596 sive

295 1624 864 1696 congregandorum,
897 1625 1054 1695 quod
1093 1625 1319 1698 lapides
1369 1627 1680 1683 mittantur
1708 1629 1766 1683 in
1801 1627 1947 1701 lege,

296 1711 649 1783 colligantur
678 1712 737 1766 in
790 1713 1119 1786 Evangelio.
1175 1719 1294 1770 Hoc
1343 1719 1545 1771 utrum
1593 1734 1723 1773 vere
1771 1735 1950 1774 necne

296 1800 518 1856 dictum
548 1801 647 1866 sit,
677 1818 782 1856 suo
812 1802 1138 1873 imputetur
1167 1805 1412 1860 auctori.

369 1911 397 1939 ‹‹
425 1889 686 1960 Tempus
717 1888 1110 1961 amplexandi,
1144 1895 1200 1947 et
1229 1896 1463 1964 tempus
1504 1893 1674 1967 longe
1717 1895 1838 1950 ﬁeri
1879 1897 1952 1950 ab

299 1977 595 2050 amplexu.
634 2002 656 2028 ιι
689 1978 869 2034 Juxta
909 1978 1239 2051 simplicem
1284 1981 1730 2054 intelligentiam
1761 1985 1950 2039 mani-

299 2066 488 2122 festus
513 2069 600 2123 est
629 2082 860 2123 sensus.
894 2069 1170 2139 Apostolo
1221 2071 1377 2126 410
1424 2069 1482 2125 in
1529 2072 1731 2126 eadem
1781 2073 1954 2128 verba

305 2159 688 2227 congruente:
725 2156 904 2211 Nolite
949 2157 1216 2226 fraudare
1244 2158 1314 2212 ad
1369 2161 1624 2226 invicem,
1673 2162 1789 2215 nisi
1814 2163 1955 2230 forte

303 2258 377 2299 ex
403 2259 661 2300 comensu
710 2244 781 2299 ad
830 2249 1064 2317 tempus,
1113 2255 1176 2302 ut
1216 2249 1423 2302 vacetis
1469 2251 1716 2304 orationi
1753 2251 1801 2320 (l
1826 2253 1951 2306 Cor.

299 2347 404 2402 vn,
435 2333 515 2402 5),
549 2332 750 2389 liberis
789 2333 1045 2389 dandam
1089 2345 1347 2406 operam,
1391 2340 1448 2391 et
1497 2354 1734 2393 rursum
1767 2341 1953 2394 conti-

303 2421 534 2476 nentia.
564 2421 668 2476 Vel
686 2423 840 2494 quod
859 2427 1096 2494 tempus
1113 2425 1287 2480 fuerit
1303 2424 1694 2497 amplexandi,
1719 2430 1954 2498 quando

297 2508 534 2582 vigebat
563 2509 667 2566 illa
705 2511 1030 2568 sententia:
1085 2512 1335 2580 Crescite,
1385 2521 1437 2570 et
1477 2517 1951 2588 multiplicamini,

300 2602 352 2655 et
381 2599 583 2671 replete
607 2603 816 2656 terram
849 2600 1002 2672 (Gen.
1029 2617 1076 2668 ‘1,
1125 2603 1240 2674 28).
1296 2602 1364 2657 Et
1412 2607 1645 2675 tempus
1693 2605 1892 2676 procul
1925 2623 1958 2661 a

303 2688 608 2761 complexu
652 2689 801 2758 ﬁeri,
851 2690 1086 2761 quando
1134 2692 1456 2747 successit:
1511 2693 1733 2766 Tempus
1764 2696 1820 2749 in
1851 2712 1957 2750 an-

301 2780 460 2848 gusto
488 2779 530 2842 ί,
568 2779 666 2832 est.
709 2777 961 2849 Superest
1010 2782 1070 2833 ut
1126 2788 1177 2834 et
1225 2782 1323 2850 qui
1375 2780 1571 2836 habent
1631 2799 1850 2851 uxores,
1879 2785 1961 2838 sic

304 2867 421 2941 sint
450 2868 612 2937 quasi
651 2883 760 2922 non
807 2866 1044 2923 habeant
1095 2869 1144 2939 (Ι
1188 2869 1308 2924 Cor.
1344 2887 1444 2937 v11,
1496 2869 1610 2942 29).
1658 2871 1719 2926 Si
1761 2876 1956 2928 autem

305 2953 669 3010 voluerimus
701 2955 772 3010 ad
805 2955 1012 3012 altiora
1052 2959 1460 3029 conscendere,
1513 2960 1842 3016 videbimus
1873 2979 1960 3018 sa-

307 3043 594 3118 pientiam
622 3043 941 3116 amplexari
965 3050 1259 3103 amatores
1281 3064 1420 3103 suos
1445 3066 1457 3104 ε
1483 3050 1719 3116 Honora,
1743 3051 1962 3123 quippe

307 3133 410 3203 ait,
444 3149 586 3200 eam,
621 3141 674 3188 et
701 3135 1111 3205 amplexabitur
1139 3144 1191 3191 te
1229 3137 1408 3207 (Prov.
1462 3155 1536 3203 ιν,
1585 3141 1662 3210 8),
1691 3138 1960 3212 intraque

1981 1844 2028 1908 B

2049 559 2266 631 singuli
2322 563 2749 631 perpetrarunt,
2807 559 2880 613 de
2935 559 3083 631 Lege
3129 563 3186 614 et
3241 560 3543 632 Prophetis
3591 561 3698 616 ad-

2047 653 2256 704 ventus
2318 648 2604 704 Dominici
2673 648 3012 703 testimonia
3073 653 3460 717 consuentes;
3511 651 3592 706 ita
3639 653 3698 705 et

2049 744 2284 809 tempus
2311 738 2420 792 l'uit
2467 737 2761 808 quairendi
2792 742 2849 791 et
2905 738 3271 792 custodiendi
3314 738 3511 806 Israel,
3546 744 3696 795 tem-

2051 842 2162 897 pus
2194 825 2475 896 perdendi
2499 832 2555 880 et
2575 825 2920 896 projiciendi
2953 826 3140 881 illum.
3164 826 3264 881 Vel
3289 831 3443 882 certe
3463 831 3698 900 tempus

2051 914 2346 984 quaerendi
2407 915 2690 984 pupulum
2740 931 2808 968 ex
2851 903 3152 985 gentibus,
3195 920 3251 970 et
3305 919 3540 988 tempus
3570 933 3699 988 per-

2052 1002 2224 1057 dendi
2272 1002 2556 1074 pepulum
2599 1003 2958 1058 Judaeorum.
3027 1004 3285 1076 Tempus
3331 1005 3701 1060 custodiendi

2053 1092 2356 1147 credentes
2388 1108 2458 1146 ex
2489 1091 2848 1159 nationibus,
2893 1098 2952 1146 et
2981 1097 3214 1164 tempus
3263 1093 3579 1164 abjiciendi
3612 1093 3702 1148 in-

2053 1179 2320 1235 credulos
2351 1179 2422 1235 ab
2455 1180 2654 1235 Israel.

2127 1292 2154 1318 ‹‹
2186 1270 2443 1341 Tempus
2468 1270 2720 1339 tacendi,
2753 1275 2810 1325 et
2839 1275 3072 1342 tempus
3103 1270 3396 1343 loquendi.
3433 1295 3460 1320 ››
3493 1272 3702 1345 Pytha-

2056 1358 2283 1429 goricos
2314 1375 2462 1421 reor,
2485 1375 2736 1429 quorum
2759 1359 3071 1431 disciplina
3091 1366 3180 1415 est
3199 1366 3390 1416 tacere
3412 1378 3514 1433 per
3531 1362 3704 1433 quin-

2057 1447 2404 1518 quennium,
2437 1451 2495 1501 et
2526 1451 2725 1518 postea
2755 1449 3016 1502 eruditos
3047 1447 3230 1520 loqui,
3258 1449 3396 1504 hinc
3418 1450 3704 1522 originem

2058 1535 2149 1590 sui
2180 1535 2428 1590 traxisse
2457 1536 2692 1590 decreti.
2730 1536 3037 1591 Discamus
3070 1537 3267 1608 itaque
3309 1543 3366 1593 et
3414 1541 3562 1595 411
3599 1555 3706 1595 nos

2060 1625 2224 1695 prius
2257 1641 2374 1679 non
2407 1623 2586 1695 loqui,
2613 1628 2677 1678 ut
2701 1631 2900 1696 postea
2917 1627 2986 1680 ad
3010 1625 3370 1697 loquendum
3399 1631 3709 1699 praecepto-

2061 1712 2141 1766 ris
2174 1730 2274 1767 ora
2306 1728 2656 1767 reseramus.
2702 1712 2990 1768 Sileamus
3036 1718 3192 1769 certo
3236 1719 3516 1786 tempore,
3547 1720 3604 1770 et
3633 1716 3705 1770 ad

2060 1801 2293 1873 eloquia
2323 1802 2702 1873 pendeamus.
2747 1801 2900 1856 Nihil
2951 1803 3119 1858 nobis
3167 1803 3435 1859 videatur
3483 1809 3707 1860 rectum

2063 1908 2213 1956 esse,
2232 1890 2344 1944 nisi
2365 1891 2519 1961 quod
2543 1890 2846 1957 discimus,
2875 1895 2938 1944 ut
2956 1891 3356 1962 postmultum
3380 1892 3707 1955 silentium,

2063 1981 2134 2034 de
2165 1979 2472 2051 discipulis
2511 1980 2839 2034 efﬁciamur
2886 1979 3171 2051 magistri.
3223 1985 3389 2036 Nunc
3441 1999 3573 2037 vero
3604 1998 3709 2055 pro

2064 2069 2408 2125 saeculorum
2459 2068 2717 2139 quotidie
2783 2071 2839 2123 in
2910 2071 3077 2140 pejus
3126 2069 3447 2126 labentium
3496 2071 3634 2126 vitio
3665 2072 3710 2139 ⁸,

2064 2160 2342 2213 docemus
2374 2158 2432 2212 in
2465 2157 2747 2224 ecclesiis,
2788 2159 2939 2230 quod
2992 2162 3309 2214 nescimus.
3360 2163 3429 2214 Et
3476 2160 3522 2215 si
3550 2177 3708 2216 com-

2066 2247 2354 2320 positione
2383 2248 2714 2314 verborum,
2748 2246 2834 2301 vel
2866 2247 3146 2302 instinctu
3180 2247 3416 2314 diaboli,
3451 2249 3551 2320 qui
3582 2251 3709 2304 fau-

2065 2342 2154 2391 tor
2201 2352 2464 2391 errorum
2518 2341 2630 2401 est,
2701 2335 2943 2406 plausus
2993 2334 3190 2407 populi
3237 2336 3707 2406 excit—averimus,

2065 2429 2268 2481 contra
2299 2424 2717 2479 conscientiam
2750 2429 3010 2479 nostram
3035 2424 3182 2480 scire
3205 2442 3311 2480 nos
3334 2425 3707 2492 arbitramur,

2065 2515 2136 2569 de
2184 2531 2299 2585 quo
2346 2512 2477 2568 aliis
2527 2515 2827 2585 potuimus
2879 2513 3248 2584 persuadere.
3301 2513 3517 2570 Omnes
3559 2521 3712 2570 artes

2066 2603 2287 2675 absque
2309 2603 2541 2658 doctore
2565 2604 2587 2637 ⁶
2618 2617 2729 2656 non
2763 2601 3049 2657 discimus
3074 2619 3086 2656 :
3118 2601 3243 2657 sola
3272 2602 3396 2658 haec
3425 2607 3544 2659 tam
3584 2602 3712 2658 vilis

2067 2697 2124 2747 et
2151 2691 2338 2746 facilis
2379 2695 2486 2756 est,
2521 2695 2584 2745 ut
2613 2707 2727 2746 non
2759 2691 3018 2762 indigeat
3057 2696 3426 2763 praeceptore.

2144 2806 2164 2829 ι
2203 2782 2461 2850 Tempus
2492 2780 2750 2846 amandi,
2795 2785 2851 2835 et
2901 2785 3137 2853 tempus
3185 2781 3439 2836 odiendi.
3481 2803 3508 2830 ››
3541 2782 3712 2836 Tem-

2070 2887 2180 2942 pus
2210 2868 2446 2924 amandi
2478 2873 2610 2940 post
2644 2870 2845 2934 Deum,
2879 2868 3115 2937 liberos,
3166 2885 3426 2936 uxorem,
3468 2870 3712 2942 prepin-

2069 2976 2240 3031 quos,
2270 2965 2326 3014 et
2357 2963 2590 3030 tempus
2620 2957 2852 3014 odiendi
2885 2975 2983 3014 eos
3012 2959 3072 3014 in
3114 2958 3409 3030 martyrio,
3452 2973 3585 3014 cum
3610 2967 3713 3031 pro'

2069 3047 2282 3104 Christi
2332 3047 2697 3102 confessione
2743 3046 2962 3118 rigidos
3012 3047 3196 3119 pietas
3254 3053 3554 3120 oppugnat
3603 3047 3713 3103 ini-

2072 3137 2242 3192 mica.
2276 3135 2381 3192 Vel
2401 3140 2556 3191 certe
2583 3140 2819 3207 tempus
2848 3137 3083 3191 amandi
3106 3135 3314 3207 legem,
3348 3140 3404 3192 et
3433 3153 3500 3192 ea
3529 3153 3656 3208 quae
3682 3153 3717 3192 ο.

306 3221 485 3277 ulnas
508 3238 647 3277 suas
668 3226 725 3277 et
746 3223 1036 3294 gremium
1057 3224 1334 3280 strictiori
1351 3227 1573 3282 tenebit
1595 3228 1899 3300 complexu
1917 3231 1958 3283 ².
1993 3220 2034 3285 C
2074 3225 2199 3298 lege
2245 3225 2478 3280 fuerant
2525 3224 2829 3296 imperata,
2881 3224 3409 3292 circumcisionem,
3467 3224 3716 3292 hostias,

310 3310 512 3376 Porro,
545 3309 686 3381 quia
715 3327 830 3366 non
882 3316 1069 3384 potest
1121 3312 1418 3370 humanus
1463 3315 1701 3372 animus
1731 3334 1964 3390 semper

307 3397 372 3453 in
403 3398 656 3454 sublime
704 3399 888 3466 tendi,
939 3405 997 3457 et
1043 3401 1113 3457 de
1162 3401 1374 3458 divinis
1424 3407 1482 3459 et
1529 3403 1835 3462 altioribus
1867 3423 1960 3462 co-

310 3486 520 3561 gitare,
554 3504 659 3543 nec
690 3489 913 3561 jugiter
959 3507 1086 3546 esse
1136 3492 1195 3546 in
1246 3492 1734 3564 contemplatione
1765 3513 1960 3550 rerum

313 3574 658 3647 ccelestium,
708 3578 807 3632 sed
861 3578 1157 3635 interdum
1208 3582 1657 3638 necessitatibus
1702 3585 1962 3656 corporis

314 3663 653 3736 indulgere;
696 3671 1002 3739 propterea
1055 3673 1286 3742 tempus
1334 3675 1423 3726 est
1465 3671 1833 3744 amplexandi
1865 3690 1963 3729 sa-

316 3752 618 3825 pientiam,
641 3759 697 3811 et
726 3772 855 3811 eam
887 3757 1148 3814 strictius
1180 3759 1514 3815 continendi
1563 3761 1605 3830 3,
1645 3765 1702 3816 et
1729 3765 1964 3833 tempus

315 3841 612 3899 relaxandi
645 3851 900 3901 mentem
934 3847 1004 3902 ab
1035 3846 1249 3903 intuitu
1280 3849 1702 3921 complexuque
1731 3852 1961 3922 sapien-

311 3931 434 3999 tiae,
473 3937 533 3987 ut
563 3950 714 3989 curse
763 3936 1044 4006 corporis,
1095 3941 1153 3992 et
1195 3936 1288 3993 his
1338 3938 1555 4010 quibus
1602 3940 1720 3994 vita
1766 3945 1966 3996 nostra

314 4022 540 4092 absque
571 4028 804 4094 peccato
837 4024 1080 4098 indiget,
1116 4027 1464 4082 serviamus.

387 4133 414 4159 ‹‹
445 4110 703 4182 Temqus
733 4113 1096 4184 acquirendi,
1121 4119 1180 4170 et
1201 4118 1435 4187 tempus
1457 4117 1756 4188 perdendi.
1791 4119 1964 4173 Tem-

309 4215 430 4272 pus
469 4200 862 4267 custodiendi,
895 4206 952 4255 et
983 4207 1214 4274 tempus
1264 4204 1632 4276 projiciendi.
1668 4230 1694 4256 ‹‹
1727 4207 1846 4261 Sub
1876 4207 1963 4261 di-

304 4287 498 4343 versis
529 4289 922 4358 sermonibus,
957 4291 1112 4346 idem
1154 4309 1332 4359 nunc,
1369 4293 1468 4364 qui
1501 4311 1680 4366 supra
1708 4298 1764 4350 et
1789 4295 1962 4365 infra,

303 4391 522 4432 sensus
563 4381 674 4442 est,
709 4377 765 4432 in
793 4395 859 4434 eo
900 4380 1054 4450 quod
1107 4379 1224 4435 ait:
1285 4382 1509 4453 Tempus
1549 4383 1880 4450 destruendi,
1913 4388 1964 4439 et

301 4473 521 4536 tempus
576 4465 911 4538 aediﬁcandi.
968 4471 1047 4523 Ac
1104 4469 1316 4525 deinde
1376 4471 1600 4544 Tempus
1659 4473 1964 4540 scindendi,

2071 3314 2415 3381 Sabbatum,
2443 3314 2782 3368 neomenias
2809 3317 3146 3385 ;ettempus
3167 3313 3403 3368 odiendi
3435 3315 3714 3383 ea,Evan-

2071 3402 2203 3474 gelii
2245 3403 2433 3475 gratia
2463 3402 2829 3456 succedente.
2863 3402 3097 3456 Necnon
3125 3405 3182 3456 et
3225 3401 3332 3456 hoc
3366 3401 3478 3456 dici
3505 3405 3718 3473 potest,

2073 3491 2352 3562 quoniam
2385 3506 2541 3545 nunc
2573 3506 2675 3561 per
2703 3489 3007 3560 speculum
3038 3490 3308 3546 videmus
3330 3490 3388 3544 in
3413 3489 3720 3562 aenigmate

2071 3581 2118 3648 (1
2148 3581 2267 3636 Cor.
2302 3597 2426 3645 xm,
2465 3579 2570 3647 l2),
2603 3582 2838 3649 tempus
2867 3595 2997 3633 esse
3047 3578 3357 3649 praesentia
3404 3578 3712 3649 diligendi,

2073 3673 2129 3723 et
2187 3668 2246 3722 in
2281 3668 2542 3722 futurum
2577 3671 2810 3737 tempus
2836 3667 3126 3732 adveniet,
3162 3667 3398 3737 quando
3416 3669 3720 3720 cernentes

2074 3759 2217 3813 facie
2248 3757 2319 3812 ad
2352 3755 2558 3811 faciem
2588 3756 2629 3821 ⁷,
2663 3759 2720 3810 et
2761 3755 2819 3809 in
2872 3755 3084 3809 melius
3135 3754 3522 3826 proﬁcientes,
3575 3753 3719 3807 inci-

2073 3846 2303 3918 piemus
2335 3845 2548 3909 odisse,
2582 3850 2638 3898 et
2663 3843 2958 3915 despicere
2989 3843 3144 3913 quod
3175 3841 3524 3896 amavimus.

2146 3959 2172 3985 ‹‹
2209 3935 2465 4005 Tempus
2499 3931 2635 3988 belli
2675 3936 2731 3987 et
2776 3938 3011 4004 tempus
3065 3932 3244 4004 pacis.
3283 3953 3308 3980 ››
3359 3931 3625 3995 Quandiu
3659 3931 3717 3985 in

2074 4024 2345 4096 praesenti
2396 4021 2610 4079 saeculo
2668 4037 2896 4088 sumus,
2933 4027 3165 4092 tempus
3209 4025 3298 4076 est
3351 4019 3532 4075 belli:
3583 4035 3718 4075 cum

2075 4117 2270 4168 autem
2304 4111 2751 4183 migraverimus
2782 4111 2852 4166 de
2883 4110 2991 4165 hoc
3018 4109 3250 4177 saeculo,
3285 4109 3445 4181 pacis
3483 4114 3721 4180 tempus

2075 4202 2358 4258 adveniet.
2396 4202 2458 4255 In
2505 4216 2644 4271 pace
2693 4199 2848 4255 enim
2899 4198 3062 4254 locus
3107 4203 3195 4254 est
3244 4199 3365 4266 Dei,
3413 4201 3471 4253 et
3517 4197 3718 4252 civitas

2075 4295 2276 4346 nostra
2303 4289 2654 4356 Jerusalem,
2683 4289 2754 4343 de
2788 4304 2926 4359 pace
2977 4286 3184 4342 sortita
3229 4291 3318 4341 est
3363 4284 3716 4341 vocabulum

2075 4382 2241 4450 (Psal.
2279 4397 2438 4444 Lxxv,
2469 4380 2545 4449 3).
2569 4377 2752 4432 Nemo
2783 4393 2919 4448 ergo
2951 4393 3011 4431 se
3043 4391 3196 4430 nunc
3218 4378 3384 4446 putet
3404 4391 3534 4431 esse
3557 4390 3718 4432 secu-

2075 4486 2204 4524 rum
2231 4485 2244 4523 :
2281 4470 2339 4522 in
2371 4473 2630 4540 tempore
2659 4465 2795 4521 belli
2837 4465 3261 4537 accingendum
3300 4468 3389 4519 est
3411 4465 3452 4531 3,
3478 4467 3534 4518 et
3555 4480 3719 4520 arma

299 4559 358 4610 et
381 4562 591 4626 tempus
615 4556 934 4612 consuendi.
983 4558 1284 4624 Quomodo
1333 4560 1489 4617 enim
1539 4561 1846 4634 Synagoga
1870 4563 1966 4618 de-
1993 4587 2040 4651 Π
2074 4559 2398 4624 tractanda,
2447 4562 2510 4611 ut
2556 4556 2801 4611 victores
2850 4555 3146 4627 quondam
3194 4551 3716 4626 requiescamusin

300 4642 582 4712 struitur,
613 4649 678 4700 ut
707 4645 1026 4702 aediﬁcetur
1070 4646 1346 4719 Ecclesia,
1377 4653 1434 4704 et
1464 4666 1499 4706 a
1543 4649 1690 4722 Lege
1720 4651 1784 4706 fit
1812 4651 1955 4706 scis-

384 4893 400 4926 ²
431 4891 747 4970 Victorius,
782 4896 1003 4967 Tempus
1030 4913 1180 4952 nunc
1221 4899 1282 4952 in
1327 4904 1595 4970 augusto:
1641 4900 1780 4957 olim
1812 4905 1956 4969 erat,

306 4966 535 5090 TemK‘us
556 4965 696 5038 quod
727 4968 787 5020 in
818 4965 1065 5038 augusto,
1102 4973 1212 5023 etc.

376 5037 400 5069 ²
492 5037 805 5090 artianazus
841 5038 1062 5090 vitiose-
1095 5041 1212 5090 Stri.

376 5037 825 5116 {Martianzeush
841 5037 1062 5116 vitiose,
1095 5041 1369 5116 Strictiori
1416 5045 1601 5116 tenere
1643 5045 1953 5116 complexu.

378 5107 402 5141 ³
431 5107 556 5180 Duo
587 5125 750 5180 mss.,
789 5107 1490 5180 Strictius’constringendi.

379 5179 915 5253 ‘gPenesgAlcuinq
963 5184 1027 5236 Et
1087 5179 1322 5252 alligant
1385 5187 1669 5240 scissiones
1730 5187 1954 5253 legales,

301 5258 372 5305 ut
399 5251 687 5322 Euangelii
713 5250 901 5322 gloria
929 5250 1242 5308 consuatur.

375 5322 399 5355 ⁵
445 5321 602 5395 Nunc
655 5338 780 5377 vero
831 5340 934 5395 pro
989 5325 1338 5381 surculorum.
1397 5327 1777 5383 Corbeienses
1810 5344 1953 5383 mss.

295 5408 405 5467 pro
435 5393 740 5448 scholaram
769 5393 1012 5466 quotidie
1035 5399 1096 5452 in
1121 5397 1276 5467 pejus
1308 5399 1607 5454 labentium
1635 5418 1646 5454 :
1677 5404 1733 5454 et
1761 5400 1911 5454 infra
1939 5417 1950 5453 :

299 5466 402 5536 qui
427 5467 606 5536 factor
633 5480 885 5521 errorum
913 5471 1011 5521 est.
1047 5466 1329 5524 Maurum.

303 5605 343 5660 6
374 5537 633 5661 ;ggcole
664 5537 973 5610 epistolam
1002 5539 1072 5593 53
1102 5539 1172 5594 ad
1207 5539 1513 5596 Paulinum
1547 5559 1750 5598 anum.

374 5620 444 5660 au
475 5620 526 5662 δ.

379 5708 446 5722 -
474 5677 670 5737 Omnes
696 5683 841 5738 artes
869 5681 1073 5757 absque
1099 5680 1336 5740 doctore.
1371 5683 1528 5741 Idem
1569 5685 1956 5758 conqueritur

2072 4664 2233 4720 pace.

2068 4897 2129 4952 in
2161 4895 2414 4968 Epistola
2470 4897 2541 4951 ad
2609 4895 2943 4968 Paulinum,
3003 4895 3073 4949 de
3131 4892 3326 4968 studio
3384 4890 3716 4968 divinarum

2068 4961 2542 5040 Scripturarum;
2595 4969 2764 5038 cujus
2812 4966 3044 5021 initium
3098 4969 3205 5032 est,
3254 4965 3447 5019 Frater
3489 4961 3717 5017 Ambro-

2066 5039 2343 5114 sius,’etc_.
2378 5039 2679 5114 Manum.
2820 5109 2869 5114 __
3414 5105 3452 5114 _
3496 5102 3510 5114 ,
3561 5102 3595 5114 _,

2138 5102 2363 5165 7Addit
2413 5110 2596 5165 Vatic.
2659 5109 3015 5171 intuebimur,
3079 5123 3182 5177 pro
3240 5123 3356 5178 quo
3414 5102 3717 5178 Palatinus

2068 5182 2215 5237 alter
2247 5185 2546 5237 intuemur.
2580 5186 2704 5235 Mox
2739 5198 2841 5251 pro
2891 5175 3236 5249 incipiemus,
3257 5175 3344 5232 _et
3388 5175 3531 5251 quod
3559 5191 3713 5251 ama-7

2065 5257 2270 5319 m’mus,
2301 5248 2822 5324 quemadmodum
2846 5248 3015 5324 mss:
3039 5267 3242 5324 omnes
3291 5248 3628 5324 praeferunt,
3660 5250 3718 5300 et

2066 5318 2358 5379 Victorius
2390 5339 2620 5394 quoque
2654 5340 2721 5379 ex
2765 5319 3116 5394 Florentinis
3170 5318 3600 5394 exemplaribus
3632 5333 3717 5373 re-

2067 5397 2358 5465 stituerat,
2393 5390 2660 5450 Martiae.
2696 5393 2935 5448 retinuit
2965 5394 3286 5464 incipimus,
3317 5390 3385 5447 ex
3407 5390 3548 5462 quod
3570 5405 3718 5444 nunc

2065 5484 2334 5522 amamus.

2136 5541 2156 5572 ⁸
2188 5538 2488 5593 Palatinus
2514 5536 2678 5591 alter.
2713 5539 2776 5590 In
2821 5542 3055 5605 tempore
3101 5534 3231 5588 belli
3265 5534 3366 5588 tibi
3393 5530 3715 5605 certandum

2063 5615 2161 5664 est.
2197 5609 2503 5672 Alcuinus,
2541 5603 2974 5664 Ubiccrlamlum
3004 5608 3101 5660 est.
3138 5607 3287 5660 Tum
3339 5621 3472 5660 cum
3507 5603 3710 5672 eodem

2063 5681 2327 5739 Palatino
2357 5670 2692 5748 Vaticanus,
2743 5680 2809 5736 Et
2859 5677 3154 5756 apostolica
3199 5693 3359 5736 arma
3407 5670 3707 5736 tractanda.
