4084 6170
499 322 651 387 1091

1731 322 1800 384 8.
1846 318 2156 387 EUSEBII
2203 321 2673 386 HIERONYMI.

568 480 595 505 ‹‹
630 456 765 520 Qum
804 450 1169 508 abundantia
1216 456 1305 509 est
1356 454 1607 521 facienti,
1661 456 1718 509 in
1772 456 1987 526 quibus
2020 456 2145 526 ipse
2177 459 2229 521 Α
2259 473 2396 520 XXII,
2429 459 2537 527 31),
2572 457 2757 511 instar
2796 454 3141 511 animalium
3188 470 3549 528 provocamur
3588 455 3813 527 [ALpro-

492 544 739 599 laborat.
772 541 905 596 Vidi
936 541 1400 613 occupationem,
1432 561 1610 615 quam
1663 544 1821 597 dedit
1872 543 2008 597 filiis
2040 544 2142 598 bo-

494 632 743 698 minum,
778 634 843 685 ut
872 635 1229 701 occupentur
1258 630 1318 685 in
1364 648 1449 686 ea.
1508 632 1784 687 Universa
1837 633 1972 687 fecit
2002 632 2152 687 bona

493 721 552 776 in
584 725 846 792 tempore
876 736 1006 788 suo,
1040 724 1097 775 et
1127 720 1365 791 quidem
1400 721 1677 775 sreculum
1711 720 1872 775 dedit
1895 721 1950 775 in
1976 722 2150 776 corda

492 827 717 876 eorum,
754 813 820 864 ut
849 826 964 864 non
997 808 1256 863 inveniat
1281 808 1455 863 homo
1480 827 1626 881 opus
1649 811 1803 881 quod
1836 810 1971 864 fecit
1994 814 2146 865 Deus

490 899 564 954 ab
596 898 762 953 initio
803 915 991 970 usque
1017 899 1075 953 in
1108 898 1308 954 tinem.
1344 921 1372 948 »
1424 900 1546 953 Non
1598 916 1690 953 me
1737 899 1887 971 fugit
1934 900 2073 970 quid
2106 917 2141 955 a

490 986 784 1059 plerisque
815 988 874 1042 in
912 987 1017 1041 hoc
1050 986 1172 1041 loco
1210 987 1431 1043 dictum
1478 987 1569 1054 sit,
1624 989 1776 1044 412
1816 989 1968 1059 quod
2010 1004 2143 1059 pro-

457 1114 469 1127 .
489 1080 687 1147 pterea
731 1076 882 1131 Deus
911 1076 968 1130 in
998 1076 1269 1146 praesenti
1303 1075 1513 1131 saeculo
1538 1076 1711 1131 etiam
1735 1091 2141 1148 perversorum

488 1164 833 1235 dogmatum
874 1164 1174 1235 magistris
1206 1164 1561 1220 concesserit
1582 1164 2043 1235 occupationem,
2069 1181 2140 1218 ne

489 1269 659 1308 mens
689 1252 948 1307 hominis
979 1254 1166 1307 otiosa
1195 1257 1572 1324 torpesceret,
1625 1258 1683 1307 et
1722 1253 1829 1308 hoc
1877 1270 2005 1308 esse
2038 1254 2138 1307 bo-

486 1356 651 1411 num,
688 1342 839 1413 quod
877 1341 1010 1396 fecit
1038 1341 1195 1397 Deus
1225 1340 1284 1396 in
1334 1346 1597 1413 tempore
1652 1359 1781 1408 suo,
1840 1346 1895 1396 et
1926 1341 2139 1396 nihilo-

487 1446 685 1485 minus
719 1430 961 1500 nequire
1013 1446 1111 1484 eos
1160 1435 1431 1485 naturam
1484 1436 1540 1485 et
1591 1446 1787 1485 rerum
1832 1430 2136 1486 scientiam

446 1552 451 1565 ι
486 1517 998 1589 comprehendere.
1032 1516 1170 1571 Mihi
1222 1535 1361 1573 vero
1411 1519 1481 1573 ab
1522 1518 1782 1584 Hebraeo,
1819 1518 1920 1589 qui
1952 1536 2045 1573 me
2076 1518 2135 1572 in

486 1606 801 1679 Scripturis
832 1605 1101 1671 erudivit,
1127 1607 1207 1661 ita
1238 1609 1567 1679 expositum
1599 1612 1726 1661 est:
1760 1608 1901 1661 Cum
1938 1607 2136 1662 omnia

485 1713 590 1751 suo
630 1696 903 1751 labantur
933 1699 1214 1767 tempore,
1253 1701 1309 1751 et
1340 1697 1416 1751 sit
1446 1700 1677 1767 tempus
1709 1696 2050 1751 destruendi
2080 1699 2136 1751 et

2261 547 2595 618 vocemur);
2646 547 2747 600 sed
2798 546 3121 601 secundum
3185 544 3564 617 Apostolum:
3607 544 3816 601 Habentes

2258 636 2463 689 victum
2519 639 2571 689 et
2602 637 2873 701 vestitum,
2899 635 2983 689 his
3004 636 3244 689 contenti
3261 650 3440 689 sumus
3460 634 3502 705 (Ι
3523 634 3653 690 Tim.
3669 649 3735 699 vr,
3750 634 3810 703 8).

2260 727 2324 777 ut
2364 723 2470 792 [AL
2520 725 2597 791 et)
2648 723 2933 794 quidquid
2986 739 3167 794 supra
3204 722 3412 777 habere
3457 736 3746 793 possumus,
3769 720 3815 775 in

2257 811 2615 881 pauperibus
2649 811 2977 865 nutriendis
3020 816 3078 865 et
3107 811 3402 882 egentium
3432 808 3705 882 largitione
3721 824 3823 864 con-

2256 915 2585 955 sumamus.
2620 900 2815 967 Porro,
2845 900 2985 971 quia
3004 916 3136 954 caro
3164 899 3388 954 Domini
3407 915 3565 954 verus
3583 901 3662 953 est
3676 896 3818 963 cibus,

2255 992 2312 1042 et
2342 988 2587 1059 sanguis
2620 989 2747 1059 ejus
2797 1005 2969 1043 verus
2999 992 3089 1043 est
3134 992 3328 1059 potus,
3367 988 3530 1058 juxta
3567 985 3821 1058 ἀναγωγήν,

2252 1076 2360 1131 hoc
2390 1076 2581 1132 solum
2617 1077 2904 1132 habemus
2936 1077 2992 1131 in
3029 1077 3296 1148 praesenti
3329 1075 3529 1131 saeculo
3558 1076 3763 1140 bonum,
3787 1072 3822 1127 si

2250 1182 2558 1221 vescamur
2587 1182 2759 1221 carne
2790 1167 2937 1236 ejus,
2993 1170 3051 1220 et
3081 1181 3284 1222 cruore
3334 1154 3610 1237 potemur,
3641 1179 3738 1218 non
3761 1177 3826 1216 so-

2250 1253 2371 1309 lum
2404 1254 2461 1309 in
2497 1254 2774 1326 mysterio
2823 1255 3214 1325 (Eucharistia)
3258 1254 3379 1321 sed,
3425 1253 3592 1308 etiam
3635 1252 3687 1305 in
3711 1250 3823 1304 Scri-

2249 1347 2553 1414 pturarum
2604 1342 2866 1398 lectione.
2916 1343 3100 1399 Verus
3159 1343 3314 1397 enim
3370 1342 3531 1398 cibus
3583 1344 3635 1396 et
3672 1342 3823 1412 potus,

2248 1432 2346 1503 qui
2373 1448 2439 1486 ex
2471 1432 2642 1488 verbo
2694 1431 2794 1486 Dei
2847 1432 3122 1498 sumitur,
3172 1431 3414 1487 scientia
3459 1429 3823 1501 Scripturarum

2246 1526 2353 1576 est.
2383 1522 2496 1576 Nec
2515 1525 2680 1592 putet
2702 1520 2914 1593 aliquis
2938 1520 3079 1575 illud
3112 1538 3147 1576 a
3172 1521 3407 1576 Balaam
3438 1518 3822 1592 prophetatum:

2245 1611 2357 1664 Non
2390 1612 2492 1663 erit
2518 1610 2673 1664 labor
2703 1612 2758 1663 in
2806 1610 2987 1675 Jacob,
3019 1625 3194 1680 neque
3240 1608 3394 1664 dolor
3422 1610 3481 1663 in
3505 1607 3661 1662 Israel
3686 1606 3823 1673 (Nam.

2244 1715 2405 1764 xxur,
2455 1700 2567 1767 23).
2616 1698 2764 1753 Huic
2815 1698 3170 1753 contrarium
3225 1714 3376 1765 esse,
3426 1696 3573 1767 quod
3619 1691 3825 1748 muneris

484 1785 828 1850 aediﬁcandi,
864 1784 1040 1839 flendi
1073 1789 1245 1855 atque
1276 1785 1528 1855 ridendi,
1577 1786 1802 1841 tacendi
1841 1790 2014 1857 atque
2043 1785 2132 1839 lo—
2168 1822 2211 1885 Β
2250 1787 2343 1842 Dei
2391 1804 2519 1842 esse
2550 1787 2763 1841 dicitur
2790 1803 2802 1842 :
2835 1789 2898 1842 Si
2926 1790 3050 1859 quis
3079 1787 3327 1843 comedat
3355 1790 3408 1841 et
3443 1785 3601 1851 bibat,
3629 1790 3672 1838 et
3695 1785 3823 1836 osten-

484 1874 723 1945 quendi,
771 1878 828 1929 et
876 1878 1082 1928 caetera
1122 1890 1252 1945 quae
1318 1874 1472 1928 dicta
1540 1875 1610 1928 de
1668 1878 1926 1946 tempore
1974 1880 2132 1940 sunt,

485 1962 626 2033 quid
658 1962 880 2017 frustra
910 1979 1193 2017 conamur
1224 1966 1281 2018 ct
1329 1961 1647 2029 tendimus,
1698 1967 1755 2017 et
1785 1963 1975 2017 brevis
2005 1963 2131 2017 vitae

482 2050 711 2106 labores
739 2055 1017 2123 putamus
1049 2068 1176 2107 esse
1209 2057 1522 2123 perpetuos
1545 2052 1572 2105 ?
1602 2052 1715 2106 Nec
1750 2052 2003 2107 contenti
2035 2070 2133 2108 su-

484 2156 618 2195 mus
647 2141 969 2195 secundum
1000 2140 1410 2212 Evangelium,
1445 2140 1669 2195 malitia
1693 2141 1803 2195 dici
1832 2160 1843 2196 :
1869 2140 2133 2213 nihilque

481 2228 541 2283 in
572 2228 896 2284 crastinum
936 2229 1259 2300 cogitemus
1291 2228 1499 2300 (Matth.
1534 2247 1610 2296 vr,
1645 2230 1757 2299 3-4).
1790 2229 1938 2293 Quid
1972 2229 2129 2284 enim

480 2333 799 2389 possumus
826 2317 1038 2373 habere
1061 2318 1119 2372 in
1143 2317 1250 2373 hoc
1276 2317 1485 2373 sacculo
1508 2317 1763 2390 amplius
1783 2316 2127 2386 laborando,

480 2406 541 2461 in
570 2423 685 2479 quo
714 2406 770 2461 id
805 2410 1032 2461 tantum
1065 2406 1402 2461 hominibus
1434 2423 1468 2461 a
1497 2406 1611 2461 Deo
1651 2407 1853 2462 datum
1887 2414 1979 2462 est
2017 2425 2029 2474 ;
2065 2411 2129 2462 ut

480 2494 632 2552 alius
661 2495 776 2550 alia.
806 2496 1081 2550 sectando
1113 2495 1374 2560 haberet,
1427 2495 1482 2549 in
1534 2495 1748 2567 quibus
1795 2496 2040 2563 erudiri,
2072 2501 2130 2552 et

481 2600 743 2640 exercere
786 2601 849 2640 se
904 2584 1145 2656 posset?
1191 2585 1345 2640 Deus
1385 2584 1539 2640 enim
1573 2601 1744 2640 omne
1776 2586 1930 2656 quod
1967 2585 2119 2652 fecit,

478 2674 699 2729 bonum
731 2678 838 2740 est,
872 2674 972 2728 sed
1007 2674 1224 2729 bonum
1246 2672 1307 2728 in
1337 2678 1597 2745 tempore
1628 2690 1753 2729 suo.
1783 2673 2010 2728 Bonum
2036 2678 2125 2729 est

477 2761 719 2833 vigilare
744 2766 917 2835 atque
948 2762 1199 2817 dormire
1226 2781 1237 2818 :
1274 2780 1379 2819 nec
1409 2769 1603 2819 tamen
1628 2779 1859 2834 semper
1885 2762 2124 2834 vigilare

479 2854 583 2906 aut
619 2851 871 2907 dormire
902 2853 1123 2907 bonum
1156 2856 1265 2918 est,
1300 2851 1439 2923 quia
1460 2852 1899 2921 vicissimjuxta
1924 2852 2123 2923 dispo-

477 2940 748 2997 sitionem
778 2942 878 2997 Dei
911 2942 1130 2997 bonum
1164 2945 1253 2997 est
1283 2942 1769 3012 unumquodque,
1807 2957 1941 2996 cum
1976 2957 2125 3013 opus

476 3036 584 3086 est.
616 3030 787 3087 Dedit
816 3046 1051 3103 quoque
1082 3030 1236 3086 Deus
1264 3030 1550 3085 mundum
1574 3030 1643 3084 ad
1669 3029 2122 3084 inhabitandum

476 3118 836 3186 hominibus,
871 3124 936 3174 ut
964 3120 1234 3174 fruantur
1262 3118 1639 3174 varietatibus
1680 3122 2035 3189 temporum,
2067 3123 2124 3175 et

477 3224 592 3262 non
615 3211 878 3278 quierant
909 3208 979 3262 de
1000 3208 1195 3262 causis
1228 3224 1419 3261 rerum
1446 3206 1800 3261 naturalium
1826 3210 2119 3278 quomodo
2154 3190 2195 3256 δ

474 3299 669 3349 creata
701 3295 819 3350 sint
850 3295 1084 3350 omnia:
1127 3311 1306 3367 quare
1354 3295 1462 3350 hoc
1508 3295 1597 3350 vel
1647 3296 1789 3350 illud
1829 3297 1901 3350 ab
1953 3297 2119 3353 initio

472 3382 678 3437 mundi
710 3400 896 3454 usque
924 3383 995 3438 ad
1027 3385 1594 3441 consummationem
1621 3384 1816 3440 fecerit
1837 3402 2116 3455 crescere,

473 3488 730 3539 manere,
779 3472 1016 3528 mutari.

544 3584 571 3610 ‹‹
615 3560 869 3633 Cognovi
900 3562 1039 3634 quia
1070 3580 1183 3617 non
1234 3567 1322 3619 est
1375 3563 1619 3625 bonum,
1671 3564 1783 3619 nisi
1831 3563 2033 3631 lintari,
2067 3568 2123 3620 et

473 3651 659 3706 facere
689 3651 909 3706 bonum
941 3650 997 3705 in
1030 3652 1147 3706 vita
1175 3669 1299 3707 sua.
1334 3653 1402 3706 Et
1450 3652 1689 3723 quidem
1723 3653 1913 3708 omnis
1946 3654 2120 3708 homo

470 3740 568 3811 qui
602 3740 873 3808 comedit,
910 3744 967 3795 et
996 3741 1163 3804 bibit,
1200 3744 1255 3794 ct
1285 3741 1539 3797 ostendit
1571 3726 1793 3797 bonum
1823 3743 1836 3775 ι
1872 3741 1930 3795 in
1963 3741 2121 3795 omni

472 3828 669 3884 labore
700 3846 826 3899 suo,
860 3846 928 3886 ex
958 3829 1108 3886 dono
1144 3830 1235 3885 Dei
1293 3835 1399 3884 est.
1454 3852 1478 3876 η
1531 3830 1838 3901 Propterea
1882 3830 2122 3886 colonus

471 3922 529 3972 et
575 3918 787 3991 hospes
838 3920 1042 3975 mundi
1092 3919 1267 3975 homo
1312 3921 1485 3975 datus
1533 3925 1641 3985 est,
1695 3925 1761 3974 ut
1808 3921 1964 3975 brevi
1986 3910 2121 3974 'vitaa

474 4020 592 4059 sum
634 4006 862 4075 fruatur
890 4010 1171 4079 tempore,
1204 4014 1259 4062 ct
1289 4025 1391 4079 spe
1434 4006 1767 4080 prolixioris
1808 4010 1995 4064 tetatis
2027 4010 2123 4064 ab-

473 4092 685 4163 scissa,
716 4098 925 4150 cuncta
958 4113 1083 4167 quae
1117 4096 1399 4168 possidet,
1434 4097 1599 4168 quasi
1650 4099 1719 4152 ad
1753 4098 1898 4153 alias
1932 4100 2123 4170 profe-

473 4186 677 4238 cturus
704 4184 969 4257 aspiciat,
1002 4189 1058 4239 et
1087 4187 1241 4257 quod
1276 4187 1382 4257 [Αἰ.
1418 4188 1731 4258 quantum]
1770 4193 1957 4258 potest
1979 4190 2123 4242 bene

474 4271 650 4328 faciat
678 4271 736 4327 in
780 4273 894 4327 vita
944 4291 1089 4330 sua:
1142 4291 1246 4330 nec
1302 4275 1521 4330 frustra
1565 4276 1637 4329 ob
1682 4277 2123 4347 congregandas

474 4376 612 4431 opes
666 4362 1119 4435 cogitationibus
1170 4368 1530 4434 torqueatur.
1602 4364 1799 4434 Neque
1847 4380 1907 4419 se
1964 4370 2126 4436 putet

476 4450 611 4522 plus
636 4450 710 4505 de
731 4467 836 4506 suo
867 4450 1065 4506 labore
1104 4451 1316 4506 lucrari
1371 4468 1564 4523 posse,
1615 4468 1791 4522 quam
1842 4453 2038 4508 cibum
2071 4458 2127 4508 et

476 4542 700 4610 potum,
734 4544 792 4594 et
820 4540 868 4594 si
902 4539 1040 4611 quid
1074 4541 1144 4596 de
1175 4540 1387 4612 opibus
1419 4540 1544 4595 suis
1567 4540 1625 4595 in
1654 4541 1821 4595 bonis
1848 4542 2125 4614 operibus
2162 4560 2208 4625 ι)

476 4627 835 4699 cxpenderit,
875 4627 985 4682 hoc
1032 4628 1223 4684 solum
1274 4628 1495 4683 donum
1556 4630 1708 4684 4l3
1762 4628 1859 4685 Dei
1913 4634 2018 4685 est.
2056 4632 2134 4686 Ex

478 4716 717 4787 quibus,
749 4733 887 4782 non,
920 4721 985 4771 ut
1014 4717 1252 4789 quidam
1311 4717 1625 4781 aestimant,
1660 4718 1729 4773 ad
1762 4717 2055 4774 luxuriam
2080 4725 2136 4775 et

478 4805 739 4872 delicias,
758 4810 814 4862 ct
829 4807 900 4861 ad
919 4806 1412 4878 desperationem,
1428 4808 1750 4861 secundum
1775 4807 1918 4862 illud
1940 4809 2130 4864 Isaiae:

478 4895 864 4953 Manducemus
894 4905 945 4952 et
993 4896 1261 4963 bibamus,
1312 4912 1437 4951 cras
1481 4899 1630 4950 enim
1674 4898 1973 4975 moriemur
2004 4899 2130 4970 (Isa.

554 5074 760 5129 1Idem
822 5073 1067 5129 Palatin.
1135 5074 1410 5139 Comedct,
1460 5084 1511 5130 et
1565 5076 1729 5143 bibet,
1789 5086 1838 5131 et
1897 5079 2133 5135 ostendet

482 5146 690 5202 animm
718 5160 836 5203 sua?
876 5149 1095 5215 bonum,
1133 5151 1242 5201 etc.

554 5217 575 5288 ξ
606 5221 714 5288 Pro
746 5220 805 5272 in
836 5218 1042 5288 dolore,
1080 5218 1371 5274 Palatinus
1404 5216 1569 5283 alter,
1620 5219 1676 5272 in
1707 5218 2060 5276 abstinentia.

555 5286 916 5361 3Yictorius,
964 5286 1067 5361 pro
1117 5290 1341 5361 gaudio,
1393 5288 1593 5361 reponi
1654 5289 1776 5343 vult
1836 5293 1973 5355 risu,
2006 5301 2131 5348 tum

486 5373 555 5411 ex
586 5356 781 5434 Graeco
821 5356 1011 5434 textu,
1062 5356 1134 5434 inv
1168 5379 1283 5432 quo
1325 5366 1420 5434 est
1458 5356 1734 5434 ῖίὲλωτᾳς,
1789 5367 1911 5417 tum
1947 5381 2015 5419 ex
2044 5382 2130 5430 eo,

488 5428 642 5506 quod
673 5429 744 5483 de
776 5432 915 5498 risu,
948 5449 1061 5487 non
1095 5433 1165 5487 de
1185 5428 1412 5506 paridio,
1446 5428 1638 5506 sermo
1672 5433 2001 5506 Hieronymi
2035 5428 2129 5492 sit.

487 5500 640 5558 Nihil
673 5517 806 5555 vero
837 5507 1037 5558 contra
1067 5500 1209 5558 mss:
1246 5505 1415 5559 tidem
1452 5500 2024 5563 immutandumvest.

558 5573 580 5646 ξ
608 5570 871 5646 Yatican.
900 5578 1061 5646 atque
1082 5579 1383 5644 concreata,
1418 5576 1534 5630 fere
1566 5579 1630 5628 ut
1658 5575 1888 5632 Alcuin.
1921 5586 2129 5635 creata.

509 5726 515 5741 '
558 5643 581 5682 ⁸
611 5643 769 5703 Idem
804 5643 1092 5717 Vatican.,
1122 5647 1205 5706 Ex
1251 5643 1442 5702 rerum
1487 5646 1774 5720 qualitate,
1823 5665 2013 5719 cursu,
2044 5666 2131 5707 or-

2244 1876 2337 1931 (lat
2368 1878 2568 1931 bonum
2600 1877 2659 1929 in
2701 1892 2858 1931 omne
2909 1877 3092 1932 labore
3137 1892 3255 1931 suo.
3307 1874 3495 1931 Multae
3541 1871 3727 1944 quippe
3748 1869 3821 1924 tri-

2246 1963 2577 2019 bulationes
2602 1966 2922 2034 justorum.
2957 1965 3025 2020 Et
3057 1966 3126 2019 de
3156 1964 3252 2019 his
3272 1962 3577 2036 Apostolus
3595 1960 3817 2032 queritur,

2242 2054 2301 2109 in
2334 2052 2531 2109 labore
2563 2058 2619 2108 et
2647 2053 2844 2110 dolore
2877 2054 2896 2087 ²
2923 2054 3169 2109 sudasse
3198 2070 3262 2109 se
3306 2054 3505 2108 dicens
3538 2051 3609 2121 (Il
3634 2050 3734 2104 Cor.
3756 2050 3819 2113 ιι).

2245 2142 2357 2197 Sed
2389 2158 2520 2196 cum
2554 2142 2623 2197 de
2651 2142 2743 2198 his
2774 2159 2888 2197 nos
2912 2142 2970 2196 in
2994 2143 3187 2197 futuro
3209 2141 3493 2197 Dominus
3515 2138 3817 2194 liberaverit:

2244 2231 2365 2286 Non
2394 2234 2502 2286 erit
2541 2231 2697 2286 labor
2750 2233 2811 2285 in
2859 2232 3040 2298 Jacob,
3090 2247 3266 2302 neque
3308 2230 3461 2286 dolor
3500 2232 3557 2284 in
3598 2227 3756 2283 Israel.
3778 2223 3827 2278 Et

2242 2321 2535 2391 quomodo
2570 2320 2713 2376 illud
2749 2319 3038 2390 legimus:
3073 2322 3229 2375 Beati
3260 2321 3472 2389 ﬂentes,
3504 2318 3733 2390 quoniam
3748 2312 3825 2381 ipsi

2238 2410 2497 2465 ridebunt
2529 2411 2678 2479 (Luc.
2712 2426 2790 2475 vr,
2826 2410 2916 2477 21)
2942 2453 2954 2469 .
2997 2412 3054 2463 et
3083 2409 3239 2465 risus
3284 2412 3478 2464 noster
3504 2406 3608 2462 Job
3634 2402 3823 2477 prophe-

2240 2498 2421 2552 tautis
2485 2498 2659 2553 verba
2725 2497 3085 2558 sectabitur;
3159 2500 3447 2553 i’eracium
3499 2512 3554 2552 os
3591 2492 3826 2565 replebitur

2236 2587 2439 2658 gaudio
2472 2588 2492 2621 ³
2538 2587 2651 2658 (Job
2709 2604 2831 2653 vru,
2901 2588 3032 2658 21);
3093 2586 3179 2641 sic
3236 2602 3396 2641 nunc
3453 2584 3633 2639 labore
3676 2581 3824 2635 nostro

2238 2677 2492 2732 fruimur
2514 2676 2571 2730 in
2600 2676 2765 2731 bonis
2788 2675 3082 2747 operibus,
3110 2690 3213 2746 per
3234 2692 3412 2747 quem
3437 2674 3825 2744 coangustamm

2237 2770 2293 2822 et
2323 2766 2669 2838 premimur,
2704 2768 2769 2820 ut
2798 2769 2999 2836 postea
3030 2763 3299 2820 laberare
3328 2778 3635 2820 cessemus.

2311 2922 2337 2947 ‹‹
2369 2898 2618 2970 Cognovi
2651 2897 2789 2969 quia
2817 2897 3015 2952 omnia
3040 2914 3165 2968 qua:
3197 2896 3335 2952 fecit
3364 2901 3532 2962 Deus,
3563 2895 3674 2966 ipsa
3696 2890 3822 2946 erunt

2236 2988 2295 3042 in
2328 2991 2634 3054 aeternum,
2663 3002 2839 3058 super
2868 2985 2969 3041 illa
2999 3003 3112 3041 non
3156 2990 3348 3059 potest
3397 2984 3549 3053 addi,
3580 2987 3631 3038 et
3657 2980 3717 3035 ab
3738 2976 3820 3031 illis

2235 3095 2352 3132 non
2385 3080 2575 3148 potest
2604 3076 2853 3143 auferri;
2889 3080 2945 3130 et
2976 3075 3129 3131 Deus
3181 3076 3319 3131 fecit
3362 3080 3428 3131 ut
3457 3074 3683 3129 timeant
3708 3085 3735 3123 a
3756 3066 3821 3120 fa-

2234 3165 2320 3221 cie
2367 3166 2510 3236 ejus.
2549 3186 2575 3212 »
2608 3164 2762 3217 Nihil
2812 3168 2902 3219 est
2942 3164 3000 3218 in
3051 3164 3272 3219 mundo
3325 3163 3478 3235 quod
3527 3173 3716 3217 novum
3749 3154 3818 3209 sit.

2234 3253 2384 3309 Solis
2419 3270 2651 3319 cursus,
2683 3258 2739 3308 et
2768 3252 2918 3308 lunae
2952 3252 3126 3316 vices,
3167 3257 3223 3307 et
3275 3258 3444 3308 terra:
3489 3252 3818 3315 arborumque

2230 3344 2483 3409 siccitas,
2518 3342 2604 3397 vel
2639 3342 2812 3409 viror,
2848 3359 2979 3397 cum
3014 3343 3141 3414 ipso
3159 3344 3384 3398 mundo
3402 3345 3535 3397 nata
3555 3339 3821 3403 suntatque

2230 3437 2501 3488 concreta
2540 3434 2577 3487 ⁸.
2631 3432 2698 3486 Et
2746 3430 2959 3486 idcirco
3011 3437 3161 3487 Deus
3192 3436 3378 3487 .certa
3423 3430 3634 3485 ratione
3660 3424 3823 3479 cuncta

2233 3521 2570 3576 moderatus
2604 3524 2713 3586 est,
2746 3524 2801 3575 et
2837 3521 3023 3590 jussit
3051 3520 3333 3576 humanis
3364 3519 3564 3574 usibus
3590 3512 3820 3571 elementa

2232 3611 2466 3676 servire,
2501 3614 2566 3664 ut
2595 3608 2865 3663 homines
2896 3608 3017 3663 haec
3061 3608 3350 3677 videntes,
3401 3604 3704 3677 intelligant
3726 3608 3821 3653 esse

2234 3698 2659 3770 providentiam
2697 3696 2803 3769 [Λί.
2831 3697 3256 3768 prudentiam],
3303 3703 3359 3753 et
3400 3697 3635 3752 timeant
3659 3708 3687 3746 a
3712 3682 3821 3741 facie

2232 3788 2354 3856 Dei,
2393 3788 2533 3841 dum
2559 3803 2629 3841 ex
2649 3803 2842 3840 rerum
2863 3785 3216 3857 aequalitate,
3241 3803 3441 3852 cursu,
3468 3781 3824 3846 ordine,atq09

2233 3876 2565 3931 constantia
2603 3876 2624 3909 ⁵
2656 3874 2991 3946 intelligunt
3021 3884 3364 3931 creatorem.
3390 3877 3538 3929 414
3568 3861 3824 3928 Ιηυίςίόἰιιὶι

2233 3967 2381 4021 enim
2409 3966 2511 4020 Dei
2539 3966 2560 3999 ⁸
2585 3981 2689 4035 per
2715 3981 2778 4020 ea
2816 3980 2943 4035 quae
2987 3966 3133 4034 facta
3173 3973 3324 4026 sunt,
3374 3963 3637 4020 intellecta
3657 3949 3822 4023 consPi‘

2233 4056 2457 4109 ciuntur
2486 4071 2499 4109 :
2535 4056 2925 4123 sempiternam
2954 4069 3168 4125 quoque
3216 4056 3391 4108 virtus
3431 4052 3543 4123 ejus
3585 4057 3630 4104 et
3665 4037 3826 4100 divini-

2235 4148 2317 4197 tas
2346 4145 2546 4211 (Rom,
2574 4160 2591 4195 1
2621 4144 2733 4210 20).
2768 4142 2929 4207 Quod
2958 4141 3007 4197 si
3052 4140 3433 4207 voluerimus,
3483 4136 3646 4212 priori
3687 4140 3824 4189 sensu

2236 4232 2420 4297 finito,
2450 4232 2613 4303 quasi
2650 4248 2683 4285 a
2714 4231 2901 4302 capite
2950 4230 3174 4302 legere:
3229 4232 3292 4285 Et
3340 4234 3474 4287 Deus
3520 4228 3658 4300 fecit,
3700 4218 3824 4275 utti-

2232 4324 2413 4375 meant
2442 4338 2476 4375 a
2505 4321 2652 4393 faeie
2680 4320 2817 4386 eius,
2852 4319 2944 4374 hic
2976 4337 3186 4375 sensus
3217 4326 3304 4375 est
3331 4336 3343 4375 :
3397 4325 3541 4374 Deus
3569 4309 3739 4371 omnia
3763 4304 3825 4359 fe-

2235 4408 2331 4476 cit,
2366 4414 2430 4463 ut
2458 4409 2705 4464 timeant
2735 4407 3002 4463 homines
3050 4409 3120 4464 ab
3168 4425 3257 4475 eo,
3307 4408 3461 4481 quod
3514 4398 3822 4462 scmelDeua

2239 4497 2551 4567 disposuit,
2622 4497 2681 4551 in
2741 4496 2897 4551 aliud
2956 4496 3248 4553 declinare
3287 4500 3327 4552 ⁷.
3387 4495 3623 4551 Pulchre
3669 4492 3822 4545 autem

2244 4586 2609 4658 temperavit,
2643 4586 2881 4641 dicens:
2920 4587 2982 4643 Ut
3009 4588 3233 4641 timeant
3287 4605 3321 4641 a
3363 4589 3502 4658 [acie
3545 4584 3650 4655 ejus
3689 4568 3822 4645 (Psal.

2243 4693 2441 4745 xxxm,
2477 4676 2584 4747 17).
2618 4673 2829 4730 Vultus
2861 4675 3076 4747 quippe
3118 4675 3348 4731 Domini
3388 4689 3556 4747 super
3601 4664 3823 4725 facientes

2244 4765 2419 4822 mala.

2317 4922 2344 4950 ‹‹
2372 4899 2519 4963 Quid
2554 4899 2828 4971 estquod
2877 4899 3035 4954 fuit?
3090 4899 3290 4972 ipsum
3335 4898 3484 4971 quod
3531 4897 3611 4951 est
3651 4892 3822 4954 οιαυε

2241 5081 2389 5143 (line,
2420 5080 2753 5150 aequalitate,
2787 5087 2836 5134 et
2865 5081 3171 5134 constantia
3200 5097 3211 5146 ;
3246 5077 3338 5134 cui
3387 5092 3452 5132 ex
3498 5073 3644 5146 parte
3670 5071 3819 5121 conCl'

2243 5154 2328 5207 nit
2354 5152 2670 5206 Palatinus.
3606 5212 3618 5217 _
3672 5208 3682 5217 _

2312 5224 2333 5258 ⁸
2363 5224 2677 5278 Inrisibitta
2728 5224 2875 5277 enim
2924 5222 3038 5276 Dei.
3088 5217 3462 5289 Manuscripti
3506 5210 3818 5289 Corbeiensef

2244 5294 2326 5349 sic
2375 5294 2597 5367 legunt.
2649 5294 2941 5349 Invisibita
2986 5295 3132 5367 enim
3177 5312 3211 5349 a
3252 5278 3500 5367 creatura
3539 5278 3819 5367 muniit;

2241 5382 2301 5421 ea
2334 5346 2465 5435 qua?
2502 5369 2647 5437 facta
2695 5374 2846 5431 sunt,
2898 5366 3180 5419 intellecta
3231 5362 3640 5435 conspiciuntur.
3669 5346 3813 5423 Μιξῖτι

2311 5439 2331 5464 τ
2358 5443 2498 5464 nu...
2535 5438 2772 5464 imum..-“
2807 5442 2857 5464 Λι
2884 5436 3135 5464 ῖγεηιηκεη
3162 5436 3317 5464 νηιεη
3365 5449 3447 5464 ηπ.
3520 5404 3816 5464 Νορθηαιωά

2311 5413 2513 5492 7'Cum'
2535 5438 2774 5492 Erasmo
2806 5413 2862 5491 et
2884 5436 3137 5492 Victorio
3162 5413 3489 5499 V'atic.'nis.,
3513 5425 3671 5485 Necin
3686 5413 3756 5471 οίι

2239 5508 2536 5563 declinare.

2488 5556 2659 5634 aliud
2689 5579 2994 5650 declinare.
3012 5577 3177 5634 Falso
3209 5577 3357 5650 aPUd
3388 5577 3590 5650 E’l‘tsm'
3618 5564 3674 5650 ait.
3690 5556 3821 5613 Mn.

2239 5650 2383 5723 tian,
2417 5650 2690 5726 legimus,
2720 5652 2829 5711 Nec
2852 5652 2914 5708 in
2942 5649 3103 5707 aliud
3129 5643 3416 5710 declinare.
3445 5643 3695 5703 Murus.
