4084 6170
258 347 419 419 1093

1272 358 1901 422 COMMENTARIUS
1943 356 2023 420 IN
2066 354 2666 421 ECCLESIASTEN.

3513 361 3667 426 1094

255 492 455 547 futura
482 494 624 547 sunt
650 489 837 564 ‘,jam
870 490 1137 561 l‘uerunt;
1197 497 1253 548 et
1307 499 1454 549 Deus
1502 498 1720 566 quazret
1766 509 1899 548 eum
1930 504 1982 565 Α
2012 493 2313 564 putabam.
2346 492 2475 547 Vidi
2508 493 2663 548 enim
2695 496 2751 548 et
2772 493 3001 564 justum
3024 492 3212 551 multa
3242 495 3396 552 mala
3414 495 3509 553 hic
3538 514 3669 570 per-

249 580 352 653 qui
412 580 879 651 persecutionem
938 582 1179 654 patitur.
1212 606 1240 631 »
1294 582 1396 638 Vel
1437 582 1763 655 prmterita,
1813 582 1901 637 vel

248 668 582 741 praesentia,
612 670 696 726 vel
730 670 926 725 futura
972 672 1103 743 ipsa
1140 674 1196 726 et
1226 672 1482 738 fuerunt,
1536 676 1593 727 et
1642 675 1798 737 sunt,
1854 674 1910 725 et

249 762 425 814 erunt
454 759 725 815 universa
755 777 882 832 quae
929 761 1245 816 cernimus.
1298 760 1392 816 Sol
1445 760 1545 832 qui
1599 777 1754 815 nunc
1787 759 1907 815 ori-

249 852 370 916 tur,
403 851 460 904 et
488 852 801 921 antequam
837 866 1104 906 essemus
1141 866 1246 906 nos
1278 850 1338 905 in
1372 849 1612 915 mundo,
1675 850 1802 916 fuit,
1855 853 1911 904 et

252 941 570 1009 postquam
625 938 839 993 mortui
890 939 1198 1005 fuerimus,
1248 939 1504 994 oriturus
1558 941 1666 994 est.
1713 936 1908 992 Solem

255 1029 452 1082 autem
484 1026 942 1093 nominavimus,
977 1032 1042 1082 ut
1071 1044 1138 1083 ex
1157 1026 1265 1083 hoc
1294 1026 1694 1100 intelligamus
1725 1030 1782 1081 et
1810 1043 1911 1081 ete-

253 1119 382 1171 tera
411 1131 539 1172 esse
567 1116 792 1183 eadem,
823 1133 950 1188 quae
983 1117 1241 1173 fuerunt.
1302 1117 1464 1182 Quod
1511 1117 1560 1171 si
1606 1116 1913 1171 videantur

256 1219 364 1277 per
390 1204 783 1261 conditionem
818 1206 1027 1262 mortis
1058 1206 1265 1278 perire,
1300 1223 1415 1262 non
1461 1209 1724 1278 pereunt,
1772 1206 1913 1277 quia

257 1311 497 1350 rursum
530 1294 782 1350 rediviva
806 1298 1203 1360 succrescunt,
1227 1294 1444 1350 etnihil
1476 1294 1535 1349 in
1564 1298 1909 1367 perpetuum

258 1382 479 1449 interit,
512 1382 613 1438 sed
654 1382 1004 1449 renascitur,
1037 1388 1093 1439 et
1125 1382 1293 1455 quasi
1338 1399 1473 1438 cum
1523 1383 1779 1454 quodam
1831 1383 1911 1437 fe-

258 1487 399 1527 nore
430 1470 738 1527 reviviscit.
770 1471 888 1526 Hoc
919 1476 1010 1527 est
1054 1472 1212 1528 enim
1258 1471 1415 1542 quod
1465 1471 1548 1526 ait
1599 1488 1611 1524 :
1664 1472 1728 1525 Et
1774 1473 1915 1525 Deus

254 1568 465 1631 quaeret
484 1576 608 1616 eum
642 1562 741 1631 qui
764 1562 1194 1632 persecutionem
1218 1562 1471 1631 patitur;
1507 1560 1662 1632 quod
1723 1559 1914 1615 Graec

255 1648 468 1705 melius
525 1650 740 1705 dicitur
764 1648 854 1702 καὶ
886 1648 913 1702 ό
944 1648 1073 1710 Θεὸς
1114 1653 1336 1717 ζητησει
1364 1647 1454 1702 τόν
1516 1646 1846 1720 ὁιωκόμενον
1870 1650 1912 1713 ³,

255 1739 316 1794 id
338 1742 448 1805 est,
481 1738 637 1810 quod
670 1738 968 1810 praeteriit,
1030 1739 1183 1810 quod
1241 1737 1549 1810 expulsum
1602 1742 1712 1805 est,
1759 1738 1913 1809 quod

256 1844 384 1885 esse
413 1827 682 1883 cessavit.
719 1828 773 1882 Si
828 1832 1026 1883 autem
1060 1827 1218 1882 istud
1265 1827 1335 1882 de
1394 1827 1622 1882 cunctis
1676 1844 1803 1899 quae
1854 1827 1912 1881 in
1949 1869 1995 1933 Β

261 1917 485 1973 mundo
535 1920 695 1987 sunt,
746 1915 981 1982 dicitur,
1042 1916 1112 1971 de
1173 1915 1410 1972 homine
1457 1914 1620 1970 nulla
1680 1916 1912 1970 dubita-

258 2006 342 2063 tio
372 2009 481 2075 est,
532 2005 676 2077 quin
727 2010 1000 2061 mortuus
1060 2009 1421 2061 renascatur.
1467 2005 1524 2059 Si
1578 2004 1670 2059 cui
1717 2009 1913 2060 autem

259 2092 454 2166 placet
508 2093 676 2165 quasi
725 2093 959 2166 proprio
1015 2092 1207 2166 legere
1272 2092 1582 2165 principio,
1649 2094 1713 2147 Et
1777 2094 1915 2148 Deus

262 2190 471 2254 qureret
498 2198 618 2237 eum
662 2184 760 2256 qui
795 2184 1224 2255 persecutionem
1278 2184 1513 2254 patitur,
1558 2185 1759 2237 utatur
1808 2182 1916 2237 hoc

260 2270 599 2328 testimonio
630 2271 689 2326 in
720 2271 1124 2344 persecutione
1153 2270 1482 2343 gentilium,
1515 2270 1586 2325 ad
1618 2269 1918 2326 consolan-

258 2360 406 2415 dum
436 2375 593 2425 eum,
652 2361 754 2431 qui
805 2358 865 2414 in
919 2359 1194 2431 martyrio
1244 2365 1592 2431 perseverat.
1655 2361 1723 2414 Et
1780 2360 1917 2431 quia

257 2464 467 2505 omnes
497 2449 662 2519 iuxta
691 2447 1032 2521 Apostolum
1066 2448 1134 2520 (ll
1179 2449 1324 2504 Tim.
1374 2449 1482 2520 ιιι),
1533 2447 1633 2519 qui
1682 2447 1774 2519 pie
1820 2466 1915 2503 vo-

257 2536 394 2593 lunt
420 2536 611 2592 vivere
642 2537 702 2591 in
734 2536 842 2592 hoc
874 2536 1108 2603 saeculo,
1170 2537 1639 2608 persecutionem
1687 2537 1916 2608 patiun-

254 2631 381 2693 tur,
439 2625 744 2681 habeant3
785 2624 1267 2692 consolationem,
1318 2626 1457 2697 quiu
1514 2626 1667 2682 Deus
1710 2625 1917 2698 quaerit

256 2714 729 2787 persecutionem
778 2714 1120 2787 patientem,
1171 2714 1323 2770 sicut
1369 2714 1613 2786 requirit
1677 2715 1915 2788 sangui-

260 2820 399 2859 nem
428 2802 741 2870 interiecti,
772 2808 830 2859 et
861 2802 1015 2858 venit
1045 2819 1301 2875 quaerere
1343 2803 1497 2874 quod
1544 2804 1814 2875 perierat,
1862 2808 1918 2860 et

260 2896 555 2949 errantem
588 2907 752 2947 ovem
782 2892 805 2926 ⁴
836 2891 960 2947 suis
1000 2892 1260 2948 humeris
1303 2892 1374 2947 ad
1428 2907 1664 2965 gregem
1719 2909 1914 2965 repor-

259 2980 408 3038 tavit
437 2982 590 3051 (Luc.
622 2997 736 3051 XIX,
770 2980 884 3050 xv).

339 3093 367 3120 ‹‹
400 3071 473 3125 Et
502 3069 695 3135 adhuc
722 3068 839 3123 vidi
865 3069 975 3124 sub
1007 3067 1127 3124 sole
1154 3068 1351 3124 locum
1384 3069 1622 3140 judicii:
1676 3069 1755 3125 ibi
1806 3070 1914 3125 im-

263 3159 490 3231 pietas;
541 3164 599 3214 et
654 3157 848 3214 locum
900 3158 1183 3229 justitiae:
1234 3158 1315 3213 ibi
1395 3158 1696 3231 iniquitas.
1758 3160 1912 3215 415

2019 584 2156 653 peti,
2189 586 2247 637 et
2276 582 2524 654 impium
2557 599 2800 655 regnare
2833 600 2936 655 pro
2985 584 3221 640 scelere.
3276 586 3482 642 Postea
3536 603 3668 643 vero

2018 687 2150 725 cum
2178 671 2351 726 corde
2390 688 2516 726 meo
2567 671 2906 743 colloquens
2955 678 3012 727 et
3061 676 3340 743 reputans
3388 675 3669 742 intellexi,

2020 777 2132 814 non
2161 776 2262 831 per
2293 765 2488 831 partes
2520 766 2697 814 Deum
2729 766 2785 816 et
2816 778 2917 834 per
2967 761 3230 835 singulos
3278 781 3432 819 nunc
3460 765 3480 798 ⁵
3509 764 3668 836 judi-

2020 865 2169 914 care,
2212 850 2311 903 sed
2363 848 2420 903 in
2460 850 2719 904 futurum
2765 854 2999 921 tempus
3048 868 3340 907 reservare
3376 853 3671 923 judicium
3729 894 3735 900 -

2020 941 2310 993 utomnes
2340 938 2941 1009 pariterjudicentur,
2988 944 3045 994 et
3092 941 3417 996 secundum
3467 940 3672 997 volun-

2020 1030 2199 1081 tatem
2231 1030 2287 1080 et
2316 1043 2490 1097 opera
2521 1044 2628 1082 sua
2660 1027 2735 1081 ibi
2769 1028 3068 1099 recipiant.
3095 1028 3212 1085 Hoc
3235 1034 3322 1085 est
3338 1029 3495 1086 enim
3519 1031 3674 1104 quod

2022 1114 2131 1169 ait:
2167 1116 2227 1169 Et
2258 1119 2467 1186 tempus
2521 1119 2673 1172 omni
2729 1118 3016 1183 voluntati,
3075 1120 3125 1173 et
3167 1136 3331 1191 super
3384 1137 3541 1177 omne
3583 1120 3675 1193 fa-

2020 1207 2169 1259 ctum
2204 1204 2299 1271 ibi,
2330 1205 2385 1259 id
2419 1209 2525 1273 est,
2559 1205 2617 1260 in
2642 1205 2880 1274 judicio,
2934 1207 3169 1278 quando
3219 1208 3505 1265 Dominus
3555 1226 3673 1265 cce-

2024 1292 2479 1364 peritjudieare,
2516 1299 2655 1349 tunc
2684 1294 2880 1349 futura
2909 1302 2998 1350 est
3044 1295 3278 1364 veritas,
3332 1313 3486 1352 nunc
3529 1297 3678 1369 inju-

2024 1383 2185 1438 stitia
2215 1382 2554 1437 dominatur
2584 1383 2641 1437 in
2675 1385 2916 1457 mundo.
2949 1384 3083 1439 Tale
3116 1385 3252 1457 quid
3278 1386 3415 1440 etin
3439 1386 3677 1459 Sapien-

2024 1471 2123 1538 tia,
2185 1488 2311 1541 quae
2367 1470 2470 1525 lilii
2500 1473 2520 1505 θ
2550 1470 2749 1526 Sirach
2805 1471 3163 1536 inscribitur,
3216 1473 3466 1544 legimus
3494 1491 3508 1529 :
3541 1493 3561 1522 α
3596 1475 3678 1532 Ne

2026 1559 2262 1623 dixeris,
2295 1560 2435 1630 quid
2470 1565 2556 1615 est
2588 1559 2695 1614 hoc
2729 1565 2831 1615 aut
2888 1561 3028 1632 quid
3083 1566 3173 1616 est
3229 1561 3434 1617 istud?
3479 1565 3679 1619 omnia

2025 1647 2182 1704 enim
2214 1652 2473 1720 tempore
2504 1666 2609 1704 suo
2644 1649 3089 1720 requirentur.»

2098 1760 2125 1787 ‹‹
2158 1736 2285 1792 Dixi
2317 1754 2422 1809 ego
2454 1738 2512 1792 in
2547 1738 2718 1792 corde
2750 1755 2877 1793 meo
2910 1738 2979 1793 de
3007 1737 3238 1810 loquela
3270 1739 3526 1795 filiorum
3574 1740 3678 1795 ho-

2028 1826 2225 1896 minis,
2258 1826 2395 1898 quia
2444 1832 2677 1897 separat
2706 1826 2837 1882 illos
2890 1828 3058 1893 Deus,
3113 1832 3170 1882 et
3217 1834 3282 1883 ut
3327 1829 3679 1899 ostenderet,

2026 1915 2162 1987 quia
2192 1915 2303 1987 ipsi
2328 1917 2599 1986 jumenta
2630 1920 2769 1971 sunt
2790 1916 2899 1972 sibi
2927 1918 2967 1984 ⁷,
2993 1917 3132 1989 quia
3159 1921 3402 1973 eventus
3424 1917 3680 1974 ﬁliorum

2024 2004 2354 2072 hominum,
2389 2009 2445 2059 et
2475 2009 2716 2061 eventus
2751 2006 2998 2077 pecoris,
3030 2011 3270 2062 eventus
3320 2025 3475 2063 unus
3524 2007 3608 2063 eis
3635 2009 3677 2063 ⁸.

2024 2094 2185 2148 Sicut
2214 2110 2372 2148 mors
2401 2093 2601 2164 hujus,
2652 2093 2732 2147 ita
2788 2098 2844 2148 et
2902 2111 3058 2149 mors
3101 2094 3282 2164 illius,
3329 2100 3387 2151 et
3436 2096 3682 2168 spiritus

2030 2198 2182 2237 unus
2230 2180 2524 2245 omnibus,
2561 2186 2616 2236 et
2647 2181 2901 2251 amplius
2955 2181 3186 2236 humini
3221 2199 3254 2237 a
3282 2198 3486 2254 pecore
3534 2182 3681 2238 nihil

2026 2274 2133 2337 est,
2168 2269 2306 2341 quia
2336 2270 2534 2325 omnia
2560 2270 2805 2325 vanitas.
2840 2270 3051 2325 Omnia
3098 2270 3318 2325 vadunt
3358 2271 3429 2325 ad
3475 2271 3672 2326 locum

2027 2376 2232 2426 unum,
2267 2358 2466 2413 omnia
2495 2358 2651 2413 facta
2681 2363 2819 2414 sunt
2850 2360 2920 2413 de
2952 2358 3154 2426 humo,
3189 2362 3246 2413 et
3275 2358 3473 2414 omnia
3492 2375 3680 2415 rever-

2026 2452 2222 2504 tentur
2253 2448 2323 2502 ad
2356 2447 2627 2502 humum.
2660 2448 2730 2502 Et
2759 2449 2778 2482 9
2809 2447 2942 2519 quis
2974 2448 3103 2517 scit,
3137 2445 3379 2518 spiritus
3413 2447 3678 2503 ﬁliorum

2026 2537 2307 2604 hominis,
2341 2536 2390 2591 si
2423 2536 2699 2591 ascendat
2734 2536 2855 2608 ipse
2886 2553 3146 2603 sursum,
3178 2541 3235 2591 et
3292 2535 3534 2608 spiritus
3581 2553 3678 2609 pe-

2026 2627 2200 2695 coris,
2235 2626 2282 2680 si
2314 2626 2631 2681 descendat
2660 2625 2784 2698 ipse
2817 2626 3092 2681 deorsum
3126 2625 3186 2680 in
3210 2629 3429 2681 terram
3454 2626 3516 2680 ⁸2»
3553 2626 3678 2682 Non

2028 2716 2365 2771 mirandum
2397 2718 2504 2782 est,
2557 2714 2614 2769 in
2659 2715 2929 2786 praesenti
2981 2715 3100 2770 vita
3154 2714 3307 2770 inter
3343 2716 3576 2786 justum
3625 2720 3682 2772 et

2025 2804 2275 2877 impium
2311 2802 2536 2859 nullam
2569 2818 2696 2858 esse
2728 2803 3090 2866 distantiam,
3125 2803 3466 2875 necaliquid
3484 2804 3681 2861 valere

2025 2893 2291 2961 virtutes,
2328 2892 2426 2947 sed
2462 2891 2680 2946 incerto
2725 2896 2931 2947 eventu
2981 2891 3179 2947 omnia
3220 2892 3489 2960 volutari,
3544 2909 3679 2948 cum

2024 2983 2202 3038 etiam
2235 2981 2385 3036 inter
2430 2982 2680 3053 pecudes
2714 2984 2771 3035 et
2798 2979 3119 3046 homidem,
3173 2981 3499 3036 secundum
3550 2998 3679 3038 cor—

2025 3070 2183 3144 poris
2214 3068 2497 3125 vilitatem
2533 3071 2572 3104 ¹⁰
2604 3069 2751 3125 nihil
2784 3069 2985 3125 dilI'ere
3015 3069 3302 3140 videatur,
3353 3075 3410 3125 et
3455 3071 3533 3127 sit
3584 3088 3679 3127 ea-

2027 3160 2161 3215 dem
2194 3158 2475 3214 nascendi
2503 3157 2776 3223 conditio,
2811 3175 2937 3213 sors
2978 3175 3095 3214 una
3144 3158 3467 3215 moriendi:
3512 3160 3680 3216 simi-

262 3248 393 3305 Dixi
422 3264 528 3321 ego
561 3248 669 3319 [Αἰ.
705 3246 936 3320 ergo]in
964 3248 1135 3302 corde
1159 3264 1315 3303 meo:
1339 3247 1918 3321 Justumetimpium
1950 3235 1992 3302 C
2031 3249 2165 3305 liter
2196 3249 2349 3304 416
2378 3249 2763 3321 procedamus
2796 3248 2868 3302 ad
2910 3246 3124 3316 lucem,
3186 3265 3349 3319 aeque
3396 3248 3679 3305 dissolva-

254 3337 554 3409 judicabit
582 3342 756 3403 Deus,
782 3335 923 3408 quia
950 3340 1183 3408 tempus
1228 3336 1386 3391 omni
1418 3336 1703 3393 voluntati
1747 3355 1924 3410 super

263 3443 442 3482 omne
509 3426 735 3481 factum
805 3423 956 3493 ibi,»
1012 3424 1355 3480 Manifestus
1402 3428 1490 3480 est
1543 3442 1775 3494 sensus,
1818 3427 1916 3482 sed

262 3515 470 3571 nubilo
524 3513 1024 3587 interpretationis
1080 3513 1422 3570 obvolvitur.
1474 3515 1590 3569 Sub
1637 3514 1778 3580 sole,
1832 3515 1918 3570 in-

262 3604 417 3677 quit,
448 3603 558 3659 isto
589 3603 888 3660 veritatem
923 3616 977 3658 et
1000 3602 1295 3673 judicium
1348 3602 1647 3675 requisivi,
1700 3607 1756 3659 et
1801 3604 1917 3659 vidi

267 3692 453 3748 etiam
482 3691 919 3763 interjudicum
954 3692 1082 3763 ipsa
1112 3690 1395 3747 subsellia
1454 3708 1570 3747 non
1615 3692 1917 3747 veritatem

267 3780 491 3847 valere,
522 3781 619 3836 sed
652 3797 916 3837 munera.
977 3780 1106 3836 Sive
1146 3781 1353 3836 aliter:
1407 3781 1739 3837 Arbitratus
1786 3800 1916 3838 sum

265 3869 492 3942 aliquid
539 3870 787 3941 justitiae
844 3871 902 3925 in
946 3870 1217 3942 prresenti
1266 3869 1477 3926 saeculo
1533 3871 1677 3943 geri,
1729 3876 1785 3927 et
1830 3872 1919 3927 vel

265 3961 438 4035 pium
470 3975 577 4031 pro
608 3975 714 4014 suo
748 3976 903 4014 nunc
935 3959 1144 4014 merito
1191 3958 1464 4030 recipere,
1524 3958 1611 4015 vel
1669 3959 1918 4032 impium

262 4065 375 4122 pro
401 4066 508 4105 suo
540 4046 756 4103 scelere
786 4048 979 4120 puniri
1008 4065 1021 4116 ;
1054 4051 1110 4103 et
1143 4064 1169 4103 3
1199 4048 1489 4104 contrario
1515 4049 1722 4121 reperi,
1743 4066 1918 4121 quam

334 4174 353 4207 ί
381 4171 544 4228 Unus
573 4172 897 4240 Palatinus,
933 4189 1064 4227 cum
1098 4172 1268 4228 editis
1289 4176 1424 4229 ante
1443 4173 1917 4241 Martian.libris,

257 4245 449 4318 ipsum
479 4253 556 4299 est
589 4243 733 4315 quod
762 4245 887 4318 erit.

339 4314 611 4397 -—-lpsum
641 4315 781 4397 qugd
802 4314 1035 4397 εει-ΨΟ
1090 4331 1321 4387 quoque
1381 4319 1654 4388 corrupte
1704 4315 1921 4388 legitur

254 4390 445 4459 ipsum
474 4390 551 4441 est
583 4386 726 4457 quod
752 4388 878 4443 erit.
910 4386 1194 4440 ΜΑιιτιΑΝ.

324 4460 352 4494 ²
382 4458 586 4513 Neutri
617 4473 825 4529 genere
853 4456 1097 4529 Palatia.
1130 4456 1190 4509 τό
1233 4453 1557 4527 διωκόμεον.

325 4531 351 4565 ³
385 4528 677 4584 Hactenus
708 4528 935 4601 vulgati!
949 4529 1166 4595 habent,
1182 4529 1717 4584 contradicentibus
1741 4546 1910 4598 mss.;

251 4600 403 4658 olim
426 4616 661 4672 quoque
692 4617 796 4671 pro
817 4599 883 4654 in
917 4599 1015 4655 hoc
1041 4601 1264 4672 saeculo,
1297 4604 1421 4655 erat
1445 4602 1505 4654 in
1536 4601 1768 4657 Christo.

328 4703 400 4714 —
440 4670 630 4740 Volua;
664 4670 843 4727 vivere
873 4673 931 4726 in
960 4673 1063 4726 hoc
1081 4670 1311 4727 swculo.
1346 4673 1407 4726 In
1436 4672 1662 4727 cunctis
1718 4688 1910 4727 exem-

251 4743 529 4815 plaribus
560 4760 703 4815 mss.
736 4743 844 4815 hoc
876 4743 1047 4815 modo
1104 4742 1391 4815 scriptum
1445 4748 1569 4811 est;
1622 4742 1682 4797 in
1740 4743 1916 4799 editis

248 4813 395 4872 vero
427 4820 602 4871 antea
628 4813 816 4880 libris,
852 4816 907 4868 in
937 4814 1177 4870 Christo.
1212 4814 1492 4869 Murrum.

327 4888 356 4921 ⁴
386 4890 452 4941 Et
477 4894 758 4942 errantem
790 4901 962 4941 ovem.
998 4886 1383 4942 Sorbonicum
1411 4884 1667 4940 codicem
1728 4885 1913 4941 secuti

249 4974 494 5028 sumius,
528 4956 625 5012 alii
655 4956 878 5028 legunt,
911 4962 1162 5012 erratum
1191 4973 1341 5012 ovem
1361 4974 1382 5017 ;
1413 4956 1552 5011 editi
1584 4957 1806 5011 Erasm.
1859 4962 1915 5012 et

247 5027 504 5085 Mariam.
533 5027 817 5083 errone’am
847 5044 1017 5084 ovem.
1049 5032 1331 5083 ΜΑιιτιΑΝ.

325 5100 740 5156 δΑίὶνειδωιιω
793 5117 940 5155 nunc
997 5117 1141 5155 mss.
1203 5097 1385 5155 nostri
1434 5097 1723 5168 ignorant.
1810 5097 1911 5152 ΑΙ-

245 5172 471 5244 cuinus
502 5188 625 5244 pro,
645 5187 710 5226 eo
743 5169 884 5243 legit
910 5188 1143 5243 semper.

324 5243 347 5278 ⁸
378 5240 772 5314 Restituimus
802 5240 1000 5299 vocem
1021 5240 1144 5314 ﬁlii
1173 5240 1506 5314 exiguostris
1541 5256 1684 5295 mss.
1721 5244 1911 5314 atque

242 5314 430 5371 editis
464 5320 599 5369 ante
628 5309 1051 5380 Martianaaum',
1087 5314 1187 5385 qui
1209 5311 1693 5385 illamomiserat,
1720 5309 1907 5385 libris,

321 5417 396 5426 —
424 5389 567 5456 Quae
613 5385 817 5441 Sirach
847 5383 1191 5441 inscribitur.
1242 5384 1396 5456 Editi
1435 5383 1572 5456 libri
1621 5397 1747 5453 qua?
1801 5383 1912 5456 ﬁlii

240 5454 460 5513 Siracli
481 5457 827 5522 inscribitur,
862 5457 963 5512 sed
998 5458 1183 5511 multo
1223 5455 1416 5510 verius
1468 5454 1526 5508 in
1577 5470 1720 5509 mss.
1755 5454 1910 5508 codi-

240 5529 446 5595 cibus,
479 5544 601 5597 quae
630 5527 825 5583 Sirach
855 5529 1196 5583 inscribitur.
1256 5527 1401 5581 Nam
1449 5526 1603 5597 apud
1662 5530 1909 5597 Septua-

240 5545 446 5595 cinus,
516 5545 1196 5583 ueeazracnmscrwuur.
1256 5545 1401 5581 nam
1449 5545 1603 5597 apud
1662 5545 1908 5596 septua-

236 5545 589 5672 gintalizier
615 5598 1007 5672 Ecclesiastici
1056 5597 1398 5672 inscribitur
1455 5596 1628 5672 Σοξφκ
1680 5596 1908 5672 ξεὶρκχ,

232 5667 527 5755 ξαρίθηέία
560 5670 993 5755 Βίηιξςήλοὲγτιιξ
1023 5675 1219 5755 tamen
1241 5669 1526 5755 interpres
1541 5667 1903 5755 hae'c'habet':

226 5739 417 5807 Liber
441 5744 571 5803 Iesu
597 5743 708 5817 ﬁlii
736 5739 1014 5803 Simeonis
1064 5742 1264 5808 Astra;
1320 5739 1570 5817 idemque
1624 5740 1767 5799 liber
1810 5755 1907 5799 vo-

2032 3356 2163 3393 mur
2218 3338 2278 3392 in
2329 3337 2645 3408 pulverem.
2707 3337 2767 3391 Si
2824 3342 3019 3391 autem
3077 3336 3306 3392 videtur
3361 3336 3482 3392 haec
3552 3355 3681 3395 esse

2029 3426 2327 3492 distantia,
2355 3426 2510 3497 quod
2534 3424 3048 3497 spiritushominis
3070 3425 3345 3482 ascendat
3370 3427 3427 3481 in
3443 3427 3679 3495 cmlum,

2028 3521 2087 3571 et
2118 3515 2361 3588 spiritus
2394 3515 2616 3585 pecoris
2647 3514 2962 3569 descendat
3000 3514 3059 3568 in
3109 3518 3344 3582 terram,
3378 3532 3493 3587 quo
3522 3516 3679 3572 istud

2029 3614 2183 3660 certo
2231 3607 2467 3659 auctore
2526 3602 2944 3675 cognovimus?
3010 3602 3169 3665 Quod
3231 3607 3424 3674 potest
3479 3620 3672 3673 nosse,

2030 3698 2226 3748 utrum
2258 3708 2457 3746 verum
2492 3708 2564 3746 an
2597 3690 2812 3746 falsum
2876 3691 2955 3746 sit
2985 3691 3141 3762 quod
3191 3692 3510 3761 speratur?
3560 3693 3677 3749 Hoc

2028 3785 2222 3837 autem
2258 3779 2416 3847 dicit,
2454 3780 2763 3850 non‘quod
2796 3779 3053 3833 animam
3098 3782 3262 3849 putet
3310 3778 3495 3850 perire
3544 3797 3679 3835 cum

2028 3887 2287 3943 corpore,
2320 3868 2405 3923 vel
2430 3885 2614 3923 unum
2646 3868 2850 3924 bestiis
2881 3872 2937 3923 et
2966 3866 3189 3923 homini
3222 3870 3533 3941 preparari
3594 3871 3678 3927 lo-

2029 3977 2187 4025 cum,
2220 3958 2321 4014 sed
2356 3958 2507 4029 quod
2542 3964 2674 4012 ante
2734 3957 3046 4012 adventum
3097 3956 3311 4013 Christi
3360 3959 3559 4014 omnia
3606 3960 3678 4016 ad
3756 4030 3759 4037 ἱ

2027 4049 2243 4104 inferos
2276 4046 2492 4119 pariter
2523 4047 2878 4101 ducerentur
2908 4045 2969 4099 “.
3004 4044 3166 4101 Unde
3189 4050 3247 4102 et
3273 4046 3453 4103 Jacob
3485 4048 3557 4104 ad
3590 4048 3678 4105 in-

2027 4176 2186 4228 eatur
2207 4171 2495 4242 Sapientia
2526 4169 2631 4236 ﬁlii
2658 4171 2834 4242 Asiro,
2864 4174 3145 4242 Maurum.

2098 4244 2117 4276 ⁷
2148 4241 2331 4297 Vatic.
2366 4244 2623 4297 Iumenta
2664 4241 2743 4295 bis
2790 4246 2936 4296 sunt.
2997 4241 3146 4297 ()lim
3190 4247 3332 4310 erat,
3386 4245 3451 4307 Ut
3495 4248 3681 4301 osten-

2026 4315 2138 4380 dat,
2172 4315 2303 4386 quia
2334 4314 2441 4383 ipsi
2461 4313 2713 4386 jumenta
2743 4321 2889 4380 sunt,
2922 4314 3034 4367 sive
3061 4314 3212 4386 quia,
3246 4320 3355 4370 etc.
3422 4385 3429 4386 ί
3634 4319 3644 4327 ’

2099 4384 2348 4441 -Ὲιιιι
2376 4384 2683 4456 ostenderet
2712 4386 2844 4454 quia
2902 4386 3028 4456 ipsi.
3081 4384 3533 4456 Corruptissime
3582 4386 3675 4442 hic

2026 4462 2221 4513 textus
2250 4456 2466 4529 legitur
2496 4456 2553 4509 in
2584 4455 2767 4529 editis
2786 4459 2961 4529 antea
3007 4454 3174 4511 libris
3226 4454 3298 4511 ad
3347 4456 3503 4513 hunc
3552 4474 3678 4513 mo-

2026 4530 2202 4583 dum:
2262 4528 2403 4595 Quia
2456 4531 2676 4598 separat
2730 4528 2852 4581 illos
2904 4532 3047 4582 Deus
3104 4532 3164 4582 ut
3216 4529 3461 4584 ostendat
3544 4530 3677 4599 quia

1951 4605 1991 4668 1)
2026 4602 2134 4671 ipsi
2159 4602 2403 4671 iumenta
2432 4602 2587 4671 sunt:
2621 4600 2735 4671 sive
2763 4599 2891 4671 quia
2911 4602 3151 4665 eventus,
3183 4604 3289 4655 etc.
3316 4600 3602 4656 Maurum.

2094 4673 2114 4704 ⁸
2142 4672 2291 4725 Idem
2322 4669 2506 4724 Vatie.
2543 4686 2676 4724 cum
2709 4669 2969 4725 Palatino
3000 4672 3257 4727 secunda
3286 4688 3487 4739 manu,
3510 4672 3677 4726 Even-

2021 4746 2111 4797 tus
2141 4759 2284 4797 unus
2312 4743 2562 4796 omnibus
2576 4742 2679 4795 eis.

2096 4815 2233 4869 9Ita
2292 4829 2436 4868 mss.
2509 4812 2580 4867 ad
2639 4811 2904 4867 Graecum
2963 4831 3047 4872 τις
3101 4815 3288 4869 Antea
3346 4814 3551 4869 vocula
3620 4818 3675 4869 et

2025 4886 2241 4941 deerat.

2097 4958 2141 4991 1°
2176 4954 2483 5011 Secundum
2512 4955 2750 5024 corporis
2776 4955 3065 5010 vilitatem.
3101 4955 3374 5010 Mendose
3404 4955 3545 5010 item
3586 4954 3667 5010 le-

2023 5034 2189 5099 gunt,
2218 5026 2784 5099 secundamﬂcorporis
2842 5028 3165 5099 qualitatem
3197 5044 3209 5081 :
3246 5043 3380 5081 cum
3427 5042 3496 5082 ex
3545 5042 3671 5081 ver-

2024 5096 2114 5154 bis
2145 5096 2639 5169 consequentibus
2663 5103 2938 5169 appareat
2958 5097 3373 5166 Hieronymum
3406 5099 3672 5169 posuisse

2020 5173 2291 5225 vilitatem
2325 5168 2437 5222 non
2471 5168 2795 5237 qualitatem
2829 5168 3112 5222 MARTIAN.

2094 5243 2130 5275 “
2166 5241 2374 5297 Confer
2403 5238 2863 5293 Commentarios
2920 5239 2975 5292 in
3027 5240 3172 5294 Osee
3221 5256 3346 5309 cap.
3387 5241 3472 5295 13.
3524 5240 3669 5295 San-

2021 5317 2178 5367 ctum
2213 5326 2443 5384 quoque
2476 5309 2869 5384 Augustinum
2905 5310 3151 5384 de__Gen.
3188 5312 3259 5384 ab
3302 5310 3387 5384 lit.
3439 5312 3494 5367 L.
3540 5328 3668 5377 vm,

2021 5402 2073 5440 c.
2110 5386 2178 5438 li:
2232 5379 2261 5433 ῐ‹
2295 5379 2491 5448 Nobis,
2554 5379 2747 5452 inquit
2794 5379 3136 5436 Tertulliau.
3189 5380 3268 5436 lib
3345 5382 3409 5437 de
3466 5384 3668 5439 Anima

2020 5472 2144 5526 cap.
2175 5455 2263 5521 3i,
2300 5452 2474 5526 inferi
2498 5469 2613 5507 non
2666 5452 2824 5526 uuda
2854 5453 3161 5526 cavositas,
3196 5469 3297 5508 nec
3342 5453 3670 5510 subdivalis

2018 5522 2216 5597 aliqua
2274 5522 2484 5597 mundi
2532 5522 2760 5597 sentina
2817 5524 3169 5597 creduntur;
3222 5526 3322 5597 sed
3380 5525 3439 5580 in
3511 5525 3669 5597 fossa

2019 5593 2376 5669 terrametin
2436 5593 2873 5669 alto_vastitas,
2927 5600 2986 5651 et
3039 5595 3099 5651 in
3157 5596 3300 5669 ipsis
3348 5595 3665 5657 visceribus

2017 5670 2145 5742 ejus
2167 5667 2441 5725 abstrusa
2461 5665 2851 5739 profunditas.
