4084 6170
444 254 606 339 1095

1691 278 1758 338 S.
1804 276 2112 340 EUSEBII
2154 275 2623 340 HlERONYMI.

437 409 592 464 feros
621 406 1045 464 descensurum
1077 423 1138 461 se
1199 408 1339 463 dicit
1386 414 1541 476 (Gen.
1587 427 1778 464 xxxvu
1810 420 1860 465 et
1908 412 2079 481 XLIV).
2117 412 2173 477 Α
2276 414 2568 476 Quantum
2600 413 2793 464 autem
2850 408 2922 462 ad
2977 403 3343 478 spiritualem
3398 403 3851 478 intelligentiam

436 496 506 552 Et
527 496 636 552 Job
660 496 791 569 pios
821 499 880 552 et
919 495 1133 568 impios
1186 496 1246 551 in
1295 496 1521 553 inferno
1576 499 1844 569 queritur
1894 504 2091 554 reten-

439 584 553 642 tari
593 585 729 657 (Job.
766 602 846 640 v11
876 588 926 640 et
952 585 1110 655 xvu).
1146 586 1213 641 Et
1263 585 1658 657 Evangelium,
1703 586 1880 643 chaos
1929 604 2091 660 mag-

434 689 578 729 num
611 674 1031 746 interpositum
1063 674 1220 747 apud
1248 674 1488 740 inferos,
1516 678 1574 730 et
1614 676 1908 731 Abraham
1958 691 2088 730 cum

435 763 673 833 Lazaro,
708 767 767 818 et
796 762 1040 818 divitem
1070 762 1130 817 in
1164 762 1473 834 suppliciis
1496 778 1624 819 esse
1649 768 1900 819 testatur
1938 766 2088 834 (Luc.

431 852 571 924 XVI).
605 852 675 907 Et
699 868 919 919 revera,
951 857 1272 923 antequam
1303 851 1637 908 ﬂammeam
1688 851 1848 909 illam
1881 858 2092 920 rotam,

432 944 489 995 et
518 939 752 1012 igneam
786 939 1164 1011 romphzeam,
1198 944 1256 995 et
1307 940 1563 1012 paradisi
1622 941 1774 996 fores
1825 940 2092 997 Christus

434 1044 570 1085 cum
600 1028 823 1084 latrone
870 1033 1175 1097 reseraret,
1237 1027 1437 1085 clausa
1488 1034 1654 1085 erant
1710 1029 1986 1093 coelestia,
2037 1035 2095 1086 et

433 1117 711 1189 spiritum
744 1116 969 1189 pecoris
999 1116 1377 1190 hominisque
1408 1118 1647 1190 (aqualis
1676 1118 1871 1174 vilitas
1930 1136 2091 1175 coar-

431 1207 643 1262 ctabat.
682 1205 749 1260 Et
779 1205 917 1262 licet
945 1204 1104 1262 aliud
1134 1206 1703 1276 videreturdissolvi,
1730 1207 1888 1263 aliud
1912 1224 2094 1264 reser-

431 1294 590 1361 vari;
640 1299 837 1351 tamen
892 1312 1008 1353 non
1070 1296 1322 1353 multum
1372 1295 1652 1352 intererat
1709 1296 1898 1369 perire
1957 1312 2091 1352 cum

429 1398 689 1456 corpore,
719 1383 806 1440 vel
838 1384 1051 1440 inferni
1082 1385 1345 1440 tenebris
1376 1384 1649 1440 detineri.
2068 1432 2079 1439 .

500 1476 891 1528 ltecurramus
923 1474 995 1528 ad
1028 1473 1287 1545 singula,
1358 1477 1417 1528 et
1473 1472 1822 1529 commatico
1883 1489 2092 1544 genere

430 1560 685 1629 dicendi,
710 1562 884 1632 juxta
915 1562 1181 1618 ordinem
1209 1578 1385 1617 suum
1435 1562 1686 1616 breviter
1728 1561 2092 1616 disseramus

430 1649 549 1718 [Αἰ.
607 1649 1045 1721 dissolvamus].
1080 1674 1106 1700 ‹‹
1142 1650 1268 1705 Dixi
1322 1667 1425 1722 ego
1462 1650 1518 1704 in
1577 1650 1749 1705 corde
1808 1666 1936 1704 meo
2020 1649 2091 1704 de

428 1735 659 1808 eloquio
690 1736 945 1793 filiorum
977 1739 1259 1808 hominis,
1296 1743 1359 1793 ut
1405 1738 1642 1809 eligeret
1703 1754 1801 1793 eos
1859 1738 2034 1792 Deus.
2064 1760 2089 1785 η

388 1880 403 1886 ,
430 1824 549 1880 Hoc
581 1826 793 1895 solum,
829 1827 1040 1899 inquit,
1072 1828 1224 1883 inter
1254 1827 1521 1882 homines
1552 1832 1607 1882 et
1629 1828 1900 1898 jumenta
1929 1827 2084 1882 Deus

428 1928 557 1970 esse
589 1914 793 1982 voluit,
829 1917 970 1987 quia
1000 1933 1105 1972 nos
1131 1916 1453 1988 loquimur,
1486 1915 1589 1971 illa
1608 1921 1748 1972 sunt
1771 1919 1954 1983 muta,
1978 1932 2082 1971 nos

426 2002 785 2059 voluntatem
844 2020 1112 2061 sermone
1164 2004 1539 2077 proferimus,
1592 2005 1693 2059 illa
1731 2008 1962 2076 torpent
2001 2004 2081 2059 si-

425 2091 627 2148 lentio.
662 2093 892 2149 Etcum
925 2098 1154 2149 tantum
1192 2110 1462 2150 sermone
1513 2093 1852 2149 differamus
1893 2110 1926 2147 a
1958 2093 2083 2150 bes-

431 2180 779 2248 tiis,tamen
810 2183 1139 2239 ostenditur
1168 2182 1357 2250 nobis,
1391 2183 1547 2255 quod
1598 2183 1768 2254 juxta
1822 2181 2079 2253 corporis

427 2268 805 2342 fragilitatem
833 2287 1041 2342 pecora
1072 2288 1300 2328 sumus.
1334 2270 1496 2327 Sicut
1517 2272 1855 2343 jumentum
1901 2269 2078 2325 mori-

425 2361 541 2427 tur,
576 2359 659 2415 ita
690 2359 956 2430 moritur,
985 2364 1043 2415 et
1071 2359 1267 2427 homo,
1302 2364 1359 2416 et
1386 2377 1540 2416 unus
1579 2359 1856 2415 omnibus
1905 2359 2080 2414 ﬂatus

425 2452 536 2516 est,
567 2452 624 2503 et
653 2464 751 2503 aer
781 2448 889 2504 iste
920 2464 1037 2521 quo
1068 2449 1301 2504 alimur.
1335 2449 1453 2505 Hoc
1485 2449 1639 2505 enim
1674 2448 1793 2504 ait:
1845 2448 1910 2503 Et
1963 2449 2078 2519 spi-

421 2539 563 2592 ritus
593 2552 738 2591 unus
770 2537 1042 2602 omnibus,
1075 2546 1126 2593 et
1154 2539 1396 2607 amplius
1425 2538 1647 2594 homini
1676 2555 1710 2593 α
1727 2553 1917 2609 pecore
1933 2537 2079 2592 nihil

419 2633 522 2681 est.
564 2624 727 2688 Quod
759 2641 832 2681 ne
861 2630 1202 2696 putaremus
1224 2626 1337 2681 dici
1368 2627 1544 2682 etiam
1575 2627 1646 2682 dc
1676 2626 1893 2695 anima,
1924 2625 2078 2681 intu-

422 2713 525 2768 lit:
560 2713 758 2770 Omnia
783 2716 1065 2784 [actasunt
1076 2715 1141 2771 de
1154 2719 1324 2782 terra,
1347 2721 1399 2772 et
1413 2723 1754 2773 revertentur
1776 2717 2073 2770 interram.

420 2801 501 2858 De
521 2805 676 2860 terra
695 2806 889 2860 autem
914 2803 1057 2859 nihil
1082 2802 1240 2860 aliud
1274 2804 1610 2877 nisicorpus
1635 2805 1852 2859 tactum
1875 2807 1983 2859 est.
2008 2803 2078 2858 Et

420 2892 726 2964 signanter
752 2892 823 2947 de
854 2909 1091 2964 corpore
1122 2893 1371 2950 dicitur:
1407 2895 1570 2949 Terra
1597 2908 1675 2961 es,
1706 2900 1755 2947 et
1784 2894 1841 2947 in
1865 2895 2077 2947 terram

418 2982 715 3037 reverteris
745 2982 904 3053 (Gen.
956 2999 1043 3052 ιιι,
1104 2981 1215 3055 it).
1271 2982 1435 3050 Quod
1466 2986 1662 3037 autem
1691 2980 1921 3037 videtur
1948 2996 2077 3035 esse

420 3068 877 3142 blasphemum:
912 3092 939 3120 «
974 3070 1115 3136 Quis
1147 3071 1467 3144 cognoscit,
1529 3070 1769 3141 spiritus
1818 3069 2073 3125 filiorum

2202 500 2479 572 pertinet:
2551 500 2823 567 Quoniam
2870 497 3115 553 homines
3150 504 3201 552 et
3217 497 3478 567 jumenta
3531 496 3712 552 salvos
3757 495 3856 571 fa-

2201 587 2306 642 ciet
2360 587 2623 641 Dominus
2674 585 2847 657 (Psal.
2879 601 3044 652 xxxv,
3077 584 3173 655 7):
3206 588 3264 639 et
3313 582 3374 638 in
3429 583 3544 639 alio
3573 583 3737 640 loco:
3791 585 3861 641 Ut

2202 676 2506 743 iumentum
2534 691 2676 741 sum,
2710 672 2920 745 inquit,
2954 672 3099 745 apud
3130 680 3200 740 te,
3239 679 3289 728 et
3303 687 3398 743 ego
3418 688 3637 744 semper
3670 677 3860 728 tecum

2203 764 2559 834 (Psat.Lxxn,
2591 764 2809 831 23):et
2859 761 2917 816 in
2975 760 3252 817 omnibus
3309 760 3611 833 prophetis
3666 759 3864 817 homi-

2204 868 2307 907 nes
2341 854 2356 887 ¹
2387 856 2442 906 et
2472 868 2678 925 pecora
2711 851 2769 906 in
2793 848 3121 906 Jerusalem
3153 848 3437 905 salvanda
3466 850 3572 922 [Αι.
3618 848 3865 922 salvete]

2202 940 2499 1005 dicuntur,
2532 946 2589 996 et
2610 938 2839 1011 impleri
2873 948 3087 995 terram
3135 938 3608 1010 repromissionis
3637 938 3659 973 ³
3686 954 3863 1012 peco-

2202 1029 2365 1086 ribus
2387 1034 2443 1085 et
2474 1029 2953 1097 armentis;quis
2982 1028 3115 1096 scit,
3175 1033 3374 1083 utrum
3425 1032 3690 1094 sanctus,
3754 1027 3860 1100 qui

2202 1118 2462 1175 hominis
2489 1117 2878 1190 appellatione
2908 1116 3123 1190 dignus
3154 1120 3263 1183 est,
3319 1116 3597 1171 ascendat
3644 1116 3704 1171 in
3740 1133 3863 1171 caa-

2202 1207 2346 1274 lum,
2380 1210 2435 1261 et
2466 1210 2664 1261 utrum
2697 1211 2981 1277 peccator,
3043 1204 3141 1277 qui
3191 1205 3533 1274 jumentum
3588 1210 3859 1276 vocatur,

2202 1295 2519 1351 descendat
2542 1295 2599 1349 in
2630 1295 2886 1350 terram?
2914 1294 3061 1350 Fieri
3092 1293 3249 1350 enim
3281 1298 3471 1366 potest
3500 1311 3603 1367 pro
3634 1294 3862 1352 incerto

2200 1384 2328 1439 vita:
2365 1384 2565 1452 huius,
2598 1387 2656 1439 et
2685 1381 2907 1438 lubrico
2930 1386 3110 1451 statu,
3133 1385 3197 1437 ut
3235 1386 3289 1438 et
3313 1382 3518 1453 justus
3555 1384 3860 1454 concidat,

2202 1478 2261 1529 et
2290 1477 2556 1544 peccator
2582 1476 2875 1544 exsurgat,
2923 1476 2980 1527 et
3035 1487 3459 1544 nonnunquam
3517 1472 3738 1541 evenit,
3798 1478 3863 1528 ut

2204 1561 2627 1626 rationabilior,
2660 1564 2717 1617 et
2763 1561 3031 1616 eruditus
3088 1560 3149 1615 in
3205 1560 3544 1633 Scripturis,
3601 1561 3660 1615 id
3696 1567 3793 1618 est
3818 1562 3864 1631 ³,

2204 1650 2401 1715 homo,
2435 1668 2550 1705 non
2582 1651 3023 1721 circumspecte,
3056 1653 3113 1704 et
3161 1654 3225 1704 ut
3254 1649 3500 1705 scientia
3556 1666 3669 1705 sua
3731 1650 3863 1724 dig-

2205 1757 2371 1805 num,
2404 1745 2491 1794 est
2512 1740 2683 1806 vivat,
2716 1744 2774 1794 et
2802 1739 3125 1793 deducatur
3154 1739 3228 1793 ad
3258 1738 3496 1805 inferos,
3538 1743 3599 1794 et
3628 1738 3865 1811 simpli-

2206 1828 2326 1884 cior
2355 1828 2604 1899 quisque
2631 1832 2806 1899 atque
2833 1827 3127 1897 rusticior,
3160 1826 3259 1898 qui
3281 1828 3626 1899 jumentum
3666 1827 3860 1883 homi-

2193 1917 2286 1972 nis
2309 1917 2745 1989 comparatione
2778 1917 3024 1984 dicatur,
3058 1915 3271 1971 melius
3293 1916 3470 1984 vivat,
3489 1920 3545 1970 et
3578 1918 3861 1989 martyrio

2192 2011 2523 2073 coronetur,
2557 2022 2623 2060 ac
2655 2005 2911 2078 paradisi
2935 2006 3013 2061 sit
3041 2003 3303 2061 colonus.

2264 2118 2293 2145 «
2326 2095 2395 2149 Et
2424 2094 2563 2162 vidi,
2585 2094 2725 2166 quia
2755 2112 2869 2149 non
2899 2099 2989 2149 est
3019 2094 3262 2159 bonum,
3296 2093 3410 2149 nisi
3440 2093 3598 2167 quod
3619 2094 3859 2151 laetetur

2189 2183 2365 2240 homo
2397 2184 2457 2238 in
2490 2200 2662 2256 Opere
2692 2199 2822 2251 suo,
2855 2183 2993 2255 quia
3022 2182 3141 2238 haec
3172 2186 3260 2238 est
3313 2199 3450 2255 pars
3500 2183 3654 2254 ejus.
3716 2184 3857 2248 Quis

2188 2272 2345 2328 enim
2377 2272 2628 2327 adducet
2652 2288 2808 2337 eum,
2842 2276 2907 2325 ut
2936 2272 3150 2338 videat,
3184 2271 3266 2341 id,
3289 2271 3443 2345 quod
3473 2272 3749 2327 futurum
3770 2276 3856 2329 est

2188 2366 2319 2433 post
2348 2361 2589 2433 ipsum?
2621 2383 2648 2409 ››
2693 2360 2847 2416 418
2879 2360 2987 2416 Pro
3019 2376 3084 2415 eo
3115 2360 3270 2432 quod
3325 2378 3431 2417 nos
3484 2363 3799 2435 posuimus
3827 2382 3844 2421 :

2189 2472 2215 2498 ‹‹
2251 2449 2322 2504 Ut
2346 2450 2537 2505 videat
2564 2449 2622 2503 id
2682 2450 2836 2521 quod
2896 2449 3157 2505 futurum
3216 2453 3304 2505 est
3361 2454 3491 2523 post
3549 2451 3775 2524 ipsum,
3810 2474 3836 2503 ι

2188 2538 2446 2611 apertius
2505 2539 2920 2610 interpretatus
2977 2542 3067 2594 est
3124 2538 3535 2611 Symmachus,
3596 2538 3836 2597 dicens:

2189 2652 2216 2678 «
2250 2628 2321 2683 Ut
2339 2628 2534 2682 videat
2561 2644 2629 2682 ea
2657 2643 2785 2698 quae
2843 2627 3039 2682 futura
3093 2632 3233 2682 sunt
3263 2632 3396 2699 post
3424 2627 3547 2684 hac
3579 2628 3618 2683 ‘.
3680 2628 3840 2685 Nihil

2187 2720 2277 2774 est
2303 2733 2438 2789 ergo
2481 2718 2697 2771 bonum
2722 2716 2780 2771 in
2815 2715 2932 2771 vita
2961 2716 3096 2782 ista,
3128 2716 3241 2772 nisi
3265 2716 3418 2790 quod
3453 2716 3688 2774 laetatur
3736 2717 3843 2773 ho-

2188 2822 2282 2861 mo
2314 2806 2373 2859 in
2405 2821 2576 2877 opere
2605 2822 2732 2872 suo,
2768 2805 2985 2859 faciens
3013 2804 3465 2878 eleemosynam,
3493 2810 3550 2861 et
3609 2805 3844 2863 futuros

2186 2894 2295 2949 sibi
2328 2893 2636 2949 thesauros
2666 2893 2725 2947 in
2760 2910 2937 2965 regno
2969 2893 3248 2949 cmlorum
3281 2912 3642 2967 praeparans.
3674 2895 3837 2951 Hanc

2186 2982 2371 3038 solam
2401 2982 2688 3038 habemus
2727 2983 3072 3055 portionem,
3123 2999 3301 3054 quam
3333 3000 3438 3039 nec
3469 2983 3566 3039 fur
3615 3000 3723 3040 nec
3754 2984 3843 3040 la-

2185 3075 2272 3126 tro
2302 3070 2471 3136 valet,
2502 3087 2608 3126 nec
2656 3075 2946 3144 tyrannus
2991 3071 3238 3139 auferre,
3271 3075 3327 3127 et
3357 3088 3485 3144 qum
3539 3090 3648 3129 nos
3708 3077 3839 3146 post

421 3158 752 3227 hominum,
784 3159 835 3215 si
865 3162 1014 3215 417
1050 3160 1329 3215 ascendat
1358 3159 1483 3231 ipse
1530 3176 1793 3226 sursum,
1850 3163 1906 3214 et
1954 3157 2075 3230 spi-
2105 3148 2148 3215 C
2190 3164 2435 3215 mortem
2469 3164 2768 3230 sequatur.
2804 3159 2917 3215 Nec
2946 3159 3103 3225 enim
3134 3176 3475 3232 possumus,
3520 3177 3658 3216 cum
3719 3161 3841 3219 haec

420 3247 567 3304 ritus
590 3248 867 3321 jumenti,
899 3249 948 3305 si
988 3250 1303 3305 descendat
1331 3249 1457 3321 ipse
1514 3249 1788 3304 deorsum
1847 3249 1903 3302 in
1954 3252 2066 3303 ter-

418 3353 546 3393 ram
568 3338 596 3393 ?
638 3360 666 3388 »
698 3354 814 3393 non
843 3337 996 3393 inter
1020 3337 1271 3409 pecudes
1300 3343 1355 3392 et
1387 3338 1684 3393 hominem
1742 3338 2067 3393 secundum

417 3425 629 3482 animae
660 3425 1006 3500 dignitatem
1065 3426 1209 3482 nihil
1268 3426 1551 3483 interesse
1603 3425 1920 3489 contendit,
1964 3426 2067 3481 sed

416 3514 745 3586 adjiciendo
760 3517 903 3589 guis,
938 3514 1341 3571 difficultatem
1375 3514 1456 3571 rei
1488 3513 1669 3571 voluit
1697 3514 2067 3570 demonstra-

415 3618 499 3658 re.
563 3604 891 3659 Pronomen
947 3606 1067 3677 quis
1130 3604 1189 3659 in
1247 3604 1568 3676 Scripturis
1645 3603 1867 3659 sanctis
1952 3619 2065 3658 non

417 3707 518 3763 pro
548 3691 923 3765 impossibili,
957 3693 1055 3749 sed
1119 3710 1221 3766 pro
1271 3693 1474 3749 dificili
1495 3710 1729 3765 semper
1757 3692 2063 3765 accipitur.

418 3780 491 3836 Ut
544 3781 661 3837 ibi:
721 3780 1134 3838 Generationem
1217 3784 1333 3853 ejus
1396 3785 1517 3855 quis
1591 3783 1877 3837 enarrabit
1932 3784 2060 3850 (Isa.

413 3886 535 3937 LIII,
568 3870 667 3938 8)?
734 3869 805 3924 Et
858 3870 917 3924 in
971 3869 1198 3942 psalmo
1257 3875 1464 3943 quarto
1521 3872 1783 3927 decimo:
1821 3872 2065 3938 Domine,

416 3958 541 4027 quis
569 3957 841 4015 habitavit
867 3960 928 4014 in
958 3959 1305 4016 tabernaculo
1344 3968 1454 4027 tuo,
1483 3968 1534 4016 et
1563 3962 1619 4015 in
1646 3964 1828 4016 monte
1881 3964 2066 4016 sancto

416 4048 511 4101 tuo
541 4046 716 4117 (Psat.
748 4048 999 4116 x1v,1)‘?
1046 4054 1104 4104 et
1155 4054 1364 4105 caatera
1421 4066 1548 4121 qua:
1599 4054 1946 4121 sequuntur.
1999 4053 2068 4105 Et

413 4132 474 4188 in
520 4133 795 4204 Jeremia,
825 4136 959 4193 licet
988 4137 1046 4192 in
1102 4137 1338 4195 Hebraeo
1398 4138 1566 4195 aliter
1616 4139 1695 4194 sit
1726 4140 1780 4194 'z
1814 4140 1881 4194 Et
1909 4138 2065 4195 homo

412 4225 511 4290 est,
542 4226 743 4297 etquis
782 4236 1060 4297 cognoscet
1111 4243 1235 4283 eum
1283 4227 1499 4300 (Jerem.
1543 4245 1707 4295 xvm,
1764 4227 1864 4298 9)?
1911 4228 2067 4284 Inter

415 4311 684 4369 homines
715 4313 894 4387 igitur
916 4319 974 4371 et
1011 4316 1230 4373 bestias
1272 4318 1393 4373 hinc
1446 4316 1572 4374 sola
1601 4322 1689 4373 est
1719 4317 2063 4385 differentia,

413 4402 569 4473 quod
618 4401 861 4474 spiritus
894 4404 1151 4460 hominis
1178 4407 1441 4462 ascendit
1471 4406 1530 4461 in
1573 4405 1803 4473 oculum,
1854 4411 1913 4462 et
1946 4407 2065 4479 spi-

416 4490 567 4547 ritus
588 4491 845 4561 jumenti
876 4493 1179 4549 descendit
1208 4494 1267 4549 in
1296 4499 1531 4565 terram,
1591 4500 1648 4551 et
1704 4512 1835 4551 cum
1894 4511 2068 4551 carne
2095 4519 2143 4584 D

417 4577 789 4635 dissolvitur:
826 4580 875 4636 si
906 4586 1103 4637 tamen
1136 4582 1315 4654 hujus
1373 4582 1451 4639 rei
1492 4583 1580 4638 vir
1608 4582 1824 4655 aliquis
1882 4584 2061 4641 cccle-

414 4665 695 4725 siasticus
741 4673 799 4724 et
853 4669 1183 4743 disciplinis
1259 4671 1597 4729 coelestibus
1663 4673 1954 4741 eruditus,
2013 4679 2071 4730 et

414 4757 585 4830 quasi
616 4757 809 4815 dubiae
840 4758 925 4815 rei
980 4766 1173 4816 certus
1231 4765 1487 4817 assertor
1517 4762 1610 4818 sit.
1646 4761 1775 4818 Haec
1835 4761 2069 4819 interim

414 4848 585 4918 juxta
613 4845 896 4903 litteram.

484 5007 502 5041 ¹
536 5008 682 5063 Licet
714 5010 775 5063 in
804 5010 1023 5067 Hebraeo
1052 5012 1215 5068 aliter
1262 5013 1351 5067 sit.
1394 5012 1453 5066 In
1491 5011 1726 5068 Hebrzeo
1777 5017 1865 5069 est
1915 5022 2067 5073 eam

415 5087 523 5159 N17!
562 5095 799 5159 veanusc
826 5081 921 5159 h_u_,
952 5091 1004 5139 et
1030 5084 1391 5159 incrustabite
1447 5085 1649 5151 ipsum,
1703 5086 1821 5159 sive
1877 5093 1926 5140 et
1965 5102 2069 5140 an-

417 5153 578 5205 xium
616 5153 907 5227 ipsum,_id
938 5160 1029 5227 est
1059 5171 1151 5210 cor
1168 5157 1436 5211 omnium.
1470 5155 1853 5227 Septuaginta
1874 5161 2067 5212 autem

418 5235 522 5342 pro
580 5238 774 5287 anusc,
826 5223 1101 5297 legebant
1148 5243 1294 5295 enos,
1358 5227 1511 5298 quod
1544 5223 1827 5282 hominem
1888 5228 2069 5301 signi-

439 5294 575 5342 tcat.
613 5292 787 5342 unde-
825 5296 884 5342 Et
907 5297 1066 5342 Immn
1094 5303 1186 5342 est,
1214 5298 1497 5342 Murrum-

439 5292 575 5357 icat,
613 5292 787 5349 unde.
822 5292 1066 5353 Et'homo
1094 5303 1189 5354 est.
1214 5292 1498 5354 ΜᾸιιτῙΑΝ.

488 5361 792 5418 —Fraudi
824 5367 1055 5424 fuerant
1083 5389 1199 5430 τοις
1254 5369 1392 5425 LXX
1452 5369 1667 5425 eaedem
1712 5369 1771 5424 in
1833 5370 2071 5426 Hebraeo

416 5429 641 5559 ltissim,
670 5435 887 5506 quibus
937 5444 995 5495 et
1044 5429 1201 5497 homo
1233 5445 1289 5496 et
1347 5442 1654 5496 incumbite
1712 5442 1844 5512 quid
1894 5442 2072 5498 deno-

487 5576 784 5660 fffalatin.
857 5578 1002 5660 alter
1054 5597 1186 5637 voce
1264 5584 1703 5660 repromissionis
1757 5589 2071 5659 expuncta,

417 5648 724 5713 substituit
752 5651 1011 5711 secunda
1036 5668 1217 5712 manu
1239 5648 1344 5727 pro
1363 5654 1700 5715 hominibus.

2180 3250 2294 3304 vita
2346 3248 2520 3304 fuerit
2566 3247 2872 3314 dissoluta,
2931 3266 3169 3304 rursum
3257 3249 3473 3305 nostris
3529 3248 3838 3307 laboribus

2179 3337 2417 3410 perfrui,
2452 3341 2555 3392 aut
2585 3337 2732 3393 scire
2762 3354 2887 3409 quae
2920 3337 3119 3393 futura
3147 3337 3268 3392 sint
3298 3338 3354 3391 in
3370 3338 3594 3393 mundo
3612 3344 3833 3410 postea.

2179 3426 2386 3482 Aliter:
2424 3426 2719 3498 Superiori
2752 3442 2946 3481 errore
2996 3426 3292 3493 turbatus,
3351 3427 3507 3498 quod
3565 3431 3835 3499 putarem

2178 3516 2329 3572 inter
2354 3516 2622 3571 homines
2668 3519 2725 3569 et
2753 3514 2971 3570 bestias
3001 3514 3148 3570 nihil
3205 3515 3508 3585 interesse,
3571 3516 3630 3571 in
3684 3516 3836 3573 hanc

2177 3604 2528 3660 sententiam
2559 3620 2735 3676 prava
2759 3604 3033 3675 opinione
3064 3604 3354 3660 deductus
3367 3609 3506 3660 sunt
3527 3605 3568 3673 ⁵,
3591 3609 3660 3660 ut
3686 3603 3832 3660 nihil

2177 3692 2335 3748 aliud
2369 3692 2507 3748 boni
2538 3693 2814 3759 dicerem,
2870 3691 2982 3748 nisi
3041 3697 3385 3764 praesentem
3440 3709 3680 3766 carpere
3739 3710 3834 3750 vo-

2173 3781 2478 3854 luptatem.
2512 3781 2707 3852 Neque
2738 3770 2895 3836 enim
2924 3798 3060 3837 cum
3092 3781 3269 3837 semel
3302 3798 3410 3838 nos
3465 3781 3830 3839 dissolvisset

2176 3871 2467 3938 interitus,
2501 3886 2673 3943 posse
2702 3869 2796 3926 his
2824 3870 3065 3942 perfrui,
3094 3888 3127 3926 a
3159 3870 3374 3941 quibus
3424 3872 3831 3929 recederemus

2174 3959 2409 4032 ingrati.
2440 3958 2550 4014 Alii
2581 3959 2652 4013 de
2683 3958 2792 4014 hoc
2819 3959 2975 4031 quod
3006 3959 3115 4014 ait:
3153 3980 3181 4008 ‹‹
3212 3958 3352 4025 Quis
3382 3959 3540 4014 enim
3574 3959 3833 4016 adducet

2174 4066 2329 4117 eum,
2372 4052 2438 4103 ut
2463 4047 2654 4103 videat
2681 4064 2766 4118 ea,
2801 4065 2927 4120 quae
2977 4052 3117 4103 sunt
3174 4049 3368 4103 futura
3416 4052 3547 4121 post
3574 4065 3658 4116 se,
3691 4070 3721 4099 π
3756 4048 3828 4105 ad

2174 4137 2339 4193 illam
2369 4136 2812 4210 intelligentiam
2844 4136 3193 4205 retulerunt,
3249 4141 3316 4192 ut
3372 4135 3632 4193 dicerent
3660 4154 3674 4193 :
3709 4138 3827 4194 Me-

2174 4227 2290 4283 lius
2320 4243 2448 4283 esse
2479 4226 2604 4283 suis
2661 4226 2961 4282 hominem
3022 4224 3324 4282 laboribus
3382 4225 3631 4297 perfrui;
3691 4225 3830 4299 quia

2175 4316 2283 4372 hoc
2315 4315 2509 4372 solum
2534 4316 2605 4371 de
2635 4315 2967 4371 substantia
3011 4332 3121 4371 sua
3154 4317 3352 4387 posset
3380 4315 3630 4371 auferre.
3679 4317 3827 4372 Cum

2176 4422 2334 4461 mors
2364 4404 2605 4472 venerit,
2630 4403 2854 4460 nescire
2882 4403 3036 4473 quali
3073 4403 3153 4459 sit
3206 4403 3434 4460 haerede
3481 4403 3825 4473 moriturus,

2177 4499 2376 4550 utrum
2406 4494 2640 4566 dignus,
2674 4510 2746 4548 an
2779 4492 3078 4565 indignus,
3103 4492 3453 4565 suisopibus
3468 4493 3830 4565 perfruatur.

2244 4582 2404 4655 (Cap.
2465 4582 2580 4654 IV).
2642 4602 2669 4635 α
2701 4582 2767 4637 Et
2824 4597 3140 4639 conversus
3188 4598 3321 4637 sum
3368 4597 3497 4655 ego,
3542 4587 3615 4659 ,et
3661 4580 3833 4639 vidi‘

2178 4672 2479 4728 universas
2510 4671 2835 4727 calumnias
2884 4687 3012 4743 quae
3044 4671 3196 4727 ﬁunt
3223 4671 3334 4727 sub
3391 4670 3535 4741 sole,
3597 4676 3656 4728 et
3705 4686 3834 4729 ecce

2176 4760 2443 4833 lacrymaa
2486 4776 2687 4817 eorum
2718 4758 2818 4831 qui
2865 4758 3221 4815 calumniam
3278 4760 3599 4829 sustinent,
3630 4764 3689 4817 et
3716 4776 3830 4817 non

2176 4854 2266 4905 est
2299 4849 2401 4923 qui
2428 4847 2762 4906 consoletur
2791 4864 2915 4917 eos,
2943 4852 3001 4904 et
3033 4847 3094 4903 in
3153 4848 3428 4905 manibus
3468 4848 3829 4906 calumnian-

2247 5014 2269 5048 ³
2291 5012 2451 5069 Idem
2484 5012 2759 5082 Palatin.,
2784 5019 2844 5067 ut
2866 5019 2947 5067 est
2972 5011 3149 5067 homo.

2250 5085 2272 5119 ι
2302 5084 2557 5140 Rursum
2591 5083 2746 5138 idem
2778 5100 2889 5139 ms.
2929 5084 2992 5139 Ut
3050 5084 3241 5138 vident
3294 5089 3481 5153 antea,
3528 5098 3658 5156 qua?
3711 5088 3839 5139 sunt

2179 5159 2373 5229 futura
2397 5174 2409 5212 :
2436 5171 2760 5229 perperam.

2253 5230 2273 5261 δ
2306 5225 2486 5282 Penes
2515 5225 2744 5291 Alcuin,
2774 5241 2948 5297 prava
2977 5225 3238 5297 Opinione
3267 5225 3518 5282 seductus
3545 5243 3691 5283 sum.

2251 5299 2691 5360 6Martianaeus.
2725 5295 2789 5352 Et
2817 5295 3105 5353 conversus
3164 5312 3282 5366 ego,
3341 5299 3478 5365 vidi,
3530 5295 3838 5354 renuenti-

2181 5371 2293 5426 bus
2326 5377 2446 5426 tum
2488 5370 2729 5436 nostris,
2763 5369 2978 5441 quibus
3003 5367 3100 5441 illo
3132 5385 3279 5441 usus
3309 5374 3397 5425 est
3428 5386 3573 5427 mss.
3606 5374 3667 5426 et
3709 5369 3841 5425 Flo-

2182 5441 2428 5497 rentinis
2460 5457 2714 5513 quoque,
2746 5439 2894 5513 quos
2925 5439 3127 5495 laudat
3151 5440 3466 5513 Victorius.

2258 5544 2322 5553 —-
2354 5514 2420 5567 Et
2459 5509 2780 5567 conversus
2802 5529 2928 5567 sum
2984 5527 3099 5582 ego.
3149 5512 3209 5566 In
3242 5518 3414 5569 antea
3442 5513 3614 5569 editis
3670 5509 3844 5568 libris

2183 5587 2455 5657 corrupte
2493 5583 2862 5660 legimus._Et
2893 5583 3138 5660 converti
3165 5599 3286 5655 ego,
3316 5588 3466 5660 etc,,_
3484 5600 3586 5660 pro
3607 5597 3841 5642 conva-

2183 5673 2273 5716 sus
2296 5654 2419 5716 sum
2447 5654 2578 5729 ego,“
2596 5656 2750 5719 sicut
2775 5654 2981 5732 legunt
3000 5669 3206 5715 omnes
3234 5654 3380 5717 mss.
3409 5654 3693 5717 Miamx.
