4058 6172
218 287 391 365 16397

1235 285 1861 367 COMMENTARIUS
1905 286 1986 349 IN
2031 286 2632 368 ECCLESIASTEN.

3476 290 3634 366 1098

221 422 376 497 tium
405 437 509 479 eos
556 421 868 479 fortitudo:
921 427 978 479 et
1024 440 1141 479 non
1188 427 1279 480 est
1326 423 1411 479 eis
1459 420 1810 479 consolator.
1847 442 1875 471 ››
1908 422 1964 489 Α
1994 423 2184 479 adhuc
2235 441 2364 481 esse
2406 425 2466 479 in
2514 424 2735 497 praelia,
2784 429 2842 481 et
2885 425 3053 497 quasi
3096 425 3331 483 clausos
3373 424 3634 498 corporis

222 514 363 569 Post
388 512 543 568 hanc
568 511 982 582 cogitationem
1008 514 1024 547 ι
1054 511 1193 567 illuc
1223 518 1479 568 mentem
1512 527 1703 566 meam
1735 526 1876 566 ocu-

217 601 435 674 losque
467 601 746 667 converti,
778 606 844 657 ut
884 601 1143 658 viderem
1191 600 1667 666 calumniatores,
1698 603 1755 654 et
1785 615 1879 654 ca-

216 691 518 749 lumniam
566 690 949 747 sustinentes.
997 691 1069 745 Et
1114 706 1245 746 ecce
1291 689 1372 758 lii,
1422 689 1524 761 qui
1571 688 1789 759 injuste
1846 705 1880 742 a

220 778 658 853 potentioribus
688 778 1125 851 opprimuntur,
1157 778 1452 849 lacrymis,
1498 793 1644 850 quas
1685 775 1877 832 solum

220 869 441 926 habere
468 868 527 923 in
559 866 997 923 calamitatibus
1035 867 1193 936 licet,
1242 867 1325 924 rei
1370 866 1653 922 invidiam
1686 868 1880 936 prote-

222 962 475 1024 stantes,
506 956 930 1012 consolatorem
966 974 1082 1011 non
1114 959 1339 1028 queunt
1368 956 1639 1027 reperire.
1665 955 1735 1008 Et
1765 969 1878 1025 quo

219 1047 418 1117 major
446 1043 690 1100 miseria
720 1044 816 1112 sit,
849 1048 907 1100 et
937 1044 1378 1100 inconsolabilis
1400 1043 1565 1099 dolor
1584 1044 1624 1110 ³,
1660 1041 1880 1098 calum-

220 1136 481 1190 niatores
512 1132 714 1189 vident
740 1132 797 1187 in
833 1131 1000 1188 suis3
1029 1132 1443 1205 iniquitatibus
1488 1131 1775 1187 fortiores.
1811 1131 1880 1184 Et

222 1224 346 1279 hac
375 1225 466 1278 est
494 1236 695 1287 causa,
727 1221 881 1293 quod
916 1237 1029 1277 non
1056 1220 1283 1276 valeant
1304 1218 1612 1277 consolari.
1642 1217 1879 1274 Plenius

218 1312 385 1367 hunc
415 1309 610 1366 locum
641 1308 703 1364 in
734 1307 960 1381 psalmo
1013 1308 1447 1381 septuagesimo
1480 1308 1735 1364 secundo
1766 1306 1877 1361 Da-

218 1401 342 1462 vid.
376 1403 437 1455 et
460 1398 749 1454 Jeremias
780 1398 838 1452 in
872 1414 978 1453 suo
1007 1396 1301 1453 volumine
1329 1400 1728 1469 exsequuntur
1747 1397 1786 1449 ‘.

298 1489 453 1544 419
481 1509 509 1537 ‹‹
546 1487 611 1541 Et
654 1485 888 1541 laudavi
941 1502 1045 1557 ego
1096 1490 1382 1551 mortuos,
1432 1485 1532 1557 qui
1569 1486 1695 1556 jam
1723 1499 1878 1538 mor-

224 1577 319 1632 tui
342 1580 500 1645 sunt,
531 1592 709 1647 super
736 1574 995 1630 viventes
1027 1574 1382 1646 quicumque
1412 1572 1524 1645 ipsi
1554 1572 1753 1628 vivunt
1780 1588 1878 1627 us-

230 1682 351 1738 que
382 1681 553 1721 nunc.
587 1665 654 1719 Et
683 1662 890 1719 melior
919 1680 1098 1735 super
1150 1663 1258 1720 hos
1305 1664 1454 1719 duos
1484 1662 1584 1734 qui
1615 1661 1878 1716 nondum

227 1760 405 1811 natus
431 1758 537 1821 est,
572 1754 672 1825 qui
693 1753 980 1856 ‘nondum
1030 1751 1176 1807 vidit
1224 1768 1370 1824 opus
1392 1752 1413 1786 ⁵
1445 1750 1688 1817 malum,
1722 1750 1879 1821 quod
1911 1791 1957 1856 B

223 1844 446 1899 factum
479 1846 570 1899 est
616 1841 726 1897 sub
777 1841 916 1897 sole.
955 1862 982 1889 ››
1038 1840 1123 1895 Ad
1175 1841 1670 1915 comparationem
1703 1838 1876 1893 mise-

220 1931 472 1999 riarum,
505 1947 632 2002 qua:
666 1930 726 1985 in
757 1929 868 1985 hoc
900 1928 1112 1985 saeculo
1143 1927 1420 1985 mortales
1450 1931 1745 2001 premunt,
1797 1927 1877 1982 fe-

218 2018 741 2091 licioresjudicavi
776 2021 1060 2086 mortuos,
1114 2035 1294 2091 quam
1342 2018 1622 2085 viventes,
1671 2032 1878 2072 secun-

217 2111 371 2165 dum
402 2108 547 2165 illud
577 2108 692 2164 Job
721 2108 794 2163 de
826 2108 1027 2164 inferis
1068 2107 1464 2179 disputantis:
1495 2107 1575 2161 Ibi
1604 2107 1879 2176 requieve-

220 2201 361 2253 runl
388 2199 525 2254 lassi
550 2212 797 2269 corpore,
830 2213 955 2252 cum
1003 2196 1088 2251 his
1145 2197 1241 2266 qui
1277 2197 1454 2251 vincti
1488 2194 1734 2268 fuerant,
1757 2194 1881 2264 jam

218 2289 430 2357 securi,
462 2303 572 2343 non
604 2286 888 2342 audientes
944 2300 1123 2341 vocem
1171 2286 1443 2340 exactor-is
1471 2284 1608 2355 (Job.
1668 2299 1751 2351 ιιι,
1811 2280 1880 2337 l7

218 2385 277 2437 et
326 2376 441 2448 18).
492 2374 697 2431 Melior
744 2378 941 2430 autem
985 2376 1075 2429 est
1119 2372 1213 2428 his
1262 2372 1514 2437 duobus,
1544 2371 1769 2427 vivente
1800 2368 1880 2424 vi-

222 2464 441 2521 delicet
471 2468 528 2520 et
572 2463 866 2531 defuncto,
917 2462 1017 2533 qui
1061 2462 1313 2518 necdum
1363 2465 1539 2517 natus
1577 2465 1684 2516 est.
1717 2458 1882 2514 Alius

223 2554 392 2609 enim
423 2552 616 2608 adhuc
646 2550 803 2607 mala
833 2550 1074 2623 patitur,
1107 2548 1260 2605 alius
1290 2549 1458 2621 quasi
1481 2549 1551 2604 de
1577 2547 1881 2620 naufragio

227 2642 434 2699 nudus
464 2641 665 2697 evasit.
700 2641 875 2696 Porro
924 2639 1025 2711 qui
1077 2638 1328 2695 necdum
1379 2642 1553 2693 natus
1585 2641 1693 2705 est,
1725 2638 1785 2692 in
1816 2652 1888 2699 eo,

228 2730 461 2787 felicior
505 2734 616 2797 est,
666 2729 823 2801 quod
872 2728 1122 2785 necdum
1173 2727 1330 2783 mala
1376 2725 1582 2781 mundi
1612 2729 1883 2798 expertus

225 2825 349 2875 est.
380 2819 495 2875 Hoc
524 2823 722 2875 autem
753 2816 916 2887 dicit,
951 2834 1067 2873 non
1098 2817 1254 2889 quod
1281 2815 1379 2887 qui
1414 2816 1662 2870 necdum
1710 2818 1884 2869 natus

228 2913 345 2977 est,
398 2913 533 2963 ante
578 2908 658 2963 sit
707 2923 886 2980 quam
936 2910 1232 2972 nascatur,
1266 2910 1325 2960 et
1353 2904 1411 2960 in
1444 2921 1510 2960 eo
1540 2903 1762 2960 felicior
1786 2903 1881 2971 sit,

222 2999 375 3070 quia
404 2997 655 3053 necdum
687 3011 927 3068 corpore
976 2998 1373 3067 praegravatus
1420 2997 1544 3049 est:
1596 2993 1697 3049 sed
1728 2992 1884 3064 quod

227 3085 449 3142 melius
479 3086 557 3141 sit
585 3084 825 3140 omnino
856 3100 970 3139 non
1003 3098 1131 3139 esse
1150 3084 1191 3149 θ,
1227 3098 1330 3137 nec
1378 3097 1621 3138 sensum
1672 3081 1885 3136 habere

1987 513 2281 583 ergastulo
2332 514 2645 582 retentari;
2707 514 2808 587 qui
2865 530 2999 570 vero
3061 518 3309 570 mortem
3358 513 3632 585 obierint,

1979 601 2106 671 jam
2166 619 2293 658 esse
2351 619 2611 674 securos,
2672 608 2728 659 et
2785 620 3023 675 peccare
3080 604 3323 660 desisse.
3379 603 3538 660 Sicut
3579 606 3639 660 et

1987 688 2266 759 Joannes,
2317 708 2433 762 quo
2479 692 2670 762 major
2715 709 2832 748 non
2882 692 2995 748 fuit
3041 692 3100 746 in
3131 692 3287 748 natis
3316 691 3634 748 mulierum

1990 777 2197 849 (Matth.
2232 780 2317 850 ii),
2353 779 2545 835 minor
2573 785 2663 836 est
2691 797 2781 848 eo,
2809 780 2908 853 qui
2939 780 3224 838 minimus
3248 784 3337 837 est
3363 780 3425 835 in
3455 795 3635 853 regno

1989 866 2264 923 caelorum
2287 870 2328 938 ⁷,
2361 873 2419 924 et
2449 870 2707 941 corporis
2737 886 2910 926 onere
2953 869 3257 939 liberatus,
3290 868 3476 925 nescit
3500 885 3635 924 cum

1986 957 2263 1027 Apostolo
2294 958 2482 1013 dicere
2507 976 2519 1013 :
2542 948 2712 1014 Miser
2738 975 2832 1029 ego
2864 960 3041 1027 homo,
3088 961 3209 1031 quis
3259 974 3348 1014 me
3384 957 3639 1013 liberabit

1987 1044 2051 1099 de
2077 1060 2302 1117 corpore
2346 1048 2539 1102 mortis
2593 1048 2757 1119 hujus
2786 1048 2960 1119 (Rom.
3008 1065 3111 1116 vn,
3165 1047 3301 1118 14)?
3335 1045 3635 1109 Meliorem

1990 1138 2187 1189 autem
2218 1134 2311 1190 his
2341 1135 2573 1192 duobus
2604 1153 2731 1192 esse
2748 1152 2906 1203 eum,
2931 1135 3033 1208 qui
3054 1137 3306 1193 necdum
3328 1139 3504 1191 natus
3526 1137 3637 1203 est,

1990 1239 2096 1280 nec
2125 1222 2271 1278 vidit
2299 1223 2476 1291 mala,
2508 1225 2725 1298 quibus
2777 1224 2837 1280 in
2887 1226 3108 1281 mundo
3137 1223 3409 1281 homines
3439 1221 3637 1294 depri-

1989 1317 2250 1368 muntur.
2283 1312 2526 1369 Animas
2556 1313 2713 1370 enim
2761 1319 3013 1381 nostras,
3050 1318 3362 1385 antequam
3404 1312 3479 1368 ad
3508 1327 3636 1367 cor-

1989 1416 2132 1471 pora
2161 1401 2275 1456 ista
2305 1402 2325 1434 θ
2370 1401 2745 1469 descendant,
2794 1402 3014 1458 versari
3061 1403 3216 1474 apud
3268 1416 3531 1473 superos,
3578 1401 3637 1455 et

1988 1490 2192 1544 tandiu
2225 1489 2425 1546 beatas
2456 1507 2604 1556 esse,
2656 1492 2920 1563 quandiu
2964 1491 3183 1548 caelesti
3224 1489 3551 1547 Jerusalem
3580 1491 3638 1544 et

1990 1578 2167 1633 choro
2198 1581 2507 1634 teneantur
2531 1579 2814 1652 angelico.

2060 1668 2216 1723 ηε)
2250 1689 2278 1717 ‹‹
2308 1668 2378 1723 Et
2405 1668 2523 1722 vidi
2551 1685 2656 1740 ego
2687 1669 3027 1725 universum
3059 1667 3337 1734 laborem,
3370 1670 3427 1722 et
3454 1664 3635 1721 simul

1989 1772 2224 1811 omnem
2241 1755 2515 1812 virtutem
2534 1757 2753 1828 operis:
2776 1758 2914 1829 quia
2929 1756 3223 1812 aemulatio
3239 1755 3372 1811 viri9
3391 1772 3426 1809 a
3447 1751 3638 1809 sodali

1986 1845 2036 1915 ej
2048 1861 2135 1911 us;
2161 1848 2216 1899 et
2239 1844 2475 1914 quidem
2494 1844 2603 1901 hoc
2623 1845 2849 1901 vanitas
2868 1849 2923 1901 et
2940 1843 3315 1917 praesumptio
3334 1842 3636 1915 spiritus.»

1986 1931 2252 1989 Converti
2284 1948 2376 1987 me
2405 1949 2608 1989 rursus
2643 1935 2716 1989 ad
2747 1934 2883 2003 alia,
2915 1938 2973 1989 et
2998 1933 3115 1989 vidi
3145 1947 3382 1989 omnem
3412 1930 3638 1987 fortitu-

1988 2020 2182 2077 dinem
2207 2025 2265 2077 et
2278 2020 2523 2093 gloriam
2542 2021 3021 2089 laborantium,et
3041 2021 3395 2094 deprehendi
3414 2020 3639 2076 bonum

1989 2109 2230 2166 alterius
2259 2124 2409 2176 esse,
2441 2109 2682 2166 alterius
2713 2111 2958 2179 malum,
2992 2112 3135 2166 dum
3164 2109 3400 2165 invidus
3449 2107 3640 2165 aliena

1990 2198 2265 2266 felicitate
2296 2202 2627 2270 torquetur,
2651 2204 2708 2255 et
2734 2204 2895 2271 patet
2917 2198 3150 2256 insidiis
3171 2196 3638 2272 gloriosus.Quid

1989 2287 2146 2343 enim
2180 2286 2406 2355 vanius,
2442 2286 2583 2359 quid
2615 2287 2951 2344 instabilius
2974 2288 3035 2355 ¹⁰,
3069 2291 3128 2344 et
3156 2287 3241 2343 sic
3262 2283 3636 2356 nihili,quam

1990 2375 2258 2432 homines
2288 2392 2405 2431 non
2437 2392 2576 2431 suas
2605 2375 2739 2431 ﬂere
2769 2375 3059 2442 miserias,
3088 2374 3179 2431 vel
3208 2373 3444 2446 propria
3472 2371 3637 2444 luge-

1991 2481 2052 2520 re
2080 2467 2334 2536 peccata,
2378 2463 2479 2519 sed
2510 2462 2854 2520 melioribus
2883 2463 3143 2520 invidere
3162 2463 3190 2517 ?

2059 2576 2085 2602 ‹‹
2121 2550 2350 2608 Stultus
2380 2551 2719 2623 complexus
2748 2557 2837 2609 est
2866 2568 3079 2608 manus
3107 2568 3269 2619 suas,
3296 2555 3355 2607 et
3384 2549 3640 2606 comedit

1991 2657 2194 2697 carnes
2225 2657 2448 2696 suas.»
2502 2640 2605 2695 Hic
2655 2645 2743 2697 est
2789 2641 2890 2713 qui
2935 2644 2993 2696 et
3040 2641 3097 2695 in
3137 2638 3465 2696 Proverbiis
3496 2639 3636 2712 (cap.

1990 2728 2143 2801 xxxv)
2174 2728 2339 2801 piger
2369 2728 2738 2797 describitur,
2790 2728 3099 2785 continens
3128 2729 3403 2786 manibus
3432 2731 3639 2800 pectus

1992 2835 2188 2874 suum.
2220 2818 2344 2885 Cui,
2377 2822 2660 2889 tanquam
2692 2819 2842 2874 citus
2891 2835 3113 2885 cursor,
3145 2818 3302 2874 venit
3328 2817 3548 2890 inopia,
3581 2820 3641 2873 et

1993 2907 2093 2978 qui
2125 2910 2360 2978 propter
2388 2906 2634 2961 nimiam
2660 2907 2875 2963 famem
2909 2906 3303 2979 (hyperbolice
3332 2909 3530 2961 autem
3558 2904 3640 2960 di-

1993 2999 2150 3051 ctum
2183 2995 2280 3066 sit)
2311 2994 2564 3051 comedit
2610 3011 2813 3052 carnes
2859 3013 3018 3052 suas.
3068 2996 3175 3060 Qui
3226 2994 3438 3050 melius
3469 2997 3637 3066 putat

1995 3100 2124 3141 esse
2155 3101 2340 3139 unum
2372 3082 2661 3156 pugillum
2693 3084 2906 3146 habere
2936 3084 3128 3151 farris,
3160 3087 3219 3139 et
3246 3084 3499 3139 otiosum
3528 3087 3644 3139 tor-

222 3174 604 3242 substantiaz,
631 3189 807 3245 quam
863 3171 1168 3227 infeliciter
1218 3171 1306 3226 vel
1351 3187 1499 3239 esse,
1545 3170 1633 3226 vel
1675 3171 1883 3225 vivere.
1916 3159 1959 3226 C
1998 3178 2349 3246 pentemque
2366 3173 2756 3244 vivere,quam
2775 3173 3138 3229 laborantem
3161 3188 3402 3228 manum
3420 3175 3644 3227 utram-

225 3264 537 3331 Quomodo
569 3265 626 3317 et
672 3262 743 3317 de
800 3262 954 3317 Juda
1009 3259 1293 3315 Dominus
1350 3258 1630 3331 loquitur,
1685 3260 1883 3314 futura

228 3354 368 3425 ejus
412 3354 706 3407 tormenta
749 3349 1129 3422 signiﬁcans:
1177 3348 1366 3404 Melius
1422 3357 1539 3404 erat
1576 3364 1687 3404 non
1732 3349 1885 3404 nasci

229 3442 456 3497 homini
486 3441 577 3495 illi
602 3438 805 3511 (Matth.
840 3455 992 3506 xxvx,
1042 3437 1134 3509 24)
1183 3438 1336 3509 quod
1386 3436 1597 3492 melius
1628 3437 1678 3493 ei
1711 3436 1887 3491 fuerit

225 3529 479 3587 omnino
510 3545 626 3584 non
657 3544 807 3594 csse,
841 3543 1017 3598 quam
1049 3530 1294 3581 aeternos
1324 3525 1618 3581 cruciatus
1643 3523 1883 3596 perpeti.

226 3618 353 3679 Alii
408 3634 541 3673 vero
599 3617 756 3672 hunc
805 3615 1001 3672 locum
1058 3616 1141 3669 ita
1189 3613 1557 3687 intelligunt:
1620 3612 1915 3669 Meliores

234 3720 378 3763 esse
406 3704 659 3762 dicentes
688 3722 810 3775 eos,
842 3704 944 3776 qui
975 3703 1193 3759 mortui
1245 3708 1403 3783 sunt,
1443 3704 1514 3758 ab
1546 3702 1639 3757 his
1669 3701 1770 3773 qui
1800 3702 1887 3755 vi-

228 3798 410 3862 vunt,
438 3792 573 3850 licet
601 3797 738 3851 ante
768 3791 987 3849 fuerint
1025 3795 1377 3864 peccatores.
1430 3790 1702 3847 Viventes
1730 3790 1889 3847 enim

294 4047 309 4079 ¹
347 4043 713 4100 Adverbium
764 4040 1540 4114 illuchuod»Martianaeus
1588 4040 1889 4114 omiserat,

214 4134 292 4174 ex
322 4115 549 4171 nostris
597 4130 740 4171 mss.
805 4119 861 4169 et
916 4111 1153 4168 Victorii
1214 4112 1465 4167 editione
1524 4111 1889 4168 sulfccimus.

292 4190 317 4222 ί
347 4186 583 4242 Alcuin.
641 4186 704 4240 Et
753 4184 892 4255 quod
946 4186 1224 4240 malorum
1270 4185 1647 4239 miserrimum
1681 4184 1798 4251 sit,
1842 4193 1894 4240 et

214 4258 652 4316 inconsohibilis
681 4258 863 4313 dolor.

296 4332 320 4367 ³
355 4330 800 4385 Calumniatores
830 4326 1015 4383 vident
1046 4329 1102 4382 in
1134 4327 1278 4382 suis.
1317 4324 1458 4379 Mss.
1495 4325 1894 4391 Corbeienses,

215 4403 661 4459 calumniatores
704 4400 965 4455 videntur
1006 4400 1066 4453 in
1112 4399 1229 4452 suis
1276 4397 1665 4465 iniquitatibus
1693 4398 1897 4466 fortio-

216 4490 335 4530 res.
370 4475 435 4529 Et
485 4471 603 4528 haec
649 4479 730 4526 est
773 4487 959 4536 causa,
1012 4486 1120 4541 qua
1167 4484 1279 4522 non
1339 4468 1551 4541 valeam
1596 4469 1894 4541 consolari.

1991 3280 2103 3334 que
2125 3262 2656 3334 complere.Totum
2679 3266 2872 3318 autem
2892 3262 3046 3334 quod
3070 3260 3441 3330 disserit,hoo
3462 3263 3646 3329 est,ut

1993 3352 2280 3417 ostendat,
2314 3355 2371 3405 et
2400 3366 2534 3406 eum
2571 3350 2672 3422 qui
2721 3349 2966 3419 laborat,
3000 3355 3057 3406 et
3099 3350 3275 3406 habet
3302 3347 3549 3421 aliquid,
3579 3346 3643 3403 in

1995 3440 2214 3495 mundo
2245 3443 2442 3511 patere
2486 3438 2736 3506 invidiae,
2788 3444 2845 3495 et
2893 3455 3098 3494 rursus
3150 3454 3284 3493 eum
3326 3437 3426 3509 qui
3455 3435 3642 3493 vivere

1994 3527 2119 3583 vult
2144 3527 2399 3598 quietus,
2432 3527 2632 3598 inopia
2660 3527 2934 3599 opprimi,
2957 3531 3015 3583 et
3033 3542 3162 3582 esse
3182 3529 3500 3596 utrumque
3529 3523 3641 3579 mi-

1998 3614 2326 3680 serabilem,
2377 3617 2516 3669 dum
2569 3613 2719 3669 alius
2768 3618 3003 3686 propter
3062 3630 3210 3684 opus
3258 3611 3641 3683 periclitatur,

1998 3702 2152 3759 alius
2180 3706 2416 3775 propter
2443 3702 2704 3773 inopiam
2735 3704 2990 3773 egestate
3013 3699 3338 3756 conﬁcitur.
3361 3697 3464 3754 Vel
3487 3701 3643 3753 certo

2000 3792 2102 3849 sic.
2136 3790 2244 3856 Qui
2274 3790 2475 3848 alienae
2500 3791 2540 3826 ιι
2572 3788 2832 3847 felicitati
2853 3787 3090 3855 invidet,
3122 3792 3181 3844 et
3208 3787 3378 3859 quasi
3401 3784 3645 3858 spiritus

2002 4044 2135 4114 post
2164 4055 2297 4114 eum
2333 4039 2391 4095 S.
2425 4038 2680 4114 Thomas
2711 4037 2763 4114 l._
2788 4041 3090 4114 ii,__qu_aast.
3119 4039 3173 4114 8,
3206 4040 3317 4114 art:
3415 4034 3486 4114 ad
3517 4035 3574 4114 3ξ

2077 4143 2142 4151 -
2174 4110 2274 4166 Sed
2300 4109 2439 4181 quod
2468 4111 2667 4165 melius
2713 4111 2803 4165 sit.
2837 4106 3123 4165 Hi'clocus
3146 4106 3383 4181 jugulat
3420 4107 3649 4181 ineptas

2005 4177 2488 4239 scholasticorum
2515 4181 2820 4252 opiniones
2850 4185 2906 4235 et
2936 4177 3463 4252 argutiasfquibus
3493 4177 3651 4252 apud

2006 4253 2307 4326 imperitos
2366 4247 2650 4326 conantur
2704 4253 2969 4326 probare,
3006 4247 3229 4307 melius
3260 4247 3389 4306 esse
3419 4247 3649 4326 homini

2007 4319 2408 4382 intblicissime
2455 4319 2731 4379 exsistere
2789 4322 2841 4377 el
2900 4322 3109 4388 vivere,
3172 4337 3350 4393 quam
3409 4319 3651 4375 omnino

2011 4415 2123 4453 non
2154 4413 2301 4452 esse.
2335 4400 2607 4450 MARTIAN.

2081 4471 2099 4502 τ
2130 4468 2444 4523 Vaticanus
2483 4472 2537 4522 et
2593 4463 2841 4520 Palatin.
2900 4463 3067 4532 alter,
3120 4465 3391 4520 minimus
3446 4469 3525 4517 est
3567 4476 3653 4529 eo,

217 4526 842 4613 Quas—itaieronymus
883 4526 1034 4613 ipse.
1058 4540 1396 4613 loqueretur
1448 4538 1661 4613 ista_de
1695 4539 1898 4613 incon-
1931 4526 1975 4589 D
2009 4542 2105 4613 qui
2132 4542 2315 4613 miuqr
2344 4546 2422 4593 est
2451 4539 2511 4613 iu
2540 4540 2870 4613 regnatetc.

221 4609 475 4671 s'olabili
504 4609 702 4670 dolore
732 4609 969 4684 propter
998 4609 1334 4683 iniquorum
1367 4609 1710 4680 potentiam.
1738 4610 1896 4666 MAR-

342 4704 399 4742 Ν.

342 4705 399 4742 Ν.

231 4705 335 4791 Ἦῗ
355 4755 608 4812 Palatini
638 4755 755 4810 duo
788 4770 955 4820 mss.,
984 4754 1311 4825 exquirunt.

305 4830 326 4863 ⁵
357 4829 502 4883 Tres
532 4844 562 4883 e
595 4825 1017 4895 nostris_mss.,
1052 4823 1149 4895 qui
1176 4840 1287 4879 non
1334 4823 1471 4878 vidit
1522 4839 1690 4895 Opus:
1736 4839 1896 4895 pres-

219 4900 364 4959 sius
397 4898 593 4954 Grieco
625 4896 724 4950 οὐκ
753 4893 888 4951 οἶδε.

306 4970 525 5025 “Hanc
584 4969 893 5040 pericopen
953 4968 1038 5022 ita
1089 4967 1253 5022 effert
1312 4965 1431 5040 sive
1484 4964 1741 5040 explicat
1797 4963 1896 5040 Al-

221 5044 397 5099 cuin.
430 5043 540 5098 Hoc
567 5035 749 5096 autem
783 5035 948 5105 'dicit,
978 5054 1086 5094 non
1145 5040 1276 5108 quia
1324 5038 1526 5091 anima:
1559 5035 1692 5090 sint
1722 5035 1897 5090 homi-

220 5131 394 5180 num,
468 5110 768 5168 secundum
838 5111 1203 5181 quorumdam
1268 5124 1528 5174 errorem,
1606 5109 1901 5181 antequam

220 5192 504 5242 nascatur
531 5183 686 5238 homo
718 5184 775 5237 in
810 5179 1035 5248 vitando,
1084 5181 1175 5237 sed
1223 5182 1356 5251 quia
1406 5181 1605 5251 melius
1650 5179 1743 5241 sit,
1784 5193 1899 5231 om—

224 5261 374 5313 nino
433 5271 544 5310 non
608 5270 742 5310 esse.
802 5253 998 5324 Porro,
1060 5250 1241 5324 quod
1275 5250 1669 5324 Martianazus
1709 5252 1897 5324 putat,

224 5324 700 5397 Hieronymiana
729 5318 1017 5397 sententia
1039 5318 1303 5397 jugulari
1333 5323 1561 5394 ineptas
1591 5318 1899 5397 scholasti:

224 5391 831 5468 corum-opiniones,
887 5396 989 5465 qui
1041 5391 1288 5451 tradunt
1354 5391 1627 5468 praestare
1678 5391 1900 5448 homini

230 5466 651 5528 infelicissi‘me
709 5469 1006 5532 exsistere,
1058 5484 1234 5538 quam
1286 5466 1689 5538 omnino_non
1750 5480 1899 5538 esse,

232 5548 454 5616 praeter
486 5538 868 5616 philosophos
911 5536 1231 5616 pleraeque
1272 5554 1495 5616 omnes,
1620 5537 1901 5616 Augustif

237 5608 522 5688 iamipse
573 5608 869 5683 improbat
922 5611 1022 5665 lib.
1082 5628 1144 5666 in
1201 5610 1271 5666 de
1328 5608 1507 5667 libero
1539 5608 1814 5681 Arbitrio,
1847 5611 1905 5668 et

579 5736 855 5801 PATBOL.
900 5734 1124 5801 XXIII.

2077 4612 2097 4644 ⁸
2128 4610 2233 4676 Qui
2265 4609 2383 4664 haec
2414 4606 2686 4664 effutiret.
2719 4606 2996 4680 Origines
3020 4606 3151 4680 fuit,
3183 4607 3355 4680 cujus
3384 4620 3656 4680 saepenu-

2009 4675 2167 4737 mero
2195 4696 2445 4736 errorem
2480 4675 2866 4751 Hieronymus
2908 4678 3139 4751 refellit.
3174 4675 3335 4751 Vide
3364 4675 3500 4733 cum
3530 4675 3655 4751 pri-

2008 4753 2121 4807 mis
2152 4750 2332 4823 Epist.
2371 4751 2494 4823 7425
2541 4751 2612 4806 ad
2662 4749 2922 4813 Avitum,
2971 4749 3298 4823 Theophili,
3350 4765 3511 4823 quas
3540 4749 3654 4802 La-

2008 4824 2128 4878 tine
2159 4818 2409 4877 reddidit
2453 4821 2512 4876 S.
2567 4823 2786 4887 doctor,
2840 4818 3153 4877 Paschales
3194 4818 3440 4876 litteras.
3473 4818 3652 4875 Caete-

2007 4912 2136 4950 rum
2167 4898 2284 4948 tres
2316 4911 2346 4948 e
2378 4892 2594 4948 nostris
2626 4909 2769 4947 mss.
2805 4908 3008 4947 vocem
3038 4896 3250 4960 nostra,
3285 4891 3581 4962 ignorant.

2080 4997 2146 5005 -—-
2177 4967 2399 5020 Animas
2430 4966 2581 5019 enim
2622 4973 2844 5018 nostras
2892 4966 3207 5033 antequam.
3258 4960 3424 5033 Cave,
3457 4960 3657 5024 lector,

2009 5053 2079 5091 ne
2106 5036 2533 5113 hunc_errorem
2558 5034 2819 5113 ascribas
2847 5031 3215 5113 Hieronymo,
3240 5031 3339 5113 qui
3356 5035 3659 5113 eumstre-

2008 5125 2123 5162 nuc
2148 5106 2465 5161 confutavit
2495 5106 2551 5159 in
2587 5104 2842 5176 Epistola
2873 5105 2945 5158 ad
2985 5103 3238 5159 Avitum.
3260 5103 3661 5176 ’Origenianus

2017 5178 2193 5248 igitur
2224 5179 2349 5250 ipse
2377 5172 2847 5250 Commentaries
2892 5179 3001 5239 est,
3062 5183 3127 5250 ut
3179 5172 3662 5250 manifestissime

2009 5244 2419 5322 comprobatur
2447 5264 2518 5322 ex
2546 5245 2944 5318 superioribus
2972 5244 3187 5311 verbis,
3214 5246 3329 5302 Alii
3357 5261 3485 5301 vero
3516 5244 3662 5299 hunc

2011 5319 2186 5376 locutu
2220 5323 2295 5376 ita
2325 5319 2663 5386 intelligunt,
2699 5323 2805 5372 etc.
2842 5321 3125 5372 Manum.

2081 5395 2101 5427 9
2132 5392 2399 5447 Martian.
2434 5391 2712 5445 aemulatio
2752 5392 2892 5454 viro,
2942 5389 3485 5461 contradicentibus
3516 5404 3660 5444 mss.

2012 5469 2185 5532 atque
2216 5462 2387 5518 editis
2418 5461 2607 5525 libris,
2641 5461 2887 5532 ipsoque
2909 5463 3089 5515 textu.

2083 5537 2123 5569 ¹⁰
2154 5536 2278 5590 Duo
2310 5550 2478 5600 mss.,
2513 5533 2642 5605 quid
2666 5534 2847 5605 instar
2867 5534 3114 5605 spiritus,
3146 5538 3197 5588 et
3224 5535 3322 5605 sic,
3357 5536 3468 5589 etc.

2084 5607 2123 5644 ¹¹
2158 5606 2261 5666 γει
2288 5609 2431 5664 certe
2457 5603 2574 5665 sic:
2604 5605 2720 5682 Qui
2746 5603 2967 5664 um.
3017 5604 3197 5663 Aliter
3234 5603 3365 5677 lego
3411 5605 3472 5661 in
3515 5614 3659 5659 mss.

3271 5730 3348 5792 35
