4058 6172
464 289 624 361 1099
1699 307 1767 368 S.
1808 305 2116 370 EUSEBII
2160 303 2598 370 HIERONYM]
2611 355 2625 369 .
3643 307 3769 374 H00

461 429 656 486 furore
684 437 970 504 raptatur,
1002 439 1059 492 et
1082 434 1363 493 invidiam
1401 435 1462 492 in
1507 438 1704 494 sinum
1736 455 1911 494 suum
1943 454 2100 494 rece-
2127 441 2183 506 Α
2215 440 2462 504 Quidam
2494 441 2651 496 hunc
2682 440 2873 497 locum
2905 442 2977 496 ab
3025 456 3092 497 eo
3139 441 3289 514 quod
3340 441 3444 496 ait:
3478 441 3554 497 Est
3574 459 3710 510 unus,
3734 456 3777 504 et

459 517 628 588 perit,
661 522 1048 595 nutrieritque
1106 540 1236 580 eam
1283 525 1344 580 in
1394 530 1664 598 pectore:
1716 528 1825 582 iste
1857 527 2111 582 comedit
2217 544 2328 583 non
2371 533 2449 584 est
2485 529 2771 596 secundus,
2823 547 3000 602 super
3044 529 3330 585 Salvatore
3373 531 3777 603 interpretantur,

455 606 714 665 animam
747 628 938 676 suam,
971 618 1029 668 et
1059 630 1264 670 carnes
1306 631 1466 670 suas.
1501 615 1727 678 Quanto
1760 615 1916 670 enim
1949 632 2106 681 eum,
2218 617 2371 687 quod
2404 616 2566 672 solus
2597 624 2654 672 et
2705 619 2926 688 absque
2975 616 3094 671 ullo
3145 618 3350 672 comite
3390 618 3454 672 ad
3495 619 3778 675 salvandum

447 696 542 751 cui
573 697 814 767 invidet,
849 701 1168 758 feliciorem
1212 703 1446 770 viderit,
1491 707 1654 758 tanto
1702 704 1826 775 ipse
1857 705 2110 776 amplius
2218 705 2507 759 mundum
2540 705 2927 761 descenderit.
2963 705 3032 759 Et
3063 722 3394 777 quanquam
3423 705 3574 762 multi
3596 707 3683 761 filii
3703 708 3781 764 Dei

445 787 807 843 contabescit
835 794 892 844 et
921 792 1167 863 deperit,
1220 797 1277 847 et
1325 791 1608 863 paulatim
1665 791 1788 848 zelo
1845 797 1902 848 et
1931 793 2108 849 livore
2217 793 2354 859 sint,
2407 798 2464 848 et
2508 793 2716 848 fratres
2758 795 2885 864 ejus
2935 794 3244 866 adoptione
3301 795 3582 849 dicantur:
3628 798 3783 850 tamen

443 873 708 930 distillat.
739 876 960 934 Aliter:
995 883 1201 935 Manus
1247 880 1450 935 crebro
1493 897 1598 952 pro
1649 880 1924 952 operibus
1955 882 2104 936 acci-
2217 881 2417 936 nullus
2451 881 2666 953 dignus
2699 883 3007 950 exstiterit,
3041 884 3140 954 qui
3170 883 3226 937 in
3264 883 3367 938 hoc
3386 883 3434 938 ei
3452 899 3605 955 opere
3627 884 3787 955 junge-

442 961 703 1033 piuntur,
739 965 893 1021 sicut
922 966 1002 1022 ibi
1028 984 1040 1022 :
1087 969 1321 1024 Verbum
1350 970 1576 1024 Domini
1605 969 1743 1039 quod
1789 973 1998 1040 factum
2029 975 2106 1025 est
2217 973 2395 1024 retur.
2431 972 2611 1040 Cujus
2643 970 2860 1027 laboris
2891 989 3007 1026 non
3039 976 3127 1025 est
3156 972 3310 1034 finis,
3344 971 3603 1043 portantis
3630 977 3790 1026 nostra

443 1053 505 1105 in
535 1069 707 1108 manu
728 1054 918 1126 Aggaei
948 1057 1169 1127 (Aggaei
1212 1075 1255 1125 1,
1307 1059 1331 1112 1
1363 1098 1377 1123 ,
1430 1057 1550 1113 sive
1590 1057 1772 1125 illius,
1804 1057 1892 1113 vel
1924 1059 2104 1130 hujus
2212 1057 2353 1112 vitia
2384 1062 2558 1128 atque
2591 1063 2848 1130 peccata,
2879 1064 2935 1114 et
2966 1077 3067 1130 pro
3100 1061 3269 1115 nobis
3311 1059 3577 1116 dolentis:
3606 1063 3655 1114 et
3678 1077 3788 1115 ocu-

443 1140 758 1212 prophetae,
788 1144 944 1214 quod
968 1143 1109 1200 talia
1131 1162 1308 1217 opera
1330 1145 1598 1218 gesserit,
1626 1151 1692 1201 ut
1713 1147 1929 1218 dignus
1960 1148 2104 1202 exsi-
2214 1145 2306 1200 lus
2337 1147 2465 1216 ejus
2514 1163 2628 1201 non
2685 1147 2996 1202 satiabitur
3037 1149 3279 1219 divitiis,
3328 1163 3545 1220 semper
3579 1151 3789 1202 nostram

440 1233 642 1298 steret,
674 1231 734 1286 in
769 1233 940 1303 cujus
985 1250 1158 1304 opere
1205 1235 1371 1290 fieret
1419 1251 1613 1290 sermo
1670 1235 1922 1290 Domini.
1957 1235 2101 1290 Huic
2211 1234 2500 1305 cupientis
2547 1234 2820 1301 salutem,
2870 1241 2928 1291 et
2972 1242 3191 1308 quanto
3240 1235 3371 1307 plus
3417 1236 3558 1292 422
3602 1252 3789 1307 peccare

443 1318 712 1390 congruit
741 1324 798 1375 et
826 1320 971 1376 illud
1008 1323 1219 1378 David:
1275 1325 1379 1391 Qui
1425 1324 1579 1379 docet
1619 1341 1818 1379 manus
1848 1341 2004 1380 meas
2031 1324 2101 1379 ad
2211 1339 2386 1392 quem
2418 1323 2648 1390 viderit,
2681 1329 2842 1379 tanto
2871 1326 3058 1396 magis
3107 1327 3180 1380 ad
3226 1324 3602 1396 paenitentiam
3630 1324 3791 1380 cohor-

438 1407 699 1476 prwlium
728 1410 896 1480 (Psal.
929 1426 1123 1478 CXLIII,
1158 1412 1234 1483 l).
1268 1411 1495 1467 Stultus
1545 1412 1723 1484 igitur
1754 1413 2097 1484 complexus
2210 1411 2409 1465 tantis.

441 1499 532 1550 est
559 1514 771 1553 manus
803 1516 964 1566 suas,
999 1500 1056 1554 id
1087 1504 1194 1567 est,
1228 1500 1540 1566 contraxit,
1574 1506 1631 1555 et
1661 1502 1970 1557 extendere
2002 1519 2101 1557 no-
2283 1523 2308 1546 ‹‹
2347 1498 2612 1555 Meliores
2643 1501 2780 1568 duo,
2809 1519 2984 1573 quam
3015 1518 3171 1556 unus
3202 1503 3241 1570 ε,
3277 1503 3482 1573 quibus
3511 1505 3592 1556 est
3616 1515 3794 1555 merces

442 1582 574 1650 luit,
611 1586 765 1641 unde
795 1603 909 1642 non
964 1587 1214 1644 comedit
1263 1590 1495 1644 labores
1541 1606 1826 1645 manuum
1855 1607 2098 1646 suarum
2208 1587 2364 1642 bona
2397 1588 2456 1641 in
2493 1587 2690 1643 labore
2721 1606 2866 1644 suo:
2904 1591 3062 1660 quia,
3096 1589 3146 1645 si
3176 1591 3445 1646 ceciderit
3473 1607 3636 1657 unus,
3653 1589 3794 1660 eriget

440 1673 591 1727 421
647 1690 793 1744 quos
843 1691 946 1730 nec
993 1675 1208 1744 habet;
1257 1679 1357 1732 sed
1409 1693 1615 1733 carnes
1681 1695 1842 1747 suas,
1899 1679 2098 1734 vivens
2211 1675 2557 1748 participem
2591 1694 2788 1735 suum.
2822 1680 2888 1732 Et
2912 1695 2993 1733 vae
3025 1679 3308 1746 uni,cum
3341 1678 3615 1747 ceciderit,
3635 1681 3685 1732 et
3706 1692 3791 1731 non

433 1761 605 1830 juxta
633 1763 984 1833 sapientiam
1016 1765 1230 1831 carnis,
1271 1769 1328 1821 et
1371 1765 1562 1822 carnis
1609 1767 1884 1838 operibus
1912 1767 2099 1824 vesci-
2126 1808 2174 1871 B
2209 1767 2297 1818 est
2327 1767 2644 1835 secundus,
2677 1767 2776 1838 qui
2807 1768 2992 1839 erigat
3019 1784 3173 1822 eum.
3207 1768 3278 1822 Et
3325 1767 3573 1838 quidem,
3615 1765 3658 1819 si
3695 1766 3793 1818 dor-

442 1851 574 1871 ι---
2389 1855 2522 1871 .
2593 1855 2607 1871 .
2750 1855 2762 1866 .
2837 1856 2848 1867 .
2903 1861 2938 1871 ,κ
2992 1857 3005 1871 .
3181 1856 3215 1871 ..
3439 1855 3450 1871 .
3611 1851 3788 1871 ..

442 1851 598 1904 tans.
2126 1851 2174 1871 ”
2215 1853 2409 1908 miant
2437 1855 2542 1925 (Al.
2575 1855 2942 1924 dormierint)
2974 1857 3111 1922 duo,
3145 1856 3320 1911 etiam
3369 1855 3523 1910 calor
3548 1854 3650 1910 erit
3675 1851 3790 1918 illis;

518 1960 540 1987 ι
575 1936 777 1994 Melior
804 1943 894 1995 est
923 1940 1132 2012 plenus
1165 1942 1425 2015 pugillus
1471 1960 1606 1998 cum
1653 1943 1877 2014 requie,
1913 1960 2092 2015 quam
2203 1945 2261 1994 et
2290 1957 2444 1996 unus
2481 1944 2772 2012 quomodo
2798 1943 3070 1999 caleﬁet‘?
3118 1945 3188 1999 Et
3237 1945 3286 2000 si
3339 1943 3634 1999 invaluerit
3658 1955 3794 2012 super

443 2024 748 2097 plenitudo
779 2045 1066 2085 manuum
1098 2030 1317 2087 laboris
1367 2038 1418 2087 et
1470 2032 1952 2104 praesumptionis
1983 2033 2097 2104 spi-
2204 2045 2338 2084 eum
2370 2047 2547 2098 unus,
2572 2032 2687 2087 duo
2719 2033 2959 2088 stabunt
2981 2034 3262 2089 adversus
3289 2049 3444 2098 eum,
3471 2037 3525 2087 et
3552 2029 3791 2086 funiculus

442 2115 617 2171 ritus.
648 2137 675 2166 »
710 2116 917 2173 Melius
947 2122 1038 2173 est
1067 2119 1364 2174 modicum
1394 2119 1609 2175 habere
1631 2121 1885 2190 justum,
1916 2137 2092 2191 quam
2203 2117 2412 2189 triplex
2444 2136 2559 2175 non
2591 2121 2704 2175 cito
2732 2122 3027 2192 rumpitur
3053 2123 3093 2176 ³.
3130 2145 3157 2172 ››
3197 2123 3338 2178 Post
3391 2116 3796 2177 sollicitudines‘

446 2204 679 2261 divitias
708 2212 1079 2277 peccatorum
1109 2207 1346 2263 multas.
1392 2209 1461 2262 Et
1494 2207 1551 2262 in
1583 2208 1912 2264 Proverbiis
1941 2225 1952 2263 :
1994 2209 2096 2264 Me-
2205 2210 2262 2260 et
2292 2207 2562 2264 miserias
2584 2209 2642 2263 in
2669 2209 2885 2280 quibus
2911 2214 3212 2283 correptus
3237 2216 3328 2267 est
3350 2210 3445 2266 ille
3464 2212 3502 2280 5,
3528 2208 3620 2282 qui
3641 2208 3690 2261 in
3708 2205 3796 2277 opi-

447 2293 556 2349 lior
583 2296 659 2348 est
683 2310 857 2366 parva
887 2298 1131 2366 acceptio
1160 2312 1284 2351 cum
1303 2298 1527 2367 justitia
1555 2314 1720 2370 quam
1742 2298 1919 2352 multa
1947 2299 2096 2367 geni-
2205 2294 2315 2349 bus
2347 2297 2762 2368 Conquirendis
2794 2299 3016 2369 absque
3047 2303 3200 2354 certo
3232 2299 3464 2355 hzerede
3493 2314 3553 2354 se
3584 2296 3792 2359 cruciat;

446 2384 602 2437 mina
631 2399 756 2437 cum
788 2385 1098 2456 iniquitate.
1132 2385 1283 2456 (Pro.
1312 2401 1429 2456 xvr,
1460 2386 1536 2456 8).
1580 2385 1886 2457 Eleganter
1924 2386 2095 2456 justi-
2205 2398 2361 2437 nunc
2391 2384 2462 2437 ad
2495 2385 2867 2441 sodalitatem
2901 2403 3093 2442 sermo
3143 2388 3461 2442 confertur.
3509 2387 3572 2441 Et
3610 2383 3794 2446 dicitur,

447 2470 531 2525 tia
561 2471 822 2542 requiem
853 2471 1048 2537 habet,
1080 2472 1362 2544 iniquitas
1391 2473 1669 2529 laborem.
1707 2474 1774 2528 Et
1813 2473 1951 2545 quia
1982 2474 2095 2528 sin-
2206 2470 2347 2540 quid
2381 2471 2515 2527 boni
2565 2473 2778 2528 habeat
2825 2475 3150 2530 amicorum
3199 2474 3664 2540 contubernium,
3689 2468 3796 2526 etin

451 2559 676 2631 gularis
707 2576 990 2616 numerus
1022 2560 1080 2614 in
1111 2561 1262 2616 bono
1297 2578 1528 2634 semper
1549 2562 1852 2634 accipitur,
1882 2563 2096 2633 duplex
2205 2573 2515 2614 commune
2544 2559 2842 2628 solatium,
2876 2561 3016 2632 quia
3052 2566 3109 2617 et
3137 2561 3381 2618 alterius
3416 2562 3580 2617 ruina
3606 2557 3799 2614 alterius

445 2646 507 2702 in
540 2648 732 2704 malo:
767 2653 1246 2720 proptereaunus
1268 2649 1526 2722 pugillus
1548 2651 1725 2707 habet
1745 2650 2096 2722 requiem,et
2205 2647 2419 2702 auxilio
2477 2649 2830 2717 sublevetur,
2885 2654 2942 2705 et
2997 2667 3168 2706 curas
3226 2651 3602 2716 domesticas,
3653 2646 3798 2719 ipsius

447 2736 573 2791 duae
607 2753 818 2792 manus
848 2736 1044 2793 labore
1068 2743 1211 2794 sunt
1240 2738 1447 2811 plenae.
2205 2751 2439 2806 quoque
2471 2737 2656 2792 noctis
2688 2737 2948 2807 requiem
2998 2738 3209 2793 melius
3258 2740 3456 2810 exigat
3501 2737 3609 2804 ille,
3639 2735 3722 2806 qui
3747 2733 3796 2786 li-

518 2847 547 2876 a
568 2829 634 2880 Et
649 2842 964 2882 conversus
985 2843 1118 2882 sum
1141 2831 1330 2900 ego,et
1350 2828 1466 2883 vidi
1483 2828 1796 2884 vanitatem
1818 2829 1928 2883 sub
1953 2828 2091 2884 sole.
2203 2823 2346 2878 dum
2379 2825 2634 2880 amicum
2667 2825 2858 2892 habet,
2881 2843 3057 2897 quam
3082 2827 3183 2898 qui
3209 2828 3356 2884 solis
3380 2828 3584 2900 opibus
3608 2823 3799 2880 incubat

447 2915 551 2970 Est
583 2932 756 2984 unus,
790 2921 846 2971 et
876 2933 990 2972 non
1022 2921 1112 2971 est
1141 2918 1458 2984 secundus,
1491 2922 1547 2973 et
1580 2917 1818 2988 quidem
1854 2917 2096 2984 ﬁlius,et
2204 2911 2694 2982 acquisitis.Quod
2720 2918 2775 2969 et
2797 2915 2844 2968 si
2870 2915 3164 2969 robustior
3186 2915 3469 2971 inimicus
3493 2915 3617 2986 quis
3640 2914 3800 2968 contra

452 3003 632 3059 frater
663 3021 778 3060 non
809 3009 898 3059 est
919 3005 970 3060 ei
998 3022 1011 3060 ε
1036 3009 1092 3061 et
1121 3023 1236 3060 non
1261 3010 1348 3061 est
1375 3006 1506 3060 linis
1530 3005 1690 3060 omni
1738 3005 1924 3061 labori
1945 3008 2093 3076 ejus,
2204 3001 3228 3068 unumssurrexerit,imbeoillitatem
3244 3005 3490 3060 alterius
3512 2997 3802 3058 amicisola-

450 3094 522 3148 Et
541 3093 778 3165 quidem
809 3093 1016 3150 oculus
1038 3095 1165 3166 ejus
1196 3111 1311 3150 nou
1345 3095 1592 3150 satiatur
1622 3095 1730 3164 (Αι,
1765 3094 2095 3166 satiabitur)
2204 3086 2283 3141 tio
2315 3091 2724 3145 sustentari.Et
2755 3096 2973 3162 quanto
3005 3093 3120 3147 duo
3151 3109 3270 3147 uno
3302 3093 3590 3161 dilferant,
3613 3092 3657 3146 si
3683 3103 3803 3143 amo-

456 3181 707 3238 divitiis:
740 3187 797 3238 et
825 3183 917 3236 cui
945 3199 1051 3255 ego
1081 3183 1301 3250 laboro,
1334 3187 1391 3237 et
1422 3182 1626 3237 fraudo
1648 3183 1756 3251 (At.
1789 3183 2094 3256 fraudabo)
2126 3171 2168 3236 C
2208 3193 2268 3231 re
2298 3178 2597 3247 conjuncti
2627 3179 2765 3249 sint,
2798 3185 2958 3235 tanto
2986 3181 3161 3236 etiam
3191 3182 3376 3236 trium
3409 3177 3800 3237 contubernium

459 3270 718 3326 animum
752 3287 943 3327 meum
993 3288 1027 3326 ε,
1073 3271 1351 3327 bonitate,
1404 3271 1514 3326 Sed
1566 3275 1622 3326 et
1655 3270 1764 3326 hoc
1795 3271 2020 3327 vanitas
2051 3277 2107 3326 et
2215 3264 2349 3336 plus
2381 3265 2587 3322 valere.
2627 3267 2850 3324 Etenim
2872 3285 3005 3324 vera
3034 3269 3313 3336 charitas,
3341 3275 3399 3325 et
3428 3289 3462 3326 a
3491 3268 3643 3325 nullo
3667 3267 3805 3321 livore

460 3359 737 3415 distentio
770 3359 1025 3432 pessima
1053 3363 1159 3414 est,
1195 3380 1222 3408 ››
1259 3360 1582 3414 Conversus
1613 3375 1744 3414 sum
1776 3361 1847 3415 ad
1877 3360 2107 3428 alios,et
2213 3353 2444 3421 violata,
2479 3360 2694 3425 quanto
2725 3362 2971 3428 augetur
2999 3375 3033 3412 a
3065 3374 3334 3427 numero,
3369 3363 3532 3414 tanto
3555 3357 3745 3412 crescet
3766 3355 3807 3405 et

461 3449 578 3503 vidi
610 3465 728 3518 eos,
763 3447 896 3520 plus
922 3463 1101 3518 quam
1132 3463 1367 3502 necesse
1399 3452 1506 3515 est,
1541 3447 1827 3514 laborare,
1862 3465 2102 3521 congre-
2214 3444 2438 3498 robore.
2473 3444 2540 3498 Et
2571 3444 2692 3499 hazc
2723 3445 2958 3500 interim
2991 3445 3345 3517 simpliciter
3365 3447 3519 3502 dicta
3543 3447 3666 3502 sint.

463 3552 602 3609 gare
635 3554 737 3609 per
765 3537 854 3592 fas
891 3540 948 3592 et
977 3537 1140 3591 nefas
1169 3552 1328 3607 opes,
1389 3540 1446 3591 et
1495 3553 1609 3591 non
1668 3537 1754 3592 uti
1797 3554 2104 3610 congrega-
2283 3532 2588 3600 Caeterum,
2621 3533 2758 3603 quia
2788 3533 2846 3587 in
2896 3534 3180 3604 superiori
3227 3533 3358 3590 loco
3410 3552 3583 3606 super
3626 3529 3807 3586 Christo

461 3627 560 3698 tis,
590 3627 806 3682 habere
826 3625 1043 3690 omnia,
1076 3625 1353 3680 incubare
1384 3625 1620 3693 divitiis,
1653 3643 1881 3682 servare
1911 3627 2098 3697 alteri,
2212 3622 2602 3692 quorumdam
2626 3621 3070 3694 intelligentiam
3093 3625 3608 3694 posuimus,etiam
3631 3619 3812 3690 reliqua

458 3721 517 3772 et
540 3733 646 3772 suo
667 3715 864 3771 labore
885 3728 999 3768 non
1022 3713 1234 3785 perfrui
1262 3730 1276 3769 :
1310 3714 1559 3769 maxime
1585 3732 1719 3770 cum
1751 3732 1854 3770 nec
1885 3715 2096 3783 ﬁlium,
2209 3710 2412 3765 eodem
2442 3711 2646 3765 ordine
2676 3711 3021 3766 disserenda
3050 3716 3211 3767 sunt.
3247 3713 3463 3768 Melius
3491 3717 3576 3768 est
3595 3712 3722 3765 duos
3739 3722 3810 3778 pa-

457 3821 562 3860 nec
591 3805 826 3860 fratrem
857 3801 1129 3869 habeant,
1175 3819 1280 3856 nec
1308 3803 1705 3875 prOpinquum
1741 3809 1805 3858 ut
1835 3804 2100 3860 videatur
2209 3798 2348 3853 riter
2377 3815 2707 3870 esse,quam
2738 3800 3160 3857 unum.Melius
3190 3806 3281 3857 est
3308 3804 3468 3858 enim
3499 3800 3808 3857 habitantem

453 3891 589 3964 pius
608 3891 774 3946 labor
794 3891 809 3922 ¹
832 3889 1175 3945 necessariis
1197 3897 1545 3946 reservatus.
1571 3892 1726 3946 Nihil
1751 3893 1948 3964 itaque
1971 3909 2097 3948 esse
2207 3887 2265 3940 in
2298 3903 2359 3942 se
2391 3887 2602 3942 habere
2633 3888 2951 3957 ChI‘iSlume
2986 3906 3163 3960 quam
3197 3890 3394 3945 80mm
3444 3890 3691 3945 habitare
3713 3886 3743 3948 ⁷ν
3768 3885 3810 3936 et

450 3981 662 4036 vanius
690 3977 1064 4051 deprehendi,
1098 3995 1276 4050 quam
1307 3997 1441 4035 eum
1467 3981 1789 4052 hominem,
1826 3981 1924 4053 qui
1957 3981 2096 4036 divi-
2205 3979 2402 4044 patere
2433 3975 2666 4031 insidiis
2699 3978 3085 4033 adversantis.
3120 3979 3344 4034 Merces
3393 3979 3602 4051 quippe
3647 3975 3809 4030 contu-

449 4068 560 4142 tias
591 4071 922 4140 congregat,
963 4067 1057 4122 cui
1105 4085 1203 4124 eas
1241 4067 1535 4140 relinquat
1581 4069 1879 4141 ignorans.
1931 4070 2092 4134 Quod
2203 4063 2387 4118 bernii
2421 4064 2618 4119 statim
2652 4065 2708 4119 in
2742 4064 2871 4136 ipsa
2900 4065 3196 4121 societatis
3236 4067 3497 4122 utilitate
3531 4067 3811 4121 monstran-

448 4157 684 4230 quidem
718 4172 1035 4229 possumus
1065 4158 1390 4212 secundum
1423 4158 1783 4230 superiorem
1816 4159 2095 4230 interpre-
2203 4157 2316 4208 tur.
2364 4153 2418 4207 Si
2469 4153 2626 4208 enim
2694 4153 2966 4209 ceCideI‘it
3025 4171 3202 4226 unus,
3253 4157 3429 4220 erigit
3477 4156 3581 4226 (Αιο
3643 4147 3810 4221 eriget)

446 4247 726 4305 tationem
758 4246 914 4302 etde
943 4246 1037 4301 his
1067 4246 1408 4319 intelligere,
1463 4247 1564 4319 qui
1618 4247 1798 4302 libros
1845 4248 2094 4302 conscri-
2201 4240 2464 4296 Christus
2498 4242 2843 4312 participem
2894 4245 3130 4298 suum“.
3181 4244 3276 4298 Vae
3329 4245 3548 4316 quippe
3595 4242 3641 4297 ei
3670 4236 3809 4308 θᾳυὶν

446 4336 613 4408 bunt,
660 4341 720 4392 et
764 4352 864 4392 eos
915 4335 1234 4391 fastidiosis
1274 4335 1593 4391 lectoribus
1651 4334 2087 4405 derelinquunt.
2199 4346 2331 4386 cum
2362 4331 2560 4397 ruerit,
2594 4330 2893 4386 Christum
2924 4331 2983 4385 in
3034 4347 3096 4386 se
3129 4348 3244 4388 non
3297 4333 3481 4389 habet
3511 4331 3806 4403 erigentem.

444 4550 874 4623 exemplaribus
911 4549 1375 4623 Corbeiensibus,
1411 4565 1556 4623 quae
1579 4547 1662 4604 sic
1712 4548 1967 4623 habent:
2011 4552 2093 4606 vel
2125 4538 2170 4602 D
2207 4619 2216 4623 _
2274 4545 2454 4623 f_Post
2487 4544 2916 4623 sollicitudines,
2932 4548 3051 4623 _etc.
3100 4545 3302 4602 Plures
3354 4563 3500 4603 mss.
3548 4547 3667 4600 Post
3701 4537 3806 4594 soli-

441 4633 584 4680 certe
610 4615 659 4677 3i
705 4625 804 4693 qui
852 4623 1062 4678 alienae
1104 4615 1371 4693 felicitati
1404 4615 1628 4693 i-iioitlet,
1671 4625 1778 4675 etc.
1816 4621 1927 4693 sed
1961 4623 2090 4676 reti-
2198 4615 2414 4693 tudiues
2442 4616 2719 4693 mjscrias,
2751 4620 2859 4671 etc.
2897 4617 3182 4693 MARTIAN.

441 4695 636 4752 nenda
665 4683 906 4765 antiqua
935 4683 1409 4748 lectio'editorum
1432 4683 1734 4761 librorum,
1757 4696 1814 4746 et
1835 4691 2085 4748 aliorum
2268 4688 2288 4719 ⁵
2319 4687 2462 4741 Cum
2488 4686 2682 4765 Vatic_._
2710 4704 2848 4765 mss.
2883 4688 3109 4744 Alcuin.
3135 4695 3312 4761 atque
3335 4690 3476 4745 editi
3499 4683 3802 4744 vetustiores

442 4768 710 4824 codicum
739 4759 906 4834 mss,
948 4765 1033 4819 Vel
1053 4766 1196 4818 certe
1222 4766 1321 4833 sic,
1353 4765 1465 4833 qui,
1500 4767 1608 4817 etc.
1643 4759 1932 4820 MARTIAN.
2195 4766 2481 4834 corruptus
2510 4763 2586 4812 est
2619 4759 2735 4827 ille,
2769 4764 2878 4834 etc.

509 4842 531 4874 ³
566 4840 627 4895 Ut
656 4831 906 4892 videatur
948 4837 1074 4907 pius
1123 4829 1315 4899 labor,
1346 4829 1456 4907 etc.
1508 4834 1680 4904 Editi,
1736 4843 1797 4888 ut
1835 4835 2087 4890 videatur

2201 4902 2220 4907 η
2266 4831 2286 4862 ⁹
2321 4829 2401 4907 _lta
2431 4846 2574 4907 mss.
2606 4830 2789 4907 nostri
2816 4830 3291 4907 omnesLAleuin,
3316 4830 3676 4907 etVictoriu‘s
3691 4837 3803 4907 prae:

446 4911 605 4967 labor
627 4895 966 4964 necessarius
996 4895 1341 4962 reservantis.
1369 4899 1674 4959 MAMIANL
2195 4898 2386 4954 ferunt
2413 4919 2424 4966 ;
2461 4901 2729 4956 Martian.
2772 4907 2990 4966 tamen,
3026 4903 3165 4969 Quid.
3216 4897 3591 4966 si'rolmstior,
3617 4895 3730 4960 etc.,
3760 4895 3801 4945 et

507 5013 575 5022 -—
601 4979 764 5036 Unus
793 4980 1126 5047 Vaticanus,
1165 4994 1299 5032 cum
1331 4976 1470 5031 olim
1502 4977 1692 5044 editis,
1726 4977 1881 5031 labor
1908 4993 2082 5032 neces-
2194 4986 2554 5047 moxyocem
2584 4989 2759 5047 utinm
2790 4974 3176 5043 praetermiSit..

435 5056 615 5108 sarius
643 5043 1269 5107 rescrvantis.-Leviora
1307 5050 1573 5119 quaedam
1623 5043 1730 5102 n08
1771 5065 1947 5120 supra
1995 5054 2079 5103 at-
2191 5113 2204 5120 _
2262 5045 2279 5076 ⁷
2311 5044 2564 5120 Verbum
2626 5043 3129 5120 lmIn'tare,‘_alque
3185 5043 3800 5120 ϐι-Ρῖιῖῐὶουιᾶωνηίῖξιε

442 5105 1156 5192 (ῄὺέἷηΐῐίὰ-ὸὼέῄἃωηυε.
1325 5105 1342 5119 ³
1844 5105 1861 5120 ⁸
2191 5113 2479 5192 hactenus
2507 5117 2769 5192 deerant,
2803 5132 2831 5170 e
2863 5105 3052 5170 tribus
3086 5133 3226 5171 mss.
3258 5105 3543 5172 Vaticano
3573 5119 3625 5167 et
3648 5105 3796 5163 Pala-

505 5195 525 5225 ²
557 5194 712 5247 Idem
743 5195 1005 5249 Vatican.
1040 5193 1226 5248 Melius
1254 5195 1334 5247 est
1362 5192 1486 5257 duo,
1524 5206 1703 5262 quam,
1737 5194 1845 5244 etc.
1962 5261 1965 5262 ν
2189 5186 2724 5262 tinissulfecimus.
2847 5260 2853 5262 _
2899 5259 2905 5262 Α
3621 5255 3631 5262 _
3740 5247 3771 5262 ν

505 5291 572 5300 __
602 5248 843 5335 Meliore,
871 5248 977 5320 ἀάο
1007 5281 1171 5335 quam
1217 5279 1374 5318 unus,
1425 5248 1588 5335 uitus
1615 5248 1730 5335 _mé:
1768 5261 2076 5335 Corbeien-
2194 5329 2225 5335 __
2258 5259 2278 5291 ⁸
2316 5260 2460 5335 Unus
2487 5261 2658 5327 eriget
2703 5259 3027 5335 participem
3076 5275 3256 5335 suum.
3303 5263 3580 5335 corrupte
3619 5255 3669 5308 in
3697 5248 3795 5335 edi-

434 5329 515 5406 s_is
546 5348 576 5384 e
609 5334 844 5406 regione
873 5319 1068 5406 posuit
1100 5337 1157 5389 in
1190 5335 1454 5406 margine
1495 5333 1648 5397 libri,
1680 5333 1922 5406 Meliores
1951 5337 2078 5406 sunt
2189 5329 2262 5384 tis
2292 5319 2714 5406 scriptumvest;
2749 5319 3210 5406 erigel‘particeps
3231 5319 3622 5406 suauius-num
3643 5342 3654 5380 ε
3679 5319 3795 5406 quit}

431 5401 571 5475 duo:
604 5401 967 5462 Colbertinus
1004 5412 1200 5462 autem
1250 5401 1600 5475 in'corpore
1648 5404 2072 5475 translationis.
2185 5417 2254 5475 px
2283 5401 2712 5475 Commentario
2737 5402 3038 5475 perspicue
3061 5403 3393 5475 ostenditur
3417 5403 3791 5475 Hieronymum

432 5474 738 5544 MARTIAN._
1465 5467 1480 5475 ”
1892 5471 1897 5475 ⁴
2185 5471 2414 5544 legisse,
2449 5475 2622 5544 eriget
2647 5467 2973 5544 participem
3001 5489 3185 5540 suum,
3216 5474 3363 5528 Vide
3409 5467 3789 5544 expositionem

500 5547 522 5579 ³
549 5542 742 5599 Nostri
775 5559 997 5620 omnes,
1034 5553 1090 5601 et
1119 5549 1336 5618 quibus
1384 5549 1508 5620 ipso
1553 5563 1708 5620 usus
1729 5551 1818 5602 est
1846 5548 2074 5606 Martia-
2183 5542 2552 5620 allegoricam
2587 5542 2658 5598 de
2689 5545 3066 5620 contubernio
3097 5544 3328 5602 Christi.
3366 5542 3636 5601 ΜΑιπῐτιΑΝ.

430 5634 613 5696 nasus,
643 5629 788 5674 mss.
815 5609 1106 5683 libriﬁwn
1131 5609 1300 5692 facile
1327 5609 1634 5692 ruinpetur,
1660 5617 1735 5674 al.
1795 5625 2067 5694 rumptur.
2251 5617 2272 5654 9
2300 5609 2408 5672 Pro
2438 5617 2512 5682 ei,
2545 5632 2692 5674 mss.
2725 5618 2828 5674 uni
2857 5615 3093 5673 habent.
3682 5609 3689 5626 ¹
