4084 6170
314 331 324 347 ’
363 314 517 380 1101

1364 321 1794 383 COMMENTA
1807 320 1987 382 RlUS
2033 319 2111 380 IN
2157 318 2763 382 ECCLESIASTEN.

3559 319 3565 326 '
3601 311 3760 381 ’1102

325 511 330 516 _
365 451 528 515 Quod
557 450 607 505 si
637 449 812 505 etiam
843 449 1148 506 dormierit
1192 469 1370 519 unus,
1403 453 1510 510 hoc
1556 459 1666 520 est,
1718 455 1765 509 si
1819 457 2005 508 morte
2032 454 2086 519 Α
2118 469 2311 524 regem
2335 455 2374 521 ⁵,
2408 453 2546 523 quia
2576 451 2751 508 etiam
2773 452 2832 506 in
2855 467 3032 524 regno
3054 453 3184 523 ejus
3201 456 3376 510 natus
3399 457 3490 510 est
3514 470 3757 526 pauper.

360 541 537 595 fuerit
566 538 911 606 dissolutus,
944 544 1000 594 et
1021 557 1222 596 secum
1254 542 1552 597 Christum
1574 542 1844 598 habuerit
1869 543 2006 609 ‘,ca-

358 628 610 686 lefactus
639 632 697 683 et
726 627 1050 684 vivificatus
1080 631 1102 663 ²
1130 630 1306 686 citius
1337 631 1726 686 reviviscit.Et
1755 631 1804 685 si
1834 631 2004 684 adve-

357 733 463 773 sus
509 716 811 772 hominem
862 717 1158 773 robustior
1196 718 1255 772 in
1304 721 1690 791 expugnando
1739 718 2006 774 diabolus

357 805 630 873 astiterit,
665 805 841 859 stabit
869 805 1067 874 homo,
1099 807 1278 862 stabit
1325 815 1382 863 et
1429 807 1695 863 Christus
1748 823 1852 878 pro
1900 807 2004 861 ho-

358 895 516 948 mine
549 910 678 960 suo,
712 909 816 964 pro
847 893 1032 948 sodali
1065 910 1192 950 suo.
1227 895 1352 950 Non
1384 897 1537 966 quod
1570 895 1756 952 solius
1787 895 2004 950 Christi

359 983 638 1038 adversus
667 981 968 1037 diabolum
1011 983 1198 1038 virtus
1255 984 1490 1040 inﬁrma
1539 985 1633 1051 sit,
1688 985 1843 1041 4‘23
1903 984 2003 1038 sed

357 1072 514 1142 quod
547 1070 799 1126 liberum
831 1070 1054 1125 homini
1087 1070 1456 1143 relinquatur
1473 1073 1869 1140 arbitrium,et
1898 1073 2003 1128 ad-

361 1160 688 1215 nitentibus
738 1159 928 1225 nobis,
980 1159 1105 1231 ipse
1154 1160 1214 1214 in
1255 1161 1571 1233 przeliando
1632 1161 1834 1216 fortior
1881 1161 2002 1216 fiat.

319 1304 322 1306 .
429 1249 588 1312 Quod
624 1248 672 1302 si
702 1247 878 1303 etiam
897 1249 1084 1316 Pater,
1108 1255 1166 1304 et
1196 1250 1461 1318 Filius,et
1488 1250 1744 1322 Spiritus
1765 1255 2004 1307 sanctus

359 1337 721 1402 advenerint,
768 1353 884 1391 non
938 1338 1052 1392 cito
1103 1339 1400 1408 rumpitur
1447 1340 1468 1371 ³
1512 1340 1622 1407 (At.
1674 1342 2003 1410 rumpetur)

353 1426 469 1480 ista
521 1425 822 1480 sodalitas.
875 1427 1037 1490 Quod
1087 1431 1283 1482 autem
1338 1444 1453 1482 non
1514 1427 1626 1482 cito
1686 1427 2000 1498 rumpitur,

355 1519 556 1570 tamen
591 1514 908 1586 aliquando
946 1521 1254 1586 rumpetur
1288 1557 1300 1568 .
1333 1517 1404 1570 Et
1434 1517 1492 1570 in
1515 1516 1669 1570 Juda
1689 1515 1846 1570 enim
1873 1532 2006 1587 apo-

353 1603 501 1659 stolo
530 1603 641 1658 fuit
670 1602 882 1675 triplex
912 1604 1020 1658 iste
1053 1603 1350 1659 funiculus
1384 1622 1398 1672 ;
1433 1605 1500 1660 sd
1533 1605 1674 1676 quia
1703 1608 1835 1675 post
1863 1604 2005 1658 buc-

351 1691 560 1747 cellam
592 1692 853 1747 introivit
880 1691 941 1747 in
967 1709 1102 1748 eum
1144 1693 1410 1760 Satanas,
1461 1692 1756 1747 funiculus
1788 1694 1896 1747 iste
1917 1693 2004 1747 di-

361 1785 574 1852 ruptus
605 1785 712 1836 est.
747 1785 923 1836 Porro
957 1781 1111 1852 quod
1141 1782 1412 1853 superius
1444 1781 1525 1836 ait
1558 1797 1570 1836 :
1609 1804 1635 1830 ‹‹
1668 1782 1734 1835 Et
1764 1780 2004 1852 quidem
2035 1817 2082 1880 B

353 1870 402 1925 si
434 1869 732 1924 dormiant
761 1871 898 1934 duo,
929 1869 1104 1924 etiam
1137 1869 1295 1924 calor
1342 1870 1454 1926 erit
1501 1869 1620 1924 illis
1674 1888 1686 1924 :
1742 1874 1800 1924 et
1849 1887 2002 1924 unus

355 1958 651 2030 quomodo
701 1957 928 2013 caleﬁet
957 1957 984 2010 ?
1015 1981 1043 2006 »
1077 1957 1146 2012 de
1196 1957 1396 2014 Elisaeo
1455 1975 1764 2014 sumamus
1809 1975 2002 2013 exem-

356 2046 543 2118 plum,
573 2047 729 2117 quod
760 2046 886 2118 ipse
917 2047 1269 2102 contraxerit
1297 2063 1359 2102 se
1389 2064 1521 2102 cum
1555 2064 1756 2118 puero,
1791 2052 1848 2102 et
1876 2048 2004 2102 dor-

362 2136 575 2203 mierit,
605 2140 663 2190 et
691 2134 1016 2191 calefecerit
1045 2135 1459 2206 corpusculum
1491 2137 1640 2206 ejus,
1673 2140 1730 2191 et
1757 2135 1839 2191 ita
1867 2136 2005 2190 vivi-

360 2222 612 2278 Iicaverit
663 2228 1064 2296 resurgentem
1131 2226 1222 2294 (IV
1271 2229 1402 2293 Reg.
1470 2225 1568 2295 1v).
1627 2223 1750 2279 Nisi
1824 2224 2007 2296 igitur

357 2311 620 2367 Christus
651 2313 958 2368 nobiscum
992 2312 1317 2380 dormierit,
1368 2317 1425 2368 et
1454 2314 1513 2367 in
1559 2317 1746 2368 morte
1775 2313 2004 2384 requie-

353 2401 500 2456 verit
531 2399 780 2456 calorem
812 2404 1036 2456 aeternae
1066 2401 1193 2456 vitm
1242 2402 1504 2473 accipere
1554 2418 1669 2456 non
1717 2401 2002 2472 valemus,

427 2511 454 2537 ‹‹
483 2488 684 2543 Melior
713 2493 801 2544 est
832 2505 978 2561 puer
1016 2506 1240 2562 pauper
1269 2494 1327 2544 et
1374 2489 1632 2561 sapiens,
1677 2506 1857 2561 quam
1909 2506 2005 2545 rex

353 2593 533 2632 senex
563 2581 620 2632 et
650 2577 888 2646 stultus,
923 2579 1021 2649 qui
1054 2578 1239 2633 nescit
1268 2579 1289 2611 ‘
1344 2579 1646 2650 providere
1697 2580 1753 2633 in
1812 2582 2004 2651 poste-

354 2682 510 2721 rum.
544 2667 830 2731 Quoniam
876 2667 948 2722 de
995 2667 1168 2723 domo
1214 2668 1542 2722 vinctorum
1603 2668 1898 2739 egreditur
1945 2667 2004 2722 in

431 2792 447 2823 ¹
479 2789 544 2844 Et
573 2803 753 2842 secum
789 2790 1072 2844 Christum
1099 2791 1366 2845 habuerit.
1418 2791 1542 2845 Duo
1588 2792 1815 2848 codices
1865 2791 2002 2846 Cor-

356 2859 623 2934 beienses
653 2859 855 2934 eodem
888 2877 1065 2916 sensu
1096 2861 1318 2934 legunt,
1339 2870 1389 2917 et
1413 2862 1687 2918 Christum
1702 2863 2004 2919 secundum

353 2932 625 2987 habuerit.
660 2930 943 2986 MARTIAN.

426 3004 448 3036 ²
484 3007 663 3057 \‘oces
691 3011 742 3056 et
772 3005 1101 3073 viviﬁcatur.
1135 3002 1415 3059 Alcuinus
1447 3021 1562 3059 non
1586 3009 1838 3061 noverat.
1861 3006 2003 3060 Mss.

353 3090 504 3147 vero,
523 3074 814 3147 reviviscet
838 3073 896 3128 in
929 3075 1124 3147 futuro
1157 3074 1379 3147 legunt.

427 3147 449 3178 ³
479 3146 544 3199 Ει
594 3145 880 3218 funiculus
920 3146 1122 3215 triplex
1162 3145 1268 3218 non
1325 3149 1429 3201 cito
1480 3149 1775 3218 rumpitur.
1854 3147 2004 3210 Qua-

355 3222 493 3271 tuor
520 3214 875 3288 exemplaria
907 3214 1050 3272 mss.
1083 3217 1299 3288 quibus
1333 3223 1482 3286 utor,
1508 3214 1844 3274 constanter
1874 3219 2006 3274 reti-

354 3292 518 3354 nent,
541 3302 659 3359 Ancm
682 3287 850 3359 facile
880 3287 1174 3359 rumpit-ur,
1206 3288 1293 3343 vel
1325 3298 1628 3359 rumpatur.
1697 3290 1868 3345 Nulla
1921 3295 2008 3345 ta-

351 3375 487 3414 men
522 3357 809 3432 dubitatio
863 3357 1270 3432 sube’sttquin
1303 3357 1616 3432 legendum
1667 3361 1744 3416 sit
1787 3364 1895 3416 cito
1952 3364 2009 3416 et

359 3447 473 3485 non
505 3430 671 3501 facile
704 3445 717 3496 ;
750 3444 885 3483 cum
907 3429 1031 3501 ipse
1061 3429 1449 3501 Hieronymus
1472 3431 1530 3485 in
1564 3448 1670 3486 suo
1702 3435 2010 3487 Commen-

355 3501 502 3556 tario
534 3500 624 3554 bis
646 3498 822 3571 legat,
854 3498 964 3555 nou
994 3503 1100 3556 cito
1122 3498 1426 3570 rumpitur.
1461 3502 1743 3557 Caeterum
1785 3504 1842 3557 in
1895 3520 2008 3558 ms.

356 3571 686 3644 Colbertino
740 3571 889 3644 duos
935 3572 1254 3644 versiculos
1310 3578 1735 3644 consequentes
1802 3574 2010 3644 reperi,

361 3641 930 3716 quibusmonachus
961 3643 1064 3716 qui
1097 3643 1312 3698 librum
1345 3641 1675 3716 descripsit,
1709 3645 1779 3699 de
1797 3641 2012 3700 sodali-

365 3717 486 3767 tate
515 3712 737 3767 videtur
757 3712 1068 3784 conqueri:

431 3809 724 3870 Praepositis
753 3809 1062 3869 vinum,nos
1091 3809 1430 3870 degustamus
1459 3815 1700 3861 acetum:

423 3872 724 3934 Praepositis
754 3872 961 3934 triplex,
994 3873 1149 3922 nobis
1164 3872 1226 3922 ‘ﬁt
1256 3875 1427 3936 portio
1458 3875 1704 3986 simpnlaex.

1631 3950 1811 3986 ΑιιτιΑι

434 4033 615 4104 ‘Mss.
649 4033 744 4101 qui
786 4033 1038 4104 nescivit,
1062 4031 1160 4104 hic
1192 4036 1369 4102 atque
1427 4033 1580 4087 infra
1626 4050 1695 4088 ex
1751 4034 2017 4104 Symma-

364 4103 494 4170 cho,
518 4103 695 4172 idque
727 4103 941 4157 rectius
959 4103 1028 4157 ad
1061 4103 1363 4158 Hebraeum
1393 4108 1616 4158 textum
1643 4109 1701 4159 et
1732 4103 2017 4159 Graecum.

366 4174 498 4229 Mox
527 4172 966 4246 Vaticanustet
997 4172 1240 4228 Palatin.
1262 4173 1440 4246 alter,
1472 4177 1533 4229 in
1563 4192 1764 4246 regem,
1809 4183 1871 4230 ut
1927 4191 2018 4230 re-

364 4254 512 4314 gnet,
546 4246 686 4316 quia
715 4249 822 4299 etc.
874 4244 1133 4317 Veteres,
1182 4245 1317 4300 editi
1364 4244 1646 4301 duntaxat
1695 4255 1757 4302 ut
1807 4251 2018 4317 regnet,

365 4333 470 4389 pro
499 4319 558 4370 in
590 4332 793 4389 regem,
827 4316 1241 4389 praeferebant:
1281 4320 1455 4388 atque
1486 4317 1761 4373 Hebraicc
1783 4316 2022 4388 quidem

360 4388 594 4459 tantum
619 4408 707 4459 est
731 4388 935 4489 1533‘);
969 4404 1162 4460 Graece
1212 4408 1309 4456 τοῦ
1372 4402 1706 4476 βασιλεῦσαι.
1777 4405 2023 4461 Proinde

363 4492 609 4547 alterius
636 4491 932 4547 glossema
961 4497 1069 4547 est.

2184 540 2316 594 Vidi
2365 541 2669 596 universos
2699 540 2977 609 viventes,
3010 541 3110 612 qui
3157 543 3466 598 ambulant
3496 544 3604 599 sub
3637 542 3762 600 sole

2115 646 2248 684 eum
2280 629 2645 685 adolescente
2675 631 2952 695 secundo,
2995 630 3094 701 qui
3127 636 3438 704 consurget
3476 648 3578 704 pro
3637 631 3756 688 illo.

2113 721 2239 772 Non
2271 722 2362 772 est
2389 718 2524 772 ﬁnis
2554 718 2714 773 omni
2745 718 2979 789 populo,
3011 719 3321 783 universis,
3363 722 3464 792 qui
3523 725 3763 777 fuerunt

2114 810 2250 861 ante
2280 806 2456 860 illosn
2489 808 2558 861 Et
2587 807 2826 877 quidem
2857 807 3158 863 novissimi
3180 825 3295 863 non
3326 807 3759 864 laetabunturin

2114 896 2346 949 eozsed
2377 899 2434 950 et
2462 895 2569 950 hoc
2626 895 2852 951 vanitas
2899 901 2956 951 et
3006 898 3383 969 praesumptio
3442 897 3759 970 spiritus,»

2113 984 2501 1054 Symmachus
2532 983 2688 1038 hunc
2734 983 2930 1038 locum
2988 985 3071 1039 ita
3113 985 3456 1040 transtulit:
3495 1006 3523 1035 «
3555 984 3760 1040 Melior

2114 1075 2204 1127 est
2230 1088 2450 1142 pauper
2481 1087 2613 1126 cum
2648 1071 2954 1143 sapientia,
2998 1089 3131 1144 rege
3161 1089 3299 1129 sene
3349 1079 3406 1129 et
3455 1073 3764 1146 insipiente

2116 1160 2216 1231 qui
2266 1161 2454 1216 nescit
2502 1176 2819 1232 praecavere
2862 1161 3348 1217 vicissitudinem.
3397 1161 3558 1217 Alter
3604 1162 3764 1218 enim

2113 1249 2229 1303 exit
2249 1250 2355 1319 (Al.
2389 1248 2583 1319 exivit)
2641 1249 2713 1303 de
2770 1265 2996 1305 carcere
3037 1251 3108 1304 ad
3157 1251 3566 1323 regnandum:
3617 1251 3766 1306 alter

2113 1354 2269 1403 vero,
2303 1354 2436 1392 eum
2469 1341 2622 1392 esset
2661 1354 2759 1392 rex
2808 1343 3002 1406 natus,
3057 1344 3397 1410 paupertate
3445 1355 3763 1411 oppressus

2113 1426 2356 1492 est,Vidi
2389 1442 2594 1481 omnes
2623 1426 2905 1494 viventes,
2937 1427 3038 1498 qui
3069 1428 3422 1499 gradiuntur
3471 1428 3582 1483 sub
3640 1428 3764 1485 sole

2115 1515 2270 1570 421
2309 1531 2443 1569 cum
2486 1514 2848 1570 adolescente
2897 1517 3173 1584 secundo,
3226 1517 3327 1587 qui
3370 1517 3622 1572 surrexit
3658 1534 3763 1589 pro

2114 1619 2180 1658 eo
2212 1604 2252 1656 δ.
2287 1603 2558 1658 Inﬁnitus
2588 1603 2780 1658 omnis
2807 1603 3080 1676 populus,
3116 1605 3215 1676 qui
3246 1605 3355 1660 fuit
3383 1610 3517 1661 ante
3540 1610 3764 1662 utrum-

2116 1707 2263 1763 que:
2300 1696 2357 1746 et
2379 1691 2591 1762 posteri
2628 1708 2743 1747 non
2776 1691 3130 1747 laetabuntur
3156 1694 3214 1746 in
3255 1710 3343 1748 eo.
3392 1695 3502 1749 Sed
3554 1699 3613 1749 et
3654 1695 3764 1750 hoc

2115 1796 2260 1835 aura
2288 1784 2345 1834 et
2367 1779 2555 1851 pastio
2585 1780 2764 1834 venti.
2792 1802 2819 1828 ››
2855 1781 3126 1836 Hebraeus
3158 1798 3345 1848 meus,
3393 1783 3561 1852 cujus
3613 1799 3766 1854 saepe

2114 1868 2262 1923 facio
2303 1868 2680 1936 mentionem,
2715 1885 2850 1923 cum
2897 1868 3286 1925 Ecclesiasten
3334 1885 3562 1925 mecum
3613 1870 3767 1943 lege-

2112 1961 2219 2025 ret,
2243 1956 2364 2011 hazc
2383 1957 2719 2012 Baracibam
2735 1958 2776 2027 ⁷,
2804 1974 2980 2029 quem
3005 1976 3189 2013 unum
3211 1958 3563 2015 velmaxime
3584 1960 3768 2016 admi-

2112 2049 2338 2112 rantur,
2364 2061 2540 2116 super
2569 2046 2840 2117 praesenti
2871 2045 2998 2101 loco
3030 2046 3345 2102 tradidisse
3374 2052 3623 2103 testatus
3654 2053 3762 2105 est.

2114 2133 2318 2187 Melior
2346 2137 2434 2186 est
2456 2132 2695 2188 interior
2724 2133 2917 2202 homo,
2959 2133 3056 2203 qui
3116 2138 3247 2206 post
3296 2140 3570 2206 quartum
3610 2136 3766 2192 deci-

2115 2238 2278 2276 mum
2313 2221 2636 2292 pubertatis
2668 2238 2888 2276 annum
2919 2221 2979 2276 in
3012 2221 3179 2277 nobis
3208 2223 3487 2291 exoritur,
3523 2224 3768 2280 exterio-

2115 2327 2174 2364 re
2205 2309 2462 2378 homine,
2498 2310 2597 2380 qui
2629 2310 2699 2364 de
2731 2309 2935 2364 matris
2968 2309 3094 2365 alvo
3140 2315 3315 2365 natus
3346 2314 3455 2375 est,
3513 2311 3612 2382 qui
3670 2328 3766 2367 ne-

2116 2399 2230 2453 scit
2257 2400 2525 2453 recedere
2556 2414 2589 2452 a
2617 2397 2775 2465 vitio,
2829 2402 2886 2453 et
2932 2399 3028 2470 qui
3078 2399 3150 2454 de
3196 2399 3370 2454 domo
3411 2399 3762 2469 vinctorum,

2118 2488 2189 2541 de
2219 2490 2381 2542 utero
2413 2485 2681 2541 videlicet
2703 2490 2986 2554 materno,
3020 2488 3090 2541 ad
3123 2486 3231 2542 hoc
3255 2486 3447 2557 exivit,
3465 2492 3529 2542 ut
3558 2505 3764 2561 regna-

2120 2581 2206 2631 ret
2235 2576 2341 2645 (Al.
2375 2576 2596 2647 regnet)
2629 2575 2688 2629 in
2718 2575 2894 2631 vitiis.
2957 2575 3065 2640 Qui
3107 2576 3284 2632 etiam
3324 2576 3382 2631 in
3430 2581 3716 2648 potestate
3743 2579 3765 2613 ⁸

2120 2681 2228 2718 sua
2246 2680 2468 2735 pauper
2496 2665 2733 2719 effectus
2763 2669 2872 2734 est,
2905 2664 3061 2720 mala
3108 2665 3307 2720 omnia
3358 2667 3764 2738 perpetrando.

2123 2789 2517 2844 Barachivam:
2552 2789 2652 2843 sed
2687 2789 2897 2844 melius
2917 2789 3281 2846 Colbertinus
3337 2792 3767 2847 Barracchibam

2120 2859 2332 2931 posuit.
2366 2860 2552 2932 Quis
2586 2866 2780 2932 autem
2836 2861 3008 2915 fuerit
3066 2861 3175 2916 iste
3222 2863 3540 2927 Baracciba,
3587 2879 3764 2932 quem

2121 2930 2304 3007 unum
2331 2930 2559 3007 Hebraei
2585 2930 2842 3007 maxime,
2869 2932 3228 3007 mirarentur
3280 2938 3444 3007 aetate
3486 2930 3765 3007 Hierony-

2123 3002 2223 3070 mi,
2254 3000 2704 3076 neloAdivinare;
2739 3006 3024 3076 uetantas
3051 3003 3302 3076 ineptias
3347 3005 3494 3076 forte
3548 3000 3764 3076 propo-

2121 3090 2258 3148 nam
2291 3072 2530 3148 deAﬁlio,
2566 3077 2815 3144 quantas
2857 3073 2927 3148 de
2958 3079 3121 3148 patre
3149 3072 3298 3144 'ejus
3337 3074 3510 3130 Akiba
3548 3072 3765 3148 propo-

2037 3185 2080 3252 C
2121 3145 2242 3199 suit
2262 3143 2469 3200 vindex
2499 3143 2758 3215 nuperus
2779 3143 3148 3215 antiquitatis
3207 3143 3576 3217 temporum:
3603 3143 3766 3202 MAR-

2117 3233 2270 3270 TIAN.

2190 3285 2348 3340 —In
2391 3301 2539 3342 mss.
2597 3286 2992 3354 Baracchiban,
3067 3290 3169 3340 aut
3209 3288 3616 3343 Baracubivan.
3669 3289 3770 3344 Est

2122 3362 2318 3413 autem
2350 3357 2442 3411 hic
2474 3356 2643 3428 longe
2675 3357 3020 3429 notissimus
3051 3357 3272 3429 Akibas,
3307 3375 3410 3414 seu
3440 3359 3766 3429 Barakibas,

2121 3430 2191 3484 de
2222 3444 2336 3500 quo
2366 3432 2487 3482 tam
2519 3427 2851 3500 et’grandia
2905 3433 2963 3482 et
3002 3427 3204 3500 multa
3238 3429 3574 3486 Judaeorum
3626 3427 3771 3485 scri;

2122 3498 2316 3581 ptores
2345 3499 2842 3581 commentisunt,
2878 3505 2941 3553 ut
2962 3498 3132 3580 plane
3162 3499 3245 3581 sit.
3263 3501 3501 3568 mirum,
3532 3500 3770 3581 nihiide

2122 3569 2223 3624 illo
2254 3570 2466 3642 rescire
2500 3569 2901 3624 Martianaeum
2926 3569 3070 3642 Aqui,
3103 3587 3196 3642 ne
3232 3575 3447 3626 temere
3502 3573 3640 3642 quid
3690 3572 3771 3626 le-

2123 3640 2382 3695 ctoribus
2429 3641 2711 3710 imponat,
2773 3657 2834 3694 se
2887 3639 3030 3693 aita
3085 3639 3398 3695 divinando
3458 3639 3770 3696 abstinere.

2124 3713 2308 3766 Tanta
2335 3727 2469 3765 vero
2498 3712 2625 3780 ejus
2648 3710 2756 3764 fuit
2785 3711 3041 3765 nominis
3069 3712 3243 3774 fama,
3269 3716 3334 3764 ut
3371 3711 3776 3766 fabularentur

2125 3782 2368 3848 Hebraei,
2401 3782 2634 3852 Moysen
2663 3781 2856 3852 ipsum
2885 3781 2956 3834 ad
2984 3781 3341 3835 audiendum
3385 3782 3609 3836 Akiban
3668 3782 3775 3836 de-

2128 3853 2423 3924 scendisse
2450 3851 2515 3906 ac
2562 3851 2938 3924 respondisse
2975 3851 3410 3924 interroganti;
3471 3857 3526 3907 et
3585 3852 3772 3908 Rabbi

2127 3923 2420 3995 Abraham
2450 3922 2796 3995 Zachutlib.
2831 3922 3128 3995 Succhasin
3159 3922 3332 3995 dicat,
3393 3925 3775 3995 quemadmo-

2128 3996 2268 4050 dum
2295 3994 2543 4066 priorem
2577 4011 2610 4048 a
2641 3994 2856 4065 Moyse,
2877 3993 3200 4066 itaioralem
3224 3993 3772 4060 legem—universam

2129 4064 2323 4121 Akiba:
2366 4070 2661 4122 acceptam
2694 4064 2913 4119 referri.
2948 4065 3058 4120 Sed
3091 4071 3146 4120 et
3167 4066 3482 4122 Christiani
3510 4072 3777 4122 auctores

2129 4137 2273 4209 satis
2302 4153 2435 4191 eum
2494 4135 2818 4209 luculenter
2874 4142 3219 4209 memorant.
3277 4138 3333 4192 S.
3396 4138 3776 4209 Epiphanius,

2132 4208 2334 4263 haeres.
2379 4209 2464 4272 15,
2501 4207 2914 4278 interquatuor
2941 4208 3320 4278 Judaicarum
3367 4207 3778 4278 Traditionum

2133 4280 2330 4348 Ifatres
2361 4274 2963 4348 recenset,_vocatque
3019 4274 3340 4348 azaaquov
3412 4277 3584 4332 αὐτῶν
3635 4280 3781 4333 ’Δκι-

2134 4343 2229 4402 61v
2299 4359 2462 4402 οϋτιω
2509 4343 3264 4422 κᾳλόῦμενφνῂΙξαρακιϐαν,
3314 4350 3634 4418 Magistrum
3689 4367 3778 4406 eo-

2132 4439 2258 4475 rum
2312 4425 2418 4488 (sc.
2476 4421 2812 4490 Judgeorum)
2857 4419 3067 4491 Akiban
3122 4423 3200 4476 ita
3249 4422 3781 4491 appellatumhseu

2135 4485 2468 4562 Bq-rakiban.
2502 4485 2902 4562 Eumdemque
2933 4489 3135 4562 haeres.
3167 4493 3232 4547 33
3282 4485 3466 4547 Vocat
3524 4485 3783 4544 Ῥαϐϐια-

433 4550 773 4637 ingreditur
810 4566 870 4617 in
918 4580 1122 4632 regem.
1187 4564 1270 4618 Ita
1316 4563 1517 4637 legunt
1568 4581 1712 4621 mss.
1763 4565 2021 4632 codices;
2056 4550 2101 4613 D
2133 4557 2279 4633 κιϐά,
2310 4564 2488 4637 Rabbi
2535 4550 2907 4637 Akiba._lpse
2945 4561 3139 4637 etiam
3198 4563 3587 4637 Hieronymus
3623 4579 3780 4637 eum

365 4633 503 4690 editi
531 4649 686 4700 vero,
719 4636 776 4688 ut
804 4641 1012 4703 regnet.
1045 4638 1331 4690 MARTIAN.

432 4707 458 4778 ε
482 4704 666 4760 Vatic.
697 4706 804 4772 Qui
831 4708 1134 4778 surrexerit
1159 4722 1261 4777 pro
1299 4722 1378 4761 eo.
1429 4707 1577 4761 Tum
1629 4709 1884 4778 lit/initus
1927 4722 2024 4778 po-

357 4777 549 4848 pulus,
581 4779 696 4846 qui,
730 4781 842 4831 etc.
875 4777 1097 4848 absque
1127 4780 1332 4842 omnis,
1363 4793 1487 4848 quze
1517 4795 1624 4832 vox
1657 4784 1713 4833 et
1744 4779 1801 4832 in
1861 4777 2026 4833 Pala-

366 4850 491 4903 tino
524 4848 785 4902 secunda
815 4864 993 4902 manu
1018 4849 1390 4920 expungitur.

440 4920 460 4952 ⁷
491 4921 620 4975 H.130
659 4919 1007 4973 Baracibam.
1071 4919 1326 4991 Insignis
1385 4923 1471 4973 est
1529 4919 1637 4973 iste
1685 4919 1860 4991 locus,
1896 4935 2027 4988 pro-

371 4995 502 5061 pter
560 5006 770 5045 nomen
827 4991 1147 5054 Baracciba,
1209 4990 1334 5045 'sive
1403 4992 1724 5056 Barac/ciba,
1783 4990 2029 5046 celebris

370 5062 685 5131 cujusdam
729 5061 999 5132 magistri
1025 5062 1422 5126 Hebreorum,
1459 5061 1674 5132 dequo
1707 5061 1853 5115 nihil
1910 5077 2026 5116 me-

375 5132 571 5187 moriae
607 5131 901 5204 proditum
925 5137 1016 5187 est
1055 5134 1207 5204 apud
1232 5131 1695 5197 Thalmudistas,
1731 5132 1848 5204 sive
1872 5133 2026 5202 apud

371 5203 686 5275 scriptores
705 5204 1066 5259 Judmorum.
1087 5203 1286 5274 Itaque
1310 5204 1652 5275 prudentem
1672 5203 2030 5275 studiosum-

371 5273 791 5345 que'Iectorem
854 5273 1246 5338 monebimus,
1293 5273 1521 5330 nullum
1559 5290 1686 5330 esse
1734 5273 2030 5344 exemplar

371 5362 486 5402 ms.
523 5346 581 5400 in
622 5363 735 5417 quo
765 5345 1188 5415 Iegaturjuxta
1219 5347 1444 5417 Erasm.
1476 5349 1535 5400 et
1593 5345 1864 5408 Mariam,
1917 5346 2030 5400 haec

367 5416 760 5474 Barucheam:
796 5417 891 5470 sed
919 5418 974 5470 in
1010 5417 1240 5472 cunctis
1274 5416 1419 5471 illud
1481 5433 1692 5472 nomen
1743 5417 2027 5488 scriptum

369 5487 486 5558 legi
516 5487 603 5543 vel
629 5489 988 5552 Baruc/ziam,
1012 5488 1099 5543 vel
1119 5489 1498 5548 Barachivam.
1519 5493 1619 5542 aut
1639 5487 2024 5544 Barachibam.

374 5559 830 5615 Vetustissimus
860 5560 1124 5614 omnium
1175 5560 1350 5614 codex
1381 5560 1545 5615 Corb.
1617 5560 1807 5615 prima
1847 5576 2025 5614 manu

383 5577 830 5615 VBLUSLISSlmUS
860 5577 1124 5614 omnium
1175 5577 1350 5614 cooex
1381 5577 1545 5615 ωτι).
1661 5577 1807 5614 rima
1847 5577 2025 5614 manu

380 5631 663 5704 scriptum
688 5631 1427 5704 retinebatBarac/cibum,
1486 5577 1652 5704 quod)
1690 5632 2028 5704 emendator

377 5700 686 5780 imperitus
715 5701 962 5762 mutavit
990 5702 1050 5761 in
1082 5702 1433 5762 Barachz'am.
1483 5700 1835 5762 Sorbonicus
1887 5700 2028 5779 legit

2132 4650 2282 4705 saepe
2357 4633 2578 4698 laudat,
2630 4641 2684 4688 el
2741 4632 2823 4687 in_
2867 4632 3113 4705 epistola
3187 4632 3434 4705 quidem
3541 4636 3636 4690 121
3710 4634 3781 4690 ad

2139 4704 2437 4775 Algasiam,
2499 4709 2702 4776 quiest.
2750 4706 2846 4759 18:
2907 4704 3235 4775 Rara/cibus,
3291 4706 3486 4776 inquit
3545 4723 3614 4761 ex
3665 4706 3782 4761 He-

2137 4777 2424 4831 braeorum
2482 4793 2680 4841 sensu,
2765 4784 2815 4831 et
2895 4777 3134 4846 Simeon,
3221 4781 3272 4831 et
3328 4778 3521 4844 Hellel,
3603 4779 3779 4846 magi-

2135 4849 2239 4902 stri
2263 4849 2462 4910 nostri,
2495 4852 2643 4912 etc.;
2689 4846 2747 4899 in
2808 4845 3018 4900 Isaiam
3082 4863 3212 4901 vero
3265 4847 3362 4901 lib.
3400 4865 3481 4910 ιιι,
3541 4863 3668 4917 cap.
3698 4845 3778 4902 8:

2137 4918 2370 4982 Alriban,
2405 4918 2749 4989 simpliciter
2777 4934 3012 4980 vocans,
3045 4918 3234 4971 Samai
3264 4922 3314 4971 et
3347 4917 3535 4987 llillel,
3568 4933 3638 4972 ex
3667 4919 3786 4988 qui-

2139 4990 2234 5044 bus
2263 4991 2372 5044 orti
2401 4994 2525 5042 sunt
2582 4989 2787 5044 Scriba?
2840 4993 2889 5042 ct
2937 4989 3246 5053 Pliaraszei,
3294 5005 3523 5058 quorum
3549 4991 3786 5060 suscepit

2136 5062 2382 5116 scholam
2410 5060 2822 5131 Akibaquuem
2861 5061 3186 5131 magistrum
3230 5060 3489 5131 Aquileia
3520 5061 3785 5131 proselyti

2136 5137 2449 5197 autumant,
2500 5135 2608 5201 ctc.
2651 5129 2726 5182 Ex
2775 5145 2888 5201 quo
2929 5130 3103 5201 etiam
3157 5129 3430 5201 colligere
3477 5129 3630 5198 licet,
3679 5129 3782 5186 flo-

2139 5203 2329 5257 ruisse
2363 5201 2524 5273 illum
2558 5200 3318 5273 circaWAdrianitempora.’
3343 5201 3520 5273 Vide,
3563 5219 3688 5273 quae
3721 5203 3786 5258 in

2138 5273 2442 5328 laudatum
2475 5271 2667 5326 locum
2701 5271 2882 5340 Epist.
2946 5271 3016 5324 ad
3071 5271 3389 5342 Algasiam,
3423 5277 3480 5326 et
3510 5271 3784 5328 in'Com-

2140 5350 2385 5412 menter,
2417 5345 2475 5398 in
2506 5343 2715 5398 Isaiam
2757 5342 3126 5396 adnotamus.

2209 5417 2229 5448 ⁸
2262 5414 2632 5470 Μθῐυίίειηωυε
2665 5414 2970 5467 Erasmum
3025 5415 3282 5479 secutus,
3346 5417 3405 5469 in
3449 5417 3784 5485 posteritate.

2138 5485 2329 5541 Nostri
2364 5490 2557 5540 autem
2602 5501 2744 5539 mss.
2801 5488 3107 5553 potestate:
3149 5489 3324 5554 atque
3388 5486 3540 5540 hanc
3586 5501 3784 5540 veram

2138 5557 2468 5620 lectionem,
2486 5555 2679 5626 inquit
2695 5555 3007 5628 Victorius,
3034 5554 3283 5628 Brixiani
3305 5573 3537 5628 quoque
3553 5558 3782 5612 codices

2135 5632 2524 5682 reservarunt.
2559 5625 2802 5698 Exponit
2858 5625 3154 5699 enim_illa
3200 5625 3392 5697 verba,
3442 5625 3660 5699 'q-uiuet
3716 5629 3779 5683 in

2133 5714 2298 5776 regno
2327 5715 2424 5762 suo
2452 5705 2615 5760 natus
2640 5697 2720 5758 est
2739 5712 2970 5774 pauper.
3004 5697 3203 5774 Regno
3242 5702 3438 5759 autem
3452 5697 3640 5770 magis
3670 5711 3784 5769 po-
