4084 6170
451 271 613 341 1103

1690 277 1752 339 S.
1800 274 2110 342 EUSEBII
2152 274 2622 340 HIERONYMI.

3634 274 3775 374 ius

451 404 587 460 Vidi
619 421 740 473 eos,
781 406 881 479 qui
912 407 972 463 in
999 405 1191 481 priore
1204 406 1441 467 homine
1464 408 1751 478 vixerunt,
1776 417 1831 465 ct
1850 427 1986 466 cum
2014 427 2100 466 se—
2127 412 2183 478 Α
2210 426 2378 466 versa
2406 413 2736 465 senserunt.
2779 410 2912 466 Post
2939 408 3264 482 generalem
3294 407 3447 465 enim
3497 407 3637 465 illam
3679 426 3785 466 seno

450 494 645 550 eundo
676 494 916 553 homine
963 500 1164 569 postea
1218 500 1431 555 versati
1490 504 1631 555 sunt
1684 516 1751 554 eo
1811 498 2096 567 videlicet,

415 646 419 650 ἢ
453 583 554 655 qui
585 599 690 655 pro
720 585 914 657 priore
943 587 1248 644 decessore
1278 591 1592 660 generatus
1623 592 1747 644 est:
1810 587 2099 643 intellexi-

453 688 568 744 que
595 689 802 730 omnes
839 674 899 730 in
930 675 1166 732 homine
1197 676 1387 748 priore
1435 692 1727 748 peccasse,
1761 679 2098 746 antequam,

453 763 710 819 secundo
742 768 1038 832 nascente,
1067 765 1185 821 duo
1206 764 1475 821 homines
1496 765 1700 820 ﬁerent
1728 766 1767 819 ¹.
1796 765 1942 831 Quia
1968 780 2101 819 vero

455 851 529 907 ad
560 851 801 908 meliora
831 854 1114 920 conversi,
1174 857 1231 909 et
1284 858 1418 925 post
1442 853 1491 907 Y
1516 852 1771 909 litteram
1801 853 1823 887 ³
1844 851 2100 924 philoso-

455 939 731 1012 phorum,
771 940 1010 997 sinistro
1064 942 1295 998 tramite
1350 940 1645 1009 derelicto,
1704 942 1776 996 ad
1833 941 2102 996 dextrum

458 1028 683 1100 apicem
713 1029 1157 1099 contenderunt,
1202 1034 1257 1085 et
1277 1031 1625 1096 secundum,
1655 1029 1714 1084 id
1742 1033 1848 1097 est,
1910 1028 2102 1084 novis-

459 1117 676 1172 simum
707 1116 1005 1174 hominem
1034 1123 1172 1174 sunt
1230 1118 1437 1190 secuti,
1492 1135 1607 1174 non
1657 1117 2014 1173 laetabuntur
2041 1116 2102 1171 in

458 1221 546 1274 eo,
580 1206 638 1263 id
669 1209 777 1277 est,
808 1206 867 1261 in
901 1206 1113 1279 priore.
1145 1207 1263 1263 Hoc
1298 1208 1446 1263 duos
1472 1208 1743 1263 homines
1773 1211 1831 1262 et
1859 1208 2101 1278 Aposto-

455 1294 552 1350 lus
595 1299 955 1352 contestatur
1013 1297 1085 1366 [ΙΙ
1123 1296 1295 1352 Thess.
1354 1297 1441 1367 II.)
1495 1301 1552 1351 et
1622 1295 1908 1351 Leviticus
1984 1310 2103 1350 non

455 1388 646 1441 tacet:
680 1386 868 1453 Homo,
899 1385 1058 1442 homo
1085 1387 1137 1441 si
1155 1386 1392 1440 voluerit
1411 1387 1433 1420 ⁸
1452 1384 1596 1441 illud
1618 1385 1711 1441 vel
1733 1383 1875 1439 illud
1905 1385 2102 1453 (Leuit.

457 1474 623 1545 χχιι).
660 1473 765 1529 Vir
794 1477 1035 1529 sanctus
1064 1473 1376 1545 Gregorius
1399 1474 1565 1528 Ponti
1597 1472 1927 1545 episcopus,
1978 1471 2104 1527 Ori-

457 1562 625 1635 genis
655 1562 957 1618 auditorin
989 1562 1344 1634 Metaphrasi
1371 1561 1753 1630 Ecclesiastes,
1811 1562 1893 1616 ita
1950 1560 2106 1615 hunc

458 1652 651 1708 locum
684 1651 994 1707 intellexit:
1034 1674 1055 1699 ιι
1090 1652 1208 1722 Ego
1238 1668 1372 1706 vero
1401 1652 1638 1723 praefero
1697 1649 2108 1706 adolescentu-

460 1740 585 1795 lum
618 1756 931 1812 pauperem
968 1744 1025 1796 et
1054 1740 1376 1811 sapientem
1407 1739 1446 1808 ⁸,
1498 1739 1621 1811 regi
1665 1739 1790 1795 seni
1821 1743 1877 1793 et
1906 1738 2105 1809 stulto,

458 1831 891 1900 eui‘nunquam
921 1828 1073 1884 4‘25
1102 1829 1261 1883 venit
1320 1829 1377 1883 in
1436 1833 1712 1895 mentem,
1773 1828 1929 1899 quod
1983 1843 2110 1898 pos-

464 1917 635 1976 sibilc
662 1917 758 1987 sit,
790 1931 1149 1988 quemquam
1181 1917 1251 1971 de
1289 1916 1404 1988 his,
1436 1934 1585 1989 quos
1612 1916 1893 1984 vinxerat,
1918 1916 1989 1971 ad
2021 1932 2109 1971 re-

462 2022 645 2078 gnum
677 2006 832 2062 exire
863 2006 933 2062 de
963 2022 1210 2074 carcere;
1243 2010 1301 2061 et
1320 2006 1581 2077 seipsum
1610 2006 1683 2061 de
1714 2005 1917 2076 iniqua
1946 2004 2109 2060 dein-

460 2108 603 2167 ‘eeps
634 2098 918 2167 potestate
935 2111 1043 2151 sua
1072 2111 1361 2150 corruere.
1395 2095 1597 2150 Evenit
1623 2093 1781 2149 enim
1812 2094 2107 2149 interdum

466 2187 531 2238 ut
558 2183 619 2238 hi
660 2182 760 2255 qui
790 2184 900 2240 sub
932 2182 1364 2238 adolescentulo
1398 2182 1659 2254 sapiente
1687 2182 1922 2250 fuerint,
1974 2183 2109 2237 abs-

465 2289 579 2345 que
598 2288 845 2329 mcerore
876 2272 1021 2328 sint:
1045 2271 1128 2327 ita
1154 2277 1351 2328 tamen
1386 2276 1449 2326 ut
1480 2272 1588 2327 sub
1619 2287 1757 2327 sene
1788 2287 1922 2344 rege
1976 2275 2111 2326 ante

461 2363 676 2420 versati
706 2361 844 2418 sint.
878 2361 985 2426 Qui
1012 2362 1169 2416 enim
1200 2365 1401 2433 postea
1430 2363 1551 2415 nati
1581 2365 1740 2427 sunt,
1776 2359 1916 2432 quia
1957 2359 2112 2414 mala

466 2450 757 2525 praeterita
795 2450 1149 2516 nescierunt,
1181 2464 1287 2504 nec
1327 2448 1830 2504 adolescentulum
1873 2447 2111 2503 laudare

465 2543 733 2611 possunt,
767 2538 869 2611 qui
900 2543 1099 2610 postea
1128 2536 1510 2604 consurrexit,
1561 2538 1796 2593 adducti
1842 2538 2112 2608 Opinione

466 2643 735 2699 perversa
764 2631 821 2682 et
849 2626 1074 2698 impetu
1107 2625 1351 2699 spiritus
1382 2626 1762 2683 adversantis.
1781 2647 1809 2676 ››

543 2715 908 2773 Laodicenus
936 2715 1222 2787 interpres
1252 2717 1380 2771 5res
1397 2715 1813 2788 magnasbrevi
1845 2730 2113 2771 sermone

470 2806 794 2880 exprimere
825 2805 1202 2875 contendens,
1238 2820 1396 2860 more
1426 2804 1539 2860 sibi
1573 2804 1741 2861 solito
1799 2803 1973 2859 etiam
2020 2803 2114 2858 hic

462 2895 701 2951 locutus
731 2898 847 2952 est:
882 2916 912 2945 «
944 2898 1023 2950 De
1051 2894 1531 2961 commutatione,
1578 2892 1873 2964 inquiens,
1934 2894 2114 2948 bono-

469 3000 603 3039 rum
634 2984 694 3039 in
727 2982 882 3038 mala
910 2998 1068 3038 nunc
1098 2982 1455 3038 Ecclesiaste-2
1489 2997 1680 3037 sermo
1695 2986 1800 3048 est,
1832 2980 2118 3052 insipien-

470 3077 591 3128 tem
618 3072 917 3127 hominem
950 3071 1216 3126 conantis
1245 3070 1588 3142 exprimere,
1624 3070 1724 3141 qui
1756 3070 1954 3125 futura
2000 3086 2115 3124 non

2140 1785 2188 1848 B

2207 498 2471 568 tentiam,
2498 515 2625 570 quae
2646 499 2917 555 omnibus
2947 502 3127 571 patet,
3160 498 3313 570 quod
3354 496 3547 554 melior
3592 502 3642 553 et
3678 497 3786 554 ado-

2209 586 2569 643 lescentulus
2590 604 2813 660 pauper
2843 593 2901 644 et
2933 587 3187 659 sapiens,
3221 604 3398 659 quam
3430 602 3525 642 rex
3549 603 3701 643 senex
3744 593 3790 643 et

2209 676 2519 748 insipiens,
2556 681 2612 731 et
2656 677 2811 747 quod
2861 678 3193 748 frequenter
3237 675 3445 744 evenit,
3491 679 3553 730 ut
3594 674 3678 731 ille
3710 692 3792 747 per

2211 764 2558 835 sapientiam
2591 782 2758 821 suam
2792 765 2965 821 etiam
2997 765 3067 820 de
3083 780 3307 820 carcere
3339 763 3488 837 regis
3516 762 3791 835 egrediens,

2208 853 2457 925 imperet
2486 870 2590 925 pro
2619 854 2982 908 dominatore
3020 869 3309 925 perverso,
3358 855 3414 907 et
3441 868 3535 907 rex
3560 851 3798 924 insipiens

2211 942 2416 1014 perdat
2446 942 2783 1014 imperium,
2815 943 2968 1014 quod
3000 945 3269 998 tenebat:
3303 957 3480 1013 super
3515 939 3716 997 Christo
3757 944 3801 997 et

2211 1030 2441 1084 diabolo
2458 1029 2614 1085 hunc
2634 1030 2828 1085 locum
2851 1030 3212 1102 interpretati
3240 1034 3397 1099 sunt,
3426 1029 3573 1100 quod
3594 1036 3801 1101 puerum

2214 1134 2524 1190 pauperem
2557 1122 2614 1174 et
2644 1120 2990 1191 sapientem,
3021 1118 3316 1173 Christum
3348 1117 3542 1173 velint.
3573 1117 3802 1186 Puerum,

2205 1206 2376 1276 juxta
2405 1205 2547 1261 illud
2573 1222 2584 1260 :
2618 1208 2874 1275 Magnum
2904 1208 3006 1261 tibi
3031 1211 3107 1262 est
3136 1208 3325 1263 vocari
3349 1214 3399 1262 te
3415 1222 3637 1278 puerum
3659 1222 3808 1262 meum

2213 1295 2339 1365 (Isa.
2374 1312 2523 1365 XLIX,
2556 1296 2641 1365 6);
2672 1311 2987 1367 pauperem
3017 1310 3171 1365 vero,
3206 1295 3344 1366 quia
3401 1310 3613 1367 pauper
3655 1295 3805 1350 factus

2214 1387 2322 1450 est,
2353 1400 2487 1438 cum
2518 1384 2677 1439 dives
2710 1389 2863 1440 esset
2887 1386 2960 1455 (ll
2990 1386 3109 1441 Cor.
3140 1401 3264 1452 vm,
3297 1385 3387 1456 9);
3424 1388 3482 1439 et
3510 1384 3807 1455 sapientem,

2215 1472 2355 1543 quia
2400 1475 2717 1544 proﬁciebat
2772 1478 2934 1530 aetate
2970 1479 3023 1528 et
3070 1475 3350 1545 sapientia
3378 1481 3428 1528 et
3472 1474 3643 1543 gratia
3691 1470 3809 1543 apud

2215 1562 2386 1615 Deum
2406 1564 2454 1615 et
2484 1563 2737 1617 homines
2766 1563 2918 1633 (Luc.
2988 1579 3047 1616 II.
3106 1562 3220 1632 52).
3289 1562 3402 1618 Iste
3455 1565 3620 1617 natus
3645 1565 3720 1616 est
3764 1560 3807 1614 in

2215 1665 2394 1720 regno
2455 1650 2632 1705 senis.
2693 1655 2759 1704 Et
2824 1650 3038 1706 idcirco
3081 1650 3262 1705 dicit:
3320 1651 3383 1706 Si
3433 1660 3564 1707 esset
3634 1649 3693 1705 de
3737 1640 3810 1704 hoc

2214 1738 2417 1794 mundo
2445 1754 2677 1809 regnum
2702 1756 2903 1805 meum,
2938 1741 3183 1795 ministri
3207 1742 3398 1811 utique
3426 1742 3535 1795 mei
3585 1742 3809 1795 certarent

2217 1842 2316 1898 pro
2340 1843 2445 1893 me,
2479 1832 2539 1882 ut
2594 1844 2705 1883 non
2756 1828 3003 1883 traderer
3057 1828 3283 1884 Judzeis.
3336 1829 3490 1883 Nunc
3526 1837 3692 1884 autem
3728 1843 3808 1883 non

2218 1919 2295 1972 est
2323 1916 2388 1969 de
2412 1917 2510 1971 hoc
2540 1916 2747 1970 mundo
2777 1932 3007 1984 regnum
3060 1932 3247 1970 meum
3306 1917 3483 1988 (Joan.
3538 1933 3685 1984 xvm,
3725 1916 3807 1983 36).

2220 2003 2283 2057 In
2315 2001 2474 2058 illius
2505 2003 2702 2075 itaque
2725 2002 2890 2058 stulti
2921 2004 3079 2059 senis
3118 2019 3324 2076 regno,
3358 2004 3458 2075 qui
3517 2003 3744 2059 ostendit
3772 2003 3810 2057 ei

2217 2092 2417 2148 omnia
2444 2109 2622 2165 regna
2649 2092 2805 2148 426
2838 2093 3064 2159 mundi,
3100 2096 3157 2147 et
3207 2092 3457 2165 gloriam
3489 2094 3629 2164 ejus,
3680 2095 3812 2148 natus

2218 2185 2308 2237 est
2336 2180 2594 2253 optimus
2624 2197 2788 2253 puer,
2819 2186 2876 2236 et
2904 2182 2975 2237 de
2988 2182 3161 2236 domo
3180 2180 3627 2253 vinculatorum,
3648 2182 3707 2237 de
3721 2179 3813 2252 qni-

2218 2271 2331 2325 bus
2360 2268 2642 2325 Jeremias
2673 2269 2730 2323 in
2777 2270 3320 2325 Lamentationibus
3343 2270 3811 2343 loquitur,dicens:

2222 2361 2284 2415 Ut
2314 2358 2631 2413 humiliaret
2658 2359 2756 2413 sub
2783 2358 3014 2429 pedibus
3060 2360 3177 2428 eius
3224 2375 3414 2415 omnes
3462 2360 3658 2416 vinctos
3689 2368 3813 2414 terra

2219 2447 2452 2519 (Thren.
2487 2465 2569 2512 ιιι,
2593 2448 2703 2519 34),
2739 2448 3022 2519 processit
3071 2448 3142 2502 ad
3193 2464 3466 2521 regnum,
3521 2453 3576 2505 et
3619 2447 3740 2504 abiit
3770 2446 3812 2501 in

2220 2536 2514 2608 regionem
2549 2535 2955 2607 longinquam,
2988 2540 3046 2591 et
3075 2540 3279 2592 contra
3311 2555 3430 2605 eos,
3465 2538 3564 2609 qui
3592 2552 3745 2608 super
3770 2550 3815 2587 se

2219 2641 2354 2680 eum
2387 2641 2629 2696 regnare
2658 2624 2951 2692 nolebant,
2984 2629 3117 2696 post
3161 2624 3536 2698 aliquantum
3584 2621 3814 2697 temporis

2221 2729 2319 2768 rex
2349 2730 2612 2769 reversus
2643 2717 2750 2768 est.
2784 2712 3048 2786 Praesago
3078 2713 3278 2785 itaque
3311 2715 3519 2787 spiritu
3556 2715 3688 2771 vidit
3737 2712 3813 2766 Ec-

2222 2802 2518 2858 clesiastes
2550 2818 2754 2857 omnes
2785 2801 3060 2871 viventes,
3095 2802 3466 2875 quipossunt
3486 2798 3814 2860 adolescentis

2224 2890 2535 2962 participes
2565 2907 2711 2956 esse,
2747 2890 3029 2959 dicentis;
3062 2907 3158 2960 ego
3188 2908 3312 2947 sum
3343 2896 3461 2949 vita
3506 2893 3677 2964 (Joan.
3727 2902 3813 2953 va,

2222 2979 2299 3049 6),
2333 2984 2388 3033 et
2416 2983 2602 3034 vetere
2643 2978 2821 3034 stulto
2849 2996 2980 3052 rege
3013 2979 3279 3045 dimisso,
3335 2982 3620 3037 Christum
3669 2974 3812 3049 sequi.

2225 3066 2531 3138 Simulque
2563 3067 2678 3123 duo
2704 3084 2771 3122 ex
2800 3068 2978 3125 Israel
3009 3068 3209 3140 populi
3243 3071 3660 3137 signiﬁcantur.
3690 3066 3814 3123 Prior

460 3158 1161 3230 'cogitans,prmsentibus
1181 3162 1237 3213 et
1253 3157 1489 3213 caducis
1511 3157 1926 3229 quasimagnis
1944 3161 2117 3228 atque
2148 3147 2190 3214 C
2229 3154 2329 3227 qui
2361 3159 2494 3210 ante
2526 3155 2839 3211 adventum
2868 3156 3097 3212 Domini
3124 3158 3322 3227 fuerit,
3354 3164 3412 3214 et
3441 3157 3703 3231 posterior
3739 3150 3813 3225 qui

470 3244 767 3319 perpetuis
805 3244 1145 3301 delectatur.
1177 3246 1247 3300 Et
1285 3249 1415 3307 post
1444 3246 1672 3300 diversa
1699 3246 1739 3314 9,
1772 3254 1900 3317 quas
1931 3246 2119 3301 solent

472 3334 813 3389 hominibus
843 3332 1102 3388 accidere
1124 3333 1184 3388 in
1214 3335 1332 3389 vita
1361 3338 1681 3406 sua,atque
1695 3334 1931 3403 mutari,
1951 3334 2117 3405 quasi

472 3422 802 3497 generalem
833 3421 1006 3477 infert
1034 3422 1105 3477 de
1131 3426 1317 3478 morte
1347 3423 1721 3489 sententiam,
1754 3424 1910 3495 quod
1944 3422 2116 3479 innu-

474 3510 774 3568 merabilis
831 3509 1148 3566 multitudo
1197 3511 1465 3581 intereat,
1514 3517 1570 3567 et
1600 3511 1884 3584 paulatim
1915 3529 2121 3569 consu-

474 3605 671 3659 matur
699 3605 758 3657 et
786 3604 1069 3665 transeat,
1123 3617 1479 3673 unoquoque
1521 3600 1581 3655 in
1627 3618 1733 3657 suo
1780 3601 1906 3657 loco
1937 3600 2118 3657 alium

473 3690 859 3763 relinquente,
918 3694 975 3746 et
1030 3705 1267 3746 rursum
1327 3689 1532 3761 alium,
1583 3706 1916 3748 successore
1989 3706 2121 3747 mo-

474 3780 677 3837 riente.
696 3802 724 3833 »

548 3869 825 3943 Origenes
850 3874 909 3926 et
936 3868 1270 3926 Victorinus
1292 3886 1409 3926 non
1443 3868 1697 3925 multum
1728 3869 1881 3926 inter
1916 3885 1979 3926 se
2031 3868 2119 3924 di-

474 4101 705 4160 testatis
719 4117 897 4174 quam
917 4101 1696 4174 posteritatisvoxconvenit.
1724 4100 2118 4174 Inferiorquo-

473 4190 588 4246 que
631 4171 1008 4246 expositionis
1049 4177 1110 4246 S.
1147 4172 1408 4246 Gregorii
1455 4173 1934 4246 Neocaesarien‘sis
1979 4171 2116 4246 con-

471 4244 665 4317 textus
691 4244 775 4300 sic
797 4245 1197 4317 reponendum
1228 4244 1454 4317 probat.
1484 4244 1638 4317 Olim
1694 4244 1979 4299 Alcuinus
2030 4244 2112 4300 ita

470 4315 691 4389 legerat
710 4332 815 4375 seu
846 4315 1170 4372 mutaverat
1199 4315 1266 4371 ek
1299 4316 1537 4389 ingenio
1559 4333 1571 4371 :
1598 4317 1714 4389 Qui
1739 4324 1791 4371 et
1836 4317 1897 4389 in
1943 4324 2114 4389 natu-

470 4387 663 4443 ra'sua
714 4402 925 4459 pauper
978 4390 1152 4457 factus
1210 4391 1307 4451 est,
1367 4402 1479 4442 non
1518 4387 1720 4442 habens
1759 4387 2111 4458 sapientiam,

468 4459 620 4514 mala
640 4458 828 4529 omnia
857 4459 1165 4529 deferendo,
1203 4458 1345 4521 Vidi,
1368 4463 1478 4513 etc.

2226 3244 2651 3299 Antichristum
2685 3261 2789 3317 pro
2807 3244 3034 3302 Christo
3066 3252 3454 3320 suscepturus
3483 3252 3595 3305 est:
3617 3250 3667 3302 et
3692 3240 3811 3316 quod

2228 3333 2386 3405 prior
2414 3350 2529 3389 non
2557 3333 2792 3405 penitus
2822 3334 2900 3389 sit
2929 3335 3193 3406 abjectus
3253 3338 3469 3409 (prima
3519 3335 3709 3409 quippe
3740 3330 3814 3387 Ec-

2227 3422 2403 3478 clesia
2431 3439 2498 3477 ex
2522 3422 2738 3478 Judaais
2766 3427 2824 3477 et
2844 3422 3122 3494 apostolis
3152 3433 3508 3497 congregata
3543 3425 3663 3493 est),
3688 3420 3812 3477 etin

2228 3514 2342 3567 ﬁne
2370 3511 2579 3580 Judaei,
2603 3511 2702 3582 qui
2729 3511 3152 3568 Antichristum
3173 3529 3278 3585 pro
3295 3514 3519 3569 Christo
3538 3504 3814 3582 suscepturi

2229 3605 2389 3667 sunt,
2419 3617 2536 3656 non
2558 3599 2825 3655 laetentur
2853 3599 2912 3654 in
2942 3600 3189 3657 Christo.

2305 3714 2326 3740 α
2361 3690 2603 3746 Custodi
2641 3690 2848 3762 pedem
2874 3693 3068 3758 tuum,
3101 3706 3237 3746 cum
3294 3693 3459 3748 vadis
3512 3691 3568 3747 in
3620 3679 3812 3744 domum

2229 3780 2351 3850 Dei,
2385 3783 2442 3834 et
2469 3778 2893 3852 appropinqua,
2915 3782 2981 3834 ut
3011 3780 3239 3837 audias.
3274 3785 3497 3838 Donum
3526 3777 3667 3835 enim
3699 3772 3812 3830 insi-

2231 3867 2493 3939 pientum
2524 3866 2874 3922 sacriﬁcium
2902 3868 2920 3901 ⁷
2946 3884 2958 3934 ;
2992 3867 3133 3938 quia
3153 3868 3443 3939 nesciunt,
3459 3866 3605 3939 quod
3617 3861 3810 3925 faciunt,

2226 4100 2334 4157 Sed
2366 4098 2675 4156 manifesto
2707 4097 2851 4171 satis
2878 4115 3103 4166 errore;
3131 4099 3267 4171 quis
3296 4099 3452 4155 enim
3479 4091 3810 4171 nesciat_.Gre:

2266 4171 2454 4227 crium
2489 4171 2650 4226 Ponti
2681 4170 3023 4242 episcopum
3045 4161 3373 4228 auditorem
3407 4170 3599 4234 fuisse,
3651 4165 3700 4219 id
3742 4161 3810 4216 est

2226 4189 2581 4298 giscinulum
2613 4241 2919 4298 Origenis?
2950 4242 3239 4298 MARTIAN.
3800 4297 3807 4298 ,

2272 4241 2581 4313 iscipulum
2613 4241 2919 4313 Origenis?
2950 4242 3239 4299 MARTIAN.

2238 4297 2517 4400 m—I‘Duo
2573 4297 2823 4369 Palatini
2879 4318 2935 4368 ct
2980 4297 3192 4371 Vatis":
3227 4314 3291 4370 Si
3346 4313 3541 4370 voverit
3580 4304 3701 4365 illud
3747 4297 3808 4357 vel

2224 4385 2454 4525 ιίίῖιιέθο
2483 4471 2607 4510 vero
2630 4456 2872 4526 praefero
2905 4455 3389 4525 adolescentulum,
3421 4459 3525 4511 etc.
3578 4448 3806 4526 Erasmgs

508 4544 515 4555 κ
540 4531 557 4564 ¹
588 4513 1207 4601 Alcuinusc'xaggerat
1228 4529 1297 4583 ad
1321 4513 1477 4601 hunc
1497 4528 1770 4601 modum:
1804 4529 2107 4601 Antequam
2138 4518 2182 4582 Ι)
2213 4532 2272 4601 et
2302 4513 2600 4601 Marianus
2630 4513 3002 4601 hunblocugm
3026 4544 3267 4599 prorsus
3326 4513 3677 4601 depravatum

463 4600 697 4656 secundo
753 4600 1027 4666 nascente,
1060 4600 1316 4671 tempore
1367 4600 1610 4671 legitimo
1695 4600 1801 4654 duo
1858 4600 2106 4656 homines

463 4672 691 4742 fuerint.
725 4673 876 4728 Alter
902 4672 1162 4739 camelis,
1187 4670 1330 4725 alter
1363 4670 1694 4742 spiritualz’s.
1730 4672 1837 4739 Qui
1864 4687 1984 4727 vero
2038 4673 2109 4728 ad

446 4744 714 4808 meliora.
747 4748 854 4800 etc.
889 4744 1013 4798 Non
1045 4746 1135 4798 est
1163 4758 1354 4813 porro,
1408 4742 1561 4813 quod
1620 4757 1911 4797 moneam.
1934 4743 1984 4797 Y
2013 4743 2105 4799 lit-

464 4818 649 4871 teram
684 4816 864 4871 fuisse
893 4813 1150 4885 antiquis
1168 4812 1306 4867 bivii
1337 4813 1409 4867 ad
1436 4812 1697 4869 'virtutes
1758 4818 1858 4868 aut
1904 4815 1976 4869 ad
2029 4814 2107 4869 vi-

462 4886 545 4942 tia
574 4886 926 4943 svmbolum.

533 4954 648 5030 ’Et
673 4967 790 5030 post
812 4959 1135 5030 Ylitteram,
1169 4959 1278 5030 etc.
1317 4954 1607 5030 omittunt
1649 4971 1792 5030 mss,
1852 4955 2106 5030 litteram

461 5029 530 5103 _Y,
564 5026 699 5103 licet
726 5029 1053 5103 aliquando;
1072 5028 1287 5100 scripta
1315 5027 1626 5103 videretur,
1651 5031 1728 5103 pt
1756 5026 1929 5103 facile
1963 5044 2106 5103 _pro-

448 5097 587 5155 -bari
621 5105 809 5171 potest
825 5097 906 5157 ἐκ
924 5100 1171 5156 lectione
1191 5097 1621 5171 exemplarium
1645 5097 2106 5171 corbeiensium,

460 5170 527 5225 Et
582 5168 642 5225 hi
692 5176 810 5243 post
867 5174 1111 5228 litteram
1167 5168 1627 5243 pltilosophorum.
1688 5168 1832 5223 Nam
1870 5171 2104 5243 _exscrif

460 5244 654 5365 ﬁteres
680 5240 902 5314 antiqui
926 5260 1049 5304 ,non
1080 5240 1475 5313 intelligentes
1500 5256 1779 5295 arcanum
1833 5240 2105 5297 elementi

505 5311 661 5365 uius.
695 5318 1000 5365 mutarunt
1033 5331 1067 5365 υ
1098 5315 1158 5365 in
1188 5313 1267 5365 hi.
1300 5313 1448 5365 Hinc
1478 5311 1536 5365 in
1568 5310 1925 5365 sunradictis
1958 5329 2100 5365 mss.

505 5311 661 5386 ujus,
695 5310 1000 5386 mutarunt
1032 5331 1067 5386 y
1098 5315 1158 5368 in
1188 5310 1448 5369 hiinnc
1478 5311 1543 5386 in
1568 5310 1925 5386 supradictis
1958 5329 2100 5386 mss.

452 5389 511 5457 et
540 5384 600 5437 hi
612 5388 736 5453 post
766 5384 1165 5457 litteram,‘pro
1192 5392 1263 5457 iet
1284 5392 1405 5457 post
1435 5400 1469 5455 y
1501 5384 1763 5437 litteram.
1828 5384 2100 5457 Ejusdem

454 5451 665 5581 atterite
695 5472 730 5525 y
789 5451 1080 5510 meminit'
1115 5451 1298 5511 infra'
1334 5456 1393 5509 in
1437 5451 1630 5525 'caput
1659 5470 1694 5507 Χ
1726 5451 2101 5511 Ecclesiastes.

454 5554 455 5557 η
512 5542 735 5581 earnm.

450 5542 735 5581 'MARTMN.

492 5608 497 5611 ‘
526 5598 548 5633 ³
576 5599 766 5668 Homo,
799 5595 955 5668 homo
976 5599 1027 5653 si
1056 5595 1316 5652 voluerit.
1348 5594 1496 5650 Alibi
1529 5594 1801 5668 legimus,
1823 5599 1874 5651 si
1918 5599 2103 5653 volue-

444 5669 698 5729 aitillud
724 5667 816 5727 vel
843 5669 1003 5727 illud.
1038 5669 1104 5726 Et
1133 5672 1269 5744 post
1313 5680 1500 5741 pauca
1557 5667 1813 5738 0rigenis
1863 5670 2102 5743 adjutor.

2214 4600 2445 4664 derunt,
2479 4597 2680 4669 legunt
2708 4596 2887 4664 enim,
2922 4590 3044 4669 Ego.
3068 4616 3195 4655 vero
3256 4590 3507 4670 intelligo
3548 4590 3802 4670 adolescatj

2216 4672 2392 4725 tutum
2432 4661 2732 4741 pauperem
2761 4671 2809 4723 et
2840 4661 3160 4741 sapiEntem,
3222 4687 3348 4741 rege
3399 4661 3520 4723 séne
3564 4661 3804 4741 meliorem

2216 4750 2266 4796 et
2295 4732 2476 4795 stulto.
2510 4732 2639 4814 Haec
2658 4757 2771 4794 non
2804 4732 3155 4814 est'locutus'
3179 4813 3185 4814 γ
3206 4732 3510 4814 Gregorius
3564 4732 3805 4814 Τὺευωξις

2214 4818 2444 4884 turgus,
2475 4812 2598 4884 sed,
2627 4815 2696 4884 ut
2711 4827 2815 4884 ego
2847 4811 3095 4880 restitui,
3122 4800 3360 4883 adjutus
3381 4808 3628 4884 contextu
3641 4800 3802 4884 _Grego

2217 4864 2816 4955 sanctissimi’viriét
2847 4864 3242 4955 mss.ALatinis
3299 4883 3521 4955 optima:
3567 4878 3710 4930 notat.
3738 4864 3798 4955 in

2215 4948 3113 5029 Graecoest‘Eyd:_8é1:poxplvm,
3176 4956 3231 5010 id
3281 4948 3386 5023 est,
3444 4965 3533 5021 ego
3577 4959 3683 5001 vero
3725 4949 3800 4993 απ-

2216 5031 2382 5097 tefero
2413 5025 2531 5081 sive
2555 5025 2812 5097 praefero.
2843 5025 3121 5082 Msnrxm.
3407 5094 3416 5097 _
3712 5080 3724 5097 ν.

2286 5079 2826 5152 ὲν[]ήῐιι]έῬὲ)ξ1ἐ;ίίἱῐι.
2875 5079 2941 5151 Et
2982 5079 3281 5168 sapientem
3316 5094 3579 5151 meliorem
3620 5080 3724 5140 δεηί
3752 5079 3794 5131 εί

2214 5171 2353 5239 regi,
2384 5174 2438 5223 et
2461 5168 2642 5223 stulto.

2286 5220 2666 5311 gV'Itzodieenius
2716 5240 3003 5311 interpres,
3044 5243 3154 5294 etc.
3199 5232 3543 5311 Apollinaris
3562 5220 3791 5311 es.ng

2214 5312 2460 5366 dicenus
2491 5309 2669 5383 Syria:
2700 5296 3030 5383 episcopus,
3063 5311 3163 5383 qui
3192 5296 3492 5383 in‘sanctas
3506 5296 3787 5383 AScripi9_ff

2214 5368 2666 5437 innumerabilia
2678 5368 2912 5452 scripsit
2926 5368 3241 5437 volumina.
3258 5368 3786 5436 Consul‘eCatolOSum

2215 5453 2576 5525 Scriptorum
2602 5449 2820 5525 _Ecclesi
2830 5453 3165 5508 asticorum.
3199 5454 3468 5509 MARTIAN.

2283 5507 2382 5578 διὰ
2409 5507 2529 5594 post
2582 5521 2815 5594 diversa,
2876 5507 2994 5579 etc.
3036 5507 3371 5581 Corbeinses
3426 5531 3553 5574 mss.
3604 5507 3659 5561 Et
3701 5510 3783 5575 P‘.”

2213 5590 2430 5652 diversa
2464 5610 2602 5664 qum,
2634 5597 2723 5649 etc
2754 5590 3040 5650 Msnmu.

2298 5644 2571 5727 «nam
2589 5644 3180 5740 isis";-ss,;;-2n"uum
3253 5659 3573 5739 sacriﬁciqu
3634 5644 3772 5703 NW
