4058 6172
263 316 430 426 H05

1269 349 1892 421 COMMENTARIUS
1936 356 2017 422 IN
2058 355 2665 428 ECCLESIASTEN.

3509 359 3674 430 Ηοϐ

269 484 520 542 malum.
553 505 585 536 ››
615 487 910 562 Praecepta
932 487 1033 545 dat
1050 487 1202 558 vitae,
1224 493 1308 546 ett
1323 507 1440 546 non
1461 490 1587 545 vult
1609 508 1716 546 nos
1739 491 1910 546 offen-
1947 498 2001 562 Α
2032 497 2324 553 somnium
2411 499 2965 570 conprehendimus,
3045 501 3200 574 quod
3281 502 3478 560 teuere
3560 519 3668 558 nos

268 585 408 644 dere
437 588 644 640 euntes
666 586 738 642 ad
754 585 1091 644 Ecclesiam.
1109 588 1234 647 Non
1249 589 1405 644 enim
1428 589 1655 659 ingredi
1679 589 1920 644 domum

267 673 398 741 Dei,
431 674 532 729 sed
566 675 693 729 sine
723 676 1042 732 offensione
1086 677 1334 749 ingredi,
1388 677 1578 732 laudis
1625 681 1730 733 est.
1773 682 1840 732 Et
1871 679 1918 734 si

269 767 428 821 esset
447 763 717 818 omnium
759 764 861 834 qui
912 769 1052 819 sunt
1101 766 1159 819 in
1210 763 1462 821 Ecclesia
1510 766 1608 820 Dei
1645 775 1685 830 1,
1720 767 1921 822 audire

269 867 626 918 sermonem,
660 868 962 924 nunquam
1016 853 1360 920 addidisset,
1409 856 1818 926 appropinqua,
1862 860 1922 910 ut

272 941 474 998 audias
525 939 717 1010 (Exod.
765 957 918 1011 xxxv,
970 947 1000 1012 _2
1047 947 1098 997 et
1143 946 1336 1013 seqq.).
1388 942 1648 1013 Denique
1696 943 1922 1014 Moyses

270 1028 433 1085 solus
463 1044 642 1100 prope
675 1029 984 1084 accedebat
1004 1029 1077 1085 ad
1101 1030 1459 1086 audiendum
1486 1035 1669 1086 Deum
1692 1048 1704 1086 :
1734 1032 1921 1087 caeteri

270 1117 548 1173 accedere
579 1132 696 1170 non
725 1115 1017 1172 valebant.
1050 1118 1212 1181 Quod
1260 1117 1424 1173 stulti
1469 1119 1794 1175 nescientes
1833 1136 1920 1174 re-

269 1205 533 1261 medium
558 1221 685 1260 esse
706 1206 946 1276 peccati,
971 1205 1263 1261 testimant
1288 1206 1578 1262 oblatione
1609 1223 1920 1264 munerum

269 1294 391 1350 Deo
422 1292 759 1348 satisfacere
789 1309 849 1348 se
881 1310 1074 1365 posse,
1123 1299 1182 1349 et
1224 1295 1497 1366 ignorant
1539 1295 1649 1350 hoc
1689 1312 1922 1366 quoque

270 1381 499 1439 malum
530 1398 659 1438 esse
675 1386 851 1452 atque
873 1387 1193 1453 peccatum,
1219 1400 1334 1438 non
1359 1383 1688 1439 obedientia
1709 1389 1763 1438 et
1787 1401 1920 1455 ope-

271 1471 441 1526 ribus
472 1469 664 1539 bonis,
699 1471 800 1525 sed
833 1471 1002 1526 donis
1033 1475 1090 1526 et
1119 1470 1372 1526 victimis
1402 1474 1712 1528 emendare
1752 1472 1919 1539 velle,

275 1560 435 1631 quod
466 1559 724 1615 fecerint.
759 1559 902 1615 Huic
933 1560 1205 1632 congruit
1231 1559 1375 1616 illud
1403 1562 1558 1632 quod
1609 1561 1747 1616 alibi
1777 1561 1919 1616 dici-

279 1652 414 1703 tur:
449 1648 826 1704 Ubedientiam
855 1664 1022 1719 super
1050 1650 1390 1719 sacriﬁcium
1420 1652 1467 1718 (1
1517 1652 1640 1720 Reg.
1685 1667 1774 1716 xv,
1806 1651 1918 1719 21).

275 1736 348 1792 Et
369 1755 384 1792 :
406 1737 834 1792 Misericordiam
855 1736 1000 1807 volo,
1021 1745 1199 1793 etnon
1222 1740 1556 1809 sacrificium
1577 1740 1742 1810 (Osee
1753 1739 1916 1808 vx,6).

2030 588 2411 644 aestimamus.
2445 590 2707 661 Cumque
2738 589 2907 662 plura
2933 594 3023 660 (ut
3051 592 3242 647 visum
3273 592 3441 649 nobis
3473 592 3670 662 fuerit)

2032 677 2373 742 dixerimus,
2442 679 2618 733 ﬁnem
2651 679 3074 751 disputationis
3101 686 3312 740 nostrae
3327 697 3455 738 esse
3475 681 3671 737 stulti-

2030 768 2193 823 tiam.
2227 769 2307 822 Ex
2336 766 2705 838 multiloquio
2737 767 2894 823 enim
2926 785 3034 824 nos
3088 785 3205 824 non
3253 768 3504 841 effugere
3533 785 3672 841 pec-

2031 861 2247 913 catum.

2106 969 2128 996 α
2162 946 2306 1000 Cum
2338 949 2536 1000 votum
2566 945 2772 1002 feceris
2798 947 2912 1002 Deo
2929 948 2968 1012 ³,
3022 964 3093 1002 ne
3145 947 3392 1003 moreris
3433 949 3675 1004 reddere

2030 1034 2195 1100 illud,
2229 1035 2367 1105 quia
2395 1051 2510 1089 non
2543 1039 2634 1089 est
2663 1035 2936 1090 voluntas
2966 1035 3025 1090 in
3050 1036 3490 1107 insipientibus.
3515 1037 3675 1099 Quaa-

2030 1140 2260 1195 cunque
2306 1123 2588 1189 voveris‘,
2640 1124 2832 1179 redde.
2885 1123 3092 1180 Melius
3146 1129 3236 1180 est
3282 1142 3396 1180 non
3446 1141 3673 1190 vovere,

2030 1229 2205 1284 quam
2246 1229 2448 1267 vovere
2499 1217 2554 1267 et
2601 1229 2715 1267 non
2775 1213 3032 1268 reddere.
3069 1234 3097 1261 »
3149 1212 3406 1285 Simplex
3456 1212 3671 1268 intelli-

2028 1301 2228 1373 gentia
2255 1301 2730 1372 interpretatione
2761 1318 2875 1356 non
2907 1301 3149 1373 indiget.
3184 1300 3394 1357 Melius
3423 1305 3511 1356 est
3553 1317 3670 1355 non

2029 1390 2388 1462 promittere,
2421 1406 2599 1460 quam
2627 1390 2916 1461 promissa
2953 1406 3069 1446 non
3119 1391 3326 1457 facere,
3379 1389 3520 1461 quia
3549 1390 3670 1444 dis-

2030 1477 2283 1549 pliceant
2312 1481 2446 1541 Deo,
2478 1481 2535 1531 et
2565 1479 2715 1532 inter
2738 1478 3084 1549 insipientes
3105 1482 3536 1549 computentur,
3570 1477 3673 1548 qui

2029 1570 2162 1620 vota
2192 1581 2306 1619 non
2338 1564 2624 1635 expleant.
2660 1566 2821 1628 Quod
2855 1570 3047 1621 autem
3071 1565 3190 1620 ait:
3222 1568 3341 1622 Non
3369 1573 3450 1621 est
3477 1567 3672 1621 volun-

2029 1659 2112 1710 tas
2144 1657 2207 1709 in
2263 1654 2668 1725 insipientibus,
2734 1655 3108 1721 subauditur,
3137 1655 3254 1724 Dei,
3305 1656 3478 1724 juxta
3523 1653 3671 1708 illud

2029 1741 2290 1813 Apostoli
2320 1745 2366 1813 (I
2397 1743 2516 1797 Cor.
2575 1760 2690 1806 xv1,
2722 1743 2790 1796 22
2823 1743 2838 1811 )
2865 1759 2879 1798 :
2940 1744 3002 1797 Et
3059 1745 3242 1813 utique
3267 1758 3380 1798 non
3434 1743 3547 1812 fuit
3577 1757 3674 1796 υο-

347 1826 512 1898 (Cap.
543 1825 636 1897 V).
671 1848 699 1877 α
732 1825 862 1880 Noli
894 1825 1171 1881 festinare
1199 1826 1257 1880 in
1291 1843 1388 1882 ore
1410 1833 1532 1893 tuo,
1555 1831 1613 1882 et
1632 1844 1731 1883 cor
1752 1831 1921 1882 tuum
1953 1864 2002 1928 B
2034 1832 2235 1901 tantas,
2267 1840 2328 1886 ut
2355 1848 2504 1886 nunc
2533 1833 2776 1886 uenirem
2805 1831 2874 1886 ad
2904 1847 3016 1886 vos.
3050 1831 3213 1894 Quod
3249 1831 3297 1886 si
3318 1830 3594 1885 volumus
3619 1832 3679 1885 et

267 1932 390 1971 non
419 1914 654 1971 festinet
675 1915 746 1969 ad
776 1915 1187 1986 proferendum
1209 1915 1454 1970 verbum
1475 1917 1497 1951 ²
1518 1915 1579 1970 in
1601 1920 1920 1987 conspectu

266 2003 396 2074 Dei,
431 2003 572 2075 quia
602 2007 753 2058 Deus
782 2003 841 2056 in
873 2002 1039 2071 ccelo,
1067 2009 1124 2058 et
1171 2007 1235 2058 tu
1287 2021 1465 2076 super
1512 2010 1749 2060 terram.
1785 2005 1920 2059 Pro-

269 2097 405 2166 pter
433 2091 544 2147 hoc
575 2091 695 2146 sint
720 2092 898 2146 verba
914 2096 1018 2147 tua
1033 2106 1236 2162 pauca,
1261 2094 1400 2164 quia
1415 2094 1604 2148 veniet
1624 2093 1920 2149 somnium

271 2183 335 2238 in
367 2179 753 2236 multitudine
783 2179 1217 2246 sollicitudinis,
1249 2186 1306 2237 et
1335 2198 1442 2236 vox
1489 2181 1820 2253 insipientis
1861 2181 1920 2235 in

272 2268 763 2341 multiplicatione
795 2284 1158 2324 sermonum.
1193 2291 1221 2317 »
1253 2269 1519 2341 Plerique
1562 2270 1922 2325 arbitrantur

273 2359 388 2416 hoc
421 2358 481 2412 in
515 2357 788 2429 praesenti
819 2357 942 2412 loco
972 2355 1230 2428 praecipi,
1263 2374 1334 2413 ne
1362 2374 1557 2413 coram
1605 2358 1720 2413 Deo
1751 2357 1921 2413 facile

271 2446 497 2518 aliquid
532 2445 968 2518 promittamus,
1000 2455 1057 2501 et
1083 2449 1210 2502 sine
1257 2447 1723 2502 consideratione
1766 2447 1916 2504 421

271 2535 490 2598 virium
522 2551 832 2590 voveamus
885 2552 953 2590 ea
982 2553 1108 2607 qua
1158 2534 1387 2607 explere
1437 2552 1553 2591 non
1581 2551 1918 2607 possumus.

269 2625 494 2681 Adesse
541 2623 760 2695 quippe
815 2630 1159 2694 praesentem
1206 2629 1390 2679 Deum
1423 2627 1498 2679 ‘et
1544 2623 1679 2679 licet
1724 2623 1820 2679 ille
1849 2623 1920 2690 in

271 2714 441 2779 cmlo,
475 2729 581 2769 nos
611 2728 741 2768 esse
768 2712 1070 2768 videamur
1117 2711 1174 2766 in
1222 2719 1414 2770 terra:
1468 2717 1664 2769 tamen
1697 2713 1917 2779 audire,

277 2819 410 2874 qua
441 2800 759 2873 loquimur,
792 2805 850 2856 et
893 2800 1292 2873 insipientiam
1333 2805 1593 2856 nostram
1647 2802 1811 2873 argui
1854 2818 1921 2856 ex

272 2889 765 2962 multiplicatione
795 2906 1155 2945 sermonum.
1189 2890 1297 2944 Alii
1329 2907 1462 2945 vero
1493 2889 1705 2945 melius
1752 2889 1920 2945 intel-

267 2981 545 3053 ligentes,
568 2978 678 3034 hoc
708 2978 940 3049 praecipi
973 2979 1291 3048 afﬁrmant,
1326 2995 1397 3034 ne
1451 2983 1551 3034 aut
1590 2978 1918 3050 loquentes,

268 3072 376 3126 aut
407 3067 732 3140 cogitantes
764 3065 897 3137 plus
926 3067 998 3122 de
1027 3066 1143 3122 Deo
1191 3083 1369 3137 quam
1420 3083 1756 3138 possumus,
1798 3066 1920 3137 opi-

269 3173 488 3214 nemur
516 3173 529 3223 ;
553 3156 653 3212 sed
671 3155 930 3211 sciamus
952 3153 1412 3211 imbecillitatem
1432 3159 1714 3220 nostram,
1741 3156 1918 3226 quod,

269 3250 570 3319 quantum
601 3244 785 3300 distat
815 3244 1026 3299 ccelum
1057 3261 1090 3298 a
1123 3249 1295 3311 terra,
1317 3248 1548 3300 tantum
1575 3251 1776 3300 nostra
1795 3245 1918 3315 opi-
1951 3229 1994 3296 C

271 3336 438 3392 natio
496 3352 531 3389 a
576 3339 786 3390 natura
838 3333 998 3390 illius
1045 3339 1349 3406 separetur
1389 3350 1400 3387 :
1452 3338 1510 3389 et
1557 3333 1772 3388 idcirco
1822 3335 1920 3388 de-

271 3427 418 3482 bere
467 3423 644 3478 verba
701 3428 904 3479 nostra
960 3439 1089 3479 esse
1148 3423 1466 3478 moderata.
1529 3423 1693 3477 Sicut
1765 3422 1923 3477 enim

273 3514 384 3586 qui
454 3511 515 3566 in
567 3510 771 3566 multis
825 3511 1280 3582 cogitationibus
1353 3517 1460 3576 est,
1546 3527 1614 3565 ea
1670 3510 1927 3565 somniat

277 3604 638 3672 frequenter,
696 3600 766 3655 de
823 3599 1040 3671 quibus
1125 3601 1378 3671 cogitat:
1442 3600 1523 3654 ita
1599 3598 1700 3669 qui
1758 3604 1929 3669 plura

280 3689 532 3746 voluerit
557 3690 629 3744 de
656 3687 960 3744 divinitate
1009 3687 1314 3754 disserere,
1369 3687 1575 3742 incidit
1621 3687 1680 3741 in
1733 3686 1928 3742 stulti-

284 3779 454 3834 tiam.
488 3777 582 3833 Vel
615 3782 769 3833 certe
793 3777 908 3832 sic:
946 3777 1134 3834 Verba
1165 3783 1362 3832 nostra
1392 3793 1580 3848 pauca
1626 3775 1756 3830 ideo
1802 3792 1932 3831 esse

279 3867 516 3935 debere,
547 3867 704 3937 quod
738 3866 914 3922 etiam
945 3881 1012 3921 ea
1041 3883 1168 3936 quae
1194 3881 1368 3922 nosse
1400 3883 1506 3921 nos
1554 3865 1931 3929 arbitramur,

278 3973 387 4030 per
418 3953 720 4027 speculum
779 3953 1047 4010 videmus
1103 3959 1161 4009 et
1207 3955 1267 4009 in
1317 3953 1646 4026 aenigmate,
1697 3958 1755 4007 et
1778 3952 1936 4008 velut

279 4100 625 4155 contextum
647 4095 998 4151 subvertunt
1016 4099 1237 4152 veteres
1254 4097 1562 4164 editiones,
1589 4095 1688 4150 ubi
1711 4099 1936 4150 contra-

279 4171 372 4226 rio
407 4184 589 4224 sensu
622 4167 872 4239 legimus
925 4169 1098 4239 Super
1116 4169 1318 4222 donum
1363 4170 1510 4223 enim
1549 4167 1935 4238 insipientium

279 4241 635 4310 sacriﬁcium
660 4242 860 4293 tuum:
891 4241 1040 4310 quia,
1071 4244 1180 4294 etc.
1215 4240 1501 4294 MARTIAN.

364 4314 380 4346 ¹
415 4312 676 4366 Rursum
708 4310 862 4365 idem
897 4327 1065 4376 mss.,
1100 4312 1161 4364 Et
1191 4313 1241 4364 si
1259 4320 1392 4365 esset
1421 4312 1667 4382 omnium
1698 4311 1943 4382 offensio,

285 4385 388 4455 qui
416 4390 553 4438 sunt
580 4383 641 4436 in
671 4382 946 4455 _Ecclesia,
998 4385 1106 4436 etc.
1163 4382 1345 4455 Penes
1392 4381 1690 4455 Alcuin..,_
1722 4381 1782 4435 Si
1810 4388 1946 4436 esset

286 4453 548 4512 bnmium
574 4453 772 4507 audire
801 4467 1124 4523 sermonem,
1157 4455 1206 4507 et
1237 4453 1436 4507 divina
1466 4453 1749 4522 mysteria,
1799 4469 1944 4505 mm-

287 4543 481 4599 quam,
516 4528 623 4599 etc.

2031 1920 2324 1975 curiosius
2355 1918 2574 1991 aliquid
2603 1921 2814 1986 dicere,
2847 1920 3182 1991 praecipitur
3209 1919 3563 1986 Christiano,
3609 1921 3678 1973 ut

2030 2009 2206 2064 ﬁdem
2236 2025 2407 2079 opere
2436 2008 2742 2079 compleat,
2778 2013 2834 2064 et
2864 2025 2977 2064 non
3002 2010 3079 2064 sit
3099 2007 3315 2063 similis
3335 2009 3672 2064 Iudaeorum

2031 2097 2131 2168 qui
2158 2097 2515 2168 spondentes
2545 2101 2718 2168 atque
2748 2097 3044 2152 dicentes:
3105 2097 3302 2152 Omnia
3340 2111 3677 2166 quacunque

2030 2187 2293 2240 Dominus
2337 2186 2604 2255 praecepit
2648 2187 2914 2254 faciemus
2963 2184 3153 2256 (Exod.
3204 2201 3354 2253 xxiv,
3404 2185 3480 2254 3),
3533 2185 3674 2238 ado-

2030 2277 2306 2328 raverunt
2334 2272 2506 2328 idola.
2543 2277 2609 2327 Et
2636 2277 2768 2343 post
2794 2274 3191 2328 verberatores
3218 2287 3434 2337 servos,
3458 2275 3514 2326 et
3531 2269 3675 2342 lapi-

2031 2362 2204 2422 dibus
2259 2377 2591 2433 oppressos,
2651 2361 2966 2416 novissime
3023 2361 3218 2431 ipsum
3281 2375 3515 2430 quoque
3571 2375 3673 2431 pa-

2029 2451 2136 2506 tris
2159 2449 2412 2505 familias
2444 2449 2629 2504 ﬁlium
2669 2449 3127 2504 trucidaverunt.
3179 2447 3383 2504 Melius
3406 2451 3496 2503 est
3523 2463 3662 2519 ergo

2031 2539 2346 2610 ancipitem
2377 2537 2478 2593 diu
2512 2537 2723 2592 librare
2753 2537 3102 2593 sententiam
3127 2538 3171 2604 δ,
3190 2553 3368 2608 quam
3391 2537 3451 2591 in
3473 2535 3673 2591 verbis

2030 2626 2260 2682 facilem
2291 2627 2352 2682 in
2381 2627 2536 2683 428
2567 2643 2738 2698 opere
2769 2643 2896 2682 esse
2927 2625 3246 2681 difﬁcilem.
3279 2625 3496 2680 Servus
3515 2624 3673 2680 enim

2032 2717 2133 2788 qui
2165 2717 2278 2771 scit
2309 2715 2666 2771 voluntatem
2698 2715 2929 2770 Domini
2960 2715 3076 2785 sui,
3108 2717 3165 2770 et
3185 2730 3302 2769 non
3324 2713 3498 2768 faciat
3519 2727 3673 2782 eam,

2029 2805 2327 2877 vapulabit
2356 2805 2598 2860 multis“
2631 2806 2779 2875 (Luc.
2812 2821 2915 2874 x11,
2945 2805 3058 2875 47).

2104 2915 2131 2943 «
2158 2894 2281 2949 Non
2314 2893 2416 2948 des
2447 2910 2512 2948 os
2541 2898 2732 2959 tuum,
2783 2897 2849 2947 ut
2899 2908 3138 2964 peccare
3184 2892 3365 2951 facias
3388 2892 3407 2925 "
3438 2905 3673 2946 carnem

2029 2986 2212 3036 tuam.
2243 2983 2312 3036 Et
2345 2998 2416 3037 ne
2447 2981 2660 3036 dixeris
2689 2981 2749 3035 in
2777 2984 3088 3052 conspectu
3121 2979 3331 3052 angeli,
3357 2977 3496 3050 quia
3515 2978 3675 3049 igno-

2029 3071 2218 3125 rantia
2247 3075 2368 3136 est;
2405 3086 2472 3125 ne
2501 3069 2788 3124 irascatur
2818 3073 2968 3124 Deus
3020 3083 3196 3139 super
3244 3082 3443 3122 vocem
3485 3069 3671 3133 tuam,

2029 3164 2088 3214 et
2115 3159 2413 3231 disperdat
2456 3175 2631 3230 opera
2674 3174 2959 3213 manuum
3005 3170 3264 3212 tuarum.
3321 3178 3349 3204 »
3397 3154 3676 3210 Hebraeus

2029 3248 2111 3304 ita
2141 3249 2362 3304 sensit:
2393 3247 2555 3311 Quod
2589 3264 2704 3302 non
2756 3251 2922 3318 potes
2968 3246 3176 3315 facere,
3227 3260 3300 3300 ne
3340 3242 3672 3314 promittas.

2031 3337 2156 3392 Non
2187 3336 2344 3392 enim
2376 3335 2436 3390 in
2467 3340 2708 3391 ventum
2742 3334 2897 3390 dicla
2940 3338 3266 3403 transeunt,
3319 3333 3421 3389 sed
3464 3349 3498 3387 a
3527 3347 3674 3403 pree-

2032 3425 2183 3480 senti
2217 3423 2443 3496 angelo,
2478 3424 2576 3494 qui
2620 3423 2939 3494 unicuique
2993 3423 3248 3478 adhaeret
3293 3432 3511 3487 comes,
3554 3424 3674 3475 sta-

2032 3512 2140 3567 tim
2172 3513 2546 3584 perferuntur
2593 3512 2664 3565 ad
2723 3511 3061 3566 Dominum.
3121 3512 3191 3565 Et
3245 3513 3308 3564 tu
3369 3509 3469 3579 qui
3501 3511 3675 3579 putas

2036 3602 2305 3672 ignorare
2333 3600 2539 3668 Deum,
2576 3599 2729 3669 quod
2762 3598 3063 3670 pollicitus
3100 3614 3182 3664 es,
3236 3611 3513 3668 provocas
3542 3611 3678 3650 eum

2037 3689 2109 3744 ad
2143 3688 2530 3752 iracundiam,
2574 3690 2638 3741 ut
2689 3687 2887 3741 omnia
2934 3702 3108 3756 opera
3150 3689 3252 3739 tua
3296 3682 3678 3754 dissipentur.

2039 3777 2150 3834 Sed
2182 3778 2241 3831 in
2273 3792 2338 3831 eo
2371 3775 2525 3846 quod
2557 3775 2676 3829 ait:
2712 3776 2774 3830 Ut
2829 3789 2939 3828 non
2981 3789 3206 3843 peccare
3258 3773 3432 3843 facias
3460 3786 3684 3826 carnem

2040 3871 2214 3933 tuam,
2267 3881 2378 3920 non
2451 3863 2760 3934 diligenter
2837 3861 3181 3928 eventilans,
3238 3860 3320 3916 ita
3377 3857 3683 3924 intellexit,

2044 3953 2214 4025 quasi
2245 3951 2506 4018 dixisset,
2537 3951 2661 4005 Non
2689 3951 2791 4005 des
2823 3966 2888 4004 os
2916 3953 3107 4018 tuum,
3141 3953 3206 4004 ut
3253 3965 3369 4004 non
3415 3961 3619 4020 pecces
3642 3946 3685 3999 ³.

2121 4096 2140 4127 ⁸
2190 4096 2307 4149 Non
2353 4093 2444 4147 des
2487 4108 2543 4147 os
2586 4097 2739 4146 tuum
2785 4098 2845 4144 ut
2891 4105 2999 4144 non
3034 4105 3239 4160 pecces.
3289 4088 3392 4144 Hic
3439 4088 3600 4160 locus
3626 4103 3696 4160 ex

2054 4165 2320 4223 absentia
2348 4163 2645 4234 particula:
2678 4162 2946 4233 negantis
2977 4157 3092 4216 non
3108 4164 3314 4285 (Potest
3358 4157 3606 4284 intellig;
3634 4158 3695 4213 in

2054 4241 2224 4285 animi
2255 4235 2654 4285 editislibris:
2688 4249 2877 4285 neque
2923 4248 3059 4285 vero
3149 4231 3297 4285 icere
3345 4229 3534 4285 notuit
3613 4227 3695 4284 ie-

2054 4241 2224 4294 antea
2255 4227 2654 4290 editislibris:
2688 4227 2877 4303 neque
2923 4248 3059 4287 vero
3108 4227 3297 4286 dicere
3345 4229 3534 4303 potuit
3552 4227 3666 4284 Hie

2055 4327 2180 4365 ron.
2216 4308 2522 4362 Hebraeum
2556 4322 2732 4360 suum
2763 4299 3173 4375 prmceptorem
3206 4299 3359 4375 “non—
3389 4299 3700 4375 diligenter

2056 4377 2401 4436 eventilasse
2439 4378 2593 4448 quod
2627 4370 3055 4448 dicitur,_si'ita
3083 4372 3366 4428 intellexit
3395 4370 3698 4448 quabLEc-

2059 4451 2360 4506 clesiastes
2391 4440 2668 4504 dixisset:
2703 4450 2825 4502 Non
2854 4444 2945 4500 des
2976 4461 3032 4500 os
3062 4448 3216 4500 tuum
3246 4448 3305 4498 ut
3330 4440 3532 4515 pecces.
3551 4440 3697 4496 Nam

2060 4525 2214 4577 idem
2249 4525 2360 4587 est,
2392 4529 2450 4575 ut
2502 4535 2687 4591 pecces
2727 4533 2810 4591 ac
2856 4525 3209 4591 _utmpeccare
3264 4516 3437 4591 facias
3465 4527 3702 4591 carnem

360 4599 384 4632 ²
413 4586 676 4651 Restituo
704 4610 773 4650 ex
805 4594 989 4662 Vatic,
1027 4599 1085 4649 et
1106 4593 1349 4650 Palatin.
1385 4593 1584 4663 altero,
1636 4595 1705 4676 ad
1751 4596 1944 4719 profe-
1977 4594 2022 4658 D
2053 4603 2224 4650 tuam.
2262 4597 2325 4646 In
2358 4609 2432 4673 eo.
2453 4586 2632 4671 igitur
2658 4587 2872 4643 minori
2905 4586 3208 4659 diligentia
3254 4588 3585 4666 contextum
3608 4599 3700 4663 sa-

360 4668 527 4719 udum
554 4682 876 4719 sermonem.
910 4671 1044 4719 etc..
1071 4665 1566 4719 quemadmodum
1592 4670 1647 4719 et
1673 4682 1798 4719 inse
1821 4666 1848 4719 l
1874 4681 1948 4719 Ie-
2061 4681 2222 4719 crum
2251 4661 2580 4718 eventxlavxt
2601 4661 2898 4719 Hebraeus.
2961 4658 3114 4719 quod
3173 4660 3465 4719 putaverit
3521 4657 3700 4719 parti-

288 4668 527 4724 reudum
554 4682 876 4736 sermonem,
910 4671 1044 4732 etc.,
1071 4665 1566 4736 quemadmodum
1592 4670 1647 4720 et
1673 4667 1798 4736 ipse

288 4754 580 4812 ronymus
607 4737 666 4792 in
700 4754 808 4792 sua
858 4736 1337 4806 interpretatione
1383 4737 1553 4791 vertit
1601 4753 1669 4790 ex
1710 4737 1947 4791 Hebraeo

289 4812 525 4888 £351.15.
578 4826 952 4897 Martianazus
982 4841 1131 4897 ivero
1179 4826 1252 4897 ad
1298 4825 1710 4897 perferendum,
1763 4829 1827 4879 ut
1865 4825 1947 4878 vi-

292 4901 473 4969 detur
501 4913 569 4952 ex
597 4901 790 4951 Graeco
821 4894 916 4948 τοὺ
948 4894 1482 4969 égavéymulc'ger'at.

365 4971 389 5003 ³
424 4968 561 5023 Cum
590 4971 780 5025 votum
816 4971 1008 5038 feceris
1039 4966 1169 5024 Deo.
1227 4966 1324 5022 In'
1350 4966 1542 5036 editis,
1582 4985 1706 5038 cum
1766 4971 1954 5021 uotum

288 5042 530 5098 voceris.
562 5041 674 5110 Sed
708 5037 913 5110 parum
948 5040 1213 5104 interest,
1249 5054 1353 5094 nec
1384 5044 1472 5093 est
1516 5037 1635 5092 ulla
1683 5039 1740 5092 in
1774 5054 1952 5094 sensu

294 5111 576 5168 mutatio.
610 5109 900 5165 MAit'rIAN.

371 5185 392 5216 ‘
419 5181 790 5237 Martianazus
821 5186 996 5246 atque
1029 5179 1128 5236 alii
1161 5179 1320 5246 editi,
1355 5184 1540 5235 votum
1569 5182 1738 5235 vovis.

373 5257 396 5288 ⁵
425 5255 735 5324 Ancipitem
763 5253 862 5308 diu
891 5251 1120 5318 Iibrare,
1152 5256 1260 5306 etc.
1295 5253 1479 5306 Antea
1510 5251 1832 5323 legebatur,
1857 5269 1956 5306 an-

295 5328 528 5397 cipitem
557 5327 658 5397 diu
684 5325 987 5397 deliberare
1014 5325 1366 5397 sententiam.
1399 5326 1685 5397 Marianas.

373 5398 394 5429 ⁸
445 5400 607 5451 Unus
650 5395 836 5451 Vatic.
904 5398 968 5450 Et
1037 5411 1147 5450 non
1213 5395 1361 5464 fecit,
1436 5394 1720 5465 vapulabit
1776 5395 1960 5465 plagis

297 5470 574 5593 “iulin
627 5537 876 5593 Palatini
927 5543 983 5593 et
1044 5535 1333 5604 Vatican.,
1391 5538 1452 5592 Ut
1493 5553 1718 5607 pet‘t‘am
1770 5538 1956 5607 faciat-

309 5608 619 5682 hicatque
640 5609 826 5666 infra:
860 5613 920 5665 et
949 5607 1122 5682 paulo
1155 5613 1308 5678 post,
1340 5609 1404 5662 Et
1450 5624 1518 5662 ne
1573 5611 1816 5679 dissipet,
1862 5624 1962 5678 pro

307 5684 366 5740 et
398 5680 698 5755 disperdat.

1874 4666 1948 4719 ie-

2061 4681 2222 4719 crum
2251 4652 2580 4718 eventilzﬁit
2601 4661 2898 4730 Hebraeus,
2961 4652 3114 4730 quod
3173 4655 3465 4730 putaverit
3520 4652 3701 4726 parti-

2060 4751 2252 4807 culam
2286 4751 2613 4823 negativam
2657 4733 2750 4823 _txf‘)
2787 4747 2867 4823 to,
2921 4747 2980 4801 id
3033 4750 3145 4823 _est_,
3205 4762 3335 4823 non,
3368 4755 3704 4823 expressam

2059 4840 2206 4890 esse,
2273 4815 2391 4876 vel"
2415 4815 2973 4892 subintelligendam
3031 4817 3089 4871 in
3124 4817 3254 4892 liae
3290 4815 3435 4892 loco,
3497 4817 3706 4892 utnon

2057 4888 2256 4970 pelves,
2290 4894 2430 4970 Quae
2454 4892 2622 4970 lectio
2653 4881 3212 4970 optimerespondet
3241 4881 3706 4970 interpretationi

2063 4958 2349 5036 superiori
2382 4965 2643 5033 ejusdem
2676 4958 3220 5038 Hebrmi_dicentis,
3255 4958 3438 5038 _0uod_
3472 4969 3583 5010 non
3612 4968 3709 5038 pq-

2063 5023 2366 5105 tes‘f'acere,
2408 5023 2486 5090 "ne
2535 5036 2842 5105 pro-mittas.
2884 5033 3006 5084 Hoc
3049 5034 3139 5084 est
3155 5023 3710 5105 nenim_dice_re,'Ne

2067 5094 2178 5163 des.
2202 5123 2265 5161 os
2297 5094 2464 5161 tuum
2496 5094 2565 5160 ad
2587 5103 2890 5176 promissa
2910 5104 3127 5154 temere
3149 5094 3716 5176 facienda_,ut_quod

2069 5195 2184 5233 non
2218 5181 2380 5248 potes
2412 5165 2739 5249 promittas,
2790 5176 2964 5249 atque
3015 5185 3215 5241 pecces
3266 5184 3380 5224 non
3411 5165 3714 5249 implendo

2069 5265 2196 5320 quae
2218 5238 2572 5319 promisisti.
2610 5238 2902 5320 Legamus
2923 5238 3122 5312 itaque
3146 5256 3285 5320 _cum
3313 5255 3456 5295 mss.
3493 5238 3713 5320 Eodici:

2069 5309 2201 5384 bus,
2230 5309 2291 5372 'ut
2322 5335 2430 5373 non
2462 5335 2644 5386 pecces
2671 5309 2857 5386 {quia
2890 5311 2997 5367 hoc
3026 5309 3202 5366 modo
3232 5326 3444 5367 sensus
3493 5309 3715 5364 Hebraei

2072 5390 2335 5461 liquidus
2363 5394 2622 5459 apparet.
2657 5391 2936 5461 Mxn'rtAN.

2146 5448 2211 5500 ἓ-
2270 5448 2560 5514 llactciiiis
2602 5456 2892 5513 contrario
2943 5453 3314 5523 absurdoque
3361 5467 3546 5523 sensu
3581 5448 3712 5523 abs-

2075 5547 2187 5622 que
2220 5532 2467 5602 negandi
2518 5528 2818 5622 particula1
2848 5524 3121 5622 obtingit,
3172 5520 3237 5577 ut
3275 5537 3492 5622 pecqrjlf'e

2073 5593 2326 5657 Constat
2371 5593 2600 5656 vero-in
2661 5600 2770 5654 hoc
2798 5601 2959 5653 textu
3017 5593 3321 5650 Hebraeum
3381 5593 3714 5656 Hieronymi

2076 5677 2487 5746 praeceptorem
2519 5690 2658 5743 non,
2671 5671 2862 5744 ipsam
2875 5666 3244 5742 particulam,
3257 5665 3546 5736 diligenter
3555 5669 3718 5712 even-
