4084 6170
334 351 493 418 MO?

1568 359 1634 422 S.
1680 349 1995 423 EUSEBII
2037 353 2504 421 HIERONYMI.

3576 320 3758 412 tibi"

334 489 514 548 Nobis
543 506 674 547 vero
702 488 847 548 alter
866 506 1077 549 sensus
1094 490 1342 560 videtur,
1366 493 1520 565 quod
1548 497 1868 565 arguantur
1891 492 1973 558 hi,
2006 493 2064 558 Α
2094 493 2323 563 negotio
2352 509 2364 545 :
2399 492 2540 564 quia
2564 490 2829 548 excelsus
2855 506 3033 564 super
3056 484 3350 547 excelsum
3381 484 3632 555 cusodit,
3674 476 3772 543 et"

335 580 435 653 qui
464 580 535 636 de
555 579 691 637 vitio
722 581 916 637 carnis
949 582 1312 653 queruntur‘
1344 586 1402 638 et
1434 582 1617 650 aiunt,
1668 598 1731 637 se
1772 598 1979 654 corpo-

336 670 421 726 ris
451 669 797 726 necessitate
842 670 1178 741 compulsos
1230 686 1299 725 ea
1346 672 1553 736 facere,
1604 686 1732 741 quae
1770 669 1980 736 nolint,

342 759 669 815 secundum
699 758 844 814 illud
873 758 1136 831 Apostoli
1167 761 1338 827 (Rom.
1372 776 1473 826 v11,
1509 759 1595 830 15)
1623 777 1635 814 :
1668 761 1785 814 Non
1813 761 1980 827 enim,

337 848 479 921 quod
506 849 645 916 volo,
677 848 774 905 hoc
820 864 945 918 ago,
975 848 1067 903 sed
1112 848 1255 922 quod
1296 849 1443 917 nolo,
1493 853 1551 904 et
1594 851 1818 904 caetera.
1852 847 1981 903 Noli

336 937 558 1009 itaque,
586 937 687 1003 ait,
739 953 920 992 vanas
967 938 1372 993 excusationes
1421 953 1699 1009 quaerere,
1748 941 1806 991 et
1844 936 1983 991 dare

340 1026 705 1083 occasionem
732 1024 892 1080 carni
924 1028 1037 1081 tua:
1089 1026 1160 1080 ad
1221 1026 1601 1097 peccandum,
1661 1029 1719 1080 et
1749 1024 1978 1079 dicere:

340 1115 469 1171 Non
500 1130 605 1187 ego
635 1130 827 1186 pecco,
881 1114 982 1169 sed
1043 1115 1197 1185 quod
1256 1114 1482 1170 habitat
1536 1114 1596 1169 in
1653 1128 1826 1169 carne
1853 1129 1985 1169 mea

340 1208 665 1277 peccatum.
701 1203 959 1275 Denique
988 1202 1049 1258 in
1081 1219 1146 1259 eo
1176 1203 1302 1259 loco
1353 1204 1452 1259 ubi
1501 1203 1621 1259 ait:
1669 1205 1744 1259 Ne
1772 1202 1984 1258 dixeris

335 1309 520 1350 coram
543 1293 758 1363 angelo,
821 1293 953 1363 quia
1010 1294 1327 1363 ignorantia
1381 1302 1481 1359 est,
1537 1291 1749 1364 Aquila
1800 1291 1983 1346 inter~

336 1385 576 1453 pretans
595 1380 838 1437 verbum
855 1380 1207 1436 Hebraicum
1229 1397 1464 1450 secch,
1484 1396 1589 1452 pro
1604 1380 1922 1449 ignorantia
1938 1381 1978 1449 9,

338 1468 590 1524 ἀκούσιον
641 1468 962 1539 transtulit,
1017 1468 1075 1523 id
1119 1474 1227 1536 est,
1300 1485 1411 1525 non
1476 1472 1856 1539 spontaneum.
1921 1466 1981 1521 Si

338 1559 517 1629 enim,
550 1558 763 1629 inquit,
812 1557 922 1613 hoc
964 1557 1200 1626 dixeris,
1251 1557 1436 1613 Deum
1486 1572 1765 1629 provocas
1815 1555 1982 1627 quasi

338 1651 636 1705 auctorem
666 1645 805 1701 mali
832 1650 1008 1717 atque
1039 1646 1280 1716 peccati,
1316 1648 1381 1701 ut
1409 1645 1615 1711 iratus,
1648 1644 1699 1700 si
1732 1643 1872 1716 quid
1904 1642 1984 1698 vi-

338 1735 494 1791 deris
523 1735 661 1790 boni
710 1734 946 1809 habere,
998 1734 1225 1789 auferat
1269 1734 1340 1789 de
1391 1734 1665 1790 manibus
1706 1733 1843 1788 tuis.
1876 1730 1981 1787 Vel

2093 580 2373 637 excelsior
2401 586 2490 637 est
2520 597 2696 654 super
2724 580 2857 637 illos
2888 584 2943 636 et
2973 578 3229 652 amplius
3262 582 3424 634 terras
3453 577 3513 632 in
3544 575 3735 633 omni-

2091 669 2203 724 bus
2234 674 2325 725 est
2353 685 2453 725 rex
2480 669 2541 725 in
2574 686 2713 741 agro
2744 669 2921 725 culto.
2949 691 2975 717 ››
2999 667 3209 724 Christi
3238 667 3438 723 tunica
3467 669 3737 722 contexta

2092 759 2345 830 desuper
2388 760 2689 830 (Joan.x1x
2737 777 2750 827 ;
2812 760 2922 813 Luc
2977 761 3100 827 vn),
3160 773 3266 813 nec
3295 774 3330 811 a
3384 755 3737 828 cruciﬁgen-

2090 846 2253 903 tibus
2284 847 2470 903 scindi
2504 847 2727 919 potuit:
2761 851 2818 903 et
2846 863 2981 903 eum
3015 863 3049 903 a
3076 862 3191 917 quo
3220 844 3485 901 Salvator
3520 845 3745 901 daemo-

2092 935 2189 991 nia
2238 936 2509 1006 ejecerat,
2570 935 2968 1009 apostolorum
3039 935 3313 991 indutum
3365 933 3741 989 vestimentis

2092 1024 2256 1079 abire
2284 1024 2576 1096 praecepit.
2611 1026 2814 1096 Itaque
2844 1028 2902 1079 et
2934 1041 3042 1079 nos
3069 1023 3330 1079 nitamur
3371 1022 3737 1078 Ecclesiaste

2095 1112 2280 1168 nostri
2308 1113 2657 1169 vestimenta
2687 1130 2804 1169 non
2836 1113 3118 1182 scindere,
3151 1128 3256 1167 nec
3301 1128 3405 1184 pro
3435 1110 3738 1167 voluntate

2092 1206 2293 1257 nostra
2320 1201 2722 1272 opinationum
2743 1218 2970 1274 pannos
2990 1201 3127 1258 hinc
3152 1201 3287 1256 inde
3302 1215 3605 1268 censuere,
3631 1200 3737 1255 sed

2094 1306 2278 1345 unum
2311 1290 2726 1362 disputationis
2776 1307 3008 1346 servare
3063 1293 3310 1357 textum,
3370 1294 3428 1345 et
3456 1290 3734 1345 eumdem

2091 1395 2333 1436 sensum
2382 1382 2439 1434 et
2484 1378 2749 1435 ordinem
2797 1379 2985 1450 sequi.
3038 1379 3229 1450 Supra
3275 1378 3539 1434 dixerat:
3572 1400 3600 1427 ‹‹
3655 1378 3740 1434 Ne

2092 1467 2304 1523 dixeris
2333 1466 2393 1522 in
2442 1471 2761 1539 conspectu
2817 1466 3033 1540 angeli,
3091 1467 3371 1539 quoniam
3401 1467 3742 1539 ignorantia

2092 1558 2200 1622 est,
2233 1571 2304 1611 ne
2333 1555 2620 1611 irascatur
2651 1556 2801 1611 Deus
2832 1571 3010 1628 super
3036 1571 3235 1612 vocem
3266 1559 3452 1625 tuam,
3486 1576 3513 1604 ››
3559 1558 3617 1611 et
3647 1569 3740 1611 re-

2090 1642 2287 1715 liqua:
2317 1647 2375 1698 et
2402 1644 2681 1700 adversus
2713 1660 2812 1699 eos
2843 1643 3300 1712 fueratlocutus,
3325 1644 3425 1715 qui
3457 1648 3743 1716 negarent

2093 1731 2456 1803 providentia
2485 1748 2578 1788 res
2609 1732 2904 1789 humanas
2933 1732 3077 1805 regi.
3110 1733 3261 1799 Quia
3304 1732 3486 1805 igitur
3532 1732 3742 1788 adver-

340 1826 495 1879 certe
522 1820 663 1878 talia
686 1821 1054 1889 sentientem,
1076 1822 1271 1877 tradat
1292 1822 1349 1876 in
1372 1823 1689 1894 reprobum
1715 1835 1980 1890 sensum,
2014 1854 2063 1918 B
2093 1821 2237 1918 sus‘f
2267 1820 2377 1876 hoc
2403 1825 2756 1918 praeceptum
2788 1821 3201 1878 suboriebatur
3249 1821 3512 1893 quaestio,
3556 1838 3741 1893 quare

340 1914 408 1968 ut
438 1910 618 1967 facias
647 1926 715 1966 ea
740 1926 867 1981 quae
901 1926 1017 1965 non
1039 1909 1409 1966 conveniunt.

415 2020 444 2049 «
474 1998 621 2063 Quia
649 1998 709 2053 in
743 1996 1123 2053 multitudine
1153 1998 1520 2054 somniorum
1571 2003 1629 2055 et
1670 2000 1977 2073 vanitates,

338 2090 397 2144 et
422 2087 599 2144 verba
627 2085 900 2159 plurima.
926 2086 1036 2141 Sed
1070 2086 1252 2142 Deum
1276 2086 1436 2143 time.
1468 2110 1497 2137 »
1516 2088 1585 2142 Et
1614 2088 1771 2144 hunc
1791 2089 1985 2146 locum

340 2177 425 2233 ita
476 2175 698 2232 Hebraei
744 2174 1095 2231 edisserunt.
1149 2175 1265 2231 Nec
1313 2175 1617 2248 superiora
1662 2177 1862 2248 facias,
1916 2179 1987 2235 de

339 2264 556 2338 quibus
578 2264 705 2336 jam
732 2263 954 2319 dictum
985 2266 1093 2330 est,
1144 2279 1216 2319 ne
1266 2263 1433 2320 facile
1482 2265 1729 2321 somniis
1759 2267 1983 2323 credas.

340 2356 486 2413 Cum
514 2352 672 2409 enim
703 2352 933 2408 diversa
959 2351 1174 2408 videris
1205 2369 1308 2424 per
1337 2357 1684 2409 nocturnam
1703 2355 1987 2427 quietem,

344 2450 400 2499 et
445 2441 623 2498 variis
671 2440 870 2496 anima
911 2440 1085 2497 fuerit
1132 2440 1420 2513 exagitata
1480 2443 1822 2512 terroribus,
1868 2445 1988 2501 sive

342 2530 583 2586 incitata
648 2528 976 2601 promissis,
1036 2533 1098 2584 tu
1127 2546 1196 2585 ea
1225 2533 1549 2597 contemne,
1595 2548 1721 2603 quze
1774 2532 1988 2588 somnii

345 2623 503 2677 sunt.
538 2619 606 2673 Et
632 2617 826 2674 solum
855 2617 1039 2673 Deum
1066 2618 1228 2674 time.
1278 2619 1432 2675 429
1481 2620 1589 2685 Qui
1636 2620 1791 2676 enim
1835 2638 1990 2677 som-

341 2707 457 2764 niis
487 2706 817 2774 crediderit,
850 2705 1207 2762 vanitatibus
1252 2723 1314 2762 se
1370 2711 1429 2763 et
1485 2708 1720 2779 ineptiis
1775 2710 1985 2765 tradet.

342 2796 555 2853 Aliter:
605 2795 752 2860 Quia
799 2794 918 2850 dixi
967 2797 1142 2866 atque
1193 2795 1476 2868 praecepi:
1511 2817 1540 2846 ‹‹
1593 2801 1719 2853 Non
1768 2799 1870 2855 des
1924 2815 1988 2854 os

343 2888 536 2953 tuum,
569 2887 635 2939 ut
663 2898 901 2955 peccare
929 2882 1108 2939 facias
1139 2898 1373 2939 carnem
1403 2888 1589 2952 tuam,
1623 2907 1653 2934 »
1680 2890 1738 2941 et
1761 2902 1988 2957 quaeras

344 2974 539 3032 varias
576 2971 1013 3028 excusationes:
1047 2970 1157 3027 hoc
1187 2988 1345 3026 nunc
1373 2970 1579 3039 infero,
1621 2974 1897 3044 quoniam
1929 2974 1988 3028 in

349 3078 556 3121 somno
586 3060 716 3116 vitae
747 3059 939 3129 istius,
990 3062 1048 3114 et
1088 3058 1146 3113 in
1196 3058 1454 3132 imagine
1500 3060 1721 3116 umbrae
1752 3061 1924 3117 nubis
1945 3061 1988 3129 ³,

349 3167 471 3222 qua
496 3147 767 3213 vivimus,
801 3146 989 3201 multa
1034 3163 1351 3217 possumus
1394 3147 1674 3216 invenire,
1726 3165 1853 3219 quas
1885 3166 1987 3205 no-

348 3216 442 3293 bis
470 3234 816 3291 verisimilia
832 3216 1161 3301 videantur,
1193 3238 1250 3288 et
1298 3239 1500 3291 nostra
1545 3216 1824 3293 excusare
1855 3254 1986 3309 pec-
2018 3216 2061 3284 (ἶ

348 3327 499 3381 cata.
534 3322 843 3393 Propterea
866 3321 1173 3390 admoneo,
1205 3326 1270 3376 ut
1311 3322 1370 3377 id
1419 3322 1610 3379 solum
1660 3341 1884 3395 caveas,
1919 3343 1992 3383 ne

348 3415 519 3486 putes
550 3410 852 3465 absentem
883 3408 1069 3464 Deum
1118 3410 1219 3465 sed
1269 3426 1405 3466 eum
1454 3412 1684 3480 timeas,
1736 3418 1793 3469 et
1840 3415 1994 3471 scias

354 3498 580 3558 cunctis
627 3496 899 3570 operibus
945 3496 1064 3553 tuis
1114 3498 1318 3554 adesse
1378 3504 1760 3572 praesentem:
1821 3506 1995 3576 teque

351 3587 520 3645 liberi
552 3585 777 3643 arbitrii
808 3584 1106 3645 conditum
1138 3603 1253 3643 non
1307 3588 1455 3659 cogi,
1500 3590 1600 3645 sed
1648 3590 1791 3648 velle
1839 3593 1993 3664 quod

352 3675 553 3737 facias.

430 3785 455 3815 ι
487 3764 548 3822 Si
588 3762 946 3821 calumniam
977 3764 1274 3836 pauperis,
1306 3770 1363 3821 et
1409 3766 1676 3839 rapinam
1716 3768 1990 3840 judicii‘,

352 3858 411 3912 et
435 3851 756 3926 injustitias
784 3850 1001 3907 videris
1040 3852 1100 3906 in
1150 3851 1404 3926 regione,
1455 3871 1527 3911 ne
1557 3855 1787 3914 mireris
1816 3874 1993 3931 super

349 3999 553 4065 tilasse,
585 3996 829 4052 minime
855 4012 1009 4071 vero,
1043 4000 1106 4071 ut
1134 3996 1351 4069 vulgati
1401 3999 1801 4071 praferebant,
1843 4000 1986 4057 illud

352 4085 602 4142 comma,
635 4075 699 4123 ut
725 4083 957 4142 peccare
973 4069 1166 4137 facias,
1194 4075 1331 4142 etc.,
1364 4069 1479 4142 non
1501 4070 1809 4142 diligenter
1823 4088 1988 4128 even-

346 4141 571 4213 tilasse,
601 4143 666 4193 ut
695 4136 833 4209 quid
866 4136 1023 4213 enim
1056 4141 1210 4213 quod
1241 4136 1359 4213 non
1388 4136 1699 4213 diligenter
1718 4147 1982 4199 notatum

349 4213 420 4268 ab
452 4210 645 4337 aliguo
674 4213 785 4292 est,
816 4209 949 4279 quis
997 4209 1253 4293 proferat
1296 4212 1366 4266 ad
1417 4209 1984 4296 eruditionem._Nos

349 4300 492 4337 mss.
569 4280 773 4337 alatim
802 4280 940 4337 duo.
980 4285 1036 4335 et
1079 4281 1265 4337 Vatic.
1314 4284 1686 4337 restituenda;
1719 4283 1984 4337 lectionis

347 4300 492 4339 mss.
525 4280 773 4337 Palatini
802 4280 940 4348 duo,
980 4285 1036 4335 et
1079 4281 1265 4338 Vatic.
1314 4283 1686 4339 restituendae
1719 4283 1984 4342 lectionis

348 4354 800 4412 admonuerunt.

418 4456 487 4466 —
516 4423 621 4497 Hic
639 4438 772 4497 vero
790 4422 1041 4497 negandi
1060 4422 1407 4497 particulam
1433 4440 1587 4497 unus
1608 4424 1794 4497 vatio.
1823 4426 1983 4497 igno-

346 4499 458 4563 rat,
492 4498 549 4551 et
575 4492 887 4566 Palatinus
907 4492 1379 4566 alter—expungit.
1426 4495 1634 4551 Confer
1664 4492 1981 4553 Martianazi

346 4565 804 4624 adnotationem.
1157 4565 1168 4566 “
1284 4565 1302 4566 ί
1760 4588 1767 4593 ο

418 4639 436 4672 ¹
467 4638 573 4706 Qui
599 4636 666 4691 de
693 4637 827 4691 vitio
872 4638 1057 4691 carnis
1099 4644 1421 4706 queruntur.
1474 4634 1843 4693 Colbertinus
1894 4654 1986 4693 co-

344 4711 473 4780 dex,
507 4709 611 4777 Qui
638 4709 807 4763 Deum
834 4708 1017 4761 carnis
1045 4711 1367 4780 queruntur.
1432 4706 1829 4765 Corbeienses.
1881 4710 1991 4777 Qui

345 4780 411 4837 de
431 4781 490 4836 vi
515 4780 700 4834 carnis
728 4785 1035 4851 queruntur
1057 4780 1343 4833 MARTIAN.

414 4851 437 4885 ⁸
496 4849 752 4906 νενὺιιφη“
785 4849 1109 4908 Hebraicum
1157 4852 1388 4919 Segaga.
1446 4849 1615 4920 Apud
1672 4850 1983 4906 Erasmum

343 4925 682 4992 corruptum
716 4927 804 4978 est
834 4936 1076 4992 prorsus
1115 4924 1171 4975 et
1200 4919 1521 4992 mutatum:
1540 4919 1848 4976 Hebraeum
1882 4938 1983 4977 no-

342 5008 478 5066 men
489 4990 648 5066 τωρ
659 4990 877 5066 segaga,
894 5007 998 5066 pro
1018 4990 1389 5066 seggagaenim
1413 4990 1734 5066 legit‘ngm’
1754 5008 1982 5066 senana,

340 5061 556 5144 duplex
583 5064 730 5130 Nun,
763 5061 867 5144 pro
897 5061 1118 5144 duplici
1149 5061 1420 5144 lChimet;
1472 5061 1572 5144 sed
1623 5061 1780 5144 haud
1810 5062 1985 5119 dubie

339 5132 480 5257 Κᾶῑὶο
508 5132 1339 5209 ιγροεναρὶιίοοΕοὼείθηεθε
1370 5149 1513 5188 mss.
1547 5133 1751 5205 legunt
1769 5149 1980 5204 segoga.

401 5219 628 5257 mrum.

401 5219 608 5257 ARTIAN
616 5245 628 5258 .

407 5272 430 5306 ³
458 5273 621 5345 Eii":
637 5276 887 5345 imagine
913 5277 1131 5332 umbrae
1157 5277 1337 5330 nubis.
1374 5275 1587 5329 Eadem
1629 5274 1984 5345 exemplaria

337 5341 435 5418 hic
466 5341 622 5418 aliud
654 5341 951 5418 retinent,
1001 5352 1340 5418 sequentem
1393 5362 1602 5417 nempe
1632 5341 1977 5402 lectionem:

339 5413 609 5487 Quoniam
640 5416 701 5468 in
754 5432 943 5472 somno
973 5413 1100 5472 vita?
1152 5420 1330 5478 istius,
1388 5426 1442 5471 et
1492 5413 1755 5487 imagine,
1786 5418 1982 5472 umbra

336 5485 587 5551 nubeque
614 5486 850 5541 vivimus
865 5489 1071 5551 multa,
1106 5492 1217 5542 etc.
1257 5488 1543 5541 Manum.

408 5557 429 5590 ⁴
455 5556 522 5611 Et
546 5556 806 5627 rapinam
827 5558 1030 5627 judicii
1060 5557 1207 5611 Editi
1240 5562 1411 5612 antea
1460 5557 1618 5626 libri,
1675 5566 1727 5614 et
1756 5561 1983 5614 ruinam

327 5643 535 5720 judicii
546 5659 571 5720 _;
604 5644 704 5720 sed
718 5642 887 5720 falso,
906 5661 1041 5699 nam
1057 5643 1117 5720 in
1130 5644 1628 5720 Hebraeolegimus
1639 5659 1843 5709 12mm:
1863 5633 1980 5720 ὅττί

334 5713 560 5796 venenet
584 5713 943 5796 mispliatmt
990 5714 1247 5796 rapinam
1292 5713 1741 5796 Juaic—zLiLjuxta
1782 5719 1981 5796 omnia

334 5785 700 5860 exemplaria
738 5785 1073 5857 Hieronymi
1125 5798 1270 5839 mss.
1327 5789 1384 5839 et
1430 5785 1586 5839 LXX'
1606 5787 1977 5859 interpretes,

2088 1908 2235 1979 justi
2271 1908 2626 1965 calumniam
2658 1909 3036 1976 sustinerent,
3066 1913 3125 1965 et
3153 1926 3332 1981 quare
3361 1910 3565 1981 iniqua
3592 1910 3743 1966 ﬁant

2094 1996 2156 2052 in
2186 2001 2302 2053 toto
2332 1998 2471 2053 orbe
2492 1998 2741 2069 judicia,
2773 2002 2970 2054 etnon
3017 2002 3106 2054 est
3152 1997 3308 2053 ultor
3354 1999 3545 2065 Deus;
3579 2015 3739 2053 nunc

2096 2085 2267 2142 infert
2299 2090 2355 2141 et
2383 2085 2575 2153 solvit,
2625 2088 2781 2158 quod
2837 2086 3053 2159 opponi
3110 2090 3353 2158 poterat,
3408 2085 3649 2142 dicens:
3683 2087 3741 2142 Si

2092 2174 2310 2230 videris
2337 2173 2694 2230 calumniam
2725 2175 3021 2247 pauperis,
3054 2174 3155 2247 qui
3184 2174 3467 2231 beatusin
3489 2178 3747 2247 Evange-

2095 2263 2173 2318 lio
2220 2262 2586 2334 praedicatur,
2638 2266 2695 2318 et
2741 2280 2834 2319 res
2874 2262 2928 2318 vi
2976 2263 3099 2335 geri
3120 2264 3161 2333 ⁸,
3211 2278 3327 2319 non
3366 2262 3626 2335 justitia,
3670 2281 3743 2320 ne

2098 2350 2351 2419 mireris,
2384 2356 2441 2406 et
2468 2352 2575 2407 tibi
2608 2368 2825 2407 novum
2868 2350 3091 2423 aliquid
3136 2368 3264 2408 esse
3302 2352 3588 2409 videatur.
3632 2353 3745 2409 Ex-

2097 2441 2293 2497 celsus
2323 2439 2541 2512 quippe
2566 2456 2744 2512 super
2762 2439 3020 2496 excelsos
3042 2440 3163 2496 haec
3184 2440 3422 2513 respicit
3441 2441 3610 2510 Deus,
3637 2441 3744 2514 qui

2099 2528 2339 2602 angelos
2384 2545 2525 2586 suos
2566 2544 2745 2601 snper
2783 2529 3019 2600 judices
3066 2534 3125 2584 et
3166 2545 3332 2602 reges
3380 2533 3545 2585 terrae
3593 2547 3743 2603 prx-

2096 2617 2350 2690 posuit",
2384 2617 2484 2689 qui
2518 2621 2767 2689 possunt
2797 2617 3000 2689 utique
3027 2616 3334 2688 prohibere
3363 2617 3740 2689 injustitiam,

2096 2709 2154 2761 et
2182 2706 2371 2778 magis
2400 2705 2461 2759 in
2486 2711 2642 2761 terra
2687 2704 2900 2775 valere,
2950 2721 3131 2777 quam
3180 2705 3396 2777 quaevis
3424 2706 3739 2763 hominum

2099 2798 2434 2867 potestates.
2466 2794 2577 2849 Sed
2608 2794 2766 2850 480
2797 2793 3076 2865 quoniam
3115 2799 3307 2850 servat
3335 2794 3396 2850 in
3445 2795 3561 2851 ﬁne
3578 2796 3745 2867 judi-

2098 2883 2276 2951 cium,
2308 2889 2363 2937 et
2410 2882 2470 2937 in
2519 2880 3028 2938 consummatione
3073 2882 3279 2937 mundi
3326 2884 3561 2954 quando
3605 2901 3743 2940 cum

2099 2974 2328 3026 matura
2358 2987 2524 3043 seges
2556 2971 2748 3041 fuerit,
2780 2975 2838 3027 et
2884 2986 3175 3027 messores
3225 2970 3509 3039 venerint,
3534 2973 3743 3044 jussu-

2099 3076 2200 3115 rus
2231 3062 2321 3115 est
2350 3063 2414 3114 ut
2441 3062 2743 3130 separetur
2788 3057 3072 3125 triticum,
3122 3062 3179 3113 et
3226 3056 3432 3114 lolium
3473 3060 3744 3117 tradatur

2097 3147 2367 3203 incendio
2391 3164 2405 3202 :
2438 3147 2567 3203 ideo
2590 3164 2747 3203 nunc
2758 3151 3055 3220 exspectat
3065 3151 3123 3203 et
3141 3145 3335 3203 differt
3353 3149 3707 3206 sententiam
3721 3191 3735 3209 .

2099 3237 2362 3308 quandiu
2392 3252 2530 3308 ager
2578 3237 2784 3291 mundi
2831 3237 3005 3292 istius
3058 3236 3354 3292 excolatur
3371 3237 3414 3291 ⁸.
3441 3238 3606 3303 Quod
3638 3257 3743 3295 au-

2100 3328 2219 3381 tem
2278 3340 2413 3397 ager
2485 3324 2899 3396 interpretetur
2973 3325 3251 3395 mundus,
3327 3325 3615 3383 Dominus
3684 3328 3744 3382 in

2103 3412 2381 3485 parabole
2431 3413 2786 3469 zizaniorum
2846 3417 2903 3469 et
2956 3412 3131 3469 tritici
3204 3414 3475 3485 exposuit
3530 3415 3743 3487 (Matth.

2104 3503 2251 3573 xm).

2176 3612 2205 3640 «
2236 3589 2344 3654 Qui
2374 3588 2566 3661 diligit
2597 3592 2926 3662 argentum,
2960 3605 3076 3645 non
3105 3588 3446 3661 implebitur
3474 3598 3741 3665 argento,

2102 3682 2159 3734 et
2181 3678 2279 3749 qui
2319 3677 2511 3750 diligit
2540 3677 2793 3745 divitias,
2822 3694 2936 3733 non
2967 3678 3194 3734 fruetur
3228 3678 3334 3734 eis.
3389 3679 3501 3735 Sed
3547 3685 3605 3736 et
3634 3681 3743 3738 hoc

2100 3766 2347 3823 vanitas.
2372 3766 2436 3822 In
2485 3766 2863 3822 multitudine
2910 3766 3069 3823 enim
3090 3765 3378 3823 bonorum
3404 3767 3578 3825 multi
3604 3774 3744 3826 sunt

2101 3856 2201 3928 qui
2232 3854 2545 3911 comedunt
2591 3870 2659 3910 ea
2676 3856 2718 3922 θ,
2766 3858 2823 3911 et
2871 3871 3000 3926 quae
3046 3859 3136 3911 est
3182 3854 3462 3913 fortitudo
3493 3857 3735 3915 habenti

2098 3996 2199 4069 qui
2229 3996 2658 4071 transtulerunt
2711 3994 2799 4048 καὶ
2859 3996 3107 4071 ἁρπαγὴν
3165 3995 3452 4071 κρίματος,
3506 4006 3560 4053 et
3587 3998 3736 4055 dire.

2092 4067 2334 4141 ptionem
2353 4068 2562 4141 judicii
2587 4067 2872 4123 Maurum.

2165 4169 2233 4182 —
2265 4138 2452 4195 Vatic.
2485 4141 2548 4194 Et
2577 4141 2835 4211 rapinam
2854 4138 3075 4209 judicii,
3110 4144 3162 4196 et
3179 4140 3417 4211 justitiae
3444 4141 3649 4196 videris
3680 4144 3737 4196 in

2094 4213 2324 4282 regione
2347 4228 2368 4273 ,ο
2400 4215 2458 4266 et
2483 4209 2659 4282 paulo
2690 4213 2823 4281 post
2852 4226 2986 4266 cum
3018 4209 3300 4268 Palatinis
3339 4212 3594 4279 duobus,
3622 4214 3737 4267 Ex-

2091 4280 2266 4337 celsus
2292 4297 2463 4352 super
2486 4280 2761 4337 excelsum
2790 4282 3041 4350 custodit,
3094 4286 3149 4339 et
3203 4283 3525 4339 excelsiores
3577 4300 3741 4356 super

2096 4368 2208 4408 808.

2163 4454 2231 4463 ——
2281 4425 2424 4492 Quia
2467 4424 2710 4478 excelsus
2754 4438 2918 4493 super
2963 4425 3241 4480 excelsum
3295 4424 3546 4480 custodit.
3603 4425 3744 4482 Cor-

2096 4494 2364 4568 beienses
2419 4511 2563 4550 mss.
2598 4495 2741 4562 Quia
2796 4495 3044 4549 excelsus
3078 4564 3091 4568 _
3119 4511 3285 4568 super
3338 4497 3635 4565 excelsum,
3691 4500 3743 4551 et

2018 4578 2066 4642 D
2096 4564 2370 4642 excelsior
2395 4570 2489 4642 est
2501 4581 2666 4635 super
2693 4580 2803 4633 eos,
2834 4574 2893 4621 et
2935 4564 3199 4638 amplius'
3224 4574 3387 4624 terra?
3440 4572 3519 4623 est
3548 4564 3650 4624 rex
3686 4570 3745 4621 in

2095 4652 2228 4709 agro
2258 4636 2403 4692 culto
2434 4635 2722 4690 Manum.
3024 4635 3037 4638 ⁷

2167 4707 2188 4742 ⁵
2227 4707 2404 4762 Iidem
2436 4711 2556 4778 tres
2588 4723 2729 4763 mss.
2762 4722 2775 4761 :
2806 4708 2948 4775 Quia
2970 4707 3151 4778 igitur
3174 4707 3428 4763 adversus
3478 4708 3587 4778 (Al.
3636 4708 3743 4764 ad-

2096 4779 2247 4862 dunt
2301 4777 2411 4862 eos)
2470 4776 2567 4833 hoc
2612 4781 2952 4848 praeceptum
2995 4776 3402 4848 'suboriebatur,
3456 4776 3511 4834 et
3572 4796 3745 4852 quare

2080 4868 2107 4922 ’⁷
2122 4854 2713 5003 υῗῗῖἲξξῷθῐὲὀαωυε
2743 4935 2851 4991 ope
2878 4918 3059 5003 ίτίυξη
3084 4937 3236 5003 .mss'
3267 4921 3327 5003 Ψ
3371 4920 3593 5003 quibus
3623 4937 3740 5003 ΨΟ

2090 4991 2266 5074 verbo
2287 4996 2411 5075 est.
2430 4992 2626 5075 vigeri,
2676 5007 2778 5063 pro
2828 5006 2942 5072 quo
2992 4991 3237 5075 fecimus
3284 4991 3517 5048 duobus
3547 4994 3741 5075 verbis

2091 5064 2148 5117 vi
2175 5064 2315 5133 geri.
2368 5062 2844 5136 Hactenus’vero
2892 5062 3088 5117 inutili
3134 5063 3398 5136 falsoque
3440 5080 3625 5121 sensu
3654 5064 3741 5121 le-

2092 5132 2253 5190 ctum
2284 5137 2375 5189 est
2403 5148 2519 5188 uno
2546 5132 2719 5188 verbo
2748 5133 2950 5203 vigere.

2162 5215 2198 5286 τ,
2211 5216 2390 5284 Super
2409 5211 2622 5283 judices
2669 5214 2720 5286 et
2760 5227 2915 5286 reges
2960 5216 3128 5286 terra?
3168 5215 3484 5286 praeposuit.
3536 5215 3744 5270 Deerat

2093 5282 2152 5337 in
2185 5281 2459 5340 hadvoée
2490 5281 2809 5354 propositio
2841 5300 2968 5353 quae
2997 5281 3185 5339 alium
3229 5281 3469 5340 sensum
3520 5286 3737 5352 efficit;

2092 5355 2229 5425 quia
2269 5352 2551 5425 magnum
2580 5352 2886 5408 intercedit
2915 5354 3232 5410 discrimen
3280 5356 3433 5428 inter
3472 5356 3739 5428 angelos.

2089 5428 2269 5497 posuit
2326 5441 2505 5496 super
2562 5439 2748 5499 reges
2785 5428 2971 5491 terrae,
3029 5431 3088 5481 et
3144 5425 3382 5497 angelos
3436 5425 3747 5499 praposuil

2091 5494 2268 5568 super
2297 5494 2462 5567 reges
2491 5494 2981 5551 terrae.Man1'IAN.

2158 5576 2178 5609 ⁸
2227 5576 2369 5630 Tres
2419 5590 2588 5641 mss.,
2638 5573 2774 5645 Ager
2821 5577 3018 5631 mundi
3094 5578 3250 5633 istius
3304 5578 3523 5650 plenius
3576 5593 3743 5636 exco-

2091 5649 2367 5774 lagui‘l'nus
2402 5715 2613 5783 Vatic.,
2646 5716 2751 5784 Qui
2777 5716 3060 5776 comedunt
3087 5733 3158 5775 ex
3186 5720 3287 5777 eis.
