4084 6170
416 345 570 409 HM

1667 350 1734 414 8.
1776 350 2090 417 EUSEBII
2106 368 2117 377 '
2135 351 2581 419 HIERONYMI

3658 352 3823 429 ωε

414 496 555 548 suae,
589 481 660 537 de
698 496 977 553 perversa
1009 480 1276 540 videlicet
1322 484 1596 553 Ecclesia,
1624 486 1868 559 ejusque
1921 505 2056 543 con-
2089 493 2142 556 Α
2173 490 2322 559 ejus,
2355 495 2411 545 et
2438 490 2636 546 anima
2655 489 2783 563 ejus
2815 506 2927 557 non
2957 488 3253 565 repleatur
3277 482 3474 558 bonis,
3498 504 3602 548 nec
3622 492 3830 565 sepul-

412 570 593 626 traria
638 570 709 625 de
762 587 878 643 qua
909 571 925 607 ί
957 573 1241 644 scriptum
1287 579 1377 631 est
1407 593 1420 631 :
1456 577 1586 644 Quae
1611 579 1793 632 autem
1838 594 2057 633 sursum

411 663 490 714 est
559 660 880 729 Jerusalem,
938 664 1091 718 482
1149 666 1327 719 libera
1400 673 1499 733 est,
1557 680 1683 736 quae
1746 670 1825 721 est
1879 672 2059 723 mater

412 750 661 804 omnium
707 754 954 806 nostrum
982 752 1003 785 ²
1037 751 1218 821 (Galat
1266 771 1340 821 1v,
1379 754 1493 824 26),
1526 755 1611 809 sic
1660 756 1801 810 nudi
1847 756 2059 811 vadent

410 841 471 897 in
501 844 763 907 ventum,
794 846 851 896 et
897 840 954 895 in
1000 840 1250 897 nihilum
1281 841 1636 899 laborantes.
1671 845 1777 910 Qui
1832 846 2054 903 defece-

410 934 552 987 runt
580 933 907 985 scrutantes
954 930 1235 986 scrutinio
1274 932 1445 1001 (Psat.
1479 950 1612 998 Lxu,
1643 934 1719 1005 7),
1753 938 1809 989 et
1860 935 2055 989 ferun-

409 1023 510 1076 tur
556 1020 716 1075 omni
743 1023 912 1075 vento
960 1019 1255 1087 doctrinae,
1290 1036 1396 1076 nec
1442 1020 1659 1077 habent
1709 1022 1919 1091 lucem,
1953 1024 2053 1079 sed

411 1109 473 1166 in
511 1109 767 1165 tenebris
798 1126 906 1164 sua
950 1109 1264 1165 comedunt
1307 1115 1693 1167 sacramenta.
1726 1112 1966 1184 Semper
1995 1112 2053 1167 in

411 1198 774 1267 inﬁrmitate,
826 1214 1055 1269 semper
1100 1199 1159 1254 in
1209 1199 1511 1277 iracundia
1558 1204 1715 1266 sunt,
1766 1200 2055 1257 thesauri-

411 1291 610 1343 zantes
656 1287 770 1343 sibi
819 1288 967 1343 iram
999 1288 1059 1343 in
1112 1287 1204 1344 die
1246 1288 1365 1357 irae,
1399 1304 1505 1344 nec
1550 1288 1829 1346 habentes
1869 1291 2058 1362 propi-

408 1376 561 1433 tium
592 1377 798 1433 Deum.

480 1469 625 1521 Ecce
667 1465 821 1537 quod
850 1464 968 1520 vidi
1016 1480 1121 1536 ego
1150 1464 1391 1534 bonum,
1425 1467 1579 1537 quod
1612 1470 1701 1522 est
1743 1466 2054 1538 optimum,

411 1555 736 1621 comedere,
781 1558 838 1608 et
889 1554 1103 1620 bibere,
1135 1558 1193 1609 et
1240 1570 1471 1610 cernere
1510 1555 1943 1625 jucunditatem
1994 1554 2053 1609 in

411 1643 572 1700 omni
602 1642 800 1698 labore
845 1658 972 1709 suo,
1006 1658 1120 1712 quo
1167 1641 1450 1697 laboravit
1479 1643 1589 1697 sub
1637 1642 1778 1710 sole,
1813 1659 2056 1699 numero

412 1732 639 1787 dierum
671 1731 797 1786 vitae
846 1748 985 1799 sum,
1019 1747 1164 1802 quos
1196 1731 1355 1785 dedit
1402 1730 1452 1786 ei
1483 1731 1658 1798 Deus,
1689 1731 1809 1786 hac
1840 1732 2057 1803 quippe

2167 594 2330 632 crum
2361 578 2534 635 fuerit
2569 579 2673 649 illi,
2706 581 2823 636 dixi
2870 580 3082 638 melius
3111 581 3183 637 ab
3214 597 3279 638 eo
3310 596 3440 638 esse
3468 580 3824 648 abortivum,

2166 667 2228 721 In
2258 668 2509 723 vanitate
2539 669 2752 741 quippe
2781 670 2954 739 venit,
2988 675 3046 725 et
3075 671 3134 725 in
3166 670 3421 727 tenebris
3448 686 3663 727 nomen
3690 671 3825 742 ejus

2165 754 2577 811 abscondetur.
2612 758 2682 812 Et
2711 757 2947 829 quidem
2978 758 3161 815 solem
3205 776 3323 815 non
3353 759 3521 825 vidit,
3553 775 3661 815 nec
3688 776 3825 832 cog-

2166 844 2341 911 novit,
2371 845 2604 915 requies
2653 845 2791 902 huic
2840 846 3027 920 magis
3058 864 3237 919 quam
3285 845 3389 902 illi.
3423 847 3495 902 Et
3521 846 3572 903 si
3617 848 3827 904 vixerit

2166 930 2324 987 mille
2354 949 2538 988 annos
2569 934 2855 1006 duplices,
2878 940 2935 990 et
2961 935 3281 991 bonitatem
3306 951 3419 991 non
3438 935 3604 1003 vidit,
3627 942 3823 993 nonne

2165 1020 2236 1075 ad
2270 1019 2464 1076 locum
2496 1039 2677 1078 unum
2702 1023 2899 1079 omnia
2930 1023 3288 1096 properant?
3321 1047 3342 1076 ι
3371 1024 3666 1080 Describit
3687 1041 3827 1081 avn-

2164 1125 2296 1183 rum
2328 1108 2588 1178 divitem,
2619 1115 2677 1167 et
2703 1112 2812 1167 hoc
2844 1112 3069 1169 malum
3098 1114 3374 1184 frequens
3395 1130 3522 1169 esse
3553 1113 3614 1167 in
3638 1113 3830 1170 homi-

2165 1197 2340 1253 nibus
2391 1199 2616 1268 asserit,
2652 1202 2807 1272 quod
2855 1200 3001 1256 nihil
3049 1218 3275 1267 eorum,
3309 1218 3435 1273 quae
3480 1202 3541 1256 in
3596 1203 3827 1259 mundo

2164 1290 2448 1357 putantur
2476 1288 2649 1358 bona,
2682 1289 2733 1345 ei
2766 1289 2937 1359 desit,
2966 1293 3025 1346 et
3054 1289 3441 1346 nihilominus
3463 1289 3829 1347 stultissima

2166 1375 2449 1446 parcitate
2497 1394 2559 1433 se
2607 1378 2846 1444 cruciet,
2879 1378 3010 1434 aliis
3058 1379 3390 1435 devoranda
3437 1396 3824 1437 conservans.

2164 1463 2398 1518 Necnon
2429 1469 2486 1520 et
2514 1464 2657 1521 illud
2691 1466 3059 1539 hyperbolice
3108 1468 3334 1538 adjicit.
3367 1468 3522 1540 quod
3561 1467 3745 1525 etiam
3778 1468 3831 1525 si

2165 1556 2400 1622 centum
2430 1552 2646 1609 liberos
2682 1555 3027 1627 procreavit,
3061 1559 3118 1611 et
3147 1572 3262 1612 non
3295 1561 3360 1611 ut
3399 1557 3609 1627 Adam,
3640 1573 3834 1629 prope

2165 1637 2346 1709 mille,
2379 1641 2479 1695 sed
2522 1642 2752 1697 duobus
2783 1642 3047 1700 millibus
3077 1643 3281 1699 vixerit
3309 1645 3502 1712 annis,
3535 1648 3595 1700 et
3620 1646 3832 1700 anima

2164 1728 2292 1797 ejus
2331 1728 2649 1801 cupiditate
2680 1736 2737 1786 et
2768 1731 3015 1788 avaritia
3042 1733 3416 1789 contabescat
3446 1750 3460 1789 :
3494 1733 3687 1790 multo
3724 1734 3825 1793 de.

409 1823 499 1875 est
528 1835 664 1891 pars
694 1819 844 1889 ejus.
874 1819 981 1874 Sed
1011 1823 1071 1874 et
1116 1818 1308 1874 omnis
1337 1819 1533 1889 homo,
1566 1819 1660 1874 cui
1692 1820 1852 1876 dedit
1900 1821 2054 1875 Deus
2083 1862 2132 1926 B
2167 1815 2397 1873 terioris
2430 1819 2784 1876 conditionis
2814 1821 2891 1876 sit
2920 1821 3203 1890 abortivo,
3235 1822 3335 1893 qui
3384 1822 3585 1878 statim
3619 1826 3693 1881 ut
3718 1840 3829 1879 na-

407 1907 642 1965 divitias
688 1912 746 1963 et
786 1907 1199 1974 substantiam,
1229 1908 1631 1979 concessitque
1661 1909 1734 1976 ei,
1771 1913 1834 1964 ut
1862 1925 2053 1965 vesce-

407 2000 567 2053 retur
596 2014 665 2052 ex
693 1996 800 2064 eis,
828 2001 887 2051 et
916 1995 1145 2051 tolleret
1174 1999 1397 2067 partem
1451 2014 1642 2064 suam,
1676 2002 1734 2052 et
1762 1996 2053 2053 laetaretur

408 2089 481 2143 de
509 2087 705 2142 labore
735 2102 861 2153 suo,
896 2085 1005 2140 hoc
1035 2084 1128 2139 Dei
1163 2085 1382 2139 donum
1413 2088 1520 2140 est.
1553 2086 1679 2140 Non
1709 2085 1865 2140 enim
1899 2085 2049 2140 mul-

405 2179 532 2232 tum
562 2175 967 2231 recordabitur
995 2173 1223 2228 dierum
1273 2173 1399 2229 vitae
1432 2191 1573 2239 suae,
1606 2175 1744 2246 quia
1777 2170 2052 2230 Deus-oc-

405 2268 582 2337 cupat
608 2263 669 2319 in
700 2262 899 2318 laetitia
919 2278 1016 2318 cor
1034 2263 1182 2333 ejus.
1207 2283 1234 2315 ο
1270 2263 1357 2317 Ad
1380 2263 1872 2335 comparationem
1899 2264 2048 2334 ejus,

406 2354 507 2426 qui
537 2353 749 2425 opibus
796 2351 922 2408 suis
952 2350 1014 2407 in
1063 2368 1335 2407 curarum
1388 2352 1644 2408 tenebris
1689 2352 1962 2418 vescitur,
1994 2356 2050 2408 et

404 2459 539 2499 cum
567 2441 776 2515 grandi
817 2441 947 2496 vitae
976 2440 1147 2495 taedio
1178 2439 1434 2512 peritura
1463 2444 1805 2511 comportat,
1840 2440 2046 2497 melio-

403 2546 527 2588 rem
574 2530 717 2585 dicit
743 2546 872 2585 esse
919 2546 1075 2593 eum,
1105 2529 1206 2600 qui
1254 2529 1644 2601 praesentibus
1678 2527 1908 2585 fruitur.
1944 2530 2047 2586 Hic

401 2619 557 2675 enim
588 2618 678 2674 vel
730 2634 906 2689 parva
932 2616 1203 2689 voluptas
1246 2621 1336 2673 est
1366 2617 1423 2671 in
1460 2617 1705 2672 fruendo
1740 2633 1752 2672 :
1786 2617 1867 2672 ibi
1916 2635 2047 2674 vero

400 2707 866 2765 sollicitudinum
897 2707 1305 2762 tantummodo
1356 2707 1724 2778 magnitudo.
1760 2709 1828 2762 Et
1857 2708 2048 2763 reddit

399 2813 631 2865 causas,
663 2813 844 2868 quare
882 2794 983 2851 Dei
1029 2795 1247 2850 donum
1279 2796 1355 2850 sit
1404 2796 1517 2849 frui
1552 2796 1573 2829 ²
1603 2812 1773 2867 posse
1804 2795 2041 2851 divitiis.

397 2886 705 2953 Quoniam,
765 2887 881 2941 Non
936 2884 1175 2939 multum
1221 2883 1595 2940 recordabitur
1649 2884 1865 2940 dierum
1920 2887 2045 2940 vitae

395 2990 532 3033 suae.
585 2976 799 3031 Avocat
844 2974 1060 3045 quippe
1105 2989 1241 3028 eum
1289 2972 1441 3028 Deus
1489 2972 1545 3026 in
1601 2972 1801 3028 laetitia
1851 2973 2042 3028 cordis

396 3065 490 3121 sui
538 3082 551 3120 :
605 3081 721 3120 non
745 3061 856 3119 erit
885 3062 943 3117 in
976 3061 1236 3128 tristitia,
1271 3078 1385 3117 non
1417 3062 1764 3133 cogitatione
1812 3062 2042 3118 vexabi-

396 3156 513 3219 tur,
562 3153 849 3207 abductus
896 3150 1095 3205 laetitia
1144 3153 1201 3204 et
1247 3149 1541 3221 voluptate
1591 3150 1882 3220 praesenti.
1929 3151 2038 3206 Sed

2162 1906 2256 1959 tus
2294 1904 2544 1973 videtur,
2575 1906 2817 1964 interiit.
2851 1908 2957 1965 Ille
3002 1910 3139 1966 enin
3172 1926 3276 1966 nec
3324 1909 3482 1965 mala
3509 1910 3680 1981 vidit,
3715 1926 3827 1966 nec

2158 1994 2313 2048 bona
2362 2011 2374 2049 :
2425 1995 2535 2051 iste
2581 2014 2736 2065 vero,
2796 2014 2931 2057 cum
2991 1999 3145 2055 bona
3200 1999 3527 2071 possederit
3584 2015 3827 2071 semper

2157 2081 2412 2138 tristitiis
2460 2089 2519 2139 et
2564 2085 2913 2158 cogitatione
2962 2088 3258 2144 cruciatus
3305 2092 3396 2144 est
3443 2104 3456 2141 :
3507 2088 3823 2160 magisque

2160 2171 2421 2242 requiem
2470 2173 2683 2230 habeat
2734 2175 3055 2247 abortivus,
3090 2192 3270 2248 quam
3300 2193 3508 2233 avarus
3560 2175 3661 2232 ille
3694 2176 3822 2233 lon-

2158 2275 2352 2330 gaevus
2386 2277 2399 2315 :
2433 2266 2491 2316 et
2541 2266 2736 2318 tamen
2787 2264 2960 2320 ambo
3007 2264 3216 2336 aequali
3269 2266 3386 2321 ﬁne
3436 2264 3819 2336 rapiantur‘,

2159 2348 2299 2402 dum
2333 2353 2389 2403 et
2428 2349 2521 2404 hic
2553 2355 2610 2405 et
2653 2351 2750 2406 ille
2781 2357 2968 2408 morte
2998 2352 3179 2409 simili
3228 2353 3680 2410 subtrahuntur.
3723 2354 3821 2411 Po-

2155 2440 2271 2491 test
2300 2436 2410 2492 hoc
2440 2442 2497 2493 et
2526 2439 2597 2494 de
2630 2439 2805 2496 Israel
2838 2440 3042 2513 accipi,
3077 2443 3235 2513 quod
3274 2442 3501 2498 dederit
3544 2442 3632 2497 illi
3662 2443 3821 2499 Deus

2154 2523 2387 2596 Legem,
2416 2530 2473 2582 et
2524 2528 2864 2600 Prophetas,
2896 2529 3358 2596 Testamentum,
3389 2536 3447 2586 et
3493 2533 3818 2602 repromis-

2155 2612 2403 2683 sionem,
2436 2615 2731 2673 Salvatore
2782 2618 3007 2674 dicente
3041 2636 3053 2675 :
3089 2620 3232 2688 Quia
3272 2623 3555 2690 auferetur
3582 2638 3617 2677 α
3659 2621 3816 2677 vobu

2152 2717 2385 2773 regnum
2426 2706 2546 2771 Dei,
2576 2713 2627 2760 et
2674 2706 2901 2761 dabitur
2925 2709 3078 2775 genti
3120 2710 3350 2778 facienti
3378 2712 3595 2779 fructus
3640 2711 3764 2780 ejus
3793 2713 3816 2746 ‘

2152 2792 2375 2862 (Matth.
2412 2810 2527 2861 χχι,
2560 2795 2669 2866 43).
2699 2795 2827 2850 Haec
2879 2796 3077 2852 omnia
3122 2797 3195 2852 ad
3249 2795 3507 2853 alienum
3537 2802 3597 2853 et
3637 2814 3811 2870 pere-

2151 2880 2387 2951 grinum
2418 2883 2490 2937 de
2517 2883 2793 2954 gentibus
2823 2883 3107 2940 translata
3134 2885 3254 2940 sint
3290 2885 3599 2958 populum,
3630 2892 3691 2942 et
3726 2887 3808 2943 vi-

2151 2967 2327 3024 deant
2375 2969 2459 3024 illi
2512 2972 2664 3027 bona
2712 2988 2841 3040 sua,
2891 2978 2949 3028 et
2994 2990 3110 3029 non
3160 2974 3453 3030 fruantur.
3503 2975 3810 3048 Multoque

2151 3072 2256 3110 nos
2304 3058 2657 3115 conditionis
2707 3076 2835 3116 esse
2884 3060 3168 3130 melioris,
3201 3062 3302 3135 qui
3332 3063 3504 3135 quasi
3557 3065 3806 3121 abortivi

2149 3148 2208 3198 et
2235 3145 2444 3201 novelli
2474 3148 2835 3218 putabamur
2855 3151 2925 3206 ab
2957 3150 3063 3215 eis,
3088 3151 3190 3223 qui
3220 3151 3334 3207 sibi
3364 3153 3424 3207 in
3455 3153 3808 3224 antiquitate

398 3239 611 3294 melius
641 3242 730 3294 est
749 3239 918 3308 juxta
963 3238 1307 3308 Apostolum
1338 3238 1385 3308 (I
1414 3236 1535 3292 Cor.
1567 3254 1625 3302 x,
1656 3238 1734 3308 3),
1766 3237 2039 3309 spiritua-
2071 3224 2114 3292 C
2152 3232 2589 3305 applaudebant
2617 3238 2689 3294 de
2736 3238 3002 3309 patribus
3032 3239 3350 3312 gloriantes
3399 3246 3577 3313 atque
3605 3241 3803 3301 dicen-

396 3326 513 3382 lem
533 3343 726 3382 escam
748 3330 806 3381 et
834 3324 1198 3397 spiritualem
1232 3329 1433 3397 potum
1464 3343 1499 3379 a
1527 3326 1643 3381 Deo
1693 3327 1897 3382 datum
1950 3326 2037 3381 in-

395 3413 604 3486 telligi,
634 3418 690 3470 et
735 3414 930 3470 videre
983 3414 1301 3470 bonitatem
1332 3413 1394 3469 in
1452 3413 1613 3469 omni
1662 3413 1856 3470 labore
1908 3431 2036 3486 suo,

395 3502 536 3576 quia
563 3502 785 3576 ingenti
829 3502 1027 3559 labore
1055 3507 1112 3559 et
1141 3503 1335 3558 studio
1374 3518 1510 3558 vera
1556 3519 1869 3575 possumus
1900 3520 2036 3558 con-

388 3592 658 3665 templari
697 3593 870 3647 bona.
904 3592 974 3646 Et
1022 3591 1142 3647 haec
1173 3596 1261 3647 est
1310 3608 1444 3664 pars
1495 3596 1713 3657 nostra,
1749 3596 1813 3646 ut
1843 3593 1901 3646 in
1930 3610 2031 3647 no-

386 3684 507 3737 stro
533 3681 728 3738 studio
776 3686 834 3737 et
863 3679 1059 3736 labore
1110 3679 1395 3735 laetemur.
1432 3681 1593 3746 Quod
1633 3679 1767 3736 licet
1814 3682 2031 3736 bonum

385 3768 483 3840 sit,
512 3775 731 3841 tamen,
768 3771 952 3825 donec
996 3769 1259 3826 Christus
1310 3769 1714 3825 manifestatur
1762 3770 1880 3825 vita
1925 3788 2030 3826 no-

382 3863 526 3926 stra,
558 3860 808 3915 necdum
852 3858 1020 3930 plene
1064 3859 1283 3914 bonum
1312 3861 1417 3912 est.
1453 3858 1521 3912 Et
1550 3857 1680 3913 ideo
1730 3875 1844 3913 non
1879 3859 2029 3914 mul-

380 3951 509 4004 tum
528 3948 942 4005 recordabitur
970 3947 1126 4003 Deus
1147 3947 1375 4002 dierum
1403 3946 1533 4001 vitae
1565 3950 1794 4001 nostrae.
1820 3948 2031 4003 Notan-

381 4036 523 4093 dum
580 4053 839 4109 quoque,
885 4037 1041 4108 quod
1100 4036 1194 4090 hic
1250 4032 1626 4109 περισπασμός
1686 4035 1742 4089 in
1802 4035 2024 4092 meliori

377 4129 543 4198 parte
573 4125 858 4197 accipitur
887 4142 990 4197 pro
1020 4124 1398 4196 occupatione
1420 4123 1742 4196 spiritualis
1763 4141 2025 4198 veraeque

376 4212 610 4270 laetitiae.

448 4303 604 4376 (Cap.
638 4302 759 4374 VI.)
790 4325 819 4353 «
849 4304 952 4359 Est
996 4302 1242 4369 malum,
1277 4302 1432 4375 quod
1464 4300 1581 4357 vidi
1633 4302 1742 4357 sub
1794 4302 1936 4368 sole,
1967 4307 2025 4357 et

375 4391 649 4464 frequens
679 4394 833 4465 apud
882 4392 1171 4448 homines.
1208 4390 1310 4447 Vir
1357 4391 1449 4446 cui
1482 4390 1645 4445 dedit
1684 4392 1835 4447 433
1867 4392 2021 4448 Deus

374 4479 607 4537 divitias
653 4485 711 4536 et
749 4480 1162 4547 substantiam,
1196 4484 1253 4534 et
1280 4479 1549 4551 gloriam,
1580 4485 1638 4536 et
1684 4479 1828 4534 nihil
1859 4480 2021 4536 deest

2149 3326 2237 3377 tes
2269 3339 2282 3376 :
2314 3324 2478 3379 Pater
2520 3334 2703 3381 noster
2745 3334 2824 3382 est
2873 3327 3151 3384 Abraham
3195 3331 3379 3397 (Joan.
3418 3347 3543 3397 vm,
3573 3330 3669 3402 39)
3705 3348 3719 3387 :
3750 3335 3806 3388 et

2147 3416 2341 3469 tamen
2371 3414 2443 3469 ad
2476 3431 2662 3470 unum
2693 3414 2889 3472 locum
2910 3420 2966 3472 et
2995 3433 3102 3473 nos
3132 3420 3190 3472 et
3219 3416 3352 3474 illos
3383 3435 3721 3491 properare,
3743 3420 3799 3476 id

2147 3504 2256 3570 est,
2287 3502 2359 3557 ad
2394 3502 2690 3573 judicium
2738 3504 2860 3560 Dei.
2895 3506 3058 3570 Quod
3108 3509 3306 3562 autem
3335 3505 3396 3561 in
3447 3507 3641 3563 medio
3673 3508 3796 3565 ait:

2142 3591 2209 3643 Et
2249 3591 2470 3662 quidem
2514 3594 2824 3664 sepulcrum
2869 3609 2981 3648 non
3025 3595 3135 3665 fuit
3179 3597 3270 3656 ei;
3316 3596 3435 3650 sive
3477 3595 3589 3651 hoc
3636 3599 3795 3654 ΔΜ

2143 3678 2452 3751 significat,
2486 3681 2640 3754 quod
2672 3681 2830 3737 dives
2876 3681 2973 3738 ille
3003 3682 3073 3737 de
3103 3699 3213 3738 sua
3243 3688 3430 3739 morte
3483 3701 3601 3740 non
3633 3686 3795 3759 cogi—

2141 3771 2243 3835 tet,
2276 3773 2332 3823 et
2361 3786 2494 3824 cum
2527 3770 2726 3826 omnia
2756 3771 3074 3843 possideat,
3096 3771 3271 3827 etiam
3306 3772 3364 3827 in
3395 3774 3793 3831 exstructione

2140 3855 2392 3928 sepulcri
2442 3875 2655 3914 avarus
2700 3859 2816 3926 sit;
2851 3859 2971 3916 sive
2997 3861 3153 3931 quod
3183 3878 3336 3933 saepe
3382 3867 3624 3935 propter
3647 3863 3791 3921 istae

2140 3944 2370 4000 divitias
2400 3946 2629 4003 occisus
2660 3948 2913 4018 insidiis,
2937 3948 3268 4021 insepultus
3289 3950 3625 4021 abjiciatur,
3648 3952 3787 4021 sive,

2138 4034 2291 4104 quod
2325 4034 2536 4091 melius
2566 4041 2728 4107 puto,
2762 4035 2906 4092 nihil
2948 4037 3085 4093 boni
3134 4038 3411 4095 facinoris
3440 4041 3690 4114 egerit",
3722 4059 3787 4097 ex

2135 4138 2250 4194 quo
2272 4122 2381 4179 sibi
2403 4129 2577 4196 queat
2592 4126 2745 4197 apud
2770 4130 3034 4198 posteros
3053 4128 3399 4184 memoriam
3424 4145 3787 4202 comparare,

2133 4214 2190 4266 et
2221 4229 2336 4268 non
2366 4213 2547 4269 vitam
2577 4214 2807 4270 silentio
2848 4216 3121 4281 transire,
3152 4216 3311 4272 velut
3341 4219 3617 4290 pecudes,
3651 4236 3784 4277 cum

2132 4299 2407 4357 habuerit
2447 4303 2776 4370 materiam,
2823 4320 2926 4375 per
2972 4321 3151 4377 quam
3201 4305 3457 4377 potuerit
3499 4325 3784 4380 apparere

2132 4390 2287 4459 quod
2318 4390 2543 4446 vixerit.

2203 4500 2232 4528 ί(
2264 4479 2466 4536 Omnis
2488 4479 2652 4537 labor
2681 4480 2938 4539 hominis
2969 4482 3028 4538 in
3061 4499 3159 4539 ore
3186 4483 3396 4557 ipsius,
3428 4490 3486 4542 et
3534 4486 3775 4559 quidem

373 4568 583 4626 animae
615 4570 744 4640 ejus
798 4585 868 4625 ex
909 4569 1205 4637 omnibus,
1238 4585 1362 4640 qua:
1416 4568 1783 4637 desideravit,
1817 4574 1873 4625 et
1902 4586 2017 4626 non
2047 4583 2095 4648 D
2128 4568 2327 4624 anima
2355 4584 2472 4624 non
2503 4567 2845 4641 implebitur
2870 4572 2910 4626 ⁸.
2943 4571 3091 4635 Quid
3110 4572 3269 4628 enim
3301 4578 3391 4629 est
3410 4573 3669 4647 amplius
3691 4592 3780 4631 sa-

373 4656 533 4714 dedit
558 4657 612 4712 ei
662 4658 816 4713 Deus
868 4662 1231 4730 potestatem,
1265 4661 1331 4712 ut
1379 4658 1762 4713 manducaret
1810 4674 1880 4714 ex
1926 4675 2014 4729 eo,

370 4746 471 4804 sed
500 4745 588 4803 vir
616 4745 842 4803 alienus
901 4746 1155 4802 comedit
1182 4744 1348 4801 illud.
1385 4745 1514 4802 Haec
1560 4747 1788 4803 vanitas
1817 4752 1926 4815 est,
1961 4752 2018 4802 et

366 4834 617 4909 languor
644 4834 958 4909 pessimus.
994 4836 1054 4890 Si
1083 4835 1351 4909 genuerit
1379 4834 1466 4890 vir
1507 4840 1741 4892 centum
1773 4838 1795 4905 ἐ
1826 4839 1883 4892 et
1911 4853 2013 4892 an-

364 4923 458 4982 nis
485 4924 691 4982 multis
719 4924 942 4993 vixerit,
974 4928 1030 4981 et
1060 4923 1257 4997 plures
1289 4924 1530 4981 fuerunt
1564 4925 1691 4982 dies
1722 4941 2010 4982 annorum

426 5191 446 5263 f
476 5189 637 5263 idem
666 5189 878 5258 Vatic.,
907 5205 1036 5263 qua:
1064 5192 1301 5247 contrita
1330 5197 1410 5245 est
1443 5191 1511 5245 ab
1542 5189 1869 5263 ea,_de_qua,
1896 5196 2003 5248 etc.

424 5260 446 5294 ³
478 5260 609 5327 Quae
655 5265 736 5316 est
761 5260 936 5318 mater
981 5264 1230 5318 omnium
1283 5266 1550 5318 nostrum.
1586 5260 1777 5316 Simili
1824 5268 2004 5318 tomo-

355 5326 527 5405 ritate
556 5330 906 5405 addiderunt
937 5338 1069 5404 post
1094 5341 1360 5401 nostrum,
1386 5332 1736 5404 scripturam
1763 5348 2005 5405 sequen-

2126 4656 2307 4728 pienti
2336 4674 2369 4712 a
2400 4657 2601 4726 stulto,
2634 4658 2772 4729 quid
2825 4660 3090 4731 pauperi,
3125 4660 3240 4717 nisi
3290 4661 3462 4730 scire,
3497 4668 3564 4717 ut
3611 4664 3782 4719 vadat

2125 4749 2327 4801 contra
2355 4746 2581 4802 vitam?
2615 4769 2642 4797 »
2673 4746 2860 4803 Omne
2920 4749 3078 4820 quod
3108 4748 3377 4806 laborant
3423 4750 3695 4808 homines
3724 4753 3781 4809 in

2121 4834 2232 4890 hoc
2262 4836 2510 4906 mundo,
2541 4852 2639 4891 ore
2669 4838 3062 4904 consumitur,
3095 4841 3152 4893 et
3194 4839 3463 4895 attritum
3491 4839 3773 4898 dentibus

2120 4924 2306 4981 ventri
2324 4925 2576 4983 traditur
2595 4926 2999 4999 digerendum.
3024 4927 3286 5000 Cumque
3325 4928 3643 5000 paululum
3672 4946 3777 5004 gu-

2186 5195 2208 5227 ‘
2238 5193 2368 5266 Duo
2393 5192 2641 5248 Palatini
2673 5193 2899 5249 addunt
2930 5194 3126 5251 liberos
3144 5212 3165 5259 ;
3194 5195 3375 5252 Vatic.
3407 5197 3574 5266 ﬁlios.

2185 5266 2205 5342 ξ
2235 5264 2575 5342 Siehabent
2605 5270 2856 5342 quatu_or
2901 5282 3045 5342 mss.
3079 5268 3264 5342 Antea
3293 5264 3417 5324 erat
3443 5271 3771 5342 rapiuntur.

2182 5337 2204 5369 δ
2234 5335 2408 5390 Addit
2439 5336 2662 5423 "Victor.
2700 5353 2713 5390 :
2764 5338 2827 5390 Et
2873 5339 2969 5407 qui
3014 5337 3270 5393 ceciderit
3322 5356 3489 5423 super
3512 5335 3772 5423 'lapidem

354 5403 478 5479 tem
509 5417 520 5455 :
556 5403 617 5455 Et
647 5400 711 5455 de
756 5417 866 5472 qua
892 5400 1151 5479 scribitur
1175 5422 1194 5458 :
1238 5406 1445 5459 Lwtare
1494 5400 1695 5479 sterilis
1724 5400 1863 5479 (μεθ’
1893 5424 2003 5461 non
2112 5408 2283 5462 istum
2328 5408 2743 5478 confringatur;
2776 5400 2936 5479 super
2983 5425 3143 5479 quem
3174 5427 3294 5466 vero
3340 5400 3602 5469 ceciderit
3642 5429 3771 5469 cou-

348 5542 463 5616 ﬁtz'z:
480 5542 711 5616 desertae
751 5546 962 5616 magis,
980 5542 1145 5613 quam
1170 5546 1287 5614 ejus
1317 5542 1442 5616 quae
1472 5546 1637 5601 habet
1677 5542 1877 5604 uirum.
1914 5550 2001 5604 Sz'c

346 5611 489 5668 nudi
515 5611 737 5678 vadunt,
767 5611 877 5669 etc.
910 5611 1196 5670 Minrmu.

416 5682 724 5762 f_Verhum
766 5686 885 5757 frui
931 5684 1237 5742 sufficiunt
1285 5690 1537 5756 quatuor
1584 5703 1727 5745 mss.
1778 5689 1996 5762 quibus

345 5753 615 5815 nitimur.

346 5473 503 5542 paris
554 5486 774 5541 erumpe
797 5481 848 5527 et
875 5473 1061 5528 clama
1101 5490 1219 5545 quae
1248 5492 1355 5529 non
1389 5477 1655 5545 parturis,
1687 5473 1817 5544 quia
1837 5479 2003 5533 multi
2108 5481 2247 5533 teret
2275 5494 2425 5533 emn.

351 5542 461 5596 ﬁlii
487 5512 711 5596 deseras
751 5546 947 5596 mauis.
980 5560 1145 5596 uuam
1170 5546 1287 5596 eius
1317 5560 1442 5596 quae
1472 5546 1637 5596 habet
1677 5548 1876 5596 virum-
1914 5550 2001 5596 Sin
2180 5551 2199 5582 ⁷
2231 5550 2391 5596 Annrl

2180 5551 2199 5582 ⁷
2228 5547 2867 5625 ΑρυίξνᾼΙΟιιὶηεμΝξῄἱι
2916 5550 3113 5625 bonum
3173 5551 3600 5623 honoriﬁcumve
3644 5570 3770 5625 ege-

2109 5622 2202 5697 rit,
2228 5619 2344 5697 _e_tc.
2380 5619 2614 5697 Victor.,
2647 5620 2799 5697 Nihil
2822 5623 2961 5697 facti
2987 5631 3038 5677 et
3061 5623 3291 5697 honoris
3317 5619 3510 5697 egerit,
3540 5628 3653 5681 etc.

2176 5694 2195 5726 ⁸
2227 5693 2391 5765 Mss,
2422 5691 2622 5748 Anima
2652 5693 2769 5763 ejus
2799 5691 2907 5749 non
2937 5694 3278 5768 implebitur,
3308 5691 3418 5753 etc.
