  <div class='ocr_page' id='page_1' title='image "/cluster/home/n/w/nwhite01/storage/ocr_20150623/23/hvd.32044052772480/564.png"; bbox 0 0 4084 6170; ppageno 0'>
   <div class='ocr_carea' id='block_1_1' title="bbox 290 360 443 432">
    <p class='ocr_par' dir='ltr' id='par_1_1' title="bbox 290 360 443 432">
     <span class='ocr_line' id='line_1_1' title="bbox 290 360 443 432; baseline -0.007 -1"><span class='ocrx_word' id='word_1_1' title='bbox 290 360 443 432; x_wconf 70' lang='lat' dir='ltr'><strong>“t3</strong></span> 
     </span>
    </p>
   </div>
   <div class='ocr_carea' id='block_1_2' title="bbox 1284 358 2673 429">
    <p class='ocr_par' dir='ltr' id='par_1_2' title="bbox 1284 358 2673 429">
     <span class='ocr_line' id='line_1_2' title="bbox 1284 358 2673 429; baseline -0.002 -2"><span class='ocrx_word' id='word_1_2' title='bbox 1284 360 1905 429; x_wconf 81' lang='lat' dir='ltr'><strong>COMMENTARIUS</strong></span> <span class='ocrx_word' id='word_1_3' title='bbox 1948 362 2030 426; x_wconf 87' lang='lat' dir='ltr'>IN</span> <span class='ocrx_word' id='word_1_4' title='bbox 2069 358 2673 427; x_wconf 73' lang='lat' dir='ltr'><strong>ECCLESIA’STEN.</strong></span> 
     </span>
    </p>
   </div>
   <div class='ocr_carea' id='block_1_3' title="bbox 3521 361 3680 432">
    <p class='ocr_par' dir='ltr' id='par_1_3' title="bbox 3521 361 3680 432">
     <span class='ocr_line' id='line_1_3' title="bbox 3521 361 3680 432; baseline 0.019 -3"><span class='ocrx_word' id='word_1_5' title='bbox 3521 361 3680 432; x_wconf 73' lang='lat' dir='ltr'><strong>ﬂ“</strong></span> 
     </span>
    </p>
   </div>
   <div class='ocr_carea' id='block_1_4' title="bbox 282 491 3678 574">
    <p class='ocr_par' dir='ltr' id='par_1_4' title="bbox 282 491 3678 574">
     <span class='ocr_line' id='line_1_4' title="bbox 282 491 3678 574; baseline 0.001 -17"><span class='ocrx_word' id='word_1_6' title='bbox 282 500 402 558; x_wconf 77' lang='lat' dir='ltr'><strong>lam</strong></span> <span class='ocrx_word' id='word_1_7' title='bbox 427 496 820 566; x_wconf 79' lang='lat' dir='ltr'><strong>delectaverit,</strong></span> <span class='ocrx_word' id='word_1_8' title='bbox 850 496 1056 555; x_wconf 86' lang='lat' dir='ltr'><strong>tandiu</strong></span> <span class='ocrx_word' id='word_1_9' title='bbox 1103 496 1331 555; x_wconf 89' lang='lat' dir='ltr'><strong>videtur</strong></span> <span class='ocrx_word' id='word_1_10' title='bbox 1382 498 1636 553; x_wconf 87' lang='lat' dir='ltr'><strong>tribuere</strong></span> <span class='ocrx_word' id='word_1_11' title='bbox 1666 497 1925 569; x_wconf 86' lang='lat' dir='ltr'><strong>volupta-</strong></span> <span class='ocrx_word' id='word_1_12' title='bbox 1954 503 2007 568; x_wconf 80' lang='grc' dir='ltr'><strong>Α</strong></span> <span class='ocrx_word' id='word_1_13' title='bbox 2036 496 2211 568; x_wconf 83' lang='lat' dir='ltr'><strong>pitur,</strong></span> <span class='ocrx_word' id='word_1_14' title='bbox 2244 514 2316 551; x_wconf 90' lang='lat' dir='ltr'><strong>ne</strong></span> <span class='ocrx_word' id='word_1_15' title='bbox 2347 498 2498 551; x_wconf 87' lang='lat' dir='ltr'><strong>ultra</strong></span> <span class='ocrx_word' id='word_1_16' title='bbox 2530 514 2707 569; x_wconf 88' lang='lat' dir='ltr'><strong>quam</strong></span> <span class='ocrx_word' id='word_1_17' title='bbox 2749 498 2820 553; x_wconf 87' lang='lat' dir='ltr'><strong>de</strong></span> <span class='ocrx_word' id='word_1_18' title='bbox 2850 514 2917 554; x_wconf 91' lang='lat' dir='ltr'><strong>eo</strong></span> <span class='ocrx_word' id='word_1_19' title='bbox 2946 491 3115 556; x_wconf 87' lang='lat' dir='ltr'><strong>nobis</strong></span> <span class='ocrx_word' id='word_1_20' title='bbox 3146 497 3434 574; x_wconf 88' lang='lat' dir='ltr'><strong>scriptum</strong></span> <span class='ocrx_word' id='word_1_21' title='bbox 3456 505 3566 570; x_wconf 90' lang='lat' dir='ltr'><strong>est,</strong></span> <span class='ocrx_word' id='word_1_22' title='bbox 3588 519 3678 560; x_wconf 88' lang='lat' dir='ltr'><strong>re-</strong></span> 
     </span>
    </p>
   </div>
   <div class='ocr_carea' id='block_1_5' title="bbox 281 586 1920 663">
    <p class='ocr_par' dir='ltr' id='par_1_5' title="bbox 281 586 1920 663">
     <span class='ocr_line' id='line_1_5' title="bbox 281 586 1920 663; baseline -0.005 -15"><span class='ocrx_word' id='word_1_23' title='bbox 281 595 425 658; x_wconf 88' lang='lat' dir='ltr'><strong>tem,</strong></span> <span class='ocrx_word' id='word_1_24' title='bbox 459 590 723 662; x_wconf 89' lang='lat' dir='ltr'><strong>quandiu</strong></span> <span class='ocrx_word' id='word_1_25' title='bbox 752 592 988 663; x_wconf 79' lang='lat' dir='ltr'><strong>gutture</strong></span> <span class='ocrx_word' id='word_1_26' title='bbox 1018 588 1368 644; x_wconf 79' lang='lat' dir='ltr'><strong>continetur.</strong></span> <span class='ocrx_word' id='word_1_27' title='bbox 1416 587 1558 642; x_wconf 90' lang='lat' dir='ltr'><strong>Cum</strong></span> <span class='ocrx_word' id='word_1_28' title='bbox 1585 603 1717 642; x_wconf 86' lang='lat' dir='ltr'><strong>vero</strong></span> <span class='ocrx_word' id='word_1_29' title='bbox 1747 586 1805 641; x_wconf 89' lang='lat' dir='ltr'><strong>in</strong></span> <span class='ocrx_word' id='word_1_30' title='bbox 1838 586 1920 642; x_wconf 91' lang='lat' dir='ltr'><strong>al-</strong></span> 
     </span>
    </p>
   </div>
   <div class='ocr_carea' id='block_1_6' title="bbox 279 676 1918 748">
    <p class='ocr_par' dir='ltr' id='par_1_6' title="bbox 279 676 1918 748">
     <span class='ocr_line' id='line_1_6' title="bbox 279 676 1918 748; baseline -0.003 -14"><span class='ocrx_word' id='word_1_31' title='bbox 279 695 421 734; x_wconf 90' lang='lat' dir='ltr'><strong>vum</strong></span> <span class='ocrx_word' id='word_1_32' title='bbox 451 678 770 748; x_wconf 82' lang='lat' dir='ltr'><strong>transierit,</strong></span> <span class='ocrx_word' id='word_1_33' title='bbox 811 678 1025 734; x_wconf 86' lang='lat' dir='ltr'><strong>desinit</strong></span> <span class='ocrx_word' id='word_1_34' title='bbox 1071 678 1221 732; x_wconf 91' lang='lat' dir='ltr'><strong>inter</strong></span> <span class='ocrx_word' id='word_1_35' title='bbox 1272 676 1432 731; x_wconf 85' lang='lat' dir='ltr'><strong>cibos</strong></span> <span class='ocrx_word' id='word_1_36' title='bbox 1463 692 1591 731; x_wconf 90' lang='lat' dir='ltr'><strong>esse</strong></span> <span class='ocrx_word' id='word_1_37' title='bbox 1620 676 1918 731; x_wconf 80' lang='lat' dir='ltr'><strong>distantia.</strong></span> 
     </span>
    </p>
   </div>
   <div class='ocr_carea' id='block_1_7' title="bbox 279 764 1924 839">
    <p class='ocr_par' dir='ltr' id='par_1_7' title="bbox 279 764 1924 839">
     <span class='ocr_line' id='line_1_7' title="bbox 279 764 1924 839; baseline -0.002 -16"><span class='ocrx_word' id='word_1_38' title='bbox 279 767 352 823; x_wconf 86' lang='lat' dir='ltr'><strong>Et</strong></span> <span class='ocrx_word' id='word_1_39' title='bbox 380 772 516 839; x_wconf 90' lang='lat' dir='ltr'><strong>post</strong></span> <span class='ocrx_word' id='word_1_40' title='bbox 545 767 666 822; x_wconf 61' lang='lat' dir='ltr'><strong>hac</strong></span> <span class='ocrx_word' id='word_1_41' title='bbox 695 767 912 833; x_wconf 83' lang='lat' dir='ltr'><strong>omnia,</strong></span> <span class='ocrx_word' id='word_1_42' title='bbox 946 782 1059 822; x_wconf 92' lang='lat' dir='ltr'><strong>non</strong></span> <span class='ocrx_word' id='word_1_43' title='bbox 1090 765 1366 836; x_wconf 90' lang='lat' dir='ltr'><strong>impletur</strong></span> <span class='ocrx_word' id='word_1_44' title='bbox 1394 764 1593 819; x_wconf 88' lang='lat' dir='ltr'><strong>anima</strong></span> <span class='ocrx_word' id='word_1_45' title='bbox 1620 764 1924 819; x_wconf 80' lang='lat' dir='ltr'><strong>comeden—</strong></span> 
     </span>
    </p>
   </div>
   <div class='ocr_carea' id='block_1_8' title="bbox 276 853 1923 928">
    <p class='ocr_par' dir='ltr' id='par_1_8' title="bbox 276 853 1923 928">
     <span class='ocr_line' id='line_1_8' title="bbox 276 853 1923 928; baseline -0.003 -15"><span class='ocrx_word' id='word_1_46' title='bbox 276 858 396 914; x_wconf 83' lang='lat' dir='ltr'><strong>tis:</strong></span> <span class='ocrx_word' id='word_1_47' title='bbox 432 857 552 912; x_wconf 84' lang='lat' dir='ltr'><strong>sive</strong></span> <span class='ocrx_word' id='word_1_48' title='bbox 580 857 737 928; x_wconf 93' lang='lat' dir='ltr'><strong>quod</strong></span> <span class='ocrx_word' id='word_1_49' title='bbox 768 872 1004 911; x_wconf 83' lang='lat' dir='ltr'>rursum</span> <span class='ocrx_word' id='word_1_50' title='bbox 1035 854 1342 921; x_wconf 81' lang='lat' dir='ltr'><strong>desideret,</strong></span> <span class='ocrx_word' id='word_1_51' title='bbox 1377 854 1533 924; x_wconf 89' lang='lat' dir='ltr'><strong>quod</strong></span> <span class='ocrx_word' id='word_1_52' title='bbox 1565 853 1833 921; x_wconf 87' lang='lat' dir='ltr'><strong>comedit,</strong></span> <span class='ocrx_word' id='word_1_53' title='bbox 1866 858 1923 908; x_wconf 90' lang='lat' dir='ltr'><strong>et</strong></span> 
     </span>
    </p>
   </div>
   <div class='ocr_carea' id='block_1_9' title="bbox 279 943 1923 1017">
    <p class='ocr_par' dir='ltr' id='par_1_9' title="bbox 279 943 1923 1017">
     <span class='ocr_line' id='line_1_9' title="bbox 279 943 1923 1017; baseline -0.004 -15"><span class='ocrx_word' id='word_1_54' title='bbox 279 950 403 1002; x_wconf 84' lang='lat' dir='ltr'><strong>tam</strong></span> <span class='ocrx_word' id='word_1_55' title='bbox 452 945 689 1017; x_wconf 89' lang='lat' dir='ltr'><strong>sapiens</strong></span> <span class='ocrx_word' id='word_1_56' title='bbox 736 961 912 1016; x_wconf 91' lang='lat' dir='ltr'><strong>quam</strong></span> <span class='ocrx_word' id='word_1_57' title='bbox 962 943 1180 1000; x_wconf 88' lang='lat' dir='ltr'><strong>stultus</strong></span> <span class='ocrx_word' id='word_1_58' title='bbox 1227 944 1448 1015; x_wconf 80' lang='lat' dir='ltr'><strong>absque</strong></span> <span class='ocrx_word' id='word_1_59' title='bbox 1492 943 1619 998; x_wconf 91' lang='lat' dir='ltr'><strong>cibo</strong></span> <span class='ocrx_word' id='word_1_60' title='bbox 1672 946 1923 1013; x_wconf 83' lang='lat' dir='ltr'><strong>nequeat</strong></span> 
     </span>
    </p>
   </div>
   <div class='ocr_carea' id='block_1_10' title="bbox 276 1030 1920 1107">
    <p class='ocr_par' dir='ltr' id='par_1_10' title="bbox 276 1030 1920 1107">
     <span class='ocr_line' id='line_1_10' title="bbox 276 1030 1920 1107; baseline -0.004 -16"><span class='ocrx_word' id='word_1_61' title='bbox 276 1034 489 1101; x_wconf 82' lang='lat' dir='ltr'><strong>vivere,</strong></span> <span class='ocrx_word' id='word_1_62' title='bbox 522 1038 578 1090; x_wconf 91' lang='lat' dir='ltr'><strong>et</strong></span> <span class='ocrx_word' id='word_1_63' title='bbox 608 1049 831 1107; x_wconf 82' lang='lat' dir='ltr'>pauper</span> <span class='ocrx_word' id='word_1_64' title='bbox 861 1032 1005 1088; x_wconf 86' lang='lat' dir='ltr'><strong>nihil</strong></span> <span class='ocrx_word' id='word_1_65' title='bbox 1034 1030 1194 1088; x_wconf 84' lang='lat' dir='ltr'><strong>aliud</strong></span> <span class='ocrx_word' id='word_1_66' title='bbox 1225 1036 1463 1103; x_wconf 59' lang='lat' dir='ltr'><strong>quarat,</strong></span> <span class='ocrx_word' id='word_1_67' title='bbox 1489 1031 1600 1086; x_wconf 89' lang='lat' dir='ltr'><strong>nisi</strong></span> <span class='ocrx_word' id='word_1_68' title='bbox 1628 1031 1920 1103; x_wconf 91' lang='lat' dir='ltr'><strong>quomodo</strong></span> 
     </span>
    </p>
   </div>
   <div class='ocr_carea' id='block_1_11' title="bbox 276 1118 1919 1196">
    <p class='ocr_par' dir='ltr' id='par_1_11' title="bbox 276 1118 1919 1196">
     <span class='ocr_line' id='line_1_11' title="bbox 276 1118 1919 1196; baseline -0.003 -17"><span class='ocrx_word' id='word_1_69' title='bbox 276 1124 387 1196; x_wconf 83' lang='lat' dir='ltr'><strong>(Al.</strong></span> <span class='ocrx_word' id='word_1_70' title='bbox 419 1124 597 1195; x_wconf 74' lang='lat' dir='ltr'><strong>quod)</strong></span> <span class='ocrx_word' id='word_1_71' title='bbox 637 1120 825 1194; x_wconf 85' lang='lat' dir='ltr'><strong>possit</strong></span> <span class='ocrx_word' id='word_1_72' title='bbox 851 1137 1136 1193; x_wconf 81' lang='lat' dir='ltr'><strong>organum</strong></span> <span class='ocrx_word' id='word_1_73' title='bbox 1187 1120 1278 1176; x_wconf 89' lang='lat' dir='ltr'><strong>sui</strong></span> <span class='ocrx_word' id='word_1_74' title='bbox 1326 1118 1656 1191; x_wconf 88' lang='lat' dir='ltr'><strong>corpusculi</strong></span> <span class='ocrx_word' id='word_1_75' title='bbox 1687 1124 1919 1175; x_wconf 90' lang='lat' dir='ltr'><strong>susten-</strong></span> 
     </span>
    </p>
   </div>
   <div class='ocr_carea' id='block_1_12' title="bbox 276 1208 1919 1280">
    <p class='ocr_par' dir='ltr' id='par_1_12' title="bbox 276 1208 1919 1280">
     <span class='ocr_line' id='line_1_12' title="bbox 276 1208 1919 1280; baseline -0.004 -11"><span class='ocrx_word' id='word_1_76' title='bbox 276 1219 422 1280; x_wconf 89' lang='lat' dir='ltr'><strong>tare,</strong></span> <span class='ocrx_word' id='word_1_77' title='bbox 457 1228 562 1268; x_wconf 90' lang='lat' dir='ltr'><strong>nec</strong></span> <span class='ocrx_word' id='word_1_78' title='bbox 591 1210 829 1266; x_wconf 87' lang='lat' dir='ltr'><strong>interire</strong></span> <span class='ocrx_word' id='word_1_79' title='bbox 860 1209 1086 1265; x_wconf 89' lang='lat' dir='ltr'><strong>inedia:</strong></span> <span class='ocrx_word' id='word_1_80' title='bbox 1129 1208 1245 1265; x_wconf 87' lang='lat' dir='ltr'><strong>sive</strong></span> <span class='ocrx_word' id='word_1_81' title='bbox 1299 1209 1451 1280; x_wconf 91' lang='lat' dir='ltr'><strong>quod</strong></span> <span class='ocrx_word' id='word_1_82' title='bbox 1506 1208 1728 1264; x_wconf 89' lang='lat' dir='ltr'><strong>nullam</strong></span> <span class='ocrx_word' id='word_1_83' title='bbox 1760 1208 1919 1264; x_wconf 91' lang='lat' dir='ltr'><strong>utili-</strong></span> 
     </span>
    </p>
   </div>
   <div class='ocr_carea' id='block_1_13' title="bbox 273 1296 1917 1370">
    <p class='ocr_par' dir='ltr' id='par_1_13' title="bbox 273 1296 1917 1370">
     <span class='ocr_line' id='line_1_13' title="bbox 273 1296 1917 1370; baseline -0.004 -12"><span class='ocrx_word' id='word_1_84' title='bbox 273 1306 459 1358; x_wconf 88' lang='lat' dir='ltr'><strong>tatem</strong></span> <span class='ocrx_word' id='word_1_85' title='bbox 484 1300 683 1357; x_wconf 87' lang='lat' dir='ltr'><strong>anima</strong></span> <span class='ocrx_word' id='word_1_86' title='bbox 710 1316 781 1355; x_wconf 86' lang='lat' dir='ltr'><strong>ex</strong></span> <span class='ocrx_word' id='word_1_87' title='bbox 809 1297 1117 1355; x_wconf 77' lang='lat' dir='ltr'><strong>refectione</strong></span> <span class='ocrx_word' id='word_1_88' title='bbox 1146 1296 1479 1370; x_wconf 89' lang='lat' dir='ltr'><strong>corpusculi</strong></span> <span class='ocrx_word' id='word_1_89' title='bbox 1510 1297 1719 1369; x_wconf 85' lang='lat' dir='ltr'><strong>capiat,</strong></span> <span class='ocrx_word' id='word_1_90' title='bbox 1752 1303 1810 1353; x_wconf 90' lang='lat' dir='ltr'><strong>ct</strong></span> <span class='ocrx_word' id='word_1_91' title='bbox 1837 1297 1917 1352; x_wconf 90' lang='lat' dir='ltr'><strong>ci-</strong></span> 
     </span>
    </p>
   </div>
   <div class='ocr_carea' id='block_1_14' title="bbox 273 1385 1920 1461">
    <p class='ocr_par' dir='ltr' id='par_1_14' title="bbox 273 1385 1920 1461">
     <span class='ocr_line' id='line_1_14' title="bbox 273 1385 1920 1461; baseline -0.002 -15"><span class='ocrx_word' id='word_1_92' title='bbox 273 1391 391 1446; x_wconf 88' lang='lat' dir='ltr'><strong>bus</strong></span> <span class='ocrx_word' id='word_1_93' title='bbox 414 1394 535 1445; x_wconf 90' lang='lat' dir='ltr'><strong>tam</strong></span> <span class='ocrx_word' id='word_1_94' title='bbox 557 1388 806 1461; x_wconf 89' lang='lat' dir='ltr'><strong>sapienti</strong></span> <span class='ocrx_word' id='word_1_95' title='bbox 829 1403 1007 1460; x_wconf 92' lang='lat' dir='ltr'><strong>quam</strong></span> <span class='ocrx_word' id='word_1_96' title='bbox 1031 1387 1209 1443; x_wconf 89' lang='lat' dir='ltr'><strong>stulto</strong></span> <span class='ocrx_word' id='word_1_97' title='bbox 1230 1385 1560 1443; x_wconf 90' lang='lat' dir='ltr'><strong>communis</strong></span> <span class='ocrx_word' id='word_1_98' title='bbox 1582 1386 1681 1456; x_wconf 87' lang='lat' dir='ltr'><strong>sit,</strong></span> <span class='ocrx_word' id='word_1_99' title='bbox 1704 1390 1757 1442; x_wconf 86' lang='lat' dir='ltr'><strong>et</strong></span> <span class='ocrx_word' id='word_1_100' title='bbox 1780 1386 1920 1442; x_wconf 91' lang='lat' dir='ltr'><strong>illuc</strong></span> 
     </span>
    </p>
   </div>
   <div class='ocr_carea' id='block_1_15' title="bbox 270 1475 1919 1550">
    <p class='ocr_par' dir='ltr' id='par_1_15' title="bbox 270 1475 1919 1550">
     <span class='ocr_line' id='line_1_15' title="bbox 270 1475 1919 1550; baseline -0.002 -15"><span class='ocrx_word' id='word_1_101' title='bbox 270 1480 450 1535; x_wconf 82' lang='lat' dir='ltr'><strong>vadat</strong></span> <span class='ocrx_word' id='word_1_102' title='bbox 486 1494 728 1550; x_wconf 81' lang='lat' dir='ltr'><strong>pauper,</strong></span> <span class='ocrx_word' id='word_1_103' title='bbox 780 1475 879 1532; x_wconf 91' lang='lat' dir='ltr'><strong>ubi</strong></span> <span class='ocrx_word' id='word_1_104' title='bbox 919 1493 1057 1548; x_wconf 92' lang='lat' dir='ltr'><strong>opes</strong></span> <span class='ocrx_word' id='word_1_105' title='bbox 1106 1492 1235 1531; x_wconf 89' lang='lat' dir='ltr'><strong>esse</strong></span> <span class='ocrx_word' id='word_1_106' title='bbox 1284 1476 1660 1548; x_wconf 79' lang='lat' dir='ltr'><strong>perspexerit.</strong></span> <span class='ocrx_word' id='word_1_107' title='bbox 1711 1475 1919 1531; x_wconf 90' lang='lat' dir='ltr'><strong>Melius</strong></span> 
     </span>
    </p>
   </div>
   <div class='ocr_carea' id='block_1_16' title="bbox 272 1564 1917 1637">
    <p class='ocr_par' dir='ltr' id='par_1_16' title="bbox 272 1564 1917 1637">
     <span class='ocr_line' id='line_1_16' title="bbox 272 1564 1917 1637; baseline -0.004 -12"><span class='ocrx_word' id='word_1_108' title='bbox 272 1573 368 1625; x_wconf 89' lang='lat' dir='ltr'><strong>est</strong></span> <span class='ocrx_word' id='word_1_109' title='bbox 394 1571 596 1624; x_wconf 90' lang='lat' dir='ltr'><strong>autem</strong></span> <span class='ocrx_word' id='word_1_110' title='bbox 626 1566 735 1622; x_wconf 92' lang='lat' dir='ltr'><strong>hoc</strong></span> <span class='ocrx_word' id='word_1_111' title='bbox 780 1564 1031 1637; x_wconf 83' lang='lat' dir='ltr'><strong>intelligi</strong></span> <span class='ocrx_word' id='word_1_112' title='bbox 1074 1566 1144 1620; x_wconf 90' lang='lat' dir='ltr'><strong>de</strong></span> <span class='ocrx_word' id='word_1_113' title='bbox 1191 1564 1594 1620; x_wconf 89' lang='lat' dir='ltr'><strong>Ecclesiastico</strong></span> <span class='ocrx_word' id='word_1_114' title='bbox 1642 1564 1783 1631; x_wconf 91' lang='lat' dir='ltr'><strong>viro,</strong></span> <span class='ocrx_word' id='word_1_115' title='bbox 1818 1565 1917 1636; x_wconf 91' lang='lat' dir='ltr'><strong>qui</strong></span> 
     </span>
    </p>
   </div>
   <div class='ocr_carea' id='block_1_17' title="bbox 273 1653 1917 1729">
    <p class='ocr_par' dir='ltr' id='par_1_17' title="bbox 273 1653 1917 1729">
     <span class='ocr_line' id='line_1_17' title="bbox 273 1653 1917 1729; baseline -0.001 -18"><span class='ocrx_word' id='word_1_116' title='bbox 273 1658 336 1713; x_wconf 86' lang='lat' dir='ltr'><strong>in</strong></span> <span class='ocrx_word' id='word_1_117' title='bbox 366 1656 685 1729; x_wconf 85' lang='lat' dir='ltr'><strong>Scripturis</strong></span> <span class='ocrx_word' id='word_1_118' title='bbox 715 1654 1048 1712; x_wconf 75' lang='lat' dir='ltr'><strong>cmlestibus</strong></span> <span class='ocrx_word' id='word_1_119' title='bbox 1075 1654 1359 1719; x_wconf 87' lang='lat' dir='ltr'><strong>eruditus,</strong></span> <span class='ocrx_word' id='word_1_120' title='bbox 1400 1669 1631 1710; x_wconf 90' lang='lat' dir='ltr'><strong>omnem</strong></span> <span class='ocrx_word' id='word_1_121' title='bbox 1658 1653 1917 1709; x_wconf 89' lang='lat' dir='ltr'><strong>laborem</strong></span> 
     </span>
    </p>
   </div>
   <div class='ocr_carea' id='block_1_18' title="bbox 272 1742 1916 1814">
    <p class='ocr_par' dir='ltr' id='par_1_18' title="bbox 272 1742 1916 1814">
     <span class='ocr_line' id='line_1_18' title="bbox 272 1742 1916 1814; baseline -0.003 -12"><span class='ocrx_word' id='word_1_122' title='bbox 272 1746 452 1802; x_wconf 88' lang='lat' dir='ltr'><strong>habet</strong></span> <span class='ocrx_word' id='word_1_123' title='bbox 480 1746 538 1799; x_wconf 91' lang='lat' dir='ltr'><strong>in</strong></span> <span class='ocrx_word' id='word_1_124' title='bbox 570 1761 667 1800; x_wconf 91' lang='lat' dir='ltr'><strong>ore</strong></span> <span class='ocrx_word' id='word_1_125' title='bbox 696 1762 822 1810; x_wconf 88' lang='lat' dir='ltr'><strong>suo,</strong></span> <span class='ocrx_word' id='word_1_126' title='bbox 855 1748 911 1798; x_wconf 93' lang='lat' dir='ltr'><strong>et</strong></span> <span class='ocrx_word' id='word_1_127' title='bbox 941 1742 1139 1798; x_wconf 90' lang='lat' dir='ltr'><strong>anima</strong></span> <span class='ocrx_word' id='word_1_128' title='bbox 1158 1744 1289 1813; x_wconf 83' lang='lat' dir='ltr'><strong>ejus</strong></span> <span class='ocrx_word' id='word_1_129' title='bbox 1311 1759 1425 1797; x_wconf 90' lang='lat' dir='ltr'><strong>non</strong></span> <span class='ocrx_word' id='word_1_130' title='bbox 1449 1742 1748 1814; x_wconf 89' lang='lat' dir='ltr'><strong>impletur,</strong></span> <span class='ocrx_word' id='word_1_131' title='bbox 1774 1744 1916 1798; x_wconf 90' lang='lat' dir='ltr'><strong>dum</strong></span> 
     </span>
    </p>
   </div>
   <div class='ocr_carea' id='block_1_19' title="bbox 275 1830 1912 1907">
    <p class='ocr_par' dir='ltr' id='par_1_19' title="bbox 275 1830 1912 1907">
     <span class='ocr_line' id='line_1_19' title="bbox 275 1830 1912 1907; baseline -0.003 -15"><span class='ocrx_word' id='word_1_132' title='bbox 275 1851 511 1907; x_wconf 86' lang='lat' dir='ltr'><strong>semper</strong></span> <span class='ocrx_word' id='word_1_133' title='bbox 531 1834 694 1905; x_wconf 91' lang='lat' dir='ltr'><strong>cupit</strong></span> <span class='ocrx_word' id='word_1_134' title='bbox 722 1833 970 1888; x_wconf 90' lang='lat' dir='ltr'><strong>discere.</strong></span> <span class='ocrx_word' id='word_1_135' title='bbox 1000 1833 1069 1887; x_wconf 90' lang='lat' dir='ltr'><strong>Et</strong></span> <span class='ocrx_word' id='word_1_136' title='bbox 1100 1832 1157 1885; x_wconf 83' lang='lat' dir='ltr'><strong>in</strong></span> <span class='ocrx_word' id='word_1_137' title='bbox 1188 1848 1255 1887; x_wconf 91' lang='lat' dir='ltr'><strong>eo</strong></span> <span class='ocrx_word' id='word_1_138' title='bbox 1285 1830 1418 1903; x_wconf 89' lang='lat' dir='ltr'><strong>plus</strong></span> <span class='ocrx_word' id='word_1_139' title='bbox 1450 1831 1624 1886; x_wconf 89' lang='lat' dir='ltr'><strong>habet</strong></span> <span class='ocrx_word' id='word_1_140' title='bbox 1655 1832 1912 1903; x_wconf 88' lang='lat' dir='ltr'><strong>sapiens,</strong></span> 
     </span>
    </p>
   </div>
   <div class='ocr_carea' id='block_1_20' title="bbox 273 1920 1920 1995">
    <p class='ocr_par' dir='ltr' id='par_1_20' title="bbox 273 1920 1920 1995">
     <span class='ocr_line' id='line_1_20' title="bbox 273 1920 1920 1995; baseline -0.002 -18"><span class='ocrx_word' id='word_1_141' title='bbox 273 1938 458 1995; x_wconf 90' lang='lat' dir='ltr'><strong>quam</strong></span> <span class='ocrx_word' id='word_1_142' title='bbox 499 1920 819 1992; x_wconf 90' lang='lat' dir='ltr'><strong>insipiens:</strong></span> <span class='ocrx_word' id='word_1_143' title='bbox 856 1920 996 1991; x_wconf 90' lang='lat' dir='ltr'><strong>quia</strong></span> <span class='ocrx_word' id='word_1_144' title='bbox 1025 1935 1158 1974; x_wconf 92' lang='lat' dir='ltr'><strong>cum</strong></span> <span class='ocrx_word' id='word_1_145' title='bbox 1191 1934 1504 1990; x_wconf 85' lang='lat' dir='ltr'><strong>pauperem</strong></span> <span class='ocrx_word' id='word_1_146' title='bbox 1544 1936 1673 1974; x_wconf 91' lang='lat' dir='ltr'><strong>esse</strong></span> <span class='ocrx_word' id='word_1_147' title='bbox 1704 1936 1762 1974; x_wconf 87' lang='lat' dir='ltr'><strong>se</strong></span> <span class='ocrx_word' id='word_1_148' title='bbox 1793 1936 1920 1974; x_wconf 92' lang='lat' dir='ltr'><strong>sen-</strong></span> 
     </span>
    </p>
   </div>
   <div class='ocr_carea' id='block_1_21' title="bbox 273 2008 1920 2083">
    <p class='ocr_par' dir='ltr' id='par_1_21' title="bbox 273 2008 1920 2083">
     <span class='ocr_line' id='line_1_21' title="bbox 273 2008 1920 2083; baseline -0.002 -17"><span class='ocrx_word' id='word_1_149' title='bbox 273 2011 386 2066; x_wconf 84' lang='lat' dir='ltr'><strong>tiat</strong></span> <span class='ocrx_word' id='word_1_150' title='bbox 413 2013 756 2083; x_wconf 84' lang='lat' dir='ltr'><strong>(pauperem</strong></span> <span class='ocrx_word' id='word_1_151' title='bbox 789 2013 984 2064; x_wconf 87' lang='lat' dir='ltr'><strong>autem</strong></span> <span class='ocrx_word' id='word_1_152' title='bbox 1017 2008 1205 2078; x_wconf 92' lang='lat' dir='ltr'><strong>illum,</strong></span> <span class='ocrx_word' id='word_1_153' title='bbox 1238 2008 1338 2079; x_wconf 93' lang='lat' dir='ltr'><strong>qui</strong></span> <span class='ocrx_word' id='word_1_154' title='bbox 1372 2008 1431 2063; x_wconf 90' lang='lat' dir='ltr'><strong>in</strong></span> <span class='ocrx_word' id='word_1_155' title='bbox 1459 2008 1764 2080; x_wconf 90' lang='lat' dir='ltr'><strong>Evangelio</strong></span> <span class='ocrx_word' id='word_1_156' title='bbox 1788 2009 1920 2063; x_wconf 86' lang='lat' dir='ltr'><strong>bea-</strong></span> 
     </span>
    </p>
   </div>
   <div class='ocr_carea' id='block_1_22' title="bbox 275 2096 1920 2171">
    <p class='ocr_par' dir='ltr' id='par_1_22' title="bbox 275 2096 1920 2171">
     <span class='ocr_line' id='line_1_22' title="bbox 275 2096 1920 2171; baseline -0.002 -17"><span class='ocrx_word' id='word_1_157' title='bbox 275 2103 380 2155; x_wconf 89' lang='lat' dir='ltr'><strong>tus</strong></span> <span class='ocrx_word' id='word_1_158' title='bbox 409 2100 659 2171; x_wconf 88' lang='lat' dir='ltr'><strong>dicitur),</strong></span> <span class='ocrx_word' id='word_1_159' title='bbox 694 2101 966 2171; x_wconf 88' lang='lat' dir='ltr'><strong>properat</strong></span> <span class='ocrx_word' id='word_1_160' title='bbox 989 2096 1060 2152; x_wconf 89' lang='lat' dir='ltr'><strong>ad</strong></span> <span class='ocrx_word' id='word_1_161' title='bbox 1096 2114 1164 2153; x_wconf 89' lang='lat' dir='ltr'><strong>ea</strong></span> <span class='ocrx_word' id='word_1_162' title='bbox 1203 2096 1769 2168; x_wconf 89' lang='lat' dir='ltr'><strong>comprehendenda,</strong></span> <span class='ocrx_word' id='word_1_163' title='bbox 1794 2114 1920 2169; x_wconf 79' lang='lat' dir='ltr'><strong>quae</strong></span> 
     </span>
    </p>
   </div>
   <div class='ocr_carea' id='block_1_23' title="bbox 278 2185 1919 2257">
    <p class='ocr_par' dir='ltr' id='par_1_23' title="bbox 278 2185 1919 2257">
     <span class='ocr_line' id='line_1_23' title="bbox 278 2185 1919 2257; baseline -0.002 -14"><span class='ocrx_word' id='word_1_164' title='bbox 278 2189 416 2244; x_wconf 73' lang='lat' dir='ltr'><strong>vitea</strong></span> <span class='ocrx_word' id='word_1_165' title='bbox 447 2192 600 2255; x_wconf 88' lang='lat' dir='ltr'><strong>sunt,</strong></span> <span class='ocrx_word' id='word_1_166' title='bbox 630 2192 689 2242; x_wconf 91' lang='lat' dir='ltr'><strong>et</strong></span> <span class='ocrx_word' id='word_1_167' title='bbox 729 2185 995 2242; x_wconf 85' lang='lat' dir='ltr'><strong>ambulat</strong></span> <span class='ocrx_word' id='word_1_168' title='bbox 1026 2190 1247 2241; x_wconf 88' lang='lat' dir='ltr'><strong>arctam</strong></span> <span class='ocrx_word' id='word_1_169' title='bbox 1298 2190 1358 2240; x_wconf 91' lang='lat' dir='ltr'><strong>et</strong></span> <span class='ocrx_word' id='word_1_170' title='bbox 1405 2190 1715 2257; x_wconf 90' lang='lat' dir='ltr'><strong>angustam</strong></span> <span class='ocrx_word' id='word_1_171' title='bbox 1743 2185 1919 2253; x_wconf 89' lang='lat' dir='ltr'><strong>viam,</strong></span> 
     </span>
    </p>
   </div>
   <div class='ocr_carea' id='block_1_24' title="bbox 276 2274 1921 2349">
    <p class='ocr_par' dir='ltr' id='par_1_24' title="bbox 276 2274 1921 2349">
     <span class='ocr_line' id='line_1_24' title="bbox 276 2274 1921 2349; baseline 0 -18"><span class='ocrx_word' id='word_1_172' title='bbox 276 2293 408 2349; x_wconf 74' lang='lat' dir='ltr'><strong>qua:</strong></span> <span class='ocrx_word' id='word_1_173' title='bbox 438 2277 598 2331; x_wconf 88' lang='lat' dir='ltr'><strong>ducit</strong></span> <span class='ocrx_word' id='word_1_174' title='bbox 627 2277 700 2331; x_wconf 89' lang='lat' dir='ltr'><strong>ad</strong></span> <span class='ocrx_word' id='word_1_175' title='bbox 728 2277 931 2341; x_wconf 88' lang='lat' dir='ltr'><strong>vitam,</strong></span> <span class='ocrx_word' id='word_1_176' title='bbox 955 2279 1012 2330; x_wconf 91' lang='lat' dir='ltr'><strong>et</strong></span> <span class='ocrx_word' id='word_1_177' title='bbox 1033 2290 1253 2347; x_wconf 88' lang='lat' dir='ltr'><strong>pauper</strong></span> <span class='ocrx_word' id='word_1_178' title='bbox 1272 2279 1361 2330; x_wconf 90' lang='lat' dir='ltr'><strong>est</strong></span> <span class='ocrx_word' id='word_1_179' title='bbox 1381 2291 1415 2329; x_wconf 88' lang='lat' dir='ltr'><strong>a</strong></span> <span class='ocrx_word' id='word_1_180' title='bbox 1445 2274 1617 2329; x_wconf 89' lang='lat' dir='ltr'><strong>malis</strong></span> <span class='ocrx_word' id='word_1_181' title='bbox 1647 2275 1921 2347; x_wconf 89' lang='lat' dir='ltr'><strong>operibus</strong></span> 
     </span>
    </p>
   </div>
   <div class='ocr_carea' id='block_1_25' title="bbox 272 2363 1773 2436">
    <p class='ocr_par' dir='ltr' id='par_1_25' title="bbox 272 2363 1773 2436">
     <span class='ocr_line' id='line_1_25' title="bbox 272 2363 1773 2436; baseline -0.001 -15"><span class='ocrx_word' id='word_1_182' title='bbox 272 2369 335 2421; x_wconf 87' lang='lat' dir='ltr'><strong>et</strong></span> <span class='ocrx_word' id='word_1_183' title='bbox 362 2365 472 2421; x_wconf 88' lang='lat' dir='ltr'><strong>scit</strong></span> <span class='ocrx_word' id='word_1_184' title='bbox 499 2365 597 2420; x_wconf 91' lang='lat' dir='ltr'><strong>ubi</strong></span> <span class='ocrx_word' id='word_1_185' title='bbox 639 2364 903 2420; x_wconf 90' lang='lat' dir='ltr'><strong>Christus</strong></span> <span class='ocrx_word' id='word_1_186' title='bbox 934 2363 1034 2436; x_wconf 89' lang='lat' dir='ltr'><strong>qui</strong></span> <span class='ocrx_word' id='word_1_187' title='bbox 1065 2363 1182 2418; x_wconf 89' lang='lat' dir='ltr'><strong>vita</strong></span> <span class='ocrx_word' id='word_1_188' title='bbox 1212 2366 1321 2429; x_wconf 90' lang='lat' dir='ltr'><strong>est,</strong></span> <span class='ocrx_word' id='word_1_189' title='bbox 1360 2368 1773 2419; x_wconf 86' lang='lat' dir='ltr'><strong>commoretur.</strong></span> 
     </span>
    </p>
   </div>
   <div class='ocr_carea' id='block_1_26' title="bbox 346 2451 1918 2526">
    <p class='ocr_par' dir='ltr' id='par_1_26' title="bbox 346 2451 1918 2526">
     <span class='ocr_line' id='line_1_26' title="bbox 346 2451 1918 2526; baseline -0.001 -17"><span class='ocrx_word' id='word_1_190' title='bbox 346 2478 375 2503; x_wconf 89' lang='grc'>‹‹</span> <span class='ocrx_word' id='word_1_191' title='bbox 408 2452 616 2509; x_wconf 83' lang='lat' dir='ltr'><strong>Melior</strong></span> <span class='ocrx_word' id='word_1_192' title='bbox 643 2458 731 2509; x_wconf 91' lang='lat' dir='ltr'><strong>est</strong></span> <span class='ocrx_word' id='word_1_193' title='bbox 760 2457 1033 2526; x_wconf 86' lang='lat' dir='ltr'><strong>aspectus</strong></span> <span class='ocrx_word' id='word_1_194' title='bbox 1064 2451 1365 2507; x_wconf 92' lang='lat' dir='ltr'><strong>oculorum</strong></span> <span class='ocrx_word' id='word_1_195' title='bbox 1409 2468 1583 2523; x_wconf 86' lang='lat' dir='ltr'><strong>super</strong></span> <span class='ocrx_word' id='word_1_196' title='bbox 1613 2452 1918 2507; x_wconf 89' lang='lat' dir='ltr'><strong>ambulan-</strong></span> 
     </span>
    </p>
   </div>
   <div class='ocr_carea' id='block_1_27' title="bbox 269 2540 1921 2613">
    <p class='ocr_par' dir='ltr' id='par_1_27' title="bbox 269 2540 1921 2613">
     <span class='ocr_line' id='line_1_27' title="bbox 269 2540 1921 2613; baseline -0.001 -15"><span class='ocrx_word' id='word_1_197' title='bbox 269 2546 393 2598; x_wconf 88' lang='lat' dir='ltr'><strong>tem</strong></span> <span class='ocrx_word' id='word_1_198' title='bbox 426 2541 484 2597; x_wconf 89' lang='lat' dir='ltr'><strong>in</strong></span> <span class='ocrx_word' id='word_1_199' title='bbox 516 2542 737 2598; x_wconf 88' lang='lat' dir='ltr'><strong>anima.</strong></span> <span class='ocrx_word' id='word_1_200' title='bbox 770 2542 876 2596; x_wconf 90' lang='lat' dir='ltr'><strong>Sed</strong></span> <span class='ocrx_word' id='word_1_201' title='bbox 908 2546 965 2597; x_wconf 90' lang='lat' dir='ltr'><strong>et</strong></span> <span class='ocrx_word' id='word_1_202' title='bbox 1014 2541 1124 2596; x_wconf 91' lang='lat' dir='ltr'><strong>hoc</strong></span> <span class='ocrx_word' id='word_1_203' title='bbox 1171 2540 1397 2595; x_wconf 88' lang='lat' dir='ltr'><strong>vanitas</strong></span> <span class='ocrx_word' id='word_1_204' title='bbox 1444 2545 1501 2594; x_wconf 92' lang='lat' dir='ltr'><strong>et</strong></span> <span class='ocrx_word' id='word_1_205' title='bbox 1542 2540 1921 2613; x_wconf 66' lang='lat' dir='ltr'><strong>praesumptio</strong></span> 
     </span>
    </p>
   </div>
   <div class='ocr_carea' id='block_1_28' title="bbox 268 2626 1919 2701">
    <p class='ocr_par' dir='ltr' id='par_1_28' title="bbox 268 2626 1919 2701">
     <span class='ocr_line' id='line_1_28' title="bbox 268 2626 1919 2701; baseline -0.002 -15"><span class='ocrx_word' id='word_1_206' title='bbox 268 2627 541 2701; x_wconf 82' lang='lat' dir='ltr'><strong>spiritus.</strong></span> <span class='ocrx_word' id='word_1_207' title='bbox 575 2650 604 2677; x_wconf 61' lang='grc' dir='ltr'><strong>ι)</strong></span> <span class='ocrx_word' id='word_1_208' title='bbox 636 2627 902 2683; x_wconf 90' lang='lat' dir='ltr'><strong>Dilucide</strong></span> <span class='ocrx_word' id='word_1_209' title='bbox 930 2628 1039 2683; x_wconf 90' lang='lat' dir='ltr'><strong>hoc</strong></span> <span class='ocrx_word' id='word_1_210' title='bbox 1072 2626 1486 2699; x_wconf 87' lang='lat' dir='ltr'><strong>interpretatus</strong></span> <span class='ocrx_word' id='word_1_211' title='bbox 1534 2634 1623 2683; x_wconf 90' lang='lat' dir='ltr'><strong>est</strong></span> <span class='ocrx_word' id='word_1_212' title='bbox 1651 2630 1919 2699; x_wconf 79' lang='lat' dir='ltr'><strong>Symma-</strong></span> 
     </span>
    </p>
   </div>
   <div class='ocr_carea' id='block_1_29' title="bbox 265 2716 1920 2788">
    <p class='ocr_par' dir='ltr' id='par_1_29' title="bbox 265 2716 1920 2788">
     <span class='ocr_line' id='line_1_29' title="bbox 265 2716 1920 2788; baseline -0.002 -14"><span class='ocrx_word' id='word_1_213' title='bbox 265 2718 421 2774; x_wconf 88' lang='lat' dir='ltr'><strong>chus</strong></span> <span class='ocrx_word' id='word_1_214' title='bbox 450 2717 687 2772; x_wconf 90' lang='lat' dir='ltr'><strong>dicens:</strong></span> <span class='ocrx_word' id='word_1_215' title='bbox 727 2738 755 2767; x_wconf 86' lang='grc'><em>‹‹</em></span> <span class='ocrx_word' id='word_1_216' title='bbox 783 2716 993 2771; x_wconf 88' lang='lat' dir='ltr'><strong>Melius</strong></span> <span class='ocrx_word' id='word_1_217' title='bbox 1023 2722 1113 2771; x_wconf 89' lang='lat' dir='ltr'><strong>est</strong></span> <span class='ocrx_word' id='word_1_218' title='bbox 1143 2716 1465 2788; x_wconf 88' lang='lat' dir='ltr'><strong>providere,</strong></span> <span class='ocrx_word' id='word_1_219' title='bbox 1499 2733 1675 2787; x_wconf 90' lang='lat' dir='ltr'><strong>quam</strong></span> <span class='ocrx_word' id='word_1_220' title='bbox 1707 2717 1920 2772; x_wconf 88' lang='lat' dir='ltr'><strong>ambu-</strong></span> 
     </span>
    </p>
   </div>
   <div class='ocr_carea' id='block_1_30' title="bbox 263 2804 1920 2875">
    <p class='ocr_par' dir='ltr' id='par_1_30' title="bbox 263 2804 1920 2875">
     <span class='ocr_line' id='line_1_30' title="bbox 263 2804 1920 2875; baseline -0.001 -12"><span class='ocrx_word' id='word_1_221' title='bbox 263 2806 413 2873; x_wconf 85' lang='lat' dir='ltr'><strong>lare,</strong></span> <span class='ocrx_word' id='word_1_222' title='bbox 445 2811 512 2861; x_wconf 90' lang='lat' dir='ltr'><strong>ut</strong></span> <span class='ocrx_word' id='word_1_223' title='bbox 541 2805 719 2871; x_wconf 89' lang='lat' dir='ltr'><strong>libet;</strong></span> <span class='ocrx_word' id='word_1_224' title='bbox 768 2828 790 2853; x_wconf 74' lang='grc' dir='ltr'>ι</span> <span class='ocrx_word' id='word_1_225' title='bbox 828 2806 984 2861; x_wconf 72' lang='lat'><strong>435</strong></span> <span class='ocrx_word' id='word_1_226' title='bbox 1017 2805 1076 2859; x_wconf 91' lang='lat' dir='ltr'><strong>id</strong></span> <span class='ocrx_word' id='word_1_227' title='bbox 1108 2809 1218 2871; x_wconf 91' lang='lat' dir='ltr'><strong>cst,</strong></span> <span class='ocrx_word' id='word_1_228' title='bbox 1255 2804 1463 2860; x_wconf 90' lang='lat' dir='ltr'><strong>melius</strong></span> <span class='ocrx_word' id='word_1_229' title='bbox 1494 2807 1765 2875; x_wconf 85' lang='lat' dir='ltr'><strong>estjuxta</strong></span> <span class='ocrx_word' id='word_1_230' title='bbox 1793 2823 1920 2861; x_wconf 92' lang='lat' dir='ltr'><strong>sen-</strong></span> 
     </span>
    </p>
   </div>
   <div class='ocr_carea' id='block_1_31' title="bbox 262 2893 1917 2966">
    <p class='ocr_par' dir='ltr' id='par_1_31' title="bbox 262 2893 1917 2966">
     <span class='ocr_line' id='line_1_31' title="bbox 262 2893 1917 2966; baseline -0.002 -14"><span class='ocrx_word' id='word_1_231' title='bbox 262 2911 405 2952; x_wconf 85' lang='lat' dir='ltr'><strong>sum</strong></span> <span class='ocrx_word' id='word_1_232' title='bbox 447 2898 657 2950; x_wconf 87' lang='lat' dir='ltr'><strong>cuncta</strong></span> <span class='ocrx_word' id='word_1_233' title='bbox 688 2910 877 2966; x_wconf 87' lang='lat' dir='ltr'><strong>agere,</strong></span> <span class='ocrx_word' id='word_1_234' title='bbox 929 2893 1029 2965; x_wconf 89' lang='lat' dir='ltr'><strong>qui</strong></span> <span class='ocrx_word' id='word_1_235' title='bbox 1079 2893 1290 2949; x_wconf 66' lang='lat' dir='ltr'><strong>animm</strong></span> <span class='ocrx_word' id='word_1_236' title='bbox 1337 2898 1423 2949; x_wconf 90' lang='lat' dir='ltr'><strong>est</strong></span> <span class='ocrx_word' id='word_1_237' title='bbox 1480 2893 1706 2959; x_wconf 90' lang='lat' dir='ltr'><strong>oculus,</strong></span> <span class='ocrx_word' id='word_1_238' title='bbox 1740 2911 1917 2965; x_wconf 85' lang='lat' dir='ltr'><strong>quam</strong></span> 
     </span>
    </p>
   </div>
   <div class='ocr_carea' id='block_1_32' title="bbox 260 2982 1921 3054">
    <p class='ocr_par' dir='ltr' id='par_1_32' title="bbox 260 2982 1921 3054">
     <span class='ocr_line' id='line_1_32' title="bbox 260 2982 1921 3054; baseline -0.001 -14"><span class='ocrx_word' id='word_1_239' title='bbox 260 2984 635 3041; x_wconf 87' lang='lat' dir='ltr'><strong>voluntatem</strong></span> <span class='ocrx_word' id='word_1_240' title='bbox 667 2983 861 3039; x_wconf 88' lang='lat' dir='ltr'><strong>cordis</strong></span> <span class='ocrx_word' id='word_1_241' title='bbox 892 2982 1061 3054; x_wconf 91' lang='lat' dir='ltr'><strong>sequi</strong></span> <span class='ocrx_word' id='word_1_242' title='bbox 1094 2983 1131 3037; x_wconf 78' lang='grc' dir='ltr'><strong>ί.</strong></span> <span class='ocrx_word' id='word_1_243' title='bbox 1166 2982 1284 3037; x_wconf 88' lang='lat' dir='ltr'><strong>Hoc</strong></span> <span class='ocrx_word' id='word_1_244' title='bbox 1314 2985 1403 3037; x_wconf 88' lang='lat' dir='ltr'><strong>est</strong></span> <span class='ocrx_word' id='word_1_245' title='bbox 1431 2983 1583 3037; x_wconf 91' lang='lat' dir='ltr'><strong>enim</strong></span> <span class='ocrx_word' id='word_1_246' title='bbox 1620 2982 1921 3038; x_wconf 91' lang='lat' dir='ltr'><strong>ambulare</strong></span> 
     </span>
    </p>
   </div>
   <div class='ocr_carea' id='block_1_33' title="bbox 260 3070 1918 3139">
    <p class='ocr_par' dir='ltr' id='par_1_33' title="bbox 260 3070 1918 3139">
     <span class='ocr_line' id='line_1_33' title="bbox 260 3070 1918 3139; baseline -0.001 -11"><span class='ocrx_word' id='word_1_247' title='bbox 260 3073 327 3129; x_wconf 89' lang='lat' dir='ltr'><strong>in</strong></span> <span class='ocrx_word' id='word_1_248' title='bbox 360 3071 581 3139; x_wconf 89' lang='lat' dir='ltr'><strong>anima,</strong></span> <span class='ocrx_word' id='word_1_249' title='bbox 623 3071 779 3126; x_wconf 86' lang='lat' dir='ltr'><strong>sicut</strong></span> <span class='ocrx_word' id='word_1_250' title='bbox 826 3070 1087 3126; x_wconf 90' lang='lat' dir='ltr'><strong>Ezechiel</strong></span> <span class='ocrx_word' id='word_1_251' title='bbox 1118 3070 1228 3125; x_wconf 88' lang='lat' dir='ltr'><strong>ait:</strong></span> <span class='ocrx_word' id='word_1_252' title='bbox 1287 3072 1392 3139; x_wconf 78' lang='lat' dir='ltr'><strong>Qui</strong></span> <span class='ocrx_word' id='word_1_253' title='bbox 1427 3071 1709 3126; x_wconf 82' lang='lat' dir='ltr'><strong>ambulant</strong></span> <span class='ocrx_word' id='word_1_254' title='bbox 1738 3074 1797 3126; x_wconf 87' lang='lat' dir='ltr'><strong>in</strong></span> <span class='ocrx_word' id='word_1_255' title='bbox 1830 3088 1918 3126; x_wconf 81' lang='lat' dir='ltr'><strong>v0-</strong></span> 
     </span>
    </p>
   </div>
   <div class='ocr_carea' id='block_1_34' title="bbox 260 3159 1916 3233">
    <p class='ocr_par' dir='ltr' id='par_1_34' title="bbox 260 3159 1916 3233">
     <span class='ocr_line' id='line_1_34' title="bbox 260 3159 1916 3233; baseline -0.002 -15"><span class='ocrx_word' id='word_1_256' title='bbox 260 3164 485 3218; x_wconf 79' lang='lat' dir='ltr'><strong>luntate</strong></span> <span class='ocrx_word' id='word_1_257' title='bbox 505 3161 685 3217; x_wconf 80' lang='lat' dir='ltr'><strong>cordis</strong></span> <span class='ocrx_word' id='word_1_258' title='bbox 712 3162 806 3216; x_wconf 84' lang='lat' dir='ltr'><strong>sui</strong></span> <span class='ocrx_word' id='word_1_259' title='bbox 834 3161 1047 3231; x_wconf 57' lang='lat' dir='ltr'><strong>(Bacch.</strong></span> <span class='ocrx_word' id='word_1_260' title='bbox 1082 3177 1143 3227; x_wconf 76' lang='grc' dir='ltr'><strong>ιι,</strong></span> <span class='ocrx_word' id='word_1_261' title='bbox 1192 3160 1302 3230; x_wconf 79' lang='lat' dir='ltr'><strong>2i).</strong></span> <span class='ocrx_word' id='word_1_262' title='bbox 1354 3159 1455 3214; x_wconf 89' lang='lat' dir='ltr'><strong>Vel</strong></span> <span class='ocrx_word' id='word_1_263' title='bbox 1502 3164 1659 3215; x_wconf 86' lang='lat' dir='ltr'><strong>certe</strong></span> <span class='ocrx_word' id='word_1_264' title='bbox 1713 3177 1916 3233; x_wconf 90' lang='lat' dir='ltr'><strong>super-</strong></span> 
     </span>
    </p>
   </div>
   <div class='ocr_carea' id='block_1_35' title="bbox 2033 585 3674 663">
    <p class='ocr_par' dir='ltr' id='par_1_35' title="bbox 2033 585 3674 663">
     <span class='ocr_line' id='line_1_35' title="bbox 2033 585 3674 663; baseline 0.005 -23"><span class='ocrx_word' id='word_1_265' title='bbox 2033 585 2359 656; x_wconf 89' lang='lat' dir='ltr'><strong>quiramus,</strong></span> <span class='ocrx_word' id='word_1_266' title='bbox 2394 602 2463 641; x_wconf 84' lang='lat' dir='ltr'><strong>ne</strong></span> <span class='ocrx_word' id='word_1_267' title='bbox 2501 586 2640 641; x_wconf 87' lang='lat' dir='ltr'><strong>velit</strong></span> <span class='ocrx_word' id='word_1_268' title='bbox 2689 587 2863 643; x_wconf 91' lang='lat' dir='ltr'><strong>homo</strong></span> <span class='ocrx_word' id='word_1_269' title='bbox 2913 586 3045 659; x_wconf 91' lang='lat' dir='ltr'><strong>plus</strong></span> <span class='ocrx_word' id='word_1_270' title='bbox 3094 589 3261 657; x_wconf 92' lang='lat' dir='ltr'><strong>scire,</strong></span> <span class='ocrx_word' id='word_1_271' title='bbox 3314 607 3489 663; x_wconf 82' lang='lat' dir='ltr'><strong>quam</strong></span> <span class='ocrx_word' id='word_1_272' title='bbox 3521 591 3674 648; x_wconf 89' lang='lat' dir='ltr'><strong>Scri-</strong></span> 
     </span>
    </p>
   </div>
   <div class='ocr_carea' id='block_1_36' title="bbox 2030 677 3677 753">
    <p class='ocr_par' dir='ltr' id='par_1_36' title="bbox 2030 677 3677 753">
     <span class='ocr_line' id='line_1_36' title="bbox 2030 677 3677 753; baseline 0.007 -26"><span class='ocrx_word' id='word_1_273' title='bbox 2030 677 2204 745; x_wconf 91' lang='lat' dir='ltr'><strong>ptura</strong></span> <span class='ocrx_word' id='word_1_274' title='bbox 2224 678 2435 729; x_wconf 88' lang='lat' dir='ltr'><strong>testata</strong></span> <span class='ocrx_word' id='word_1_275' title='bbox 2454 680 2560 731; x_wconf 89' lang='lat' dir='ltr'><strong>est.</strong></span> <span class='ocrx_word' id='word_1_276' title='bbox 2586 680 2727 731; x_wconf 83' lang='lat' dir='ltr'><strong>Cum</strong></span> <span class='ocrx_word' id='word_1_277' title='bbox 2768 677 2923 731; x_wconf 87' lang='lat' dir='ltr'><strong>enim</strong></span> <span class='ocrx_word' id='word_1_278' title='bbox 2948 678 3020 732; x_wconf 90' lang='lat' dir='ltr'><strong>de</strong></span> <span class='ocrx_word' id='word_1_279' title='bbox 3036 681 3193 733; x_wconf 87' lang='lat' dir='ltr'><strong>statu</strong></span> <span class='ocrx_word' id='word_1_280' title='bbox 3228 685 3425 735; x_wconf 91' lang='lat' dir='ltr'><strong>nostro</strong></span> <span class='ocrx_word' id='word_1_281' title='bbox 3448 682 3677 753; x_wconf 86' lang='lat' dir='ltr'><strong>ignore-</strong></span> 
     </span>
    </p>
   </div>
   <div class='ocr_carea' id='block_1_37' title="bbox 2032 763 3679 839">
    <p class='ocr_par' dir='ltr' id='par_1_37' title="bbox 2032 763 3679 839">
     <span class='ocr_line' id='line_1_37' title="bbox 2032 763 3679 839; baseline 0.006 -23"><span class='ocrx_word' id='word_1_282' title='bbox 2032 778 2188 827; x_wconf 88' lang='lat' dir='ltr'><strong>mus,</strong></span> <span class='ocrx_word' id='word_1_283' title='bbox 2220 767 2277 817; x_wconf 91' lang='lat' dir='ltr'><strong>et</strong></span> <span class='ocrx_word' id='word_1_284' title='bbox 2306 763 2424 818; x_wconf 88' lang='lat' dir='ltr'><strong>vita</strong></span> <span class='ocrx_word' id='word_1_285' title='bbox 2455 769 2659 820; x_wconf 89' lang='lat' dir='ltr'><strong>nostra</strong></span> <span class='ocrx_word' id='word_1_286' title='bbox 2688 766 2857 836; x_wconf 87' lang='lat' dir='ltr'><strong>quasi</strong></span> <span class='ocrx_word' id='word_1_287' title='bbox 2880 767 3090 822; x_wconf 90' lang='lat' dir='ltr'><strong>umbra</strong></span> <span class='ocrx_word' id='word_1_288' title='bbox 3109 771 3495 839; x_wconf 86' lang='lat' dir='ltr'><strong>pertranseat,</strong></span> <span class='ocrx_word' id='word_1_289' title='bbox 3517 775 3573 826; x_wconf 90' lang='lat' dir='ltr'><strong>et</strong></span> <span class='ocrx_word' id='word_1_290' title='bbox 3592 772 3679 826; x_wconf 83' lang='lat' dir='ltr'><strong>fu-</strong></span> 
     </span>
    </p>
   </div>
   <div class='ocr_carea' id='block_1_38' title="bbox 2029 851 3678 932">
    <p class='ocr_par' dir='ltr' id='par_1_38' title="bbox 2029 851 3678 932">
     <span class='ocr_line' id='line_1_38' title="bbox 2029 851 3678 932; baseline 0.007 -28"><span class='ocrx_word' id='word_1_291' title='bbox 2029 853 2163 905; x_wconf 89' lang='lat' dir='ltr'><strong>tura</strong></span> <span class='ocrx_word' id='word_1_292' title='bbox 2192 851 2410 907; x_wconf 89' lang='lat' dir='ltr'><strong>incerta</strong></span> <span class='ocrx_word' id='word_1_293' title='bbox 2465 853 2603 923; x_wconf 83' lang='lat' dir='ltr'><strong>sint,</strong></span> <span class='ocrx_word' id='word_1_294' title='bbox 2663 870 2779 909; x_wconf 93' lang='lat' dir='ltr'><strong>non</strong></span> <span class='ocrx_word' id='word_1_295' title='bbox 2836 855 3005 911; x_wconf 91' lang='lat' dir='ltr'><strong>nobis</strong></span> <span class='ocrx_word' id='word_1_296' title='bbox 3061 857 3293 928; x_wconf 86' lang='lat' dir='ltr'><strong>expedit</strong></span> <span class='ocrx_word' id='word_1_297' title='bbox 3348 862 3413 913; x_wconf 90' lang='lat' dir='ltr'><strong>ut</strong></span> <span class='ocrx_word' id='word_1_298' title='bbox 3455 860 3678 932; x_wconf 89' lang='lat' dir='ltr'><strong>majora</strong></span> 
     </span>
    </p>
   </div>
   <div class='ocr_carea' id='block_1_39' title="bbox 2031 943 3676 1014">
    <p class='ocr_par' dir='ltr' id='par_1_39' title="bbox 2031 943 3676 1014">
     <span class='ocr_line' id='line_1_39' title="bbox 2031 943 3676 1014; baseline 0.007 -21"><span class='ocrx_word' id='word_1_299' title='bbox 2031 955 2207 1010; x_wconf 89' lang='lat' dir='ltr'><strong>quam</strong></span> <span class='ocrx_word' id='word_1_300' title='bbox 2268 957 2584 1011; x_wconf 88' lang='lat' dir='ltr'><strong>possumus</strong></span> <span class='ocrx_word' id='word_1_301' title='bbox 2632 943 3023 1014; x_wconf 88' lang='lat' dir='ltr'><strong>inquiramus.</strong></span> <span class='ocrx_word' id='word_1_302' title='bbox 3083 945 3360 1001; x_wconf 91' lang='lat' dir='ltr'><strong>Nonnulli</strong></span> <span class='ocrx_word' id='word_1_303' title='bbox 3419 946 3564 1003; x_wconf 91' lang='lat' dir='ltr'><strong>illud</strong></span> <span class='ocrx_word' id='word_1_304' title='bbox 3616 950 3676 1005; x_wconf 91' lang='lat' dir='ltr'><strong>in</strong></span> 
     </span>
    </p>
   </div>
   <div class='ocr_carea' id='block_1_40' title="bbox 2030 1028 3677 1109">
    <p class='ocr_par' dir='ltr' id='par_1_40' title="bbox 2030 1028 3677 1109">
     <span class='ocr_line' id='line_1_40' title="bbox 2030 1028 3677 1109; baseline 0.007 -26"><span class='ocrx_word' id='word_1_305' title='bbox 2030 1028 2140 1084; x_wconf 90' lang='lat' dir='ltr'><strong>hoc</strong></span> <span class='ocrx_word' id='word_1_306' title='bbox 2170 1028 2295 1084; x_wconf 93' lang='lat' dir='ltr'><strong>loco</strong></span> <span class='ocrx_word' id='word_1_307' title='bbox 2326 1030 2648 1103; x_wconf 80' lang='lat' dir='ltr'><strong>significari</strong></span> <span class='ocrx_word' id='word_1_308' title='bbox 2681 1038 2908 1103; x_wconf 84' lang='lat' dir='ltr'><strong>putant,</strong></span> <span class='ocrx_word' id='word_1_309' title='bbox 2944 1035 3099 1105; x_wconf 88' lang='lat' dir='ltr'><strong>quod</strong></span> <span class='ocrx_word' id='word_1_310' title='bbox 3132 1035 3418 1104; x_wconf 89' lang='lat' dir='ltr'><strong>omnium,</strong></span> <span class='ocrx_word' id='word_1_311' title='bbox 3453 1037 3554 1109; x_wconf 89' lang='lat' dir='ltr'><strong>qui</strong></span> <span class='ocrx_word' id='word_1_312' title='bbox 3588 1038 3677 1094; x_wconf 86' lang='lat' dir='ltr'><strong>fu-</strong></span> 
     </span>
    </p>
   </div>
   <div class='ocr_carea' id='block_1_41' title="bbox 2030 1117 3676 1198">
    <p class='ocr_par' dir='ltr' id='par_1_41' title="bbox 2030 1117 3676 1198">
     <span class='ocr_line' id='line_1_41' title="bbox 2030 1117 3676 1198; baseline 0.007 -26"><span class='ocrx_word' id='word_1_313' title='bbox 2030 1117 2145 1172; x_wconf 88' lang='lat' dir='ltr'><strong>turi</strong></span> <span class='ocrx_word' id='word_1_314' title='bbox 2176 1123 2340 1186; x_wconf 92' lang='lat' dir='ltr'><strong>sunt,</strong></span> <span class='ocrx_word' id='word_1_315' title='bbox 2385 1124 2442 1174; x_wconf 92' lang='lat' dir='ltr'><strong>ct</strong></span> <span class='ocrx_word' id='word_1_316' title='bbox 2473 1119 2780 1176; x_wconf 86' lang='lat' dir='ltr'><strong>hominum</strong></span> <span class='ocrx_word' id='word_1_317' title='bbox 2814 1139 3053 1193; x_wconf 92' lang='lat' dir='ltr'><strong>corpore</strong></span> <span class='ocrx_word' id='word_1_318' title='bbox 3096 1124 3523 1198; x_wconf 89' lang='lat' dir='ltr'><strong>circumdandi,</strong></span> <span class='ocrx_word' id='word_1_319' title='bbox 3549 1127 3676 1198; x_wconf 88' lang='lat' dir='ltr'><strong>jam</strong></span> 
     </span>
    </p>
   </div>
   <div class='ocr_carea' id='block_1_42' title="bbox 2029 1207 3676 1284">
    <p class='ocr_par' dir='ltr' id='par_1_42' title="bbox 2029 1207 3676 1284">
     <span class='ocr_line' id='line_1_42' title="bbox 2029 1207 3676 1284; baseline 0.007 -24"><span class='ocrx_word' id='word_1_320' title='bbox 2029 1210 2182 1261; x_wconf 87' lang='lat' dir='ltr'><strong>Deus</strong></span> <span class='ocrx_word' id='word_1_321' title='bbox 2211 1207 2232 1240; x_wconf 80' lang='grc'>³</span> <span class='ocrx_word' id='word_1_322' title='bbox 2279 1209 2626 1264; x_wconf 84' lang='lat' dir='ltr'><strong>vocabulum</strong></span> <span class='ocrx_word' id='word_1_323' title='bbox 2677 1210 2936 1266; x_wconf 89' lang='lat' dir='ltr'><strong>noverit:</strong></span> <span class='ocrx_word' id='word_1_324' title='bbox 2991 1228 3098 1267; x_wconf 89' lang='lat' dir='ltr'><strong>nec</strong></span> <span class='ocrx_word' id='word_1_325' title='bbox 3147 1214 3332 1284; x_wconf 81' lang='lat' dir='ltr'><strong>possit</strong></span> <span class='ocrx_word' id='word_1_326' title='bbox 3380 1215 3554 1270; x_wconf 91' lang='lat' dir='ltr'><strong>homo</strong></span> <span class='ocrx_word' id='word_1_327' title='bbox 3582 1232 3676 1271; x_wconf 89' lang='lat' dir='ltr'><strong>re-</strong></span> 
     </span>
    </p>
   </div>
   <div class='ocr_carea' id='block_1_43' title="bbox 2030 1295 3678 1373">
    <p class='ocr_par' dir='ltr' id='par_1_43' title="bbox 2030 1295 3678 1373">
     <span class='ocr_line' id='line_1_43' title="bbox 2030 1295 3678 1373; baseline 0.007 -25"><span class='ocrx_word' id='word_1_328' title='bbox 2030 1295 2317 1366; x_wconf 89' lang='lat' dir='ltr'><strong>spondere</strong></span> <span class='ocrx_word' id='word_1_329' title='bbox 2348 1303 2548 1353; x_wconf 90' lang='lat' dir='ltr'><strong>contra</strong></span> <span class='ocrx_word' id='word_1_330' title='bbox 2577 1299 2860 1355; x_wconf 83' lang='lat' dir='ltr'><strong>artiﬁcem</strong></span> <span class='ocrx_word' id='word_1_331' title='bbox 2892 1316 3090 1367; x_wconf 90' lang='lat' dir='ltr'><strong>suum,</strong></span> <span class='ocrx_word' id='word_1_332' title='bbox 3134 1318 3315 1373; x_wconf 89' lang='lat' dir='ltr'><strong>quare</strong></span> <span class='ocrx_word' id='word_1_333' title='bbox 3346 1302 3427 1358; x_wconf 89' lang='lat' dir='ltr'><strong>ita</strong></span> <span class='ocrx_word' id='word_1_334' title='bbox 3455 1304 3543 1359; x_wconf 87' lang='lat' dir='ltr'><strong>vel</strong></span> <span class='ocrx_word' id='word_1_335' title='bbox 3597 1303 3678 1359; x_wconf 90' lang='lat' dir='ltr'><strong>ita</strong></span> 
     </span>
    </p>
   </div>
   <div class='ocr_carea' id='block_1_44' title="bbox 2029 1382 3675 1460">
    <p class='ocr_par' dir='ltr' id='par_1_44' title="bbox 2029 1382 3675 1460">
     <span class='ocr_line' id='line_1_44' title="bbox 2029 1382 3675 1460; baseline 0.007 -24"><span class='ocrx_word' id='word_1_336' title='bbox 2029 1382 2220 1437; x_wconf 88' lang='lat' dir='ltr'><strong>factus</strong></span> <span class='ocrx_word' id='word_1_337' title='bbox 2241 1384 2335 1439; x_wconf 88' lang='lat' dir='ltr'><strong>sit.</strong></span> <span class='ocrx_word' id='word_1_338' title='bbox 2361 1387 2589 1450; x_wconf 91' lang='lat' dir='ltr'><strong>Quanto</strong></span> <span class='ocrx_word' id='word_1_339' title='bbox 2612 1388 2769 1442; x_wconf 90' lang='lat' dir='ltr'><strong>enim</strong></span> <span class='ocrx_word' id='word_1_340' title='bbox 2791 1388 3045 1460; x_wconf 90' lang='lat' dir='ltr'><strong>amplius</strong></span> <span class='ocrx_word' id='word_1_341' title='bbox 3068 1389 3491 1460; x_wconf 67' lang='lat' dir='ltr'><strong>quasierimus,</strong></span> <span class='ocrx_word' id='word_1_342' title='bbox 3513 1395 3675 1447; x_wconf 89' lang='lat' dir='ltr'><strong>tanto</strong></span> 
     </span>
    </p>
   </div>
   <div class='ocr_carea' id='block_1_45' title="bbox 2029 1470 3673 1553">
    <p class='ocr_par' dir='ltr' id='par_1_45' title="bbox 2029 1470 3673 1553">
     <span class='ocr_line' id='line_1_45' title="bbox 2029 1470 3673 1553; baseline 0.007 -28"><span class='ocrx_word' id='word_1_343' title='bbox 2029 1470 2218 1542; x_wconf 84' lang='lat' dir='ltr'><strong>magis</strong></span> <span class='ocrx_word' id='word_1_344' title='bbox 2250 1475 2477 1529; x_wconf 88' lang='lat' dir='ltr'><strong>ostendi</strong></span> <span class='ocrx_word' id='word_1_345' title='bbox 2510 1476 2829 1531; x_wconf 86' lang='lat' dir='ltr'><strong>vanitatem</strong></span> <span class='ocrx_word' id='word_1_346' title='bbox 2878 1481 3139 1532; x_wconf 85' lang='lat' dir='ltr'><strong>nostram</strong></span> <span class='ocrx_word' id='word_1_347' title='bbox 3171 1482 3228 1533; x_wconf 90' lang='lat' dir='ltr'><strong>et</strong></span> <span class='ocrx_word' id='word_1_348' title='bbox 3264 1480 3439 1534; x_wconf 90' lang='lat' dir='ltr'><strong>verba</strong></span> <span class='ocrx_word' id='word_1_349' title='bbox 3471 1497 3673 1553; x_wconf 89' lang='lat' dir='ltr'><strong>super-</strong></span> 
     </span>
    </p>
   </div>
   <div class='ocr_carea' id='block_1_46' title="bbox 2029 1560 3675 1635">
    <p class='ocr_par' dir='ltr' id='par_1_46' title="bbox 2029 1560 3675 1635">
     <span class='ocr_line' id='line_1_46' title="bbox 2029 1560 3675 1635; baseline 0.005 -21"><span class='ocrx_word' id='word_1_350' title='bbox 2029 1560 2173 1615; x_wconf 90' lang='lat' dir='ltr'><strong>ﬂua:</strong></span> <span class='ocrx_word' id='word_1_351' title='bbox 2207 1566 2265 1616; x_wconf 91' lang='lat' dir='ltr'><strong>et</strong></span> <span class='ocrx_word' id='word_1_352' title='bbox 2294 1579 2408 1617; x_wconf 92' lang='lat' dir='ltr'><strong>non</strong></span> <span class='ocrx_word' id='word_1_353' title='bbox 2439 1580 2507 1618; x_wconf 80' lang='lat' dir='ltr'><strong>ex</strong></span> <span class='ocrx_word' id='word_1_354' title='bbox 2537 1566 2907 1635; x_wconf 69' lang='lat' dir='ltr'><strong>prazscientia</strong></span> <span class='ocrx_word' id='word_1_355' title='bbox 2942 1566 3038 1622; x_wconf 93' lang='lat' dir='ltr'><strong>Dei</strong></span> <span class='ocrx_word' id='word_1_356' title='bbox 3080 1566 3331 1622; x_wconf 81' lang='lat' dir='ltr'><strong>liberum</strong></span> <span class='ocrx_word' id='word_1_357' title='bbox 3362 1567 3487 1623; x_wconf 89' lang='lat' dir='ltr'><strong>tolli</strong></span> <span class='ocrx_word' id='word_1_358' title='bbox 3520 1570 3675 1625; x_wconf 89' lang='lat' dir='ltr'><strong>arbi-</strong></span> 
     </span>
    </p>
   </div>
   <div class='ocr_carea' id='block_1_47' title="bbox 2026 1650 3673 1727">
    <p class='ocr_par' dir='ltr' id='par_1_47' title="bbox 2026 1650 3673 1727">
     <span class='ocr_line' id='line_1_47' title="bbox 2026 1650 3673 1727; baseline 0.006 -24"><span class='ocrx_word' id='word_1_359' title='bbox 2026 1650 2228 1717; x_wconf 90' lang='lat' dir='ltr'><strong>trium,</strong></span> <span class='ocrx_word' id='word_1_360' title='bbox 2265 1652 2365 1706; x_wconf 89' lang='lat' dir='ltr'><strong>sed</strong></span> <span class='ocrx_word' id='word_1_361' title='bbox 2407 1668 2620 1708; x_wconf 88' lang='lat' dir='ltr'><strong>causas</strong></span> <span class='ocrx_word' id='word_1_362' title='bbox 2671 1657 2804 1709; x_wconf 91' lang='lat' dir='ltr'><strong>ante</strong></span> <span class='ocrx_word' id='word_1_363' title='bbox 2853 1655 3198 1725; x_wconf 63' lang='lat' dir='ltr'><strong>praicedere,</strong></span> <span class='ocrx_word' id='word_1_364' title='bbox 3248 1672 3428 1727; x_wconf 89' lang='lat' dir='ltr'><strong>quare</strong></span> <span class='ocrx_word' id='word_1_365' title='bbox 3460 1674 3673 1713; x_wconf 91' lang='lat' dir='ltr'><strong>unum-</strong></span> 
     </span>
    </p>
   </div>
   <div class='ocr_carea' id='block_1_48' title="bbox 2027 1739 2795 1809">
    <p class='ocr_par' dir='ltr' id='par_1_48' title="bbox 2027 1739 2795 1809">
     <span class='ocr_line' id='line_1_48' title="bbox 2027 1739 2795 1809; baseline 0.007 -17"><span class='ocrx_word' id='word_1_366' title='bbox 2027 1739 2303 1809; x_wconf 90' lang='lat' dir='ltr'><strong>quodque</strong></span> <span class='ocrx_word' id='word_1_367' title='bbox 2332 1740 2418 1795; x_wconf 89' lang='lat' dir='ltr'><strong>sic</strong></span> <span class='ocrx_word' id='word_1_368' title='bbox 2449 1741 2666 1797; x_wconf 74' lang='lat' dir='ltr'><strong>factum</strong></span> <span class='ocrx_word' id='word_1_369' title='bbox 2700 1742 2795 1798; x_wconf 91' lang='lat' dir='ltr'><strong>sit.</strong></span> 
     </span>
    </p>
   </div>
   <div class='ocr_carea' id='block_1_49' title="bbox 2097 1828 3671 1905">
    <p class='ocr_par' dir='ltr' id='par_1_49' title="bbox 2097 1828 3671 1905">
     <span class='ocr_line' id='line_1_49' title="bbox 2097 1828 3671 1905; baseline 0.008 -28"><span class='ocrx_word' id='word_1_370' title='bbox 2097 1849 2125 1877; x_wconf 91' lang='grc'><strong>‹‹</strong></span> <span class='ocrx_word' id='word_1_371' title='bbox 2154 1828 2300 1893; x_wconf 87' lang='lat' dir='ltr'><strong>Quia</strong></span> <span class='ocrx_word' id='word_1_372' title='bbox 2344 1834 2485 1884; x_wconf 90' lang='lat' dir='ltr'><strong>sunt</strong></span> <span class='ocrx_word' id='word_1_373' title='bbox 2529 1831 2704 1887; x_wconf 90' lang='lat' dir='ltr'><strong>verba</strong></span> <span class='ocrx_word' id='word_1_374' title='bbox 2725 1831 2911 1889; x_wconf 90' lang='lat' dir='ltr'><strong>multa</strong></span> <span class='ocrx_word' id='word_1_375' title='bbox 2938 1834 2960 1867; x_wconf 76' lang='grc'><strong>⁴</strong></span> <span class='ocrx_word' id='word_1_376' title='bbox 3005 1831 3456 1905; x_wconf 89' lang='lat' dir='ltr'><strong>multiplicantia</strong></span> <span class='ocrx_word' id='word_1_377' title='bbox 3502 1832 3671 1889; x_wconf 88' lang='lat' dir='ltr'><strong>vani-</strong></span> 
     </span>
    </p>
   </div>
   <div class='ocr_carea' id='block_1_50' title="bbox 1949 1876 3678 1995">
    <p class='ocr_par' dir='ltr' id='par_1_50' title="bbox 1949 1876 3678 1995">
     <span class='ocr_line' id='line_1_50' title="bbox 1949 1876 3678 1995; baseline 0.005 -26"><span class='ocrx_word' id='word_1_378' title='bbox 1949 1876 1995 1941; x_wconf 81' lang='grc' dir='ltr'>Β</span> <span class='ocrx_word' id='word_1_379' title='bbox 2028 1876 2228 1971; x_wconf 69' lang='lat' dir='ltr'><strong>tatem.</strong></span> <span class='ocrx_word' id='word_1_380' title='bbox 2262 1917 2410 1981; x_wconf 82' lang='lat' dir='ltr'><strong>Quid</strong></span> <span class='ocrx_word' id='word_1_381' title='bbox 2442 1926 2533 1974; x_wconf 89' lang='lat' dir='ltr'><strong>est</strong></span> <span class='ocrx_word' id='word_1_382' title='bbox 2561 1919 2819 1991; x_wconf 88' lang='lat' dir='ltr'><strong>amplius</strong></span> <span class='ocrx_word' id='word_1_383' title='bbox 2847 1920 3071 1976; x_wconf 91' lang='lat' dir='ltr'><strong>homini</strong></span> <span class='ocrx_word' id='word_1_384' title='bbox 3101 1922 3122 1955; x_wconf 80' lang='grc'>⁸</span> <span class='ocrx_word' id='word_1_385' title='bbox 3142 1876 3339 1985; x_wconf 58' lang='lat' dir='ltr'><strong>irQuis</strong></span> <span class='ocrx_word' id='word_1_386' title='bbox 3369 1921 3526 1977; x_wconf 85' lang='lat' dir='ltr'><strong>enim</strong></span> <span class='ocrx_word' id='word_1_387' title='bbox 3548 1938 3678 1995; x_wconf 82' lang='lat' dir='ltr'><strong>cog-</strong></span> 
     </span>
    </p>
   </div>
   <div class='ocr_carea' id='block_1_51' title="bbox 2032 2006 3677 2078">
    <p class='ocr_par' dir='ltr' id='par_1_51' title="bbox 2032 2006 3677 2078">
     <span class='ocr_line' id='line_1_51' title="bbox 2032 2006 3677 2078; baseline 0.005 -20"><span class='ocrx_word' id='word_1_388' title='bbox 2032 2007 2191 2060; x_wconf 87' lang='lat' dir='ltr'><strong>novit</strong></span> <span class='ocrx_word' id='word_1_389' title='bbox 2250 2006 2389 2076; x_wconf 92' lang='lat' dir='ltr'><strong>quid</strong></span> <span class='ocrx_word' id='word_1_390' title='bbox 2441 2008 2520 2064; x_wconf 92' lang='lat' dir='ltr'><strong>sit</strong></span> <span class='ocrx_word' id='word_1_391' title='bbox 2576 2010 2797 2063; x_wconf 91' lang='lat' dir='ltr'><strong>bonum</strong></span> <span class='ocrx_word' id='word_1_392' title='bbox 2857 2009 3081 2064; x_wconf 90' lang='lat' dir='ltr'><strong>homini</strong></span> <span class='ocrx_word' id='word_1_393' title='bbox 3140 2010 3200 2065; x_wconf 91' lang='lat' dir='ltr'><strong>in</strong></span> <span class='ocrx_word' id='word_1_394' title='bbox 3259 2012 3396 2078; x_wconf 90' lang='lat' dir='ltr'><strong>vita,</strong></span> <span class='ocrx_word' id='word_1_395' title='bbox 3432 2027 3677 2067; x_wconf 91' lang='lat' dir='ltr'><strong>numero</strong></span> 
     </span>
    </p>
   </div>
   <div class='ocr_carea' id='block_1_52' title="bbox 2030 2094 3675 2171">
    <p class='ocr_par' dir='ltr' id='par_1_52' title="bbox 2030 2094 3675 2171">
     <span class='ocr_line' id='line_1_52' title="bbox 2030 2094 3675 2171; baseline 0.004 -23"><span class='ocrx_word' id='word_1_396' title='bbox 2030 2094 2257 2149; x_wconf 91' lang='lat' dir='ltr'><strong>dierum</strong></span> <span class='ocrx_word' id='word_1_397' title='bbox 2289 2096 2418 2150; x_wconf 66' lang='lat' dir='ltr'><strong>vitae</strong></span> <span class='ocrx_word' id='word_1_398' title='bbox 2450 2098 2726 2153; x_wconf 87' lang='lat' dir='ltr'><strong>vanitatis</strong></span> <span class='ocrx_word' id='word_1_399' title='bbox 2763 2099 2892 2168; x_wconf 85' lang='lat' dir='ltr'><strong>ejus</strong></span> <span class='ocrx_word' id='word_1_400' title='bbox 2922 2102 2944 2152; x_wconf 72' lang='grc' dir='ltr'><strong><em>Ρ</em></strong></span> <span class='ocrx_word' id='word_1_401' title='bbox 2990 2102 3047 2153; x_wconf 90' lang='lat' dir='ltr'><strong>et</strong></span> <span class='ocrx_word' id='word_1_402' title='bbox 3100 2099 3269 2155; x_wconf 83' lang='lat' dir='ltr'><strong>faciet</strong></span> <span class='ocrx_word' id='word_1_403' title='bbox 3306 2116 3404 2154; x_wconf 91' lang='lat' dir='ltr'><strong>eos</strong></span> <span class='ocrx_word' id='word_1_404' title='bbox 3433 2100 3455 2133; x_wconf 79' lang='grc'>⁸</span> <span class='ocrx_word' id='word_1_405' title='bbox 3506 2100 3675 2171; x_wconf 90' lang='lat' dir='ltr'><strong>quasi</strong></span> 
     </span>
    </p>
   </div>
   <div class='ocr_carea' id='block_1_53' title="bbox 2032 2184 3675 2259">
    <p class='ocr_par' dir='ltr' id='par_1_53' title="bbox 2032 2184 3675 2259">
     <span class='ocr_line' id='line_1_53' title="bbox 2032 2184 3675 2259; baseline 0.004 -23"><span class='ocrx_word' id='word_1_406' title='bbox 2032 2184 2325 2251; x_wconf 89' lang='lat' dir='ltr'><strong>umbram,</strong></span> <span class='ocrx_word' id='word_1_407' title='bbox 2359 2185 2499 2256; x_wconf 89' lang='lat' dir='ltr'><strong>quia</strong></span> <span class='ocrx_word' id='word_1_408' title='bbox 2531 2186 2664 2256; x_wconf 90' lang='lat' dir='ltr'><strong>quis</strong></span> <span class='ocrx_word' id='word_1_409' title='bbox 2695 2187 2849 2242; x_wconf 74' lang='lat'><strong>436</strong></span> <span class='ocrx_word' id='word_1_410' title='bbox 2876 2186 3250 2242; x_wconf 88' lang='lat' dir='ltr'><strong>annuntiabit</strong></span> <span class='ocrx_word' id='word_1_411' title='bbox 3268 2187 3514 2254; x_wconf 90' lang='lat' dir='ltr'><strong>homini,</strong></span> <span class='ocrx_word' id='word_1_412' title='bbox 3534 2188 3675 2259; x_wconf 92' lang='lat' dir='ltr'><strong>quid</strong></span> 
     </span>
    </p>
   </div>
   <div class='ocr_carea' id='block_1_54' title="bbox 2028 2270 3677 2347">
    <p class='ocr_par' dir='ltr' id='par_1_54' title="bbox 2028 2270 3677 2347">
     <span class='ocr_line' id='line_1_54' title="bbox 2028 2270 3677 2347; baseline 0.004 -23"><span class='ocrx_word' id='word_1_413' title='bbox 2028 2270 2103 2325; x_wconf 90' lang='lat' dir='ltr'><strong>sit</strong></span> <span class='ocrx_word' id='word_1_414' title='bbox 2131 2275 2264 2342; x_wconf 89' lang='lat' dir='ltr'><strong>post</strong></span> <span class='ocrx_word' id='word_1_415' title='bbox 2289 2288 2424 2327; x_wconf 91' lang='lat' dir='ltr'><strong>eum</strong></span> <span class='ocrx_word' id='word_1_416' title='bbox 2456 2274 2567 2329; x_wconf 90' lang='lat' dir='ltr'><strong>sub</strong></span> <span class='ocrx_word' id='word_1_417' title='bbox 2601 2274 2771 2329; x_wconf 85' lang='lat' dir='ltr'><strong>sole?</strong></span> <span class='ocrx_word' id='word_1_418' title='bbox 2803 2297 2830 2323; x_wconf 88' lang='grc'><strong>››</strong></span> <span class='ocrx_word' id='word_1_419' title='bbox 2865 2279 3030 2341; x_wconf 91' lang='lat' dir='ltr'><strong>Cum,</strong></span> <span class='ocrx_word' id='word_1_420' title='bbox 3061 2275 3272 2347; x_wconf 90' lang='lat' dir='ltr'><strong>inquit,</strong></span> <span class='ocrx_word' id='word_1_421' title='bbox 3308 2274 3538 2346; x_wconf 84' lang='lat' dir='ltr'><strong>ignoret</strong></span> <span class='ocrx_word' id='word_1_422' title='bbox 3567 2276 3677 2330; x_wconf 93' lang='lat' dir='ltr'><strong>ho-</strong></span> 
     </span>
    </p>
   </div>
   <div class='ocr_carea' id='block_1_55' title="bbox 2030 2360 3678 2434">
    <p class='ocr_par' dir='ltr' id='par_1_55' title="bbox 2030 2360 3678 2434">
     <span class='ocr_line' id='line_1_55' title="bbox 2030 2360 3678 2434; baseline 0.003 -21"><span class='ocrx_word' id='word_1_423' title='bbox 2030 2375 2125 2414; x_wconf 91' lang='lat' dir='ltr'><strong>mo</strong></span> <span class='ocrx_word' id='word_1_424' title='bbox 2156 2360 2226 2414; x_wconf 91' lang='lat' dir='ltr'><strong>de</strong></span> <span class='ocrx_word' id='word_1_425' title='bbox 2271 2365 2426 2416; x_wconf 90' lang='lat' dir='ltr'><strong>statu</strong></span> <span class='ocrx_word' id='word_1_426' title='bbox 2475 2378 2602 2429; x_wconf 92' lang='lat' dir='ltr'><strong>suo,</strong></span> <span class='ocrx_word' id='word_1_427' title='bbox 2655 2367 2712 2418; x_wconf 91' lang='lat' dir='ltr'><strong>et</strong></span> <span class='ocrx_word' id='word_1_428' title='bbox 2755 2379 3117 2434; x_wconf 69' lang='lat' dir='ltr'><strong>quaecunque</strong></span> <span class='ocrx_word' id='word_1_429' title='bbox 3163 2363 3393 2418; x_wconf 88' lang='lat' dir='ltr'><strong>videtur</strong></span> <span class='ocrx_word' id='word_1_430' title='bbox 3442 2362 3589 2418; x_wconf 90' lang='lat' dir='ltr'><strong>scire</strong></span> <span class='ocrx_word' id='word_1_431' title='bbox 3619 2367 3678 2419; x_wconf 91' lang='lat' dir='ltr'><strong>et</strong></span> 
     </span>
    </p>
   </div>
   <div class='ocr_carea' id='block_1_56' title="bbox 2028 2450 3673 2523">
    <p class='ocr_par' dir='ltr' id='par_1_56' title="bbox 2028 2450 3673 2523">
     <span class='ocr_line' id='line_1_56' title="bbox 2028 2450 3673 2523; baseline 0.004 -23"><span class='ocrx_word' id='word_1_432' title='bbox 2028 2463 2282 2514; x_wconf 91' lang='lat' dir='ltr'><strong>cernere,</strong></span> <span class='ocrx_word' id='word_1_433' title='bbox 2315 2466 2429 2504; x_wconf 91' lang='lat' dir='ltr'><strong>non</strong></span> <span class='ocrx_word' id='word_1_434' title='bbox 2474 2455 2538 2505; x_wconf 91' lang='lat' dir='ltr'><strong>ut</strong></span> <span class='ocrx_word' id='word_1_435' title='bbox 2568 2467 2630 2505; x_wconf 91' lang='lat' dir='ltr'><strong>se</strong></span> <span class='ocrx_word' id='word_1_436' title='bbox 2658 2451 2739 2506; x_wconf 90' lang='lat' dir='ltr'><strong>rei</strong></span> <span class='ocrx_word' id='word_1_437' title='bbox 2771 2450 2944 2506; x_wconf 81' lang='lat' dir='ltr'><strong>habet</strong></span> <span class='ocrx_word' id='word_1_438' title='bbox 2988 2452 3223 2519; x_wconf 88' lang='lat' dir='ltr'><strong>veritas,</strong></span> <span class='ocrx_word' id='word_1_439' title='bbox 3278 2451 3378 2506; x_wconf 91' lang='lat' dir='ltr'><strong>sed</strong></span> <span class='ocrx_word' id='word_1_440' title='bbox 3410 2467 3515 2523; x_wconf 92' lang='lat' dir='ltr'><strong>per</strong></span> <span class='ocrx_word' id='word_1_441' title='bbox 3543 2466 3673 2523; x_wconf 84' lang='lat' dir='ltr'><strong>spe-</strong></span> 
     </span>
    </p>
   </div>
   <div class='ocr_carea' id='block_1_57' title="bbox 2028 2535 3675 2612">
    <p class='ocr_par' dir='ltr' id='par_1_57' title="bbox 2028 2535 3675 2612">
     <span class='ocr_line' id='line_1_57' title="bbox 2028 2535 3675 2612; baseline 0.004 -22"><span class='ocrx_word' id='word_1_442' title='bbox 2028 2535 2250 2606; x_wconf 91' lang='lat' dir='ltr'><strong>culum,</strong></span> <span class='ocrx_word' id='word_1_443' title='bbox 2284 2542 2339 2592; x_wconf 89' lang='lat' dir='ltr'><strong>et</strong></span> <span class='ocrx_word' id='word_1_444' title='bbox 2369 2540 2640 2595; x_wconf 84' lang='lat' dir='ltr'><strong>umbram</strong></span> <span class='ocrx_word' id='word_1_445' title='bbox 2671 2544 2727 2595; x_wconf 91' lang='lat' dir='ltr'><strong>et</strong></span> <span class='ocrx_word' id='word_1_446' title='bbox 2755 2539 3072 2612; x_wconf 84' lang='lat' dir='ltr'><strong>imaginem</strong></span> <span class='ocrx_word' id='word_1_447' title='bbox 3103 2540 3317 2606; x_wconf 90' lang='lat' dir='ltr'><strong>videat,</strong></span> <span class='ocrx_word' id='word_1_448' title='bbox 3353 2556 3456 2595; x_wconf 91' lang='lat' dir='ltr'><strong>nec</strong></span> <span class='ocrx_word' id='word_1_449' title='bbox 3478 2539 3675 2596; x_wconf 83' lang='lat' dir='ltr'><strong>futura</strong></span> 
     </span>
    </p>
   </div>
   <div class='ocr_carea' id='block_1_58' title="bbox 2028 2621 3779 2702">
    <p class='ocr_par' dir='ltr' id='par_1_58' title="bbox 2028 2621 3779 2702">
     <span class='ocr_line' id='line_1_58' title="bbox 2028 2621 3779 2702; baseline 0.003 -23"><span class='ocrx_word' id='word_1_450' title='bbox 2028 2632 2361 2697; x_wconf 85' lang='lat' dir='ltr'><strong>cognoscat,</strong></span> <span class='ocrx_word' id='word_1_451' title='bbox 2386 2628 2518 2682; x_wconf 89' lang='lat' dir='ltr'><strong>etin</strong></span> <span class='ocrx_word' id='word_1_452' title='bbox 2543 2627 2913 2701; x_wconf 89' lang='lat' dir='ltr'><strong>multiloquio</strong></span> <span class='ocrx_word' id='word_1_453' title='bbox 2937 2646 3049 2685; x_wconf 90' lang='lat' dir='ltr'><strong>non</strong></span> <span class='ocrx_word' id='word_1_454' title='bbox 3075 2630 3314 2701; x_wconf 76' lang='lat' dir='ltr'><strong>effugiat</strong></span> <span class='ocrx_word' id='word_1_455' title='bbox 3330 2634 3669 2702; x_wconf 88' lang='lat' dir='ltr'><strong>peccatum;</strong></span> <span class='ocrx_word' id='word_1_456' title='bbox 3762 2621 3779 2634; x_wconf 71' lang='grc'><strong>“</strong></span> 
     </span>
    </p>
   </div>
   <div class='ocr_carea' id='block_1_59' title="bbox 2027 2712 3672 2789">
    <p class='ocr_par' dir='ltr' id='par_1_59' title="bbox 2027 2712 3672 2789">
     <span class='ocr_line' id='line_1_59' title="bbox 2027 2712 3672 2789; baseline 0.002 -21"><span class='ocrx_word' id='word_1_457' title='bbox 2027 2712 2329 2770; x_wconf 89' lang='lat' dir='ltr'><strong>silentium</strong></span> <span class='ocrx_word' id='word_1_458' title='bbox 2363 2722 2541 2787; x_wconf 88' lang='lat' dir='ltr'><strong>ponat</strong></span> <span class='ocrx_word' id='word_1_459' title='bbox 2571 2719 2655 2772; x_wconf 93' lang='lat' dir='ltr'><strong>ori</strong></span> <span class='ocrx_word' id='word_1_460' title='bbox 2695 2735 2821 2785; x_wconf 91' lang='lat' dir='ltr'><strong>suo,</strong></span> <span class='ocrx_word' id='word_1_461' title='bbox 2854 2723 2910 2773; x_wconf 89' lang='lat' dir='ltr'><strong>et</strong></span> <span class='ocrx_word' id='word_1_462' title='bbox 2938 2718 3138 2774; x_wconf 85' lang='lat' dir='ltr'><strong>credat</strong></span> <span class='ocrx_word' id='word_1_463' title='bbox 3164 2735 3301 2774; x_wconf 90' lang='lat' dir='ltr'><strong>eum</strong></span> <span class='ocrx_word' id='word_1_464' title='bbox 3324 2717 3551 2775; x_wconf 89' lang='lat' dir='ltr'><strong>venisse</strong></span> <span class='ocrx_word' id='word_1_465' title='bbox 3573 2718 3672 2789; x_wconf 91' lang='lat' dir='ltr'><strong>qui</strong></span> 
     </span>
    </p>
   </div>
   <div class='ocr_carea' id='block_1_60' title="bbox 2026 2803 3671 2879">
    <p class='ocr_par' dir='ltr' id='par_1_60' title="bbox 2026 2803 3671 2879">
     <span class='ocr_line' id='line_1_60' title="bbox 2026 2803 3671 2879; baseline 0.004 -23"><span class='ocrx_word' id='word_1_466' title='bbox 2026 2803 2283 2873; x_wconf 90' lang='lat' dir='ltr'><strong>scriptus</strong></span> <span class='ocrx_word' id='word_1_467' title='bbox 2314 2809 2421 2875; x_wconf 90' lang='lat' dir='ltr'><strong>est,</strong></span> <span class='ocrx_word' id='word_1_468' title='bbox 2454 2807 2769 2877; x_wconf 91' lang='lat' dir='ltr'><strong>quomodo,</strong></span> <span class='ocrx_word' id='word_1_469' title='bbox 2801 2812 2857 2861; x_wconf 91' lang='lat' dir='ltr'><strong>et</strong></span> <span class='ocrx_word' id='word_1_470' title='bbox 2886 2810 3163 2878; x_wconf 87' lang='lat' dir='ltr'><strong>quantus,</strong></span> <span class='ocrx_word' id='word_1_471' title='bbox 3187 2811 3242 2863; x_wconf 90' lang='lat' dir='ltr'><strong>et</strong></span> <span class='ocrx_word' id='word_1_472' title='bbox 3272 2806 3465 2879; x_wconf 88' lang='lat' dir='ltr'><strong>qualis</strong></span> <span class='ocrx_word' id='word_1_473' title='bbox 3496 2818 3671 2862; x_wconf 76' lang='lat' dir='ltr'><strong>Vene-</strong></span> 
     </span>
    </p>
   </div>
   <div class='ocr_carea' id='block_1_61' title="bbox 2026 2889 2640 2965">
    <p class='ocr_par' dir='ltr' id='par_1_61' title="bbox 2026 2889 2640 2965">
     <span class='ocr_line' id='line_1_61' title="bbox 2026 2889 2640 2965; baseline 0.008 -21"><span class='ocrx_word' id='word_1_474' title='bbox 2026 2889 2121 2957; x_wconf 92' lang='lat' dir='ltr'><strong>rit,</strong></span> <span class='ocrx_word' id='word_1_475' title='bbox 2156 2909 2271 2947; x_wconf 92' lang='lat' dir='ltr'><strong>non</strong></span> <span class='ocrx_word' id='word_1_476' title='bbox 2316 2895 2640 2965; x_wconf 88' lang='lat' dir='ltr'><strong>requirens.</strong></span> 
     </span>
    </p>
   </div>
   <div class='ocr_carea' id='block_1_62' title="bbox 2098 2979 3669 3055">
    <p class='ocr_par' dir='ltr' id='par_1_62' title="bbox 2098 2979 3669 3055">
     <span class='ocr_line' id='line_1_62' title="bbox 2098 2979 3669 3055; baseline 0.003 -21"><span class='ocrx_word' id='word_1_477' title='bbox 2098 2979 2256 3051; x_wconf 89' lang='lat' dir='ltr'><strong>(Cap.</strong></span> <span class='ocrx_word' id='word_1_478' title='bbox 2299 2981 2444 3051; x_wconf 88' lang='lat' dir='ltr'><strong>VII.)</strong></span> <span class='ocrx_word' id='word_1_479' title='bbox 2494 3003 2522 3031; x_wconf 82' lang='lat'>«</span> <span class='ocrx_word' id='word_1_480' title='bbox 2572 2988 2796 3037; x_wconf 90' lang='lat' dir='ltr'><strong>Bonum</strong></span> <span class='ocrx_word' id='word_1_481' title='bbox 2846 2988 2935 3038; x_wconf 91' lang='lat' dir='ltr'><strong>est</strong></span> <span class='ocrx_word' id='word_1_482' title='bbox 2980 2998 3192 3038; x_wconf 89' lang='lat' dir='ltr'><strong>nomen</strong></span> <span class='ocrx_word' id='word_1_483' title='bbox 3246 2998 3424 3055; x_wconf 91' lang='lat' dir='ltr'><strong>super</strong></span> <span class='ocrx_word' id='word_1_484' title='bbox 3472 2981 3669 3051; x_wconf 88' lang='lat' dir='ltr'><strong>pleum</strong></span> 
     </span>
    </p>
   </div>
   <div class='ocr_carea' id='block_1_63' title="bbox 2025 3067 3668 3143">
    <p class='ocr_par' dir='ltr' id='par_1_63' title="bbox 2025 3067 3668 3143">
     <span class='ocr_line' id='line_1_63' title="bbox 2025 3067 3668 3143; baseline 0 -22"><span class='ocrx_word' id='word_1_485' title='bbox 2025 3067 2269 3135; x_wconf 89' lang='lat' dir='ltr'><strong>bonum,</strong></span> <span class='ocrx_word' id='word_1_486' title='bbox 2306 3071 2502 3126; x_wconf 89' lang='lat' dir='ltr'><strong>etdies</strong></span> <span class='ocrx_word' id='word_1_487' title='bbox 2524 3071 2733 3127; x_wconf 92' lang='lat' dir='ltr'><strong>mortis</strong></span> <span class='ocrx_word' id='word_1_488' title='bbox 2756 3088 2930 3143; x_wconf 90' lang='lat' dir='ltr'><strong>super</strong></span> <span class='ocrx_word' id='word_1_489' title='bbox 2950 3071 3104 3127; x_wconf 90' lang='lat' dir='ltr'><strong>diem</strong></span> <span class='ocrx_word' id='word_1_490' title='bbox 3128 3071 3444 3127; x_wconf 85' lang='lat' dir='ltr'><strong>nativitatis</strong></span> <span class='ocrx_word' id='word_1_491' title='bbox 3464 3072 3613 3142; x_wconf 82' lang='lat' dir='ltr'><strong>ejus.</strong></span> <span class='ocrx_word' id='word_1_492' title='bbox 3640 3093 3668 3121; x_wconf 83' lang='grc'><strong>››</strong></span> 
     </span>
    </p>
   </div>
   <div class='ocr_carea' id='block_1_64' title="bbox 2025 3155 3674 3231">
    <p class='ocr_par' dir='ltr' id='par_1_64' title="bbox 2025 3155 3674 3231">
     <span class='ocr_line' id='line_1_64' title="bbox 2025 3155 3674 3231; baseline 0.003 -21"><span class='ocrx_word' id='word_1_493' title='bbox 2025 3155 2360 3226; x_wconf 86' lang='lat' dir='ltr'><strong>Considera,</strong></span> <span class='ocrx_word' id='word_1_494' title='bbox 2412 3158 2624 3231; x_wconf 86' lang='lat' dir='ltr'><strong>inquit,</strong></span> <span class='ocrx_word' id='word_1_495' title='bbox 2674 3177 2705 3214; x_wconf 94' lang='grc' dir='ltr'>ο</span> <span class='ocrx_word' id='word_1_496' title='bbox 2755 3159 2950 3228; x_wconf 91' lang='lat' dir='ltr'><strong>homo,</strong></span> <span class='ocrx_word' id='word_1_497' title='bbox 3005 3160 3131 3216; x_wconf 90' lang='lat' dir='ltr'><strong>dies</strong></span> <span class='ocrx_word' id='word_1_498' title='bbox 3180 3164 3314 3216; x_wconf 91' lang='lat' dir='ltr'><strong>tuos</strong></span> <span class='ocrx_word' id='word_1_499' title='bbox 3362 3161 3582 3229; x_wconf 88' lang='lat' dir='ltr'><strong>breves,</strong></span> <span class='ocrx_word' id='word_1_500' title='bbox 3616 3165 3674 3217; x_wconf 91' lang='lat' dir='ltr'><strong>et</strong></span> 
     </span>
    </p>
   </div>
   <div class='ocr_carea' id='block_1_65' title="bbox 260 3244 3669 3320">
    <p class='ocr_par' dir='ltr' id='par_1_65' title="bbox 260 3244 3669 3320">
     <span class='ocr_line' id='line_1_65' title="bbox 260 3244 3669 3320; baseline -0.001 -13"><span class='ocrx_word' id='word_1_501' title='bbox 260 3251 411 3307; x_wconf 88' lang='lat' dir='ltr'><strong>bum</strong></span> <span class='ocrx_word' id='word_1_502' title='bbox 443 3254 500 3305; x_wconf 91' lang='lat' dir='ltr'><strong>et</strong></span> <span class='ocrx_word' id='word_1_503' title='bbox 546 3248 658 3304; x_wconf 91' lang='lat' dir='ltr'><strong>sibi</strong></span> <span class='ocrx_word' id='word_1_504' title='bbox 703 3248 1029 3320; x_wconf 85' lang='lat' dir='ltr'><strong>placentem</strong></span> <span class='ocrx_word' id='word_1_505' title='bbox 1073 3248 1284 3320; x_wconf 86' lang='lat' dir='ltr'><strong>arguit,</strong></span> <span class='ocrx_word' id='word_1_506' title='bbox 1334 3252 1390 3302; x_wconf 92' lang='lat' dir='ltr'><strong>et</strong></span> <span class='ocrx_word' id='word_1_507' title='bbox 1441 3248 1740 3303; x_wconf 89' lang='lat' dir='ltr'><strong>meliorem</strong></span> <span class='ocrx_word' id='word_1_508' title='bbox 1772 3249 1914 3305; x_wconf 89' lang='lat' dir='ltr'><strong>dicit</strong></span> <span class='ocrx_word' id='word_1_509' title='bbox 1943 3244 1985 3311; x_wconf 85' lang='lat' dir='ltr'><strong>C</strong></span> <span class='ocrx_word' id='word_1_510' title='bbox 2024 3245 2166 3316; x_wconf 87' lang='lat' dir='ltr'><strong>quia</strong></span> <span class='ocrx_word' id='word_1_511' title='bbox 2195 3246 2308 3302; x_wconf 90' lang='lat' dir='ltr'><strong>cito</strong></span> <span class='ocrx_word' id='word_1_512' title='bbox 2338 3264 2488 3311; x_wconf 89' lang='lat' dir='ltr'><strong>esse,</strong></span> <span class='ocrx_word' id='word_1_513' title='bbox 2519 3248 2712 3304; x_wconf 88' lang='lat' dir='ltr'><strong>soluta</strong></span> <span class='ocrx_word' id='word_1_514' title='bbox 2741 3265 2931 3313; x_wconf 90' lang='lat' dir='ltr'><strong>carne,</strong></span> <span class='ocrx_word' id='word_1_515' title='bbox 2980 3250 3275 3306; x_wconf 88' lang='lat' dir='ltr'><strong>cessabis:</strong></span> <span class='ocrx_word' id='word_1_516' title='bbox 3310 3249 3398 3304; x_wconf 91' lang='lat' dir='ltr'><strong>fac</strong></span> <span class='ocrx_word' id='word_1_517' title='bbox 3445 3249 3552 3304; x_wconf 85' lang='lat' dir='ltr'><strong>tibi</strong></span> <span class='ocrx_word' id='word_1_518' title='bbox 3582 3250 3669 3304; x_wconf 87' lang='lat' dir='ltr'><strong>fa-</strong></span> 
     </span>
    </p>
   </div>
   <div class='ocr_carea' id='block_1_66' title="bbox 262 3335 1914 3409">
    <p class='ocr_par' dir='ltr' id='par_1_66' title="bbox 262 3335 1914 3409">
     <span class='ocr_line' id='line_1_66' title="bbox 262 3335 1914 3409; baseline -0.003 -13"><span class='ocrx_word' id='word_1_519' title='bbox 262 3356 398 3396; x_wconf 86' lang='lat' dir='ltr'><strong>esse</strong></span> <span class='ocrx_word' id='word_1_520' title='bbox 426 3355 587 3403; x_wconf 90' lang='lat' dir='ltr'><strong>eum,</strong></span> <span class='ocrx_word' id='word_1_521' title='bbox 619 3336 720 3409; x_wconf 90' lang='lat' dir='ltr'><strong>qui</strong></span> <span class='ocrx_word' id='word_1_522' title='bbox 759 3341 969 3391; x_wconf 89' lang='lat' dir='ltr'><strong>cuncta</strong></span> <span class='ocrx_word' id='word_1_523' title='bbox 1005 3336 1324 3408; x_wconf 88' lang='lat' dir='ltr'><strong>provideat,</strong></span> <span class='ocrx_word' id='word_1_524' title='bbox 1373 3352 1552 3407; x_wconf 92' lang='lat' dir='ltr'><strong>quam</strong></span> <span class='ocrx_word' id='word_1_525' title='bbox 1598 3335 1790 3405; x_wconf 89' lang='lat' dir='ltr'><strong>illum,</strong></span> <span class='ocrx_word' id='word_1_526' title='bbox 1821 3338 1914 3393; x_wconf 93' lang='lat' dir='ltr'><strong>cui</strong></span> 
     </span>
    </p>
   </div>
   <div class='ocr_carea' id='block_1_67' title="bbox 265 3424 1917 3500">
    <p class='ocr_par' dir='ltr' id='par_1_67' title="bbox 265 3424 1917 3500">
     <span class='ocr_line' id='line_1_67' title="bbox 265 3424 1917 3500; baseline -0.001 -17"><span class='ocrx_word' id='word_1_527' title='bbox 265 3428 418 3483; x_wconf 89' lang='lat' dir='ltr'><strong>nihil</strong></span> <span class='ocrx_word' id='word_1_528' title='bbox 448 3427 659 3500; x_wconf 88' lang='lat' dir='ltr'><strong>placet,</strong></span> <span class='ocrx_word' id='word_1_529' title='bbox 687 3424 801 3481; x_wconf 92' lang='lat' dir='ltr'><strong>nisi</strong></span> <span class='ocrx_word' id='word_1_530' title='bbox 833 3426 989 3498; x_wconf 92' lang='lat' dir='ltr'><strong>quod</strong></span> <span class='ocrx_word' id='word_1_531' title='bbox 1031 3424 1158 3497; x_wconf 91' lang='lat' dir='ltr'><strong>ipse</strong></span> <span class='ocrx_word' id='word_1_532' title='bbox 1204 3424 1438 3480; x_wconf 83' lang='lat' dir='ltr'><strong>fecerit:</strong></span> <span class='ocrx_word' id='word_1_533' title='bbox 1486 3442 1600 3497; x_wconf 93' lang='lat' dir='ltr'><strong>quo</strong></span> <span class='ocrx_word' id='word_1_534' title='bbox 1651 3425 1793 3481; x_wconf 91' lang='lat' dir='ltr'><strong>nihil</strong></span> <span class='ocrx_word' id='word_1_535' title='bbox 1827 3431 1917 3482; x_wconf 90' lang='lat' dir='ltr'><strong>est</strong></span> 
     </span>
    </p>
   </div>
   <div class='ocr_carea' id='block_1_68' title="bbox 264 3512 1912 3583">
    <p class='ocr_par' dir='ltr' id='par_1_68' title="bbox 264 3512 1912 3583">
     <span class='ocr_line' id='line_1_68' title="bbox 264 3512 1912 3583; baseline -0.002 -11"><span class='ocrx_word' id='word_1_536' title='bbox 264 3515 553 3583; x_wconf 87' lang='lat' dir='ltr'><strong>deterius,</strong></span> <span class='ocrx_word' id='word_1_537' title='bbox 599 3519 658 3570; x_wconf 92' lang='lat' dir='ltr'><strong>et</strong></span> <span class='ocrx_word' id='word_1_538' title='bbox 705 3513 866 3570; x_wconf 90' lang='lat' dir='ltr'><strong>omni</strong></span> <span class='ocrx_word' id='word_1_539' title='bbox 911 3518 1086 3569; x_wconf 89' lang='lat' dir='ltr'><strong>vento</strong></span> <span class='ocrx_word' id='word_1_540' title='bbox 1134 3512 1391 3569; x_wconf 90' lang='lat' dir='ltr'><strong>inanius.</strong></span> <span class='ocrx_word' id='word_1_541' title='bbox 1440 3514 1693 3569; x_wconf 86' lang='lat' dir='ltr'><strong>Rursum</strong></span> <span class='ocrx_word' id='word_1_542' title='bbox 1735 3518 1791 3569; x_wconf 90' lang='lat' dir='ltr'><strong>et</strong></span> <span class='ocrx_word' id='word_1_543' title='bbox 1820 3514 1912 3569; x_wconf 91' lang='lat' dir='ltr'><strong>hic</strong></span> 
     </span>
    </p>
   </div>
   <div class='ocr_carea' id='block_1_69' title="bbox 259 3601 1910 3676">
    <p class='ocr_par' dir='ltr' id='par_1_69' title="bbox 259 3601 1910 3676">
     <span class='ocr_line' id='line_1_69' title="bbox 259 3601 1910 3676; baseline -0.002 -16"><span class='ocrx_word' id='word_1_544' title='bbox 259 3605 740 3676; x_wconf 63' lang='lat' dir='ltr'><strong>prmumptiorcm</strong></span> <span class='ocrx_word' id='word_1_545' title='bbox 776 3604 1025 3674; x_wconf 77' lang='lat' dir='ltr'><strong>spiritus,</strong></span> <span class='ocrx_word' id='word_1_546' title='bbox 1075 3601 1287 3674; x_wconf 87' lang='lat' dir='ltr'><strong>Aquila</strong></span> <span class='ocrx_word' id='word_1_547' title='bbox 1334 3606 1391 3657; x_wconf 93' lang='lat' dir='ltr'><strong>et</strong></span> <span class='ocrx_word' id='word_1_548' title='bbox 1436 3602 1773 3672; x_wconf 90' lang='lat' dir='ltr'><strong>Theodotio,</strong></span> <span class='ocrx_word' id='word_1_549' title='bbox 1810 3620 1910 3673; x_wconf 85' lang='lat' dir='ltr'><strong>pa-</strong></span> 
     </span>
    </p>
   </div>
   <div class='ocr_carea' id='block_1_70' title="bbox 264 3691 1911 3763">
    <p class='ocr_par' dir='ltr' id='par_1_70' title="bbox 264 3691 1911 3763">
     <span class='ocr_line' id='line_1_70' title="bbox 264 3691 1911 3763; baseline -0.001 -14"><span class='ocrx_word' id='word_1_550' title='bbox 264 3695 501 3749; x_wconf 79' lang='lat' dir='ltr'><strong>stionem</strong></span> <span class='ocrx_word' id='word_1_551' title='bbox 526 3696 688 3761; x_wconf 81' lang='lat' dir='ltr'><strong>venti,</strong></span> <span class='ocrx_word' id='word_1_552' title='bbox 721 3691 1085 3763; x_wconf 88' lang='lat' dir='ltr'><strong>interpretati</strong></span> <span class='ocrx_word' id='word_1_553' title='bbox 1132 3696 1308 3746; x_wconf 91' lang='lat' dir='ltr'><strong>sunt:</strong></span> <span class='ocrx_word' id='word_1_554' title='bbox 1362 3691 1749 3763; x_wconf 85' lang='lat' dir='ltr'><strong>Symmachus</strong></span> <span class='ocrx_word' id='word_1_555' title='bbox 1779 3707 1911 3747; x_wconf 91' lang='lat' dir='ltr'><strong>vero</strong></span> 
     </span>
    </p>
   </div>
   <div class='ocr_carea' id='block_1_71' title="bbox 262 3780 1909 3853">
    <p class='ocr_par' dir='ltr' id='par_1_71' title="bbox 262 3780 1909 3853">
     <span class='ocr_line' id='line_1_71' title="bbox 262 3780 1909 3853; baseline -0.001 -16"><span class='ocrx_word' id='word_1_556' title='bbox 262 3782 601 3853; x_wconf 74' lang='lat' dir='ltr'><strong>affectionem</strong></span> <span class='ocrx_word' id='word_1_557' title='bbox 627 3783 871 3853; x_wconf 74' lang='lat' dir='ltr'><strong>spiritus.</strong></span> <span class='ocrx_word' id='word_1_558' title='bbox 905 3780 1080 3836; x_wconf 90' lang='lat' dir='ltr'><strong>Porro</strong></span> <span class='ocrx_word' id='word_1_559' title='bbox 1111 3780 1415 3836; x_wconf 86' lang='lat' dir='ltr'><strong>sciendum</strong></span> <span class='ocrx_word' id='word_1_560' title='bbox 1438 3784 1546 3847; x_wconf 88' lang='lat' dir='ltr'><strong>est,</strong></span> <span class='ocrx_word' id='word_1_561' title='bbox 1572 3780 1726 3851; x_wconf 92' lang='lat' dir='ltr'><strong>quod</strong></span> <span class='ocrx_word' id='word_1_562' title='bbox 1754 3780 1909 3851; x_wconf 90' lang='lat' dir='ltr'><strong>apud</strong></span> 
     </span>
    </p>
   </div>
   <div class='ocr_carea' id='block_1_72' title="bbox 255 3867 1912 3942">
    <p class='ocr_par' dir='ltr' id='par_1_72' title="bbox 255 3867 1912 3942">
     <span class='ocr_line' id='line_1_72' title="bbox 255 3867 1912 3942; baseline 0 -17"><span class='ocrx_word' id='word_1_563' title='bbox 255 3870 532 3927; x_wconf 65' lang='lat' dir='ltr'><strong>Hebraeos</strong></span> <span class='ocrx_word' id='word_1_564' title='bbox 562 3875 619 3926; x_wconf 87' lang='lat' dir='ltr'><strong>et</strong></span> <span class='ocrx_word' id='word_1_565' title='bbox 647 3869 888 3942; x_wconf 86' lang='lat' dir='ltr'><strong>spiritus</strong></span> <span class='ocrx_word' id='word_1_566' title='bbox 917 3873 976 3925; x_wconf 91' lang='lat' dir='ltr'><strong>et</strong></span> <span class='ocrx_word' id='word_1_567' title='bbox 1005 3873 1214 3925; x_wconf 88' lang='lat' dir='ltr'><strong>ventus</strong></span> <span class='ocrx_word' id='word_1_568' title='bbox 1244 3868 1517 3924; x_wconf 91' lang='lat' dir='ltr'><strong>similiter</strong></span> <span class='ocrx_word' id='word_1_569' title='bbox 1543 3867 1912 3940; x_wconf 90' lang='lat' dir='ltr'><strong>appellentur</strong></span> 
     </span>
    </p>
   </div>
   <div class='ocr_carea' id='block_1_73' title="bbox 252 3958 731 4027">
    <p class='ocr_par' dir='ltr' id='par_1_73' title="bbox 252 3958 731 4027">
     <span class='ocr_line' id='line_1_73' title="bbox 252 3958 731 4027; baseline -0.002 -13"><span class='ocrx_word' id='word_1_570' title='bbox 252 3958 314 4015; x_wconf 90' lang='lat' dir='ltr'><strong>id</strong></span> <span class='ocrx_word' id='word_1_571' title='bbox 348 3964 458 4027; x_wconf 91' lang='lat' dir='ltr'><strong>est,</strong></span> <span class='ocrx_word' id='word_1_572' title='bbox 492 3959 660 4015; x_wconf 56' lang='lat' dir='ltr'><strong>Ruaa</strong></span> <span class='ocrx_word' id='word_1_573' title='bbox 690 3960 731 4013; x_wconf 67' lang='grc'><strong>³.</strong></span> 
     </span>
    </p>
   </div>
   <div class='ocr_carea' id='block_1_74' title="bbox 327 4047 1910 4119">
    <p class='ocr_par' dir='ltr' id='par_1_74' title="bbox 327 4047 1910 4119">
     <span class='ocr_line' id='line_1_74' title="bbox 327 4047 1910 4119; baseline 0.004 -22"><span class='ocrx_word' id='word_1_574' title='bbox 327 4070 358 4097; x_wconf 71' lang='grc' dir='ltr'><strong>«ι</strong></span> <span class='ocrx_word' id='word_1_575' title='bbox 392 4048 542 4111; x_wconf 87' lang='lat' dir='ltr'><strong>Quid</strong></span> <span class='ocrx_word' id='word_1_576' title='bbox 574 4052 684 4115; x_wconf 92' lang='lat' dir='ltr'><strong>est,</strong></span> <span class='ocrx_word' id='word_1_577' title='bbox 717 4048 871 4119; x_wconf 92' lang='lat' dir='ltr'><strong>quod</strong></span> <span class='ocrx_word' id='word_1_578' title='bbox 904 4049 1169 4102; x_wconf 89' lang='lat' dir='ltr'><strong>futurum</strong></span> <span class='ocrx_word' id='word_1_579' title='bbox 1199 4047 1332 4102; x_wconf 84' lang='lat' dir='ltr'><strong>est?</strong></span> <span class='ocrx_word' id='word_1_580' title='bbox 1353 4047 1480 4117; x_wconf 90' lang='lat' dir='ltr'><strong>jam</strong></span> <span class='ocrx_word' id='word_1_581' title='bbox 1511 4052 1783 4103; x_wconf 87' lang='lat' dir='ltr'><strong>vocatum</strong></span> <span class='ocrx_word' id='word_1_582' title='bbox 1815 4054 1910 4104; x_wconf 90' lang='lat' dir='ltr'><strong>est</strong></span> 
     </span>
    </p>
   </div>
   <div class='ocr_carea' id='block_1_75' title="bbox 250 4135 1905 4209">
    <p class='ocr_par' dir='ltr' id='par_1_75' title="bbox 250 4135 1905 4209">
     <span class='ocr_line' id='line_1_75' title="bbox 250 4135 1905 4209; baseline -0.001 -15"><span class='ocrx_word' id='word_1_583' title='bbox 250 4153 473 4196; x_wconf 88' lang='lat' dir='ltr'><strong>nomen</strong></span> <span class='ocrx_word' id='word_1_584' title='bbox 504 4138 656 4208; x_wconf 85' lang='lat' dir='ltr'><strong>ejus,</strong></span> <span class='ocrx_word' id='word_1_585' title='bbox 686 4143 744 4193; x_wconf 91' lang='lat' dir='ltr'><strong>et</strong></span> <span class='ocrx_word' id='word_1_586' title='bbox 771 4136 1094 4209; x_wconf 89' lang='lat' dir='ltr'><strong>cognitum,</strong></span> <span class='ocrx_word' id='word_1_587' title='bbox 1149 4135 1288 4206; x_wconf 91' lang='lat' dir='ltr'><strong>quia</strong></span> <span class='ocrx_word' id='word_1_588' title='bbox 1335 4135 1510 4190; x_wconf 91' lang='lat' dir='ltr'><strong>homo</strong></span> <span class='ocrx_word' id='word_1_589' title='bbox 1560 4140 1671 4203; x_wconf 90' lang='lat' dir='ltr'><strong>est,</strong></span> <span class='ocrx_word' id='word_1_590' title='bbox 1702 4142 1759 4192; x_wconf 90' lang='lat' dir='ltr'><strong>et</strong></span> <span class='ocrx_word' id='word_1_591' title='bbox 1790 4154 1905 4193; x_wconf 93' lang='lat' dir='ltr'><strong>non</strong></span> 
     </span>
    </p>
   </div>
   <div class='ocr_carea' id='block_1_76' title="bbox 249 4224 1905 4300">
    <p class='ocr_par' dir='ltr' id='par_1_76' title="bbox 249 4224 1905 4300">
     <span class='ocr_line' id='line_1_76' title="bbox 249 4224 1905 4300; baseline -0.002 -18"><span class='ocrx_word' id='word_1_592' title='bbox 249 4226 474 4300; x_wconf 86' lang='lat' dir='ltr'><strong>poterit</strong></span> <span class='ocrx_word' id='word_1_593' title='bbox 494 4226 748 4297; x_wconf 87' lang='lat' dir='ltr'><strong>judicari</strong></span> <span class='ocrx_word' id='word_1_594' title='bbox 780 4241 918 4281; x_wconf 91' lang='lat' dir='ltr'><strong>cum</strong></span> <span class='ocrx_word' id='word_1_595' title='bbox 949 4224 1187 4280; x_wconf 80' lang='lat' dir='ltr'><strong>fortiore</strong></span> <span class='ocrx_word' id='word_1_596' title='bbox 1218 4240 1299 4279; x_wconf 91' lang='lat' dir='ltr'><strong>se.</strong></span> <span class='ocrx_word' id='word_1_597' title='bbox 1355 4247 1368 4272; x_wconf 89' lang='grc'>›</span> <span class='ocrx_word' id='word_1_598' title='bbox 1428 4225 1634 4295; x_wconf 83' lang='lat' dir='ltr'><strong>Aperte</strong></span> <span class='ocrx_word' id='word_1_599' title='bbox 1683 4226 1753 4281; x_wconf 91' lang='lat' dir='ltr'><strong>de</strong></span> <span class='ocrx_word' id='word_1_600' title='bbox 1782 4226 1905 4280; x_wconf 86' lang='lat' dir='ltr'><strong>Sal-</strong></span> 
     </span>
    </p>
   </div>
   <div class='ocr_carea' id='block_1_77' title="bbox 246 4312 1919 4387">
    <p class='ocr_par' dir='ltr' id='par_1_77' title="bbox 246 4312 1919 4387">
     <span class='ocr_line' id='line_1_77' title="bbox 246 4312 1919 4387; baseline -0.005 -16"><span class='ocrx_word' id='word_1_601' title='bbox 246 4315 476 4371; x_wconf 87' lang='lat' dir='ltr'><strong>vatoris</strong></span> <span class='ocrx_word' id='word_1_602' title='bbox 510 4315 855 4387; x_wconf 73' lang='lat' dir='ltr'><strong>praedicatur</strong></span> <span class='ocrx_word' id='word_1_603' title='bbox 883 4314 1161 4379; x_wconf 91' lang='lat' dir='ltr'><strong>adventu,</strong></span> <span class='ocrx_word' id='word_1_604' title='bbox 1195 4313 1353 4385; x_wconf 90' lang='lat' dir='ltr'><strong>quod</strong></span> <span class='ocrx_word' id='word_1_605' title='bbox 1396 4312 1497 4383; x_wconf 91' lang='lat' dir='ltr'><strong>qui</strong></span> <span class='ocrx_word' id='word_1_606' title='bbox 1530 4314 1764 4369; x_wconf 88' lang='lat' dir='ltr'><strong>futurus</strong></span> <span class='ocrx_word' id='word_1_607' title='bbox 1794 4319 1919 4376; x_wconf 65' lang='lat' dir='ltr'><strong>est,</strong></span> 
     </span>
    </p>
   </div>
   <div class='ocr_carea' id='block_1_78' title="bbox 246 4402 1907 4474">
    <p class='ocr_par' dir='ltr' id='par_1_78' title="bbox 246 4402 1907 4474">
     <span class='ocr_line' id='line_1_78' title="bbox 246 4402 1907 4474; baseline 0 -15"><span class='ocrx_word' id='word_1_608' title='bbox 246 4406 575 4474; x_wconf 86' lang='lat' dir='ltr'><strong>antequam</strong></span> <span class='ocrx_word' id='word_1_609' title='bbox 614 4403 673 4457; x_wconf 89' lang='lat' dir='ltr'><strong>in</strong></span> <span class='ocrx_word' id='word_1_610' title='bbox 707 4418 945 4474; x_wconf 92' lang='lat' dir='ltr'><strong>corpore</strong></span> <span class='ocrx_word' id='word_1_611' title='bbox 975 4406 1331 4467; x_wconf 82' lang='lat' dir='ltr'><strong>cerneretur,</strong></span> <span class='ocrx_word' id='word_1_612' title='bbox 1356 4402 1483 4472; x_wconf 91' lang='lat' dir='ltr'><strong>jam</strong></span> <span class='ocrx_word' id='word_1_613' title='bbox 1520 4407 1787 4457; x_wconf 91' lang='lat' dir='ltr'><strong>vocatum</strong></span> <span class='ocrx_word' id='word_1_614' title='bbox 1818 4407 1907 4459; x_wconf 92' lang='lat' dir='ltr'><strong>est</strong></span> 
     </span>
    </p>
   </div>
   <div class='ocr_carea' id='block_1_79' title="bbox 244 4489 1905 4564">
    <p class='ocr_par' dir='ltr' id='par_1_79' title="bbox 244 4489 1905 4564">
     <span class='ocr_line' id='line_1_79' title="bbox 244 4489 1905 4564; baseline -0.001 -16"><span class='ocrx_word' id='word_1_615' title='bbox 244 4493 309 4549; x_wconf 90' lang='lat' dir='ltr'><strong>in</strong></span> <span class='ocrx_word' id='word_1_616' title='bbox 346 4492 667 4564; x_wconf 89' lang='lat' dir='ltr'><strong>Scripturis</strong></span> <span class='ocrx_word' id='word_1_617' title='bbox 696 4508 909 4547; x_wconf 90' lang='lat' dir='ltr'><strong>nomen</strong></span> <span class='ocrx_word' id='word_1_618' title='bbox 952 4492 1102 4562; x_wconf 89' lang='lat' dir='ltr'><strong>ejus,</strong></span> <span class='ocrx_word' id='word_1_619' title='bbox 1145 4493 1202 4545; x_wconf 92' lang='lat' dir='ltr'><strong>et</strong></span> <span class='ocrx_word' id='word_1_620' title='bbox 1255 4489 1555 4563; x_wconf 88' lang='lat' dir='ltr'><strong>cognitum</strong></span> <span class='ocrx_word' id='word_1_621' title='bbox 1607 4491 1905 4563; x_wconf 88' lang='lat' dir='ltr'><strong>prophetis</strong></span> 
     </span>
    </p>
   </div>
   <div class='ocr_carea' id='block_1_80' title="bbox 244 4578 1983 4674">
    <p class='ocr_par' dir='ltr' id='par_1_80' title="bbox 244 4578 1983 4674">
     <span class='ocr_line' id='line_1_80' title="bbox 244 4578 1983 4674; baseline 0 -37"><span class='ocrx_word' id='word_1_622' title='bbox 244 4587 303 4674; x_wconf 80' lang='lat' dir='ltr'><strong>et</strong></span> <span class='ocrx_word' id='word_1_623' title='bbox 331 4583 555 4637; x_wconf 88' lang='lat' dir='ltr'><strong>sanctis</strong></span> <span class='ocrx_word' id='word_1_624' title='bbox 585 4581 724 4636; x_wconf 84' lang='lat' dir='ltr'><strong>Dei:</strong></span> <span class='ocrx_word' id='word_1_625' title='bbox 762 4580 905 4674; x_wconf 82' lang='lat' dir='ltr'><strong>quia</strong></span> <span class='ocrx_word' id='word_1_626' title='bbox 922 4580 1103 4674; x_wconf 90' lang='lat' dir='ltr'><strong>homo</strong></span> <span class='ocrx_word' id='word_1_627' title='bbox 1135 4578 1230 4674; x_wconf 66' lang='lat' dir='ltr'><strong>sit,</strong></span> <span class='ocrx_word' id='word_1_628' title='bbox 1276 4583 1333 4634; x_wconf 90' lang='lat' dir='ltr'><strong>et</strong></span> <span class='ocrx_word' id='word_1_629' title='bbox 1372 4580 1556 4674; x_wconf 56' lang='lat' dir='ltr'><strong>juxta</strong></span> <span class='ocrx_word' id='word_1_630' title='bbox 1589 4579 1698 4674; x_wconf 87' lang='lat' dir='ltr'><strong>hoc</strong></span> <span class='ocrx_word' id='word_1_631' title='bbox 1748 4582 1903 4674; x_wconf 86' lang='lat' dir='ltr'><strong>quod</strong></span> <span class='ocrx_word' id='word_1_632' title='bbox 1938 4608 1983 4674; x_wconf 83' lang='lat' dir='ltr'><strong>D</strong></span> 
     </span>
    </p>
   </div>
   <div class='ocr_carea' id='block_1_81' title="bbox 242 4668 1900 4741">
    <p class='ocr_par' dir='ltr' id='par_1_81' title="bbox 242 4668 1900 4741">
     <span class='ocr_line' id='line_1_81' title="bbox 242 4668 1900 4741; baseline -0.001 -14"><span class='ocrx_word' id='word_1_633' title='bbox 242 4670 433 4727; x_wconf 89' lang='lat' dir='ltr'><strong>homo</strong></span> <span class='ocrx_word' id='word_1_634' title='bbox 461 4674 571 4735; x_wconf 88' lang='lat' dir='ltr'><strong>est,</strong></span> <span class='ocrx_word' id='word_1_635' title='bbox 602 4686 718 4726; x_wconf 91' lang='lat' dir='ltr'><strong>non</strong></span> <span class='ocrx_word' id='word_1_636' title='bbox 751 4669 938 4741; x_wconf 89' lang='lat' dir='ltr'><strong>possit</strong></span> <span class='ocrx_word' id='word_1_637' title='bbox 967 4684 1029 4724; x_wconf 90' lang='lat' dir='ltr'><strong>se</strong></span> <span class='ocrx_word' id='word_1_638' title='bbox 1058 4668 1319 4724; x_wconf 88' lang='lat' dir='ltr'><strong>conferre</strong></span> <span class='ocrx_word' id='word_1_639' title='bbox 1347 4684 1482 4723; x_wconf 90' lang='lat' dir='ltr'><strong>cum</strong></span> <span class='ocrx_word' id='word_1_640' title='bbox 1522 4668 1712 4741; x_wconf 51' lang='lat' dir='ltr'><strong>Patre,</strong></span> <span class='ocrx_word' id='word_1_641' title='bbox 1752 4675 1810 4726; x_wconf 92' lang='lat' dir='ltr'><strong>et</strong></span> <span class='ocrx_word' id='word_1_642' title='bbox 1841 4670 1900 4725; x_wconf 93' lang='lat' dir='ltr'><strong>in</strong></span> 
     </span>
    </p>
   </div>
   <div class='ocr_carea' id='block_1_82' title="bbox 240 4757 1902 4829">
    <p class='ocr_par' dir='ltr' id='par_1_82' title="bbox 240 4757 1902 4829">
     <span class='ocr_line' id='line_1_82' title="bbox 240 4757 1902 4829; baseline 0.001 -15"><span class='ocrx_word' id='word_1_643' title='bbox 240 4757 566 4829; x_wconf 85' lang='lat' dir='ltr'><strong>Evangelio</strong></span> <span class='ocrx_word' id='word_1_644' title='bbox 596 4758 753 4813; x_wconf 90' lang='lat' dir='ltr'><strong>dicat</strong></span> <span class='ocrx_word' id='word_1_645' title='bbox 776 4774 789 4812; x_wconf 93' lang='lat'><strong>:</strong></span> <span class='ocrx_word' id='word_1_646' title='bbox 810 4760 991 4812; x_wconf 83' lang='lat' dir='ltr'><strong>Pater</strong></span> <span class='ocrx_word' id='word_1_647' title='bbox 1017 4758 1115 4828; x_wconf 79' lang='lat' dir='ltr'><strong>qui</strong></span> <span class='ocrx_word' id='word_1_648' title='bbox 1142 4772 1230 4811; x_wconf 83' lang='lat' dir='ltr'><strong>me</strong></span> <span class='ocrx_word' id='word_1_649' title='bbox 1274 4758 1448 4822; x_wconf 86' lang='lat' dir='ltr'><strong>misit,</strong></span> <span class='ocrx_word' id='word_1_650' title='bbox 1482 4757 1665 4827; x_wconf 78' lang='lat' dir='ltr'><strong>major</strong></span> <span class='ocrx_word' id='word_1_651' title='bbox 1708 4775 1795 4814; x_wconf 84' lang='lat' dir='ltr'><strong>me</strong></span> <span class='ocrx_word' id='word_1_652' title='bbox 1822 4769 1902 4815; x_wconf 83' lang='lat' dir='ltr'><strong>est</strong></span> 
     </span>
    </p>
   </div>
   <div class='ocr_carea' id='block_1_83' title="bbox 238 4845 1900 4919">
    <p class='ocr_par' dir='ltr' id='par_1_83' title="bbox 238 4845 1900 4919">
     <span class='ocr_line' id='line_1_83' title="bbox 238 4845 1900 4919; baseline -0.001 -15"><span class='ocrx_word' id='word_1_653' title='bbox 238 4847 430 4919; x_wconf 79' lang='lat' dir='ltr'><strong>(Joan.</strong></span> <span class='ocrx_word' id='word_1_654' title='bbox 466 4864 582 4915; x_wconf 73' lang='lat' dir='ltr'><strong>xxv,</strong></span> <span class='ocrx_word' id='word_1_655' title='bbox 613 4848 726 4918; x_wconf 85' lang='lat'><strong>28).</strong></span> <span class='ocrx_word' id='word_1_656' title='bbox 761 4845 925 4901; x_wconf 89' lang='lat' dir='ltr'><strong>Unde</strong></span> <span class='ocrx_word' id='word_1_657' title='bbox 966 4849 1023 4901; x_wconf 93' lang='lat' dir='ltr'><strong>et</strong></span> <span class='ocrx_word' id='word_1_658' title='bbox 1064 4845 1125 4900; x_wconf 91' lang='lat' dir='ltr'><strong>in</strong></span> <span class='ocrx_word' id='word_1_659' title='bbox 1172 4845 1669 4916; x_wconf 89' lang='lat' dir='ltr'><strong>consequentibus</strong></span> <span class='ocrx_word' id='word_1_660' title='bbox 1700 4848 1900 4919; x_wconf 80' lang='lat' dir='ltr'><strong>praeci~</strong></span> 
     </span>
    </p>
   </div>
   <div class='ocr_carea' id='block_1_84' title="bbox 318 5056 1469 5127">
    <p class='ocr_par' dir='ltr' id='par_1_84' title="bbox 318 5056 1469 5127">
     <span class='ocr_line' id='line_1_84' title="bbox 318 5056 1469 5127; baseline -0.002 -15"><span class='ocrx_word' id='word_1_661' title='bbox 318 5061 334 5094; x_wconf 89' lang='grc'>¹</span> <span class='ocrx_word' id='word_1_662' title='bbox 374 5059 557 5116; x_wconf 89' lang='lat' dir='ltr'><strong>Vatic.</strong></span> <span class='ocrx_word' id='word_1_663' title='bbox 595 5060 930 5117; x_wconf 83' lang='lat' dir='ltr'><strong>Voluntatem</strong></span> <span class='ocrx_word' id='word_1_664' title='bbox 957 5057 1136 5113; x_wconf 79' lang='lat' dir='ltr'><strong>cordis</strong></span> <span class='ocrx_word' id='word_1_665' title='bbox 1167 5056 1257 5111; x_wconf 85' lang='lat' dir='ltr'><strong>sui</strong></span> <span class='ocrx_word' id='word_1_666' title='bbox 1294 5058 1469 5127; x_wconf 77' lang='lat' dir='ltr'><strong>sequi.</strong></span> 
     </span>
    </p>
   </div>
   <div class='ocr_carea' id='block_1_85' title="bbox 315 5127 1899 5200">
    <p class='ocr_par' dir='ltr' id='par_1_85' title="bbox 315 5127 1899 5200">
     <span class='ocr_line' id='line_1_85' title="bbox 315 5127 1899 5200; baseline -0.001 -14"><span class='ocrx_word' id='word_1_667' title='bbox 315 5132 344 5167; x_wconf 78' lang='grc'>³</span> <span class='ocrx_word' id='word_1_668' title='bbox 376 5132 434 5186; x_wconf 86' lang='lat' dir='ltr'><strong>Id</strong></span> <span class='ocrx_word' id='word_1_669' title='bbox 465 5134 560 5200; x_wconf 82' lang='lat' dir='ltr'><strong>est,</strong></span> <span class='ocrx_word' id='word_1_670' title='bbox 594 5148 771 5187; x_wconf 63' lang='lat' dir='ltr'><strong>arma.</strong></span> <span class='ocrx_word' id='word_1_671' title='bbox 807 5130 870 5185; x_wconf 92' lang='lat' dir='ltr'><strong>In</strong></span> <span class='ocrx_word' id='word_1_672' title='bbox 904 5128 1180 5184; x_wconf 90' lang='lat' dir='ltr'><strong>omnibus</strong></span> <span class='ocrx_word' id='word_1_673' title='bbox 1221 5143 1366 5200; x_wconf 86' lang='lat' dir='ltr'><strong>mss.</strong></span> <span class='ocrx_word' id='word_1_674' title='bbox 1422 5127 1720 5183; x_wconf 90' lang='lat' dir='ltr'><strong>codicibus</strong></span> <span class='ocrx_word' id='word_1_675' title='bbox 1755 5130 1899 5184; x_wconf 89' lang='lat' dir='ltr'><strong>scri-</strong></span> 
     </span>
    </p>
   </div>
   <div class='ocr_carea' id='block_1_86' title="bbox 283 5199 1897 5275">
    <p class='ocr_par' dir='ltr' id='par_1_86' title="bbox 283 5199 1897 5275">
     <span class='ocr_line' id='line_1_86' title="bbox 283 5199 1897 5275; baseline -0.002 -17"><span class='ocrx_word' id='word_1_676' title='bbox 283 5206 421 5258; x_wconf 89' lang='lat' dir='ltr'><strong>tum</strong></span> <span class='ocrx_word' id='word_1_677' title='bbox 453 5204 638 5275; x_wconf 90' lang='lat' dir='ltr'><strong>reperi</strong></span> <span class='ocrx_word' id='word_1_678' title='bbox 668 5203 985 5275; x_wconf 12' lang='lat' dir='ltr'><strong>Ruhﬁacum</strong></span> <span class='ocrx_word' id='word_1_679' title='bbox 1020 5200 1055 5253; x_wconf 90' lang='lat' dir='ltr'><strong>h</strong></span> <span class='ocrx_word' id='word_1_680' title='bbox 1087 5200 1145 5254; x_wconf 93' lang='lat' dir='ltr'><strong>in</strong></span> <span class='ocrx_word' id='word_1_681' title='bbox 1194 5199 1385 5275; x_wconf 83' lang='lat' dir='ltr'><strong>medio</strong></span> <span class='ocrx_word' id='word_1_682' title='bbox 1413 5200 1729 5275; x_wconf 65' lang='lat' dir='ltr'><strong>:_quamvis</strong></span> <span class='ocrx_word' id='word_1_683' title='bbox 1750 5201 1897 5275; x_wconf 82' lang='lat' dir='ltr'><strong>alibi</strong></span> 
     </span>
    </p>
   </div>
   <div class='ocr_carea' id='block_1_87' title="bbox 262 5270 1895 5348">
    <p class='ocr_par' dir='ltr' id='par_1_87' title="bbox 262 5270 1895 5348">
     <span class='ocr_line' id='line_1_87' title="bbox 262 5270 1895 5348; baseline -0.002 -19"><span class='ocrx_word' id='word_1_684' title='bbox 262 5279 479 5348; x_wconf 83' lang='lat' dir='ltr'><strong>egatur</strong></span> <span class='ocrx_word' id='word_1_685' title='bbox 507 5270 728 5348; x_wconf 9' lang='lat' dir='ltr'><strong>nomen!</strong></span> <span class='ocrx_word' id='word_1_686' title='bbox 749 5274 1055 5348; x_wconf 69' lang='lat' dir='ltr'><strong>Hebraeum</strong></span> <span class='ocrx_word' id='word_1_687' title='bbox 1078 5281 1201 5337; x_wconf 73' lang='lat' dir='ltr'><strong>rm,</strong></span> <span class='ocrx_word' id='word_1_688' title='bbox 1218 5270 1509 5348; x_wconf 86' lang='lat' dir='ltr'><strong>sine_ulla_</strong></span> <span class='ocrx_word' id='word_1_689' title='bbox 1524 5271 1895 5348; x_wconf 82' lang='lat' dir='ltr'><strong>aspiratione,</strong></span> 
     </span>
    </p>
   </div>
   <div class='ocr_carea' id='block_1_88' title="bbox 237 5342 1939 5413">
    <p class='ocr_par' dir='ltr' id='par_1_88' title="bbox 237 5342 1939 5413">
     <span class='ocr_line' id='line_1_88' title="bbox 237 5342 1939 5413; baseline -0.004 -13"><span class='ocrx_word' id='word_1_690' title='bbox 237 5342 373 5413; x_wconf 57' lang='lat' dir='ltr'><strong>ruﬁ,</strong></span> <span class='ocrx_word' id='word_1_691' title='bbox 405 5349 464 5401; x_wconf 91' lang='lat' dir='ltr'><strong>et</strong></span> <span class='ocrx_word' id='word_1_692' title='bbox 493 5363 607 5401; x_wconf 90' lang='lat' dir='ltr'><strong>non</strong></span> <span class='ocrx_word' id='word_1_693' title='bbox 640 5346 798 5401; x_wconf 77' lang='lat' dir='ltr'><strong>ralia.</strong></span> <span class='ocrx_word' id='word_1_694' title='bbox 834 5345 944 5399; x_wconf 88' lang='lat' dir='ltr'><strong>Sed</strong></span> <span class='ocrx_word' id='word_1_695' title='bbox 1000 5359 1170 5397; x_wconf 90' lang='lat' dir='ltr'><strong>nemo</strong></span> <span class='ocrx_word' id='word_1_696' title='bbox 1217 5346 1306 5398; x_wconf 91' lang='lat' dir='ltr'><strong>est</strong></span> <span class='ocrx_word' id='word_1_697' title='bbox 1353 5342 1660 5398; x_wconf 90' lang='lat' dir='ltr'><strong>hominum</strong></span> <span class='ocrx_word' id='word_1_698' title='bbox 1699 5345 1898 5398; x_wconf 88' lang='lat' dir='ltr'><strong>erudi-</strong></span> <span class='ocrx_word' id='word_1_699' title='bbox 1932 5388 1939 5393; x_wconf 92' lang='lat'><strong>.</strong></span> 
     </span>
    </p>
   </div>
   <div class='ocr_carea' id='block_1_89' title="bbox 236 5414 1893 5491">
    <p class='ocr_par' dir='ltr' id='par_1_89' title="bbox 236 5414 1893 5491">
     <span class='ocr_line' id='line_1_89' title="bbox 236 5414 1893 5491; baseline -0.002 -19"><span class='ocrx_word' id='word_1_700' title='bbox 236 5423 443 5491; x_wconf 76' lang='lat' dir='ltr'><strong>torum</strong></span> <span class='ocrx_word' id='word_1_701' title='bbox 486 5418 586 5489; x_wconf 92' lang='lat' dir='ltr'><strong>qui</strong></span> <span class='ocrx_word' id='word_1_702' title='bbox 618 5423 787 5491; x_wconf 87' lang='lat' dir='ltr'><strong>neget</strong></span> <span class='ocrx_word' id='word_1_703' title='bbox 817 5420 1135 5485; x_wconf 90' lang='lat' dir='ltr'><strong>utrumque</strong></span> <span class='ocrx_word' id='word_1_704' title='bbox 1165 5418 1221 5469; x_wconf 90' lang='lat' dir='ltr'><strong>et</strong></span> <span class='ocrx_word' id='word_1_705' title='bbox 1251 5414 1363 5485; x_wconf 91' lang='lat' dir='ltr'><strong>legi</strong></span> <span class='ocrx_word' id='word_1_706' title='bbox 1410 5419 1467 5469; x_wconf 88' lang='lat' dir='ltr'><strong>et</strong></span> <span class='ocrx_word' id='word_1_707' title='bbox 1495 5414 1671 5469; x_wconf 84' lang='lat' dir='ltr'><strong>scribi</strong></span> <span class='ocrx_word' id='word_1_708' title='bbox 1704 5432 1893 5487; x_wconf 89' lang='lat' dir='ltr'><strong>posse.</strong></span> 
     </span>
    </p>
   </div>
   <div class='ocr_carea' id='block_1_90' title="bbox 235 5488 533 5543">
    <p class='ocr_par' dir='ltr' id='par_1_90' title="bbox 235 5488 533 5543">
     <span class='ocr_line' id='line_1_90' title="bbox 235 5488 533 5543; baseline 0 0"><span class='ocrx_word' id='word_1_709' title='bbox 235 5488 533 5543; x_wconf 62' lang='lat' dir='ltr'><strong>Mummi.</strong></span> 
     </span>
    </p>
   </div>
   <div class='ocr_carea' id='block_1_91' title="bbox 318 5506 1897 5633">
    <p class='ocr_par' dir='ltr' id='par_1_91' title="bbox 318 5506 1897 5633">
     <span class='ocr_line' id='line_1_91' title="bbox 318 5506 533 5543; baseline 0 0"><span class='ocrx_word' id='word_1_710' title='bbox 318 5506 383 5543; x_wconf 67' lang='lat' dir='ltr'><strong>\a</strong></span> <span class='ocrx_word' id='word_1_711' title='bbox 440 5507 533 5543; x_wconf 72' lang='lat' dir='ltr'><strong>AN.</strong></span> 
     </span>
     <span class='ocr_line' id='line_1_92' title="bbox 318 5506 1897 5633; baseline -0.003 -17"><span class='ocrx_word' id='word_1_712' title='bbox 318 5559 344 5592; x_wconf 89' lang='grc'>³</span> <span class='ocrx_word' id='word_1_713' title='bbox 372 5506 554 5633; x_wconf 39' lang='lat' dir='ltr'><strong>Magis</strong></span> <span class='ocrx_word' id='word_1_714' title='bbox 586 5560 837 5633; x_wconf 85' lang='lat' dir='ltr'><strong>arrideat</strong></span> <span class='ocrx_word' id='word_1_715' title='bbox 861 5556 1127 5633; x_wconf 75' lang='lat' dir='ltr'><strong>vaticani</strong></span> <span class='ocrx_word' id='word_1_716' title='bbox 1149 5630 1157 5633; x_wconf 84' lang='lat'>_</span> <span class='ocrx_word' id='word_1_717' title='bbox 1177 5555 1367 5610; x_wconf 89' lang='lat' dir='ltr'><strong>lectio.</strong></span> <span class='ocrx_word' id='word_1_718' title='bbox 1412 5558 1475 5610; x_wconf 82' lang='lat' dir='ltr'><strong>Et</strong></span> <span class='ocrx_word' id='word_1_719' title='bbox 1514 5555 1753 5613; x_wconf 76' lang='lat' dir='ltr'><strong>hominis</strong></span> <span class='ocrx_word' id='word_1_720' title='bbox 1783 5575 1897 5613; x_wconf 76' lang='lat' dir='ltr'><strong>cor-</strong></span> 
     </span>
    </p>
   </div>
   <div class='ocr_carea' id='block_1_92' title="bbox 228 5630 1221 5703">
    <p class='ocr_par' dir='ltr' id='par_1_92' title="bbox 228 5630 1221 5703">
     <span class='ocr_line' id='line_1_93' title="bbox 228 5630 1221 5703; baseline -0.006 -17"><span class='ocrx_word' id='word_1_721' title='bbox 228 5630 746 5703; x_wconf 61' lang='lat' dir='ltr'><strong>porecidcumdati,</strong></span> <span class='ocrx_word' id='word_1_722' title='bbox 778 5633 897 5703; x_wconf 14' lang='lat' dir='ltr'><strong>iam,</strong></span> <span class='ocrx_word' id='word_1_723' title='bbox 920 5630 1075 5695; x_wconf 82' lang='lat' dir='ltr'><strong>Deus,</strong></span> <span class='ocrx_word' id='word_1_724' title='bbox 1108 5630 1221 5682; x_wconf 89' lang='lat' dir='ltr'><strong>etc.</strong></span> 
     </span>
    </p>
   </div>
   <div class='ocr_carea' id='block_1_93' title="bbox 316 5697 1891 5761">
    <p class='ocr_par' dir='ltr' id='par_1_93' title="bbox 316 5697 1891 5761">
     <span class='ocr_line' id='line_1_94' title="bbox 316 5697 1891 5761; baseline -0.002 -4"><span class='ocrx_word' id='word_1_725' title='bbox 316 5702 345 5736; x_wconf 80' lang='grc'><strong>⁴</strong></span> <span class='ocrx_word' id='word_1_726' title='bbox 373 5700 489 5760; x_wconf 87' lang='lat' dir='ltr'><strong>Vox</strong></span> <span class='ocrx_word' id='word_1_727' title='bbox 516 5704 695 5761; x_wconf 77' lang='lat' dir='ltr'><strong>multa</strong></span> <span class='ocrx_word' id='word_1_728' title='bbox 720 5702 780 5759; x_wconf 91' lang='lat' dir='ltr'><strong>in</strong></span> <span class='ocrx_word' id='word_1_729' title='bbox 810 5701 1001 5759; x_wconf 88' lang='lat' dir='ltr'><strong>tribus</strong></span> <span class='ocrx_word' id='word_1_730' title='bbox 1031 5717 1063 5757; x_wconf 82' lang='grc' dir='ltr'>θ</span> <span class='ocrx_word' id='word_1_731' title='bbox 1093 5697 1314 5757; x_wconf 87' lang='lat' dir='ltr'><strong>nostris</strong></span> <span class='ocrx_word' id='word_1_732' title='bbox 1336 5712 1483 5754; x_wconf 88' lang='lat' dir='ltr'><strong>mss.</strong></span> <span class='ocrx_word' id='word_1_733' title='bbox 1508 5697 1891 5757; x_wconf 88' lang='lat' dir='ltr'><strong>desideratur.</strong></span> 
     </span>
    </p>
   </div>
   <div class='ocr_carea' id='block_1_94' title="bbox 2025 3334 3671 3411">
    <p class='ocr_par' dir='ltr' id='par_1_94' title="bbox 2025 3334 3671 3411">
     <span class='ocr_line' id='line_1_95' title="bbox 2025 3334 3671 3411; baseline 0.004 -24"><span class='ocrx_word' id='word_1_734' title='bbox 2025 3349 2183 3388; x_wconf 87' lang='lat' dir='ltr'><strong>mam</strong></span> <span class='ocrx_word' id='word_1_735' title='bbox 2235 3334 2579 3408; x_wconf 88' lang='lat' dir='ltr'><strong>longiorem,</strong></span> <span class='ocrx_word' id='word_1_736' title='bbox 2631 3343 2698 3392; x_wconf 92' lang='lat' dir='ltr'><strong>ut</strong></span> <span class='ocrx_word' id='word_1_737' title='bbox 2744 3338 3038 3409; x_wconf 92' lang='lat' dir='ltr'><strong>quomodo</strong></span> <span class='ocrx_word' id='word_1_738' title='bbox 3089 3342 3455 3411; x_wconf 89' lang='lat' dir='ltr'><strong>unguentum</strong></span> <span class='ocrx_word' id='word_1_739' title='bbox 3500 3354 3671 3394; x_wconf 89' lang='lat' dir='ltr'><strong>nares</strong></span> 
     </span>
    </p>
   </div>
   <div class='ocr_carea' id='block_1_95' title="bbox 2025 3423 3672 3495">
    <p class='ocr_par' dir='ltr' id='par_1_95' title="bbox 2025 3423 3672 3495">
     <span class='ocr_line' id='line_1_96' title="bbox 2025 3423 3672 3495; baseline 0.004 -19"><span class='ocrx_word' id='word_1_740' title='bbox 2025 3423 2200 3479; x_wconf 88' lang='lat' dir='ltr'><strong>odore</strong></span> <span class='ocrx_word' id='word_1_741' title='bbox 2257 3425 2523 3495; x_wconf 89' lang='lat' dir='ltr'><strong>delectat,</strong></span> <span class='ocrx_word' id='word_1_742' title='bbox 2582 3426 2666 3481; x_wconf 91' lang='lat' dir='ltr'><strong>sic</strong></span> <span class='ocrx_word' id='word_1_743' title='bbox 2724 3427 2797 3483; x_wconf 87' lang='lat' dir='ltr'><strong>ad</strong></span> <span class='ocrx_word' id='word_1_744' title='bbox 2855 3432 3023 3483; x_wconf 90' lang='lat' dir='ltr'><strong>tuum</strong></span> <span class='ocrx_word' id='word_1_745' title='bbox 3071 3426 3422 3483; x_wconf 89' lang='lat' dir='ltr'><strong>vocabulum</strong></span> <span class='ocrx_word' id='word_1_746' title='bbox 3464 3431 3672 3482; x_wconf 85' lang='lat' dir='ltr'><strong>cuncta</strong></span> 
     </span>
    </p>
   </div>
   <div class='ocr_carea' id='block_1_96' title="bbox 2024 3513 3668 3588">
    <p class='ocr_par' dir='ltr' id='par_1_96' title="bbox 2024 3513 3668 3588">
     <span class='ocr_line' id='line_1_97' title="bbox 2024 3513 3668 3588; baseline 0.003 -22"><span class='ocrx_word' id='word_1_747' title='bbox 2024 3513 2335 3581; x_wconf 88' lang='lat' dir='ltr'><strong>posteritas</strong></span> <span class='ocrx_word' id='word_1_748' title='bbox 2366 3516 2385 3548; x_wconf 81' lang='grc'>⁷</span> <span class='ocrx_word' id='word_1_749' title='bbox 2416 3513 2751 3570; x_wconf 84' lang='lat' dir='ltr'><strong>delectetur.</strong></span> <span class='ocrx_word' id='word_1_750' title='bbox 2787 3516 2948 3581; x_wconf 91' lang='lat' dir='ltr'><strong>Quod</strong></span> <span class='ocrx_word' id='word_1_751' title='bbox 2990 3516 3293 3588; x_wconf 90' lang='lat' dir='ltr'><strong>perspicue</strong></span> <span class='ocrx_word' id='word_1_752' title='bbox 3324 3516 3668 3587; x_wconf 87' lang='lat' dir='ltr'><strong>interpreta-</strong></span> 
     </span>
    </p>
   </div>
   <div class='ocr_carea' id='block_1_97' title="bbox 2022 3602 3667 3674">
    <p class='ocr_par' dir='ltr' id='par_1_97' title="bbox 2022 3602 3667 3674">
     <span class='ocr_line' id='line_1_98' title="bbox 2022 3602 3667 3674; baseline 0.003 -20"><span class='ocrx_word' id='word_1_753' title='bbox 2022 3604 2118 3655; x_wconf 89' lang='lat' dir='ltr'><strong>tus</strong></span> <span class='ocrx_word' id='word_1_754' title='bbox 2150 3605 2239 3656; x_wconf 90' lang='lat' dir='ltr'><strong>cst</strong></span> <span class='ocrx_word' id='word_1_755' title='bbox 2269 3602 2679 3674; x_wconf 86' lang='lat' dir='ltr'><strong>Symmachus,</strong></span> <span class='ocrx_word' id='word_1_756' title='bbox 2727 3604 2966 3660; x_wconf 90' lang='lat' dir='ltr'><strong>dicens:</strong></span> <span class='ocrx_word' id='word_1_757' title='bbox 3006 3628 3025 3653; x_wconf 76' lang='grc' dir='ltr'><strong>οι</strong></span> <span class='ocrx_word' id='word_1_758' title='bbox 3080 3603 3289 3660; x_wconf 89' lang='lat' dir='ltr'><strong>Melius</strong></span> <span class='ocrx_word' id='word_1_759' title='bbox 3337 3608 3428 3659; x_wconf 88' lang='lat' dir='ltr'><strong>est</strong></span> <span class='ocrx_word' id='word_1_760' title='bbox 3456 3620 3667 3659; x_wconf 88' lang='lat' dir='ltr'><strong>nomen</strong></span> 
     </span>
    </p>
   </div>
   <div class='ocr_carea' id='block_1_98' title="bbox 2021 3690 3666 3765">
    <p class='ocr_par' dir='ltr' id='par_1_98' title="bbox 2021 3690 3666 3765">
     <span class='ocr_line' id='line_1_99' title="bbox 2021 3690 3666 3765; baseline 0.002 -22"><span class='ocrx_word' id='word_1_761' title='bbox 2021 3690 2266 3756; x_wconf 91' lang='lat' dir='ltr'><strong>bonum,</strong></span> <span class='ocrx_word' id='word_1_762' title='bbox 2301 3707 2477 3762; x_wconf 90' lang='lat' dir='ltr'><strong>quam</strong></span> <span class='ocrx_word' id='word_1_763' title='bbox 2511 3697 2880 3765; x_wconf 89' lang='lat' dir='ltr'><strong>unguentum</strong></span> <span class='ocrx_word' id='word_1_764' title='bbox 2913 3694 3062 3749; x_wconf 90' lang='lat' dir='ltr'><strong>bene</strong></span> <span class='ocrx_word' id='word_1_765' title='bbox 3090 3691 3270 3748; x_wconf 89' lang='lat' dir='ltr'><strong>olens.</strong></span> <span class='ocrx_word' id='word_1_766' title='bbox 3302 3714 3330 3742; x_wconf 84' lang='grc'><strong>››</strong></span> <span class='ocrx_word' id='word_1_767' title='bbox 3367 3692 3666 3763; x_wconf 71' lang='lat' dir='ltr'><strong>Siquidem</strong></span> 
     </span>
    </p>
   </div>
   <div class='ocr_carea' id='block_1_99' title="bbox 2023 3778 3666 3854">
    <p class='ocr_par' dir='ltr' id='par_1_99' title="bbox 2023 3778 3666 3854">
     <span class='ocr_line' id='line_1_100' title="bbox 2023 3778 3666 3854; baseline 0.002 -22"><span class='ocrx_word' id='word_1_768' title='bbox 2023 3778 2203 3833; x_wconf 91' lang='lat' dir='ltr'><strong>moris</strong></span> <span class='ocrx_word' id='word_1_769' title='bbox 2234 3783 2323 3833; x_wconf 93' lang='lat' dir='ltr'><strong>est</strong></span> <span class='ocrx_word' id='word_1_770' title='bbox 2372 3780 2743 3838; x_wconf 63' lang='lat' dir='ltr'><strong>Hebraeorum</strong></span> <span class='ocrx_word' id='word_1_771' title='bbox 2791 3787 3155 3854; x_wconf 86' lang='lat' dir='ltr'><strong>unguentum</strong></span> <span class='ocrx_word' id='word_1_772' title='bbox 3200 3781 3442 3851; x_wconf 87' lang='lat' dir='ltr'><strong>bonum,</strong></span> <span class='ocrx_word' id='word_1_773' title='bbox 3472 3778 3666 3835; x_wconf 91' lang='lat' dir='ltr'><strong>oleum</strong></span> 
     </span>
    </p>
   </div>
   <div class='ocr_carea' id='block_1_100' title="bbox 2022 3868 3665 3941">
    <p class='ocr_par' dir='ltr' id='par_1_100' title="bbox 2022 3868 3665 3941">
     <span class='ocr_line' id='line_1_101' title="bbox 2022 3868 3665 3941; baseline 0.001 -19"><span class='ocrx_word' id='word_1_774' title='bbox 2022 3884 2379 3941; x_wconf 90' lang='lat' dir='ltr'><strong>nuncupare.</strong></span> <span class='ocrx_word' id='word_1_775' title='bbox 2416 3870 2577 3933; x_wconf 89' lang='lat' dir='ltr'><strong>Quod</strong></span> <span class='ocrx_word' id='word_1_776' title='bbox 2609 3875 2802 3926; x_wconf 89' lang='lat' dir='ltr'><strong>autem</strong></span> <span class='ocrx_word' id='word_1_777' title='bbox 2846 3872 2963 3926; x_wconf 90' lang='lat' dir='ltr'><strong>ait:</strong></span> <span class='ocrx_word' id='word_1_778' title='bbox 3000 3892 3027 3921; x_wconf 82' lang='lat'><strong>«</strong></span> <span class='ocrx_word' id='word_1_779' title='bbox 3056 3871 3123 3924; x_wconf 85' lang='lat' dir='ltr'><strong>Et</strong></span> <span class='ocrx_word' id='word_1_780' title='bbox 3152 3868 3277 3925; x_wconf 91' lang='lat' dir='ltr'><strong>dies</strong></span> <span class='ocrx_word' id='word_1_781' title='bbox 3328 3869 3536 3924; x_wconf 87' lang='lat' dir='ltr'><strong>mortis</strong></span> <span class='ocrx_word' id='word_1_782' title='bbox 3568 3886 3665 3924; x_wconf 85' lang='lat' dir='ltr'><strong>su-</strong></span> 
     </span>
    </p>
   </div>
   <div class='ocr_carea' id='block_1_101' title="bbox 2020 3957 3668 4029">
    <p class='ocr_par' dir='ltr' id='par_1_101' title="bbox 2020 3957 3668 4029">
     <span class='ocr_line' id='line_1_102' title="bbox 2020 3957 3668 4029; baseline 0.001 -17"><span class='ocrx_word' id='word_1_783' title='bbox 2020 3972 2123 4028; x_wconf 91' lang='lat' dir='ltr'><strong>per</strong></span> <span class='ocrx_word' id='word_1_784' title='bbox 2151 3959 2305 4013; x_wconf 86' lang='lat' dir='ltr'><strong>diem</strong></span> <span class='ocrx_word' id='word_1_785' title='bbox 2339 3959 2657 4014; x_wconf 87' lang='lat' dir='ltr'><strong>nativitatis</strong></span> <span class='ocrx_word' id='word_1_786' title='bbox 2689 3960 2840 4029; x_wconf 89' lang='lat' dir='ltr'><strong>ejus,</strong></span> <span class='ocrx_word' id='word_1_787' title='bbox 2870 3981 2898 4007; x_wconf 86' lang='lat'>»</span> <span class='ocrx_word' id='word_1_788' title='bbox 2921 3958 3009 4014; x_wconf 93' lang='lat' dir='ltr'><strong>vel</strong></span> <span class='ocrx_word' id='word_1_789' title='bbox 3031 3958 3138 4014; x_wconf 89' lang='lat' dir='ltr'><strong>hoc</strong></span> <span class='ocrx_word' id='word_1_790' title='bbox 3159 3957 3432 4027; x_wconf 89' lang='lat' dir='ltr'><strong>ostendit,</strong></span> <span class='ocrx_word' id='word_1_791' title='bbox 3458 3957 3668 4013; x_wconf 90' lang='lat' dir='ltr'><strong>melius</strong></span> 
     </span>
    </p>
   </div>
   <div class='ocr_carea' id='block_1_102' title="bbox 2019 4047 3667 4119">
    <p class='ocr_par' dir='ltr' id='par_1_102' title="bbox 2019 4047 3667 4119">
     <span class='ocr_line' id='line_1_103' title="bbox 2019 4047 3667 4119; baseline 0.001 -18"><span class='ocrx_word' id='word_1_792' title='bbox 2019 4062 2148 4101; x_wconf 90' lang='lat' dir='ltr'><strong>esse</strong></span> <span class='ocrx_word' id='word_1_793' title='bbox 2168 4048 2325 4102; x_wconf 79' lang='lat' dir='ltr'><strong>exire</strong></span> <span class='ocrx_word' id='word_1_794' title='bbox 2344 4048 2416 4103; x_wconf 91' lang='lat' dir='ltr'><strong>de</strong></span> <span class='ocrx_word' id='word_1_795' title='bbox 2437 4048 2669 4115; x_wconf 67' lang='lat' dir='ltr'><strong>sacculo,</strong></span> <span class='ocrx_word' id='word_1_796' title='bbox 2693 4054 2751 4103; x_wconf 91' lang='lat' dir='ltr'><strong>et</strong></span> <span class='ocrx_word' id='word_1_797' title='bbox 2770 4064 2965 4103; x_wconf 90' lang='lat' dir='ltr'><strong>carere</strong></span> <span class='ocrx_word' id='word_1_798' title='bbox 2988 4047 3469 4103; x_wconf 88' lang='lat' dir='ltr'><strong>tribulationibus</strong></span> <span class='ocrx_word' id='word_1_799' title='bbox 3492 4052 3667 4119; x_wconf 84' lang='lat' dir='ltr'><strong>atque</strong></span> 
     </span>
    </p>
   </div>
   <div class='ocr_carea' id='block_1_103' title="bbox 2017 4134 3659 4209">
    <p class='ocr_par' dir='ltr' id='par_1_103' title="bbox 2017 4134 3659 4209">
     <span class='ocr_line' id='line_1_104' title="bbox 2017 4134 3659 4209; baseline 0.001 -21"><span class='ocrx_word' id='word_1_800' title='bbox 2017 4134 2237 4190; x_wconf 88' lang='lat' dir='ltr'><strong>incerto</strong></span> <span class='ocrx_word' id='word_1_801' title='bbox 2267 4135 2396 4190; x_wconf 68' lang='lat' dir='ltr'><strong>vita:</strong></span> <span class='ocrx_word' id='word_1_802' title='bbox 2437 4139 2613 4204; x_wconf 86' lang='lat' dir='ltr'><strong>statu,</strong></span> <span class='ocrx_word' id='word_1_803' title='bbox 2660 4150 2839 4208; x_wconf 86' lang='lat' dir='ltr'><strong>quam</strong></span> <span class='ocrx_word' id='word_1_804' title='bbox 2888 4137 3312 4209; x_wconf 89' lang='lat' dir='ltr'><strong>ingredientem</strong></span> <span class='ocrx_word' id='word_1_805' title='bbox 3346 4136 3659 4203; x_wconf 90' lang='lat' dir='ltr'><strong>mundum,</strong></span> 
     </span>
    </p>
   </div>
   <div class='ocr_carea' id='block_1_104' title="bbox 2017 4222 3662 4296">
    <p class='ocr_par' dir='ltr' id='par_1_104' title="bbox 2017 4222 3662 4296">
     <span class='ocr_line' id='line_1_105' title="bbox 2017 4222 3662 4296; baseline 0.001 -19"><span class='ocrx_word' id='word_1_806' title='bbox 2017 4222 2135 4277; x_wconf 62' lang='lat' dir='ltr'><strong>haec</strong></span> <span class='ocrx_word' id='word_1_807' title='bbox 2180 4224 2380 4280; x_wconf 89' lang='lat' dir='ltr'><strong>omnia</strong></span> <span class='ocrx_word' id='word_1_808' title='bbox 2423 4225 2733 4280; x_wconf 84' lang='lat' dir='ltr'><strong>sustinere.</strong></span> <span class='ocrx_word' id='word_1_809' title='bbox 2786 4225 2889 4281; x_wconf 89' lang='lat' dir='ltr'><strong>Vel</strong></span> <span class='ocrx_word' id='word_1_810' title='bbox 2940 4229 3093 4281; x_wconf 85' lang='lat' dir='ltr'><strong>certe</strong></span> <span class='ocrx_word' id='word_1_811' title='bbox 3145 4225 3299 4296; x_wconf 91' lang='lat' dir='ltr'><strong>quod</strong></span> <span class='ocrx_word' id='word_1_812' title='bbox 3349 4224 3407 4279; x_wconf 92' lang='lat' dir='ltr'><strong>in</strong></span> <span class='ocrx_word' id='word_1_813' title='bbox 3455 4229 3662 4294; x_wconf 87' lang='lat' dir='ltr'><strong>morte,</strong></span> 
     </span>
    </p>
   </div>
   <div class='ocr_carea' id='block_1_105' title="bbox 2016 4311 3661 4384">
    <p class='ocr_par' dir='ltr' id='par_1_105' title="bbox 2016 4311 3661 4384">
     <span class='ocr_line' id='line_1_106' title="bbox 2016 4311 3661 4384; baseline 0 -17"><span class='ocrx_word' id='word_1_814' title='bbox 2016 4311 2220 4384; x_wconf 88' lang='lat' dir='ltr'><strong>quales</strong></span> <span class='ocrx_word' id='word_1_815' title='bbox 2252 4312 2460 4379; x_wconf 89' lang='lat' dir='ltr'><strong>simus,</strong></span> <span class='ocrx_word' id='word_1_816' title='bbox 2495 4321 2697 4370; x_wconf 90' lang='lat' dir='ltr'><strong>notum</strong></span> <span class='ocrx_word' id='word_1_817' title='bbox 2728 4314 2805 4371; x_wconf 89' lang='lat' dir='ltr'><strong>sit</strong></span> <span class='ocrx_word' id='word_1_818' title='bbox 2832 4332 2844 4371; x_wconf 97' lang='lat'><strong>:</strong></span> <span class='ocrx_word' id='word_1_819' title='bbox 2868 4315 2927 4370; x_wconf 91' lang='lat' dir='ltr'><strong>in</strong></span> <span class='ocrx_word' id='word_1_820' title='bbox 2949 4314 3183 4370; x_wconf 84' lang='lat' dir='ltr'><strong>exordio</strong></span> <span class='ocrx_word' id='word_1_821' title='bbox 3203 4330 3338 4369; x_wconf 87' lang='lat' dir='ltr'><strong>vero</strong></span> <span class='ocrx_word' id='word_1_822' title='bbox 3360 4315 3661 4383; x_wconf 87' lang='lat' dir='ltr'><strong>nascendi,</strong></span> 
     </span>
    </p>
   </div>
   <div class='ocr_carea' id='block_1_106' title="bbox 2016 4400 3662 4475">
    <p class='ocr_par' dir='ltr' id='par_1_106' title="bbox 2016 4400 3662 4475">
     <span class='ocr_line' id='line_1_107' title="bbox 2016 4400 3662 4475; baseline 0.001 -20"><span class='ocrx_word' id='word_1_823' title='bbox 2016 4402 2117 4473; x_wconf 91' lang='lat' dir='ltr'><strong>qui</strong></span> <span class='ocrx_word' id='word_1_824' title='bbox 2149 4400 2261 4473; x_wconf 81' lang='lat' dir='ltr'><strong>(Al.</strong></span> <span class='ocrx_word' id='word_1_825' title='bbox 2297 4402 2521 4474; x_wconf 90' lang='lat' dir='ltr'><strong>quales)</strong></span> <span class='ocrx_word' id='word_1_826' title='bbox 2554 4403 2732 4457; x_wconf 87' lang='lat' dir='ltr'><strong>futuri</strong></span> <span class='ocrx_word' id='word_1_827' title='bbox 2766 4404 2975 4472; x_wconf 91' lang='lat' dir='ltr'><strong>simus,</strong></span> <span class='ocrx_word' id='word_1_828' title='bbox 3008 4403 3330 4475; x_wconf 89' lang='lat' dir='ltr'><strong>ignoretur.</strong></span> <span class='ocrx_word' id='word_1_829' title='bbox 3363 4404 3480 4457; x_wconf 90' lang='lat' dir='ltr'><strong>Aut</strong></span> <span class='ocrx_word' id='word_1_830' title='bbox 3508 4404 3662 4474; x_wconf 86' lang='lat' dir='ltr'><strong>quod</strong></span> 
     </span>
    </p>
   </div>
   <div class='ocr_carea' id='block_1_107' title="bbox 2015 4491 3662 4566">
    <p class='ocr_par' dir='ltr' id='par_1_107' title="bbox 2015 4491 3662 4566">
     <span class='ocr_line' id='line_1_108' title="bbox 2015 4491 3662 4566; baseline 0.001 -21"><span class='ocrx_word' id='word_1_831' title='bbox 2015 4491 2291 4548; x_wconf 90' lang='lat' dir='ltr'><strong>nativitas</strong></span> <span class='ocrx_word' id='word_1_832' title='bbox 2342 4492 2542 4565; x_wconf 88' lang='lat' dir='ltr'><strong>alliget</strong></span> <span class='ocrx_word' id='word_1_833' title='bbox 2588 4509 2826 4566; x_wconf 86' lang='lat' dir='ltr'><strong>corpore</strong></span> <span class='ocrx_word' id='word_1_834' title='bbox 2877 4494 2984 4563; x_wconf 85' lang='lat' dir='ltr'><strong>(Al.</strong></span> <span class='ocrx_word' id='word_1_835' title='bbox 3038 4492 3286 4566; x_wconf 90' lang='lat' dir='ltr'><strong>corpori)</strong></span> <span class='ocrx_word' id='word_1_836' title='bbox 3334 4491 3662 4549; x_wconf 86' lang='lat' dir='ltr'><strong>libertatem</strong></span> 
     </span>
    </p>
   </div>
   <div class='ocr_carea' id='block_1_108' title="bbox 2016 4581 2771 4647">
    <p class='ocr_par' dir='ltr' id='par_1_108' title="bbox 2016 4581 2771 4647">
     <span class='ocr_line' id='line_1_109' title="bbox 2016 4581 2771 4647; baseline 0.004 -12"><span class='ocrx_word' id='word_1_837' title='bbox 2016 4581 2247 4647; x_wconf 65' lang='lat' dir='ltr'><strong>animae,</strong></span> <span class='ocrx_word' id='word_1_838' title='bbox 2281 4598 2471 4637; x_wconf 84' lang='lat' dir='ltr'><strong>mores</strong></span> <span class='ocrx_word' id='word_1_839' title='bbox 2504 4582 2771 4638; x_wconf 88' lang='lat' dir='ltr'><strong>resolvat.</strong></span> 
     </span>
    </p>
   </div>
   <div class='ocr_carea' id='block_1_109' title="bbox 2086 4668 3661 4741">
    <p class='ocr_par' dir='ltr' id='par_1_109' title="bbox 2086 4668 3661 4741">
     <span class='ocr_line' id='line_1_110' title="bbox 2086 4668 3661 4741; baseline 0.004 -23"><span class='ocrx_word' id='word_1_840' title='bbox 2086 4692 2112 4718; x_wconf 85' lang='grc'><strong>‹‹</strong></span> <span class='ocrx_word' id='word_1_841' title='bbox 2148 4668 2358 4725; x_wconf 91' lang='lat' dir='ltr'><strong>Melius</strong></span> <span class='ocrx_word' id='word_1_842' title='bbox 2388 4675 2478 4726; x_wconf 91' lang='lat' dir='ltr'><strong>est</strong></span> <span class='ocrx_word' id='word_1_843' title='bbox 2507 4672 2589 4726; x_wconf 91' lang='lat' dir='ltr'><strong>ire</strong></span> <span class='ocrx_word' id='word_1_844' title='bbox 2618 4672 2691 4726; x_wconf 91' lang='lat' dir='ltr'><strong>ad</strong></span> <span class='ocrx_word' id='word_1_845' title='bbox 2726 4672 2968 4727; x_wconf 92' lang='lat' dir='ltr'><strong>domum</strong></span> <span class='ocrx_word' id='word_1_846' title='bbox 3001 4670 3217 4738; x_wconf 82' lang='lat' dir='ltr'><strong>luctus,</strong></span> <span class='ocrx_word' id='word_1_847' title='bbox 3248 4686 3429 4741; x_wconf 91' lang='lat' dir='ltr'><strong>quam</strong></span> <span class='ocrx_word' id='word_1_848' title='bbox 3455 4670 3529 4725; x_wconf 92' lang='lat' dir='ltr'><strong>ad</strong></span> <span class='ocrx_word' id='word_1_849' title='bbox 3562 4670 3661 4725; x_wconf 89' lang='lat' dir='ltr'><strong>do-</strong></span> 
     </span>
    </p>
   </div>
   <div class='ocr_carea' id='block_1_110' title="bbox 2013 4757 3663 4831">
    <p class='ocr_par' dir='ltr' id='par_1_110' title="bbox 2013 4757 3663 4831">
     <span class='ocr_line' id='line_1_111' title="bbox 2013 4757 3663 4831; baseline 0 -19"><span class='ocrx_word' id='word_1_850' title='bbox 2013 4774 2179 4813; x_wconf 90' lang='lat' dir='ltr'><strong>mum</strong></span> <span class='ocrx_word' id='word_1_851' title='bbox 2211 4759 2480 4825; x_wconf 91' lang='lat' dir='ltr'><strong>convivii,</strong></span> <span class='ocrx_word' id='word_1_852' title='bbox 2514 4760 2574 4814; x_wconf 86' lang='lat' dir='ltr'><strong>ia</strong></span> <span class='ocrx_word' id='word_1_853' title='bbox 2606 4777 2723 4831; x_wconf 91' lang='lat' dir='ltr'><strong>quo</strong></span> <span class='ocrx_word' id='word_1_854' title='bbox 2756 4760 2891 4816; x_wconf 81' lang='lat' dir='ltr'><strong>finis</strong></span> <span class='ocrx_word' id='word_1_855' title='bbox 2919 4765 3009 4816; x_wconf 90' lang='lat' dir='ltr'><strong>est</strong></span> <span class='ocrx_word' id='word_1_856' title='bbox 3053 4760 3246 4815; x_wconf 90' lang='lat' dir='ltr'><strong>omnis</strong></span> <span class='ocrx_word' id='word_1_857' title='bbox 3277 4757 3572 4815; x_wconf 90' lang='lat' dir='ltr'><strong>hominis:</strong></span> <span class='ocrx_word' id='word_1_858' title='bbox 3605 4763 3663 4814; x_wconf 91' lang='lat' dir='ltr'><strong>et</strong></span> 
     </span>
    </p>
   </div>
   <div class='ocr_carea' id='block_1_111' title="bbox 2012 4846 3661 4918">
    <p class='ocr_par' dir='ltr' id='par_1_111' title="bbox 2012 4846 3661 4918">
     <span class='ocr_line' id='line_1_112' title="bbox 2012 4846 3661 4918; baseline 0.001 -18"><span class='ocrx_word' id='word_1_859' title='bbox 2012 4847 2114 4918; x_wconf 91' lang='lat' dir='ltr'><strong>qui</strong></span> <span class='ocrx_word' id='word_1_860' title='bbox 2145 4846 2303 4914; x_wconf 90' lang='lat' dir='ltr'><strong>vivit,</strong></span> <span class='ocrx_word' id='word_1_861' title='bbox 2335 4848 2498 4903; x_wconf 90' lang='lat' dir='ltr'><strong>dabit</strong></span> <span class='ocrx_word' id='word_1_862' title='bbox 2532 4850 2603 4904; x_wconf 89' lang='lat' dir='ltr'><strong>ad</strong></span> <span class='ocrx_word' id='word_1_863' title='bbox 2634 4866 2731 4904; x_wconf 91' lang='lat' dir='ltr'><strong>cor</strong></span> <span class='ocrx_word' id='word_1_864' title='bbox 2763 4866 2958 4905; x_wconf 90' lang='lat' dir='ltr'><strong>suum.</strong></span> <span class='ocrx_word' id='word_1_865' title='bbox 2994 4872 3021 4898; x_wconf 89' lang='grc'><strong>››</strong></span> <span class='ocrx_word' id='word_1_866' title='bbox 3056 4849 3268 4904; x_wconf 91' lang='lat' dir='ltr'><strong>Utilius</strong></span> <span class='ocrx_word' id='word_1_867' title='bbox 3294 4852 3383 4903; x_wconf 91' lang='lat' dir='ltr'><strong>est</strong></span> <span class='ocrx_word' id='word_1_868' title='bbox 3401 4847 3474 4901; x_wconf 89' lang='lat' dir='ltr'><strong>ad</strong></span> <span class='ocrx_word' id='word_1_869' title='bbox 3504 4862 3661 4902; x_wconf 80' lang='lat' dir='ltr'><strong>exse-</strong></span> 
     </span>
    </p>
   </div>
   <div class='ocr_carea' id='block_1_112' title="bbox 2082 5058 3659 5131">
    <p class='ocr_par' dir='ltr' id='par_1_112' title="bbox 2082 5058 3659 5131">
     <span class='ocr_line' id='line_1_113' title="bbox 2082 5058 3659 5131; baseline 0.001 -18"><span class='ocrx_word' id='word_1_870' title='bbox 2082 5059 2103 5091; x_wconf 80' lang='grc'>⁵</span> <span class='ocrx_word' id='word_1_871' title='bbox 2134 5058 2285 5131; x_wconf 10' lang='lat' dir='ltr'><strong>Quid?</strong></span> <span class='ocrx_word' id='word_1_872' title='bbox 2303 5063 2381 5114; x_wconf 84' lang='lat' dir='ltr'><strong>cst</strong></span> <span class='ocrx_word' id='word_1_873' title='bbox 2400 5061 2649 5131; x_wconf 53' lang='lat' dir='ltr'><strong>{mplius</strong></span> <span class='ocrx_word' id='word_1_874' title='bbox 2669 5062 2917 5116; x_wconf 81' lang='lat' dir='ltr'><strong>homini?</strong></span> <span class='ocrx_word' id='word_1_875' title='bbox 2938 5059 3179 5115; x_wconf 90' lang='lat' dir='ltr'><strong>Initium</strong></span> <span class='ocrx_word' id='word_1_876' title='bbox 3198 5059 3292 5114; x_wconf 92' lang='lat' dir='ltr'><strong>hic</strong></span> <span class='ocrx_word' id='word_1_877' title='bbox 3309 5063 3398 5131; x_wconf 88' lang='lat' dir='ltr'><strong>est</strong></span> <span class='ocrx_word' id='word_1_878' title='bbox 3418 5058 3659 5131; x_wconf 90' lang='lat' dir='ltr'><strong>capituli</strong></span> 
     </span>
    </p>
   </div>
   <div class='ocr_carea' id='block_1_113' title="bbox 2010 5129 3657 5202">
    <p class='ocr_par' dir='ltr' id='par_1_113' title="bbox 2010 5129 3657 5202">
     <span class='ocr_line' id='line_1_114' title="bbox 2010 5129 3657 5202; baseline 0.001 -19"><span class='ocrx_word' id='word_1_879' title='bbox 2010 5130 2249 5202; x_wconf 89' lang='lat' dir='ltr'><strong>septimi</strong></span> <span class='ocrx_word' id='word_1_880' title='bbox 2274 5130 2332 5184; x_wconf 92' lang='lat' dir='ltr'><strong>in</strong></span> <span class='ocrx_word' id='word_1_881' title='bbox 2357 5129 2615 5202; x_wconf 77' lang='lat' dir='ltr'><strong>Vulgata</strong></span> <span class='ocrx_word' id='word_1_882' title='bbox 2644 5132 2877 5187; x_wconf 85' lang='lat' dir='ltr'><strong>Latina:</strong></span> <span class='ocrx_word' id='word_1_883' title='bbox 2913 5133 3014 5186; x_wconf 88' lang='lat' dir='ltr'><strong>sed</strong></span> <span class='ocrx_word' id='word_1_884' title='bbox 3041 5136 3259 5186; x_wconf 88' lang='lat' dir='ltr'><strong>veteres</strong></span> <span class='ocrx_word' id='word_1_885' title='bbox 3289 5129 3434 5202; x_wconf 88' lang='lat' dir='ltr'><strong>alias</strong></span> <span class='ocrx_word' id='word_1_886' title='bbox 3476 5129 3657 5186; x_wconf 82' lang='lat' dir='ltr'><strong>secuti</strong></span> 
     </span>
    </p>
   </div>
   <div class='ocr_carea' id='block_1_114' title="bbox 2010 5201 3658 5267">
    <p class='ocr_par' dir='ltr' id='par_1_114' title="bbox 2010 5201 3658 5267">
     <span class='ocr_line' id='line_1_115' title="bbox 2010 5201 3658 5267; baseline 0.001 -11"><span class='ocrx_word' id='word_1_887' title='bbox 2010 5206 2152 5256; x_wconf 92' lang='lat' dir='ltr'><strong>sunt</strong></span> <span class='ocrx_word' id='word_1_888' title='bbox 2197 5201 2512 5258; x_wconf 89' lang='lat' dir='ltr'><strong>divisiones</strong></span> <span class='ocrx_word' id='word_1_889' title='bbox 2571 5208 2874 5258; x_wconf 82' lang='lat' dir='ltr'><strong>contextus</strong></span> <span class='ocrx_word' id='word_1_890' title='bbox 2926 5203 3099 5267; x_wconf 90' lang='lat' dir='ltr'><strong>sacri,</strong></span> <span class='ocrx_word' id='word_1_891' title='bbox 3163 5207 3225 5256; x_wconf 92' lang='lat' dir='ltr'><strong>ut</strong></span> <span class='ocrx_word' id='word_1_892' title='bbox 3278 5218 3347 5255; x_wconf 83' lang='lat' dir='ltr'><strong>ex</strong></span> <span class='ocrx_word' id='word_1_893' title='bbox 3395 5201 3505 5257; x_wconf 93' lang='lat' dir='ltr'><strong>hoc</strong></span> <span class='ocrx_word' id='word_1_894' title='bbox 3533 5202 3658 5257; x_wconf 92' lang='lat' dir='ltr'><strong>loco</strong></span> 
     </span>
    </p>
   </div>
   <div class='ocr_carea' id='block_1_115' title="bbox 2011 5272 3658 5344">
    <p class='ocr_par' dir='ltr' id='par_1_115' title="bbox 2011 5272 3658 5344">
     <span class='ocr_line' id='line_1_116' title="bbox 2011 5272 3658 5344; baseline 0.002 -19"><span class='ocrx_word' id='word_1_895' title='bbox 2011 5273 2491 5327; x_wconf 84' lang='lat' dir='ltr'><strong>manifestissime</strong></span> <span class='ocrx_word' id='word_1_896' title='bbox 2542 5274 2836 5344; x_wconf 90' lang='lat' dir='ltr'><strong>probatur.</strong></span> <span class='ocrx_word' id='word_1_897' title='bbox 2880 5272 3128 5329; x_wconf 81' lang='lat' dir='ltr'><strong>Consule</strong></span> <span class='ocrx_word' id='word_1_898' title='bbox 3180 5272 3594 5344; x_wconf 88' lang='lat' dir='ltr'><strong>Prolegomena</strong></span> <span class='ocrx_word' id='word_1_899' title='bbox 3623 5290 3658 5328; x_wconf 92' lang='lat' dir='ltr'><strong>a</strong></span> 
     </span>
    </p>
   </div>
   <div class='ocr_carea' id='block_1_116' title="bbox 2011 5344 3655 5401">
    <p class='ocr_par' dir='ltr' id='par_1_116' title="bbox 2011 5344 3655 5401">
     <span class='ocr_line' id='line_1_117' title="bbox 2011 5344 3655 5401; baseline 0.001 -4"><span class='ocrx_word' id='word_1_900' title='bbox 2011 5345 2180 5399; x_wconf 85' lang='lat' dir='ltr'><strong>nobis</strong></span> <span class='ocrx_word' id='word_1_901' title='bbox 2210 5345 2365 5398; x_wconf 84' lang='lat' dir='ltr'><strong>edita</strong></span> <span class='ocrx_word' id='word_1_902' title='bbox 2396 5345 2453 5398; x_wconf 88' lang='lat' dir='ltr'><strong>in</strong></span> <span class='ocrx_word' id='word_1_903' title='bbox 2498 5346 2751 5399; x_wconf 82' lang='lat' dir='ltr'><strong>Divinam</strong></span> <span class='ocrx_word' id='word_1_904' title='bbox 2790 5345 3179 5401; x_wconf 78' lang='lat' dir='ltr'><strong>szliothccum</strong></span> <span class='ocrx_word' id='word_1_905' title='bbox 3228 5344 3415 5399; x_wconf 86' lang='lat' dir='ltr'><strong>sancti</strong></span> <span class='ocrx_word' id='word_1_906' title='bbox 3458 5345 3655 5400; x_wconf 80' lang='lat' dir='ltr'><strong>Hiero-</strong></span> 
     </span>
    </p>
   </div>
   <div class='ocr_carea' id='block_1_117' title="bbox 2010 5415 3655 5489">
    <p class='ocr_par' dir='ltr' id='par_1_117' title="bbox 2010 5415 3655 5489">
     <span class='ocr_line' id='line_1_118' title="bbox 2010 5415 3655 5489; baseline 0.002 -21"><span class='ocrx_word' id='word_1_907' title='bbox 2010 5416 2194 5487; x_wconf 84' lang='lat' dir='ltr'><strong>nymi,</strong></span> <span class='ocrx_word' id='word_1_908' title='bbox 2231 5416 2329 5471; x_wconf 91' lang='lat' dir='ltr'><strong>ubi</strong></span> <span class='ocrx_word' id='word_1_909' title='bbox 2360 5415 2799 5489; x_wconf 81' lang='lat' dir='ltr'><strong>de_hujusmodi</strong></span> <span class='ocrx_word' id='word_1_910' title='bbox 2852 5416 3123 5489; x_wconf 88' lang='lat' dir='ltr'><strong>capitulis</strong></span> <span class='ocrx_word' id='word_1_911' title='bbox 3168 5416 3508 5487; x_wconf 88' lang='lat' dir='ltr'><strong>plenissime</strong></span> <span class='ocrx_word' id='word_1_912' title='bbox 3534 5417 3655 5472; x_wconf 80' lang='lat' dir='ltr'><strong>dis-</strong></span> 
     </span>
    </p>
   </div>
   <div class='ocr_carea' id='block_1_118' title="bbox 2008 5487 3086 5626">
    <p class='ocr_par' dir='ltr' id='par_1_118' title="bbox 2008 5487 3086 5626">
     <span class='ocr_line' id='line_1_119' title="bbox 2008 5487 2937 5558; baseline -0.001 -17"><span class='ocrx_word' id='word_1_913' title='bbox 2008 5492 2275 5558; x_wconf 85' lang='lat' dir='ltr'><strong>putatum</strong></span> <span class='ocrx_word' id='word_1_914' title='bbox 2313 5492 2402 5541; x_wconf 91' lang='lat' dir='ltr'><strong>est</strong></span> <span class='ocrx_word' id='word_1_915' title='bbox 2432 5487 2718 5542; x_wconf 78' lang='lat' dir='ltr'><strong>MARTIAN.</strong></span> <span class='ocrx_word' id='word_1_916' title='bbox 2924 5487 2937 5489; x_wconf 16' lang='grc' dir='ltr'>ἡ</span> 
     </span>
     <span class='ocr_line' id='line_1_120' title="bbox 2078 5557 3086 5626; baseline 0.002 -14"><span class='ocrx_word' id='word_1_917' title='bbox 2078 5560 2098 5592; x_wconf 74' lang='grc' dir='ltr'>θ</span> <span class='ocrx_word' id='word_1_918' title='bbox 2130 5557 2377 5613; x_wconf 78' lang='lat' dir='ltr'><strong>Palatia.</strong></span> <span class='ocrx_word' id='word_1_919' title='bbox 2413 5557 2577 5625; x_wconf 89' lang='lat' dir='ltr'><strong>alter,</strong></span> <span class='ocrx_word' id='word_1_920' title='bbox 2605 5576 2667 5614; x_wconf 79' lang='lat' dir='ltr'><strong>ea</strong></span> <span class='ocrx_word' id='word_1_921' title='bbox 2690 5577 2709 5613; x_wconf 90' lang='lat'><strong>:</strong></span> <span class='ocrx_word' id='word_1_922' title='bbox 2737 5558 2944 5626; x_wconf 89' lang='lat' dir='ltr'><strong>Vatic.,</strong></span> <span class='ocrx_word' id='word_1_923' title='bbox 2974 5575 3086 5614; x_wconf 75' lang='lat' dir='ltr'><strong>eas.</strong></span> 
     </span>
    </p>
   </div>
   <div class='ocr_carea' id='block_1_119' title="bbox 2079 5629 3540 5702">
    <p class='ocr_par' dir='ltr' id='par_1_119' title="bbox 2079 5629 3540 5702">
     <span class='ocr_line' id='line_1_121' title="bbox 2079 5629 3540 5702; baseline 0.001 -20"><span class='ocrx_word' id='word_1_924' title='bbox 2079 5630 2098 5661; x_wconf 86' lang='grc'>⁷</span> <span class='ocrx_word' id='word_1_925' title='bbox 2127 5629 2377 5696; x_wconf 90' lang='lat' dir='ltr'><strong>Alcuin.,</strong></span> <span class='ocrx_word' id='word_1_926' title='bbox 2401 5630 2491 5684; x_wconf 84' lang='lat' dir='ltr'><strong>Sic</strong></span> <span class='ocrx_word' id='word_1_927' title='bbox 2518 5630 2589 5683; x_wconf 84' lang='lat' dir='ltr'><strong>ad</strong></span> <span class='ocrx_word' id='word_1_928' title='bbox 2612 5639 2770 5685; x_wconf 84' lang='lat' dir='ltr'><strong>tuum</strong></span> <span class='ocrx_word' id='word_1_929' title='bbox 2788 5646 2986 5686; x_wconf 73' lang='lat' dir='ltr'><strong>nomen</strong></span> <span class='ocrx_word' id='word_1_930' title='bbox 3013 5634 3209 5686; x_wconf 82' lang='lat' dir='ltr'><strong>cuncta</strong></span> <span class='ocrx_word' id='word_1_931' title='bbox 3234 5633 3540 5702; x_wconf 77' lang='lat' dir='ltr'><strong>posteritas.</strong></span> 
     </span>
    </p>
   </div>
  </div>
