4084 6170
438 296 593 365 Ηίὸ

1679 296 1744 369 S.
1790 301 2101 369 EUSEBII
2145 301 2614 368 HIEBONYMI.

3682 289 3867 377 me:

436 433 606 505 quias
635 432 878 504 funeris,
913 440 1092 508 quam
1122 434 1194 495 ad
1226 436 1468 495 domum
1514 439 1596 494 ire
1644 438 1906 502 convivii,
1940 436 2076 509 quia
2105 440 2159 504 Α
2189 451 2366 507 quam
2407 436 2740 491 adulatione
2768 433 2957 507 decipi
3001 433 3361 507 blandiente.
3393 431 3499 491 Cui
3524 432 3719 491 simile
3748 436 3853 491 est

436 521 517 577 ibi
550 523 904 580 conditionis
936 528 1147 582 nostra
1180 527 1196 560 ί
1228 531 1286 583 et
1330 527 1663 601 fragilitatis
1712 529 1981 583 humana
2011 544 2079 583 ex

434 612 706 683 prasenti
739 614 1017 669 cadavere
1039 632 1499 672 commonemur.
1526 620 1588 672 In
1612 617 1858 673 convivii
1880 623 2077 672 autem

433 700 654 768 latitia,
686 701 862 758 etiam
894 703 941 758 si
975 704 1119 775 quid
1163 705 1393 761 timoris
1443 706 1658 762 habere
1709 706 2074 773 videbamur,

434 790 783 846 amittimus.
817 792 1215 848 Novissimum
1248 811 1481 850 versum
1513 795 1771 867 apertius
1801 794 2078 866 interpre-

433 881 593 935 tatus
622 883 712 934 est
737 881 1142 954 Symmachus,
1197 883 1432 938 dicens:
1468 906 1495 934 «
1540 884 1607 939 Et
1654 882 1754 955 qui
1792 883 1953 948 vivit,
1987 899 2077 939 re-

435 966 641 1039 spiciet
671 970 741 1040 ad
776 973 1051 1025 mentem.
1091 994 1112 1019 ι
1148 974 1228 1025 Ex
1258 971 1475 1043 quibus
1508 972 1887 1044 approbatur,
1920 970 1979 1025 in
2011 986 2076 1026 eo

434 1057 588 1127 quod
623 1058 895 1128 superius
927 1058 1123 1115 cibum
1145 1065 1201 1115 et
1221 1065 1423 1132 potum
1444 1060 1606 1117 visus
1623 1066 1711 1116 est
1732 1060 2073 1132 approbare,

434 1161 548 1200 non
579 1161 714 1199 eum
763 1146 1120 1218 voluptatem
1172 1149 1347 1204 rebus
1396 1150 1664 1218 praferre
1708 1148 1958 1215 cunctis,
2015 1152 2077 1203 ut

431 1232 693 1304 plerique
724 1235 874 1289 male
921 1236 1258 1293 aestimant:
1313 1238 1414 1294 sed
1466 1239 1536 1293 ad
1582 1237 2074 1309 comparationem

432 1321 684 1376 avaritia
715 1328 771 1378 et
800 1322 994 1379 nimia
1042 1325 1363 1396 parcitatis,
1413 1326 1547 1382 licet
1595 1327 1766 1381 breve
1815 1326 1911 1394 sit,
1943 1325 2077 1398 plus

429 1426 576 1477 esse,
613 1410 663 1464 si
690 1411 779 1467 vel
810 1414 960 1468 437
1005 1414 1077 1468 ad
1126 1418 1488 1470 momentum
1540 1414 1672 1486 quis
1712 1413 1833 1469 suis
1868 1414 2077 1485 opibus

428 1498 780 1568 perfruatur.
834 1504 1150 1573 Nunquam
1200 1503 1357 1558 enim
1406 1503 1707 1559 tristitiam
1762 1502 2076 1574 luctus,fe-

428 1586 670 1643 stivitati
716 1589 959 1645 convivii
1011 1590 1367 1661 pratulisset
1397 1593 1437 1658 ³,
1484 1592 1533 1646 si
1582 1593 1780 1647 bibere
1827 1596 1883 1647 et
1921 1592 2075 1647 vesci

429 1674 683 1747 alicujus
712 1682 980 1748 putasset
1009 1696 1137 1735 esse
1167 1679 1469 1736 momenti.

502 1786 530 1815 «
565 1763 770 1820 Melior
815 1770 903 1821 est
955 1767 1043 1822 ira
1088 1785 1266 1839 quam
1315 1769 1492 1835 risus,
1541 1770 1680 1842 quia
1721 1770 1780 1824 in
1831 1784 2075 1825 maerore

429 1852 630 1909 vultus
660 1855 1072 1911 emendabitur
1116 1874 1235 1912 cor.
1286 1880 1315 1908 »
1357 1858 1531 1914 Risus
1568 1858 1837 1914 dissolvit
1885 1858 2074 1914 riden-

426 1945 547 1997 tem
576 1943 598 1976 ³
626 1960 640 1998 :
675 1942 763 1998 ira
791 1944 1032 2017 corripit
1060 1950 1117 2001 et
1162 1948 1456 2003 emendat.
1510 1949 1844 2003 Irascamur
1890 1951 1946 2002 et
1971 1964 2074 2003 no-

427 2029 541 2101 bis,
574 2030 882 2104 siquando
926 2050 1258 2106 peccamus,
1306 2036 1633 2092 irascamur
1680 2042 1736 2092 et
1782 2035 1934 2092 aliis.
1970 2036 2077 2091 Per

427 2118 730 2175 tristitiam
763 2121 979 2195 quippe
1009 2122 1226 2193 vultus,
1262 2124 1468 2181 melior
1499 2127 1597 2181 fiet
1616 2126 1870 2191 animus,
1895 2129 1959 2179 ut
1984 2124 2073 2179 in-

425 2212 779 2281 terpretatus
824 2215 911 2267 est
958 2213 1363 2285 Symmachus.
1415 2219 1482 2270 Et
1526 2214 1780 2271 idcirco:
1815 2215 1897 2269 Vae
1926 2230 2075 2269 nunc

425 2297 749 2366 ridentibus,
781 2303 1043 2371 quoniam
1073 2305 1181 2374 ipsi
1211 2304 1467 2374 lugebant
1498 2304 1648 2375 (Luc.
1680 2320 1757 2371 v1,
1777 2303 1892 2373 25).

498 2408 526 2437 «
563 2386 674 2442 Cor
701 2389 1055 2459 sapientium
1086 2391 1146 2446 in
1199 2394 1372 2448 domo
1425 2391 1639 2460 luctus,
1698 2396 1754 2447 et
1800 2407 1900 2446 cor
1930 2391 2071 2447 insi-

425 2475 714 2546 pientium
745 2475 804 2531 in
837 2478 1012 2534 domo
1044 2479 1279 2537 latitia.
1317 2502 1345 2530 ››
1376 2484 1549 2548 Beati,
1572 2481 1769 2552 inquit
1788 2479 2070 2546 Salvator,

425 2564 693 2634 lugentes,
723 2568 989 2635 quoniam
1038 2569 1148 2639 ipsi
1195 2570 1618 2627 consolabuntur
1663 2571 1870 2641 (Matth.
1904 2587 1960 2633 v,
1990 2569 2067 2639 5).

426 2651 686 2723 Lugebat
731 2657 788 2708 et
834 2654 1071 2711 Samuel
1118 2673 1313 2730 regem
1360 2658 1495 2714 Saul
1546 2657 1822 2714 omnibus
1860 2657 2070 2713 diebus

424 2737 555 2795 vita
587 2756 705 2795 sua
754 2742 828 2814 (II
868 2746 996 2815 Reg.
1048 2746 1184 2817 xvr).
1234 2747 1305 2802 Et
1352 2746 1568 2803 Paulus
1616 2764 1794 2819 super
1841 2763 1939 2802 eos
1969 2746 2070 2818 qui

422 2832 557 2901 post
584 2836 821 2903 peccata
866 2834 1027 2888 varia
1076 2834 1389 2891 noluerant
1426 2853 1595 2909 agere
1642 2834 2067 2907 paenitentiam,

422 2915 622 2990 lugere
669 2936 732 2976 se
780 2921 924 2976 dicit
968 2922 1039 2992 (II
1089 2924 1208 2980 Cor.
1265 2926 1389 2996 xu).
1437 2928 1543 2981 Cor
1583 2925 1763 2997 igitur
1792 2923 2070 2995 sapientis

420 3006 598 3062 vadat
629 3008 703 3063 ad
736 3009 976 3065 domum
1010 3011 1141 3067 talis
1188 3012 1316 3080 viri,
1363 3013 1461 3084 qui
1492 3030 1553 3068 se
1583 3012 1855 3085 corripiat
1886 3010 2071 3067 delin-

424 3098 722 3166 quentem,
765 3101 829 3151 ut
876 3098 1129 3154 adducat
1179 3100 1251 3155 ad
1299 3100 1605 3172 lacrymas,
1652 3100 1753 3171 qui
1800 3103 2071 3171 provocet

2189 523 2337 580 illud
2365 543 2378 580 :
2412 526 2636 581 Meliora
2670 533 2800 581 sunt
2842 525 3071 581 vulnera
3098 526 3285 595 amici,
3330 541 3496 598 quam
3526 524 3848 580 voluntaria

2187 614 2370 669 oscula
2422 616 2642 669 inimici
2696 615 2875 683 (Prov.
2936 631 3107 683 xxvu,
3173 614 3250 685 6).
3309 613 3475 669 Sicut
3538 612 3696 668 enim
3736 629 3847 669 vox

2188 702 2492 774 spinarum
2542 702 2873 758 ardentium
2928 703 3038 758 sub
3090 701 3224 769 olla,
3275 702 3585 774 strepitum
3651 701 3847 758 reddit

2188 791 2522 847 insuavem:
2558 793 2642 847 sic
2663 796 2719 847 et
2750 790 3044 864 palpantis
3074 790 3344 864 magistri
3364 792 3541 847 verba
3571 808 3691 846 non
3712 807 3844 862 pro-

2188 879 2422 945 derunt,
2455 878 2545 937 vel
2586 881 2657 935 ad
2690 896 2861 935 curas
2892 879 3089 935 saculi
3118 881 3159 947 ⁵,
3192 897 3324 951 qua
3353 879 3535 951 spina
3560 879 3847 951 interpre-

2186 971 2405 1034 tantur,
2439 968 2737 1025 auditores
2770 986 2908 1025 suos
2960 968 3341 1035 cohortantis,
3392 967 3478 1023 vel
3510 969 3717 1024 futuro
3745 985 3847 1024 eos

2186 1055 2455 1112 incendio
2505 1057 2659 1113 438
2710 1057 3112 1129 praparantis.
3167 1056 3561 1130 Symmachus
3609 1073 3721 1129 pro
3778 1072 3847 1112 eo

2187 1147 2342 1218 quod
2381 1163 2488 1202 nos
2529 1147 2874 1219 posuimus:
2922 1168 2944 1197 α
2980 1145 3128 1210 Quia
3185 1147 3339 1202 sicut
3382 1162 3494 1201 vox
3524 1146 3844 1217 spinarum

2188 1236 2298 1290 sub
2329 1233 2464 1302 olla,
2501 1234 2583 1290 sic
2623 1235 2779 1291 risus
2811 1234 2996 1302 stulti,
3030 1257 3055 1285 η
3087 1235 3246 1290 hunc
3278 1250 3519 1291 sensum
3552 1234 3847 1307 interpre-

2185 1328 2318 1378 tans
2364 1340 2537 1395 quem
2592 1341 2772 1395 supra
2812 1324 3224 1389 disseruimus,
3277 1324 3394 1379 ait:
3438 1347 3465 1373 «
3501 1324 3609 1380 Per
3637 1340 3847 1380 vocem

2186 1412 2340 1467 enim
2374 1411 2779 1484 imperitorum
2830 1411 3078 1468 vinculis
3119 1412 3414 1484 quispiam
3446 1411 3786 1484 colligatur.
3818 1436 3846 1462 ι)

2186 1499 2294 1554 hoc
2324 1503 2435 1567 est,
2466 1500 2538 1555 ad
2568 1516 2774 1556 vocem
2804 1499 3012 1555 talium
3044 1504 3471 1572 praceptorum
3512 1502 3713 1573 magis
3742 1517 3849 1556 au-

2187 1587 2342 1643 ditor
2368 1587 2711 1656 innectitur,
2742 1589 2885 1644 dum
2915 1588 3164 1645 vinculis
3191 1593 3563 1661 peccatorum
3595 1605 3849 1646 suorum

2185 1677 2595 1748 unusquisque
2625 1677 3065 1751 constringitur.

2257 1788 2284 1815 ‹‹
2319 1765 2624 1822 Calumnia
2656 1768 2967 1821 conturbat
3004 1765 3353 1839 sapientem,
3408 1770 3468 1822 et
3505 1765 3720 1837 perdet
3745 1784 3846 1824 cor

2185 1853 2542 1909 fortitudinis
2605 1855 2754 1926 ejus.
2790 1876 2819 1904 »
2875 1855 3044 1911 Nunc
3090 1855 3416 1927 sapientem
3464 1855 3524 1910 in
3576 1856 3842 1927 profectu

2183 1942 2439 2015 positum
2472 1942 2687 2015 accipe,
2732 1944 3067 1999 secundum
3098 1943 3278 1999 illud:
3310 1949 3500 2015 Argue
3531 1947 3842 2016 sapientem

2179 2037 2235 2087 et
2262 2032 2461 2101 diliget
2488 2041 2538 2088 te
2565 2034 2748 2101 (Prov.
2781 2049 2856 2102 ix,
2890 2034 2967 2105 8).
2999 2032 3248 2105 Sapiens
3294 2033 3510 2105 quippe
3542 2022 3841 2105 perfectus

2182 2120 2344 2176 nulla
2382 2121 2683 2194 argutione
2715 2122 2960 2194 indiget,
2995 2121 3159 2178 nulla
3189 2121 3487 2178 calumnia
3513 2124 3839 2179 conturba-

2180 2212 2295 2264 tur.
2331 2208 2577 2264 Utamur
2606 2210 2715 2265 hoc
2757 2210 3065 2278 versiculo,
3118 2210 3167 2266 si
3219 2211 3454 2283 quando
3484 2211 3728 2282 justum
3758 2212 3839 2267 vi-

2181 2314 2314 2352 rum
2357 2302 2530 2370 atque
2581 2298 2906 2370 sapientem
2953 2300 3222 2355 videmus
3261 2298 3622 2355 calumniam
3657 2302 3836 2356 susti-

2180 2403 2336 2454 nere,
2368 2391 2427 2441 et
2473 2387 2698 2443 turbari
2745 2387 2818 2444 de
2869 2387 3180 2460 iniquitate
3230 2387 3457 2460 judicii,
3506 2405 3615 2445 nec
3649 2389 3837 2445 Deum

2180 2475 2382 2531 statim
2423 2475 2733 2532 subvenire
2780 2481 3149 2548 prasentem.
3203 2476 3313 2532 Pro
3362 2493 3430 2532 eo
3484 2493 3644 2547 vero,
3680 2479 3833 2550 quod

2183 2565 2589 2636 Septuaginta,
2640 2569 2698 2620 et
2746 2563 2976 2636 Aquila,
3009 2569 3067 2620 et
3110 2565 3423 2622 Theodotio
3465 2565 3837 2638 interpretati

2179 2657 2336 2718 sunt,
2366 2653 2549 2724 perdit
2573 2669 2666 2709 cor
2696 2651 2939 2714 εὐτονίας
2972 2651 3136 2707 αὐτοῦ
3165 2655 3206 2722 δ,
3241 2654 3297 2709 id
3330 2658 3442 2724 est,
3487 2656 3837 2726 fortitudinis

2179 2742 2301 2798 sive
2349 2744 2563 2815 vigoris
2619 2745 2754 2815 ejus.
2815 2742 3205 2816 Symmachus
3273 2742 3376 2811 ait,
3431 2748 3489 2799 et
3525 2745 3838 2816 perditoru-

2179 2846 2477 2887 ΜΑΤΤΗΑΝΑ
2508 2832 2725 2903 (nmio)
2769 2832 2829 2887 id
2902 2840 2999 2899 est,
3071 2831 3278 2887 donum
3323 2850 3337 2888 :
3395 2836 3516 2888 tam
3585 2835 3834 2890 verbum

2179 2919 2550 2986 Hebraicum,
2576 2937 2754 2992 quam
2784 2920 3327 2993 interpretationem
3359 2922 3489 2992 ejus
3519 2921 3833 2993 copulans,

2179 3012 2236 3064 et
2267 3009 2484 3079 faciens
2531 3008 2703 3065 illum
2751 3027 3013 3078 sensum,
3064 3010 3163 3082 qui
3213 3010 3351 3065 alibi
3391 3010 3656 3083 scriptus
3704 3017 3832 3069 est:

2178 3099 2481 3154 Excaecant
2536 3114 2772 3153 munera
2824 3100 2992 3154 etiam
3044 3100 3379 3171 sapientium
3436 3100 3620 3156 oculos
3653 3101 3833 3171 (Deut.

424 3182 660 3254 propria
690 3183 827 3240 ﬂere
854 3191 1175 3255 peccata,et
1206 3205 1321 3243 non
1350 3168 1443 3243 eat
1472 3190 1541 3244 ad
1567 3168 2066 3253 domum—latitia,
2099 3168 2141 3237 Ο
2178 3203 2294 3252 xvr,
2330 3187 2438 3258 19).

425 3270 525 3326 ubi
565 3271 765 3328 doctor
792 3273 1067 3330 adulatur
1114 3281 1172 3331 et
1218 3276 1453 3349 decipit,
1511 3277 1610 3333 ubi
1660 3294 1774 3333 non
1829 3294 2065 3333 conver-

427 3357 652 3414 sionem
686 3360 1074 3432 audientium,
1107 3364 1210 3420 sed
1243 3369 1299 3420 et
1330 3364 1572 3438 plausus
1617 3366 1823 3437 quaerit
1854 3370 1910 3422 et
1939 3365 2064 3421 lau-

427 3446 579 3503 dem.
610 3447 768 3505 Talis
800 3455 1119 3524 praceptor
1145 3453 1463 3527 plangitur,
1495 3454 1653 3511 dives
1684 3455 1743 3510 in
1774 3471 2063 3522 sermone,

426 3535 585 3592 dives
616 3536 676 3592 in
705 3538 900 3595 verbis
929 3541 969 3607 ‘,
1004 3541 1105 3613 qui
1136 3541 1273 3613 quia
1300 3546 1600 3599 saturatus
1630 3547 1740 3610 est,
1763 3548 2068 3617 propterea

424 3625 640 3696 recepit
667 3625 1124 3685 consolationem
1156 3646 1348 3687 suam.
1396 3631 1654 3703 Denique
1702 3632 1839 3688 huic
1887 3649 2065 3705 expo-

422 3712 620 3769 sitioni
659 3714 835 3770 etiam
896 3723 1205 3790 sequentes
1249 3720 1518 3777 versiculi
1567 3722 1939 3777 concordant.
1971 3722 2067 3783 Ait

422 3817 579 3858 ΘΠΙῙῙῙ
604 3820 617 3857 Ξ

495 3913 525 3941 ‹‹
556 3889 764 3948 Melius
781 3898 871 3948 est
894 3895 1096 3951 audire
1117 3897 1539 3969 correptionem
1562 3900 1865 3971 sapientis,
1891 3916 2067 3971 super

421 3977 613 4033 virum
663 3980 997 4038 audientem
1052 4000 1286 4041 carmen
1331 3986 1666 4043 stultorum.
1723 3988 1869 4054 Quia
1915 3987 2068 4043 sicut

421 4083 528 4123 vox
558 4069 862 4140 spinarum
892 4072 1002 4128 sub
1031 4072 1166 4142 olla,
1202 4075 1286 4131 sic
1316 4075 1470 4130 risus
1510 4077 1696 4132 stulti.
1731 4077 1841 4133 Sed
1873 4081 1929 4133 et
1958 4077 2066 4132 hoc

420 4157 667 4214 vanitas.
720 4181 748 4209 »
802 4159 1008 4217 Melius
1078 4162 1237 4218 enim
1284 4168 1373 4220 est
1419 4182 1454 4220 a
1509 4166 1773 4238 sapiente
1831 4165 2065 4237 corripi,

495 4336 511 4369 ί
545 4335 707 4391 Idem
738 4335 966 4405 Alcuin,
1000 4354 1134 4393 cum
1165 4338 1337 4395 editis
1378 4345 1511 4397 ante
1559 4341 1825 4397 Martian.
1875 4341 2062 4398 libris.

424 4406 566 4474 Quia
613 4407 694 4481 ibi
749 4409 1120 4465 recordatione
1171 4411 1498 4466 conditionis
1555 4421 1769 4478 nostra,
1830 4418 1964 4481 etc.;
2012 4418 2069 4470 et

422 4493 577 4544 mox,
608 4479 671 4533 In
699 4482 965 4536 conviviis
993 4485 1196 4548 autem,
1229 4483 1279 4537 el
1309 4483 1529 4539 latitia.

493 4540 731 4627 —'_Q_uia
763 4551 841 4606 ibi
879 4540 1203 4627 conditionis
1245 4562 1467 4627 nostra.
1516 4555 1818 4627 Superflue
1848 4555 1907 4610 in
1940 4555 2061 4610 edi-
2093 4540 2142 4603 D

422 4618 508 4694 tis
529 4619 784 4694 additur,
818 4625 951 4694 quia
977 4625 1085 4679 tibi
1112 4624 1531 4691 recordatione,
1562 4618 1672 4682 etc.
1710 4627 1991 4683 Murrum.

490 4689 1174 4768 ’_Vatican.'__Tristitium
1221 4696 1412 4763 luctui,
1462 4689 1558 4753 sed
1602 4700 1896 4768 festivitati
1935 4715 2064 4755 con-

418 4764 631 4836 vivium
649 4764 1000 4836 praetulisset.

490 4835 688 4909 siCum
745 4836 954 4909 iisdem
1013 4835 1265 4909 vulgatis
1318 4837 1571 4905 Alcuin.,
1606 4843 1769 4897 Risus
1825 4842 2068 4896 dissolvit

418 4908 741 4983 sapientem.
775 4908 1073 4983 Tum_,ira
1101 4912 1345 4983 corrupit
1373 4915 1423 4966 et
1462 4912 1711 4967 emendat
1734 4916 2062 4983 peccantem.

418 4980 731 5034 Irascamur
756 4985 809 5035 et
836 4980 1011 5048 nobis,
1043 4982 1177 5053 quia
1198 4980 1558 5053 peccavimus,
1603 4980 1910 5039 irascamur
1937 4984 2067 5038 aliis

419 5065 631 5121 quoque
682 5052 1059 5122 peccantibus
1090 5052 1164 5106 ad
1200 5052 1646 5111 emendationem
1700 5058 1811 5122 sui,
1858 5071 1969 5110 non
1996 5053 2068 5109 ad

419 5122 688 5176 ultionem
717 5124 910 5178 nostri.

488 5193 721 5247 —Risus
748 5195 992 5250 dissolvit
1034 5194 1325 5251 ridentem.
1388 5196 1588 5253 Plures
1628 5214 1770 5254 mss.
1820 5197 2071 5253 dissolvit

422 5260 724 5342 ridentem;
759 5265 900 5342 quia
930 5265 1096 5342 facile
1127 5272 1359 5342 mutant
1387 5270 1656 5324 ridentem
1683 5271 1743 5324 in
1773 5269 2064 5325 videntem.

420 5331 574 5408 Edit_i
614 5331 1169 5408 leguntsapienlem.
1206 5339 1490 5395 MARTIAN.

468 5404 510 5485 f
539 5403 738 5485 Denuo
778 5403 1083 5477 Alcuinus,
1114 5415 1170 5464 et
1218 5412 1442 5481 pridem
1493 5410 1709 5484 vulgati
1763 5411 1918 5479 libri,
1950 5412 2070 5468 Non

418 5474 664 5548 divesin
687 5492 863 5548 opere.

490 5548 511 5622 ἔ
539 5545 751 5622 Υαιίοξ,
779 5549 860 5622 Ad
890 5551 1085 5622 culpas
1110 5552 1319 5608 saculi.

489 5621 511 5655 θ
541 5619 667 5677 Non
699 5619 1223 5679 videntur—veteres
1255 5628 1631 5697 recentesque
1660 5626 1934 5693 editores,
1969 5624 2069 5697 qui

2250 3297 2277 3325 «
2307 3274 2514 3332 Melius
2547 3281 2632 3332 est
2665 3276 3054 3332 novissimum
3085 3276 3394 3346 sermonis,
3448 3294 3630 3349 quam
3666 3281 3832 3351 prino

2174 3362 2395 3436 cipium
2445 3365 2595 3436 ejus.
2631 3387 2659 3414 »
2708 3363 2974 3420 Meliores
3023 3369 3165 3420 sunt
3208 3364 3269 3420 in
3314 3365 3563 3422 dicendo
3592 3366 3831 3441 epilogi,

2175 3469 2352 3525 quam
2407 3453 2732 3509 exordium.
2790 3454 2855 3508 In
2915 3453 3009 3509 his
3084 3453 3242 3509 enim
3302 3453 3551 3511 dicentis
3607 3455 3829 3513 sollici-

2173 3542 2316 3598 tudo
2355 3541 2580 3609 finitur,
2612 3541 2672 3596 in
2704 3540 2805 3597 illo
2835 3541 3059 3614 incipit.
3105 3540 3207 3596 Vel
3257 3546 3410 3598 certe
3439 3542 3564 3598 sic:
3598 3544 3713 3609 Qui
3738 3546 3828 3600 in-

2174 3630 2317 3703 cipit
2345 3630 2549 3686 audire
2577 3645 2930 3697 sermonem,
2980 3634 3039 3685 et
3076 3630 3148 3685 ad
3196 3635 3611 3702 praceptorem
3642 3633 3827 3699 vadit,

2172 3719 2233 3774 in
2263 3717 2549 3790 principio
2570 3721 2658 3774 est
2689 3736 2701 3786 ;
2737 3717 2838 3790 qui
2877 3735 3011 3774 vero
3042 3722 3301 3774 extrema
3329 3718 3512 3786 audit,
3545 3735 3826 3777 consum-

2174 3811 2372 3864 matus
2400 3812 2489 3863 est
2526 3812 2702 3879 atque
2731 3808 3044 3880 perfectus.
3077 3807 3188 3863 Sed
3218 3811 3279 3863 et
3307 3807 3416 3863 hoc
3447 3808 3621 3864 modo
3652 3808 3825 3865 intel-

2174 3896 2276 3969 ligi
2333 3896 2526 3968 potest
2576 3913 2588 3950 :
2654 3896 2804 3952 Dum
2856 3896 2916 3951 in
2973 3896 3085 3952 isto
3139 3895 3365 3952 saculo.
3404 3912 3638 3968 sumus,
3670 3899 3829 3969 quod

2175 3985 2417 4052 scimus,
2452 4001 2625 4040 omne
2667 3985 3019 4057 principium
3049 3989 3139 4040 est
3166 4003 3179 4053 ;
3212 4001 3349 4041 cum
3380 3989 3580 4042 autem
3608 3987 3832 4043 venerit

2176 4074 2331 4146 quod
2376 4075 2697 4146 perfectum
2745 4079 2853 4140 est,
2907 4073 3244 4130 novissimis
3292 4080 3349 4132 et
3401 4076 3833 4133 consummatis

2175 4164 2419 4219 erimus.
2462 4163 2740 4218 Hebraeus
2789 4163 2872 4218 ita
2922 4162 3078 4219 hunc
3121 4162 3316 4219 locum
3363 4180 3501 4220 cum
3559 4166 3834 4237 sequenti

2180 4340 2465 4415 hactenus
2519 4340 2789 4415 εὐγενείας
2848 4340 3010 4395 αὐτοῦ
3060 4341 3388 4415 legerunt,_
3416 4340 3618 4399 Graca
3657 4344 3837 4400 verba

2178 4412 2748 4486 ealiieronymianis
2781 4429 2950 4480 mss.,
2967 4414 3077 4486 sed
3098 4412 3167 4469 ei
3193 4412 3532 4486 pervulgata
3550 4417 3661 4467 τῶν
3695 4416 3835 4473 LXX

2180 4483 2435 4558 editione
2460 4483 2840 4558 eXpressisse.
2874 4483 3100 4558 Scilicet
3139 4483 3283 4541 mss.
3319 4483 3584 4558 eﬁtovlaq,
3618 4503 3833 4558 quem-

2176 4555 2497 4628 admodum
2528 4556 3161 4628 emendo,pr:et'erunt,
3208 4560 3265 4610 et
3295 4556 3345 4612 si
3394 4557 3522 4628 qui_
3550 4555 3837 4614 mendose

2179 4625 2507 4701 scribarum
2549 4625 2858 4701 oscitantis.
2884 4627 3013 4701 Tia
3044 4632 3080 4679 Γ
3100 4625 3487 4701 commutant,
3510 4626 3836 4701 leguntque

2180 4694 2570 4771 sﬁyovtag-vel
2630 4696 2898 4771 ἐκγᾳνίας,
2967 4698 3095 4771 ipso
3153 4699 3281 4771 ejus
3338 4694 3608 4755 litterulae
3640 4694 3833 4757 mani-

2179 4768 2326 4824 festo
2366 4768 2530 4832 vitio.
2549 4768 2828 4841 reposita
2859 4768 3092 4825 lectioni
3123 4768 3537 4841 suffragantur.
3585 4770 3674 4827 Ita
3700 4787 3833 4829 vero

2177 4844 2235 4913 et
2261 4856 2442 4911 penes
2474 4840 2613 4913 LXX
2627 4839 3041 4913 reponendum
3069 4857 3172 4913 pro
3211 4839 3481 4913 εὐγένείας
3509 4843 3832 4913 contende-

2178 4911 2311 4980 rim,
2345 4928 2482 4966 nam
2513 4917 2570 4967 et
2601 4911 2659 4966 in
2692 4911 2943 4968 editione
2984 4911 3246 4969 Romana
3286 4911 3620 4969 Flaminius
3644 4916 3833 4970 adno-

2176 4987 2415 5059 taverat,
2440 4984 2531 5059 ita
2560 4983 2619 5038 in
2650 4982 2952 5059 nonnullis
2996 4984 3296 5059 codicibus
3342 4983 3558 5059 Gracia
3607 4984 3749 5059 legi,
3776 4990 3834 5041 et

2177 5055 2331 5136 quod
2364 5053 2638 5136 palmare
2653 5058 3191 5136 argumentum‘est.
3202 5053 3833 5136 ‘Hieronymianajejus

2175 5125 2333 5182 vocis
2364 5125 2791 5198 interpretatio,
2822 5126 2880 5181 id
2912 5131 3020 5195 est,
3050 5125 3573 5253 {ortitudinisjsive
3601 5125 3833 5201 vigoris,

2177 5197 2324 5253 satis
2355 5198 2499 5253 bene
2532 5194 2794 5253 εὐτονίας.
2828 5199 3048 5253 vocabu
3074 5215 3106 5253 ο
3152 5198 3467 5253 respondet
3504 5199 3663 5253 auod
3691 5205 3833 5253 stre-

2177 5197 2324 5253 satis
2355 5198 2499 5253 bene
2520 5194 2794 5266 ἐύτονίας,
2828 5194 3112 5270 vocabulo
3152 5194 3833 5270 respondetrquod'stre-

2174 5270 2388 5336 auitas,
2413 5271 2654 5341 impetus
2685 5270 2863 5341 vigor,
2895 5274 3069 5341 atque
3100 5268 3194 5325 his
3237 5268 3436 5325 simila
3477 5268 3834 5341 interpreta-

2176 5344 2313 5407 tur;
2346 5338 2589 5414 minime
2617 5338 2757 5414 vero
2784 5338 3077 5413 εὐγενείας,
3111 5341 3266 5412 quod
3314 5343 3532 5414 generis
3559 5338 3834 5414 splendo-

2177 5427 2315 5482 rem,
2395 5411 2514 5467 sive
2590 5411 2934 5468 nobilitatem
3004 5411 3195 5477 sonat,
3253 5412 3443 5482 Addo,
3506 5411 3833 5470 Victorium

2178 5481 2303 5557 loco
2332 5483 2512 5553 perdit
2550 5482 2741 5556 legere
2768 5484 2995 5555 prodit:
3049 5483 3196 5540 mibi
3223 5484 3413 5556 perdet
3440 5484 3673 5557 probari
3705 5503 3834 5542 ma-

2178 5552 2288 5625 gis.
