4084 6170
202 354 351 440 ΠΗ

1194 362 1820 437 COMMENTARIUS
1861 360 1944 431 IN
1988 354 2588 433 ECCLESIASTEN.

3480 336 3607 431 us

200 505 485 567 versiculo
516 505 840 565 disseruit:
873 505 1083 564 Melius
1113 511 1202 563 est
1238 512 1295 563 te
1358 508 1533 563 ﬁnem
1574 504 1840 561 conside-
1870 503 1927 569 Α
1955 501 2093 557 olim
2136 503 2340 575 Moysi,
2408 520 2585 574 quam
2645 518 2801 558 nunc
2831 502 2853 538 ⁸
2889 494 3125 575 Christi,
3174 502 3344 579 Legis
3393 505 3595 580 fuisse,

196 615 322 657 rare
348 596 591 670 negotii,
624 613 800 670 quam
832 595 1269 670 principium,et
1290 598 1606 668 patientem
1651 610 1779 650 esse
1802 595 1840 659 ¹,

198 704 372 760 quam
400 686 779 759 impatientia
808 687 1003 742 furore
1032 686 1271 758 raptari.
1332 685 1634 741 Descimus
1687 684 1841 739 439

1954 608 2132 663 quam
2164 591 2394 647 Gratia.
2416 592 2475 647 Si
2496 592 2653 647 enim
2676 592 2785 649 hoc
2805 591 3057 649 volueris
3076 610 3353 667 quarere,
3372 597 3593 670 impru-

1953 680 2157 735 denter
2186 680 2351 752 facis,
2386 697 2501 736 non
2529 680 2754 752 videns,
2822 687 3110 754 quantum
3179 683 3357 739 distet
3411 686 3596 742 Evan-

196 792 425 850 quoque
444 792 512 831 ex
559 775 670 831 hac
695 774 1061 845 sententiola,
1117 774 1340 830 nullam
1390 774 1447 828 in
1501 771 1842 827 hominibus
1952 766 2172 840 gelium
2203 785 2238 823 a
2265 768 2458 824 Veteri
2488 770 2883 826 Testamento.

194 881 322 922 esse
344 863 716 936 sapientiam,
748 880 885 919 cum
906 864 1122 919 melius
1153 863 1229 918 sit
1261 863 1467 930 facere,
1501 876 1677 933 quam
1710 875 1840 931 pro-

192 954 387 1027 loqui:
418 958 475 1009 et
504 952 643 1025 quia
671 968 804 1007 cum
834 952 1001 1007 ﬁnita
1024 952 1196 1007 fuerit
1214 950 1418 1020 oratio,
1440 950 1597 1005 intra
1627 952 1840 1004 semet-

190 1043 386 1117 ipsum
417 1042 699 1115 recogitat
744 1041 993 1108 auditor,
1054 1040 1194 1112 quid
1253 1039 1330 1095 sit
1383 1038 1643 1095 dictum:
1705 1053 1839 1092 cum

192 1135 391 1189 autem
421 1129 771 1202 coeperimus
820 1128 1003 1200 loqui,
1049 1128 1298 1183 necdum
1367 1126 1506 1198 quid
1565 1124 1840 1182 utilitatis

193 1219 435 1293 accepit.

261 1333 291 1359 ‹‹
324 1307 523 1364 Melior
549 1310 639 1363 est
684 1306 912 1379 patiens
964 1322 1139 1378 super
1203 1304 1499 1361 excelsum
1542 1303 1773 1376 spiritu.
1810 1324 1838 1353 »

192 1396 338 1464 Quia
362 1394 636 1466 superius
665 1393 814 1449 iram
874 1397 1267 1460 concesserat,
1312 1392 1547 1449 dicens:
1582 1415 1611 1442 «
1643 1391 1841 1447 Melior

193 1490 280 1543 est
298 1485 407 1553 ira,
440 1499 619 1555 quam
647 1482 823 1550 risus,
858 1504 886 1531 ››
920 1498 992 1538 ne
1020 1485 1362 1553 putaremus
1386 1482 1555 1551 iram,
1610 1497 1733 1553 qua
1778 1481 1837 1535 in

194 1573 468 1647 passione
496 1574 587 1628 est
606 1570 851 1637 laudari,
884 1586 1040 1626 nunc
1078 1569 1351 1643 praecepit
1407 1571 1555 1625 iram
1605 1569 1838 1641 penitus

194 1678 321 1719 esse
346 1660 718 1717 tollendam’.
777 1658 861 1715 Ibi
893 1658 1048 1714 enim
1097 1675 1200 1730 pro
1230 1658 1591 1730 correptione
1620 1658 1679 1712 in
1707 1674 1837 1729 pec-

196 1755 414 1821 cantes,
437 1754 496 1806 ct
524 1748 852 1805 eruditione
876 1748 937 1803 in
978 1747 1238 1803 minores
1294 1747 1441 1802 iram
1474 1746 1700 1820 posuit:
1746 1745 1838 1802 hic

2024 877 2053 905 ‹‹
2076 856 2236 912 Bona
2262 862 2352 912 est
2375 858 2664 929 sapientia
2691 874 2827 914 cum
2857 858 3209 931 haereditate,
3243 865 3300 916 et
3340 862 3597 935 amplius

1949 943 2288 1001 videntibus
2319 945 2523 1017 solem,
2558 948 2697 1019 quia
2727 948 3018 1019 quomodo
3050 950 3260 1005 umbra
3275 952 3595 1024 sapientia,

1951 1031 2035 1088 sic
2067 1034 2277 1090 umbra
2306 1036 2571 1107 argenti:
2606 1040 2664 1091 et
2692 1036 2846 1108 quod
2879 1036 3011 1108 plus
3048 1041 3156 1109 est,
3218 1038 3462 1095 scientia
3503 1058 3596 1097 sa-

1951 1122 2180 1193 pientia
2209 1122 2525 1179 viviﬁcabit
2546 1125 2856 1181 habentem
2887 1142 2967 1182 se.
2999 1149 3019 1176 ι
3059 1127 3298 1198 Majoris
3328 1133 3416 1184 est
3470 1129 3594 1203 glo-

1951 1209 2048 1265 ria
2076 1210 2311 1283 sapiens
2359 1228 2493 1267 cum
2534 1212 2773 1283 divitiis,
2835 1230 3013 1285 quam
3066 1218 3295 1272 tantum
3336 1217 3592 1289 sapiens.

1947 1297 2060 1353 Alii
2091 1300 2248 1355 enim
2280 1301 2567 1372 sapientia
2596 1302 2881 1375 indigent,
2916 1302 3013 1359 alii
3046 1303 3277 1375 opibus,
3312 1314 3365 1361 et
3386 1302 3486 1378 qui
3508 1323 3598 1362 sa-

1947 1387 2116 1458 piens
2144 1392 2251 1459 est,
2283 1393 2342 1444 et
2373 1406 2490 1445 non
2523 1390 2705 1462 dives,
2739 1395 2930 1463 potest
2950 1391 3185 1464 quidem
3210 1394 3415 1451 docere
3438 1396 3591 1467 quod

1949 1475 2168 1531 bonum
2199 1481 2306 1545 est,
2342 1478 2441 1533 sed
2472 1478 2765 1535 interdum
2796 1497 2909 1535 non
2942 1485 3131 1552 potest
3148 1487 3424 1553 prastare
3439 1484 3593 1555 quod

1948 1564 2183 1636 petitur.
2218 1566 2285 1620 Et
2315 1565 2531 1622 idcirco
2562 1567 2679 1623 ait:
2713 1568 2859 1632 Quia
2875 1569 3028 1625 sicut
3044 1570 3255 1626 umbra
3269 1571 3590 1644 sapientia,

1948 1653 2032 1709 ita
2064 1654 2274 1709 umbra
2299 1655 2578 1727 pecunia,
2619 1655 2678 1712 id
2710 1660 2818 1727 est,
2850 1659 3142 1729 quomodo
3190 1660 3445 1731 protegit
3495 1678 3596 1717 sa-

1949 1741 2186 1814 pientia,
2219 1743 2304 1799 sic
2362 1744 2655 1799 interdum
2715 1746 2968 1819 protegit
3005 1751 3062 1802 et
3108 1747 3378 1820 pecunia.
3421 1749 3488 1804 Et
3526 1766 3599 1805 ne

193 1856 325 1897 vero
354 1836 782 1912 impatientiam
813 1836 1144 1893 refrenavit.
1171 1835 1456 1891 Patientia
1485 1840 1682 1891 autem
1723 1852 1837 1891 non
1868 1871 1916 1935 Β
1946 1831 2241 1887 videretur
2269 1832 2571 1904 sapientia
2604 1834 2947 1904 detraxisse,
2979 1835 3121 1891 dum
3170 1852 3298 1892 eam
3359 1838 3597 1894 fortuito

193 1929 385 1985 solum
416 1928 477 1983 in
508 1924 819 1997 angustiis,
852 1925 952 1981 sed
983 1928 1040 1980 et
1070 1924 1130 1979 in
1162 1923 1478 1980 latioribus
1509 1923 1840 1980 necessaria

193 2021 302 2085 est,
336 2032 409 2071 ne
436 2015 569 2087 plus
626 2029 803 2086 quam
864 2012 1159 2081 concedet,
1209 2011 1548 2067 exaltemur.
1598 2012 1841 2068 Videtur

193 2104 348 2161 mihi
377 2109 438 2160 et
457 2104 555 2176 qui
575 2119 731 2158 nunc
767 2103 790 2136 ³
818 2102 1080 2157 excelsus
1137 2099 1466 2173 appellatur
1523 2101 1734 2173 spiritu
1778 2101 1837 2155 in

195 2192 524 2265 Evangelio,
557 2191 799 2264 pauperi
832 2190 1044 2262 spiritu
1095 2204 1225 2245 esse
1255 2189 1600 2260 contrarius,
1652 2189 1753 2261 qui
1782 2193 1840 2245 et

189 2278 251 2336 in
280 2278 644 2335 beatitudine
658 2276 915 2349 ponitur.

266 2392 289 2419 ι
327 2368 410 2423 Ne
440 2366 680 2423 festines
700 2366 760 2420 in
790 2364 1001 2437 spiritu
1053 2368 1172 2430 tuo,
1227 2368 1292 2419 ut
1349 2365 1641 2435 irascaris,
1702 2365 1840 2437 quia

189 2458 275 2514 ira
306 2458 368 2512 in
391 2456 524 2512 sinu
557 2454 871 2512 stultorum
903 2453 1288 2525 requiescit.»
1345 2453 1470 2510 Non
1518 2454 1672 2526 quod
1702 2471 1838 2511 con-

190 2547 361 2602 cedat
386 2544 614 2600 tardius
644 2543 1038 2609 irascendum,
1074 2541 1289 2597 idcirco
1320 2559 1477 2597 nunc
1532 2542 1700 2598 dicit:
1758 2548 1841 2600 Ne

187 2636 416 2704 festines
462 2634 523 2687 in
570 2632 775 2703 spiritu
799 2634 896 2688 tuo
925 2633 1100 2687 irasci
1125 2647 1147 2692 ;
1194 2631 1296 2686 sed
1347 2631 1504 2701 quod
1557 2647 1691 2686 cum
1749 2632 1840 2686 fu-

188 2740 329 2779 rens
384 2725 443 2778 et
531 2735 735 2776 recens
807 2719 982 2775 fuerit
1064 2719 1152 2774 ira
1215 2721 1257 2785 ι,
1346 2718 1527 2775 dilata
1614 2720 1841 2777 facilius

189 2813 454 2879 sedetur,
511 2814 570 2865 et
625 2807 812 2880 passit
860 2807 1094 2864 auferri.
1155 2808 1224 2863 Et
1276 2808 1416 2879 quia
1467 2809 1554 2864 ira
1611 2826 1843 2882 semper

182 2902 400 2974 juncta
428 2898 717 2972 superbia
747 2902 857 2964 est,
879 2897 1219 2953 desiderans
1263 2897 1567 2965 ultionem,
1635 2898 1841 2955 melio-

190 3005 314 3047 rem
350 3004 532 3061 supra
561 2986 881 3059 patientem
913 2985 1061 3041 dixit
1111 3002 1261 3053 esse,
1329 3003 1508 3058 quam
1547 3004 1679 3043 eum
1740 2988 1840 3059 qui

188 3078 460 3136 excelsus
488 3080 579 3133 est
624 3075 855 3148 spiritu,
889 3078 946 3130 et
992 3091 1148 3132 nunc
1202 3074 1436 3148 signum
1494 3076 1841 3148 insipientia

1947 1920 2099 1976 bono
2131 1921 2382 1992 subjecit
2410 1921 2549 1993 (non
2581 1922 2738 1978 enim
2797 1923 2858 1979 in
2917 1928 3117 1981 nostra
3154 1928 3443 1997 potestate
3509 1931 3600 1983 est

1947 2008 2162 2065 habere
2183 2009 2439 2081 divitias,
2474 2026 2621 2081 quas
2653 2011 2861 2082 injusti
2892 2029 3043 2085 sape
3078 2012 3211 2084 plus
3249 2013 3594 2087 possident),

1949 2102 2254 2170 propterea
2285 2098 2568 2169 majorem
2625 2116 2753 2156 esse
2805 2101 3154 2173 sapientiam
3210 2103 3594 2175 demonstrat,

1947 2185 2180 2242 dicens:
2215 2209 2243 2237 «
2275 2188 2345 2242 Et
2376 2186 2631 2259 amplius
2663 2189 2909 2245 scientia
2938 2190 3237 2260 sapientia
3282 2191 3596 2247 viviﬁcabit

1947 2273 2261 2331 habentem
2293 2292 2375 2331 se.
2402 2297 2429 2324 »
2465 2276 2528 2331 In
2554 2293 2641 2344 eo,
2675 2276 2885 2348 inquit,
2919 2277 3108 2347 major
3163 2282 3252 2333 est
3307 2278 3598 2351 sapientia

1947 2362 2194 2429 divitiis,
2226 2365 2381 2435 quod
2414 2365 2637 2437 absque
2685 2358 2828 2421 ullis
2857 2364 3066 2437 opibus
3125 2366 3380 2423 vivificat
3436 2384 3598 2435 eum,

1949 2452 2049 2523 qui
2076 2468 2138 2507 se
2167 2452 2457 2508 habuerit.

2020 2540 2268 2603 Quidam
2317 2542 2475 2597 hunc
2504 2541 2699 2599 locum
2730 2542 2812 2597 ita
2862 2541 3355 2615 interpretantur:
3405 2546 3599 2602 Hare-

1949 2629 2214 2699 ditatem,
2248 2629 2543 2702 inquiunt,
2579 2648 2681 2702 pro
2714 2631 3151 2688 conversatione
3181 2633 3335 2690 bona
3380 2634 3595 2706 posuit,

1951 2733 2054 2789 per
2081 2734 2259 2789 quam
2290 2719 2549 2775 haredes
2571 2736 2779 2775 sumus
2802 2720 2921 2791 Dei,
2945 2724 3001 2776 et
3015 2721 3344 2779 coharedes
3360 2724 3594 2780 Christi.

1948 2806 2090 2862 Vult
2118 2808 2299 2880 igitur
2335 2808 2720 2865 Ecclesiastes
2780 2809 3007 2879 docere,
3057 2818 3277 2883 quanto
3327 2812 3600 2869 differant

1951 2895 2011 2950 hi
2043 2896 2144 2969 qui
2174 2896 2357 2953 solem
2392 2903 2693 2953 merentur
2721 2898 2916 2955 videre
2959 2900 3226 2970 justitia,
3276 2906 3357 2961 et.
3381 2902 3601 2958 habent

1951 2984 2303 3057 sapientiam
2353 3002 2488 3042 cum
2536 2988 2977 3044 conversatione
3035 2988 3205 3059 bona,
3264 2991 3338 3045 ab
3376 2990 3469 3046 his
3498 2989 3599 3063 qui

1951 3073 2174 3145 absque
2236 3073 2543 3147 sapientia,
2574 3075 2702 3130 vita
2758 3079 2991 3131 tantum
3042 3081 3100 3132 et
3144 3079 3601 3135 conversationis

189 3168 389 3225 dedit:
425 3165 566 3238 quia
622 3163 889 3237 quamvis
924 3162 1168 3235 aliquis
1225 3168 1430 3236 potens
1477 3165 1844 3221 existimetur
1891 3235 1905 3238 Α
1952 3162 2214 3220 studium
2261 3165 2728 3219 commodarunt.
2790 3165 2952 3230 Quod
3015 3165 3253 3237 quidem
3301 3171 3357 3223 et
3399 3168 3604 3224 Daniel

90 3312 97 3327 ,
189 3261 245 3313 et
275 3235 539 3329 sapiens,
601 3235 656 3309 si
705 3252 1027 3309 iracundus
1068 3251 1165 3319 sit,
1207 3235 1494 3324 insipiens
1552 3253 1844 3325 arguitur:
1877 3235 1921 3304 C
1958 3252 2233 3322 ostendit,
2267 3251 2495 3308 dicens:
2556 3253 2924 3322 Intelligentes
2987 3235 3261 3311 sermones
3297 3272 3441 3312 meos
3484 3258 3602 3327 ful-

190 3369 219 3397 α
250 3347 351 3401 Ira
379 3344 601 3417 quippe
629 3342 690 3397 in
712 3340 844 3398 sinu
875 3339 1193 3395 stultorum
1208 3340 1539 3411 requiescit.
1565 3363 1593 3389 ››

256 3457 286 3484 ι‹
320 3433 405 3489 Ne
434 3430 681 3489 dixeris:
742 3429 891 3494 Quid
938 3429 1163 3484 factum
1222 3429 1365 3484 est?
1421 3429 1562 3501 quia
1620 3428 1842 3501 priores

187 3526 365 3581 erant
392 3520 685 3586 meliores,
718 3534 897 3589 quam
928 3516 1058 3573 isti:
1094 3533 1211 3572 non
1241 3516 1398 3572 enim
1434 3517 1725 3589 sapienter
1753 3517 1841 3572 in-

190 3609 505 3682 terrogasti
550 3608 622 3664 de
675 3606 803 3663 hoc.
830 3628 858 3655 ››
888 3606 972 3662 Ne
1022 3608 1186 3661 vetus
1230 3605 1511 3662 saeculum
1573 3605 1843 3678 praesnti

192 3698 497 3772 praferas,
530 3696 665 3769 quia
680 3712 837 3752 unus
864 3694 1173 3767 utriusque
1212 3699 1302 3750 est
1348 3694 1612 3750 conditor
1668 3698 1840 3750 Deus.

190 3787 462 3843 Virtutes
490 3785 671 3841 bonos
701 3784 827 3840 dies
886 3782 1095 3839 viventi
1150 3782 1372 3839 faciunt
1427 3783 1583 3854 vitia,
1633 3783 1841 3839 malos.

190 3877 276 3933 Ne
306 3875 470 3932 dicas
499 3890 637 3946 ergo
667 3872 938 3929 meliores
968 3871 1149 3927 fuisse
1202 3872 1325 3927 dies
1372 3872 1482 3928 sub
1525 3877 1737 3945 Moyse,
1788 3876 1845 3928 et

192 3966 304 4023 sub
331 3964 586 4032 Christo,
620 3979 800 4036 quam
833 3962 1008 4018 modo
1038 3966 1197 4017 sunt.
1230 3961 1377 4017 Nam
1391 3966 1449 4018 et
1472 3961 1843 4034 illotempore

188 4054 394 4127 plures
426 4054 667 4109 fuerunt
696 4050 1003 4117 increduli,
1033 4058 1089 4106 et
1109 4050 1235 4106 dies
1264 4066 1467 4106 eorum
1508 4050 1644 4106 mali
1703 4052 1839 4107 facti

179 4148 343 4211 sunt,
376 4146 436 4199 et
465 4158 625 4198 nunc
656 4141 959 4197 credentes
991 4137 1161 4194 multi
1192 4139 1583 4211 reperiuntur,
1616 4140 1687 4194 de
1711 4139 1837 4211 qui-

172 4231 287 4288 bus
315 4232 405 4288 ait
463 4230 772 4286 Salvator:
816 4228 1094 4284 Beatiores
1133 4229 1229 4299 qui
1282 4244 1395 4284 non
1454 4228 1740 4295 viderunt,
1792 4236 1843 4285 et

167 4320 529 4376 crediderunt
558 4320 737 4391 (Joan.
798 4335 893 4385 xx,
924 4318 1036 4388 29).
1102 4315 1314 4372 Aliter:
1378 4315 1473 4371 Sic
1525 4317 1701 4373 debes
1758 4318 1840 4372 vi-

169 4423 303 4465 vere
334 4412 403 4465 ut
433 4423 668 4480 semper
698 4410 1011 4479 praesentes
1042 4404 1169 4461 dies
1195 4403 1480 4461 meliores
1531 4405 1636 4461 tibi
1693 4407 1838 4461 sint,

165 4512 355 4568 quam
384 4496 688 4569 prateriti,
721 4512 794 4551 ne
826 4511 960 4549 cum
1002 4492 1290 4567 paulatim
1349 4494 1681 4550 decrescere
1733 4512 1841 4551 cce-

1950 3342 2169 3411 gebunt,
2201 3345 2262 3396 ut
2319 3342 2625 3396 luminaria
2676 3343 2802 3397 caeli
2858 3343 3018 3415 (Dan.
3069 3360 3171 3410 χιι,
3226 3344 3313 3413 3):
3364 3345 3484 3402 sive
3540 3350 3606 3402 ut

1952 3429 2271 3485 Theodotio
2302 3428 2721 3500 interpretatus
2751 3434 2868 3487 est:
2903 3432 3073 3499 Quasi
3121 3434 3378 3504 splendor
3402 3436 3601 3507 ﬁrma-

1950 3519 2144 3573 menti.
2186 3518 2293 3585 Qui
2320 3533 2441 3573 vero
2470 3520 2708 3589 fecerint
2732 3534 3005 3575 sermones
3032 3536 3200 3585 meos,
3231 3524 3395 3593 quasi
3425 3524 3604 3581 stellae

1951 3607 2094 3661 caeli.
2129 3605 2405 3661 Umbram
2442 3610 2637 3661 autem
2670 3607 2915 3678 argenti,
2948 3608 3067 3663 sive
3108 3609 3390 3680 pecunia,
3438 3609 3600 3665 illam

1953 3695 2280 3752 secundum
2330 3694 2619 3767 ἀναγωγην
2644 3695 2927 3751 debemus
2958 3695 3239 3768 accipere,
3274 3698 3345 3753 de
3376 3714 3494 3769 qua
3521 3701 3602 3753 ta-

1951 3783 2111 3840 lenta
2140 3787 2199 3839 et
2228 3782 2397 3838 mina
2429 3782 2488 3837 in
2520 3782 2815 3854 parabolis
2842 3785 2864 3819 ⁶
2895 3784 3190 3857 Evangelii
3248 3784 3605 3857 colliguntur

1954 3874 2173 3947 (Matth.
2205 3890 2339 3942 xxv,
2371 3873 2496 3927 Luc.
2528 3873 2669 3943 xxx),
2711 3876 2776 3927 ut
2805 3875 2953 3929 441
2991 3890 3125 3929 cum
3174 3873 3459 3931 fuerimus
3490 3877 3600 3932 sub

1952 3964 2164 4018 umbra
2194 3960 2514 4033 sapientia,
2548 3965 2604 4015 et
2625 3962 2735 4017 sub
2759 3963 2969 4018 umbra
2999 3961 3133 4019 talis
3173 3964 3399 4036 argenti
3425 3981 3437 4019 :
3498 3967 3603 4021 Per
3707 4040 3715 4047 .

1950 4052 2095 4108 diem
2124 4052 2201 4106 sol
2222 4066 2334 4105 non
2360 4054 2483 4105 uret
2510 4066 2626 4115 nos,
2658 4067 2831 4123 neque
2877 4053 3006 4107 luna
3033 4069 3137 4124 per
3176 4061 3384 4109 noctem
3420 4054 3595 4125 (Psal.

1950 4142 2095 4211 cxx).
2131 4140 2240 4195 Sed
2272 4143 2331 4195 et
2360 4139 2467 4194 hoc
2497 4138 2611 4195 dici
2648 4144 2858 4211 potest,
2911 4140 3050 4213 quia
3086 4143 3297 4198 umbra
3344 4147 3435 4199 est
3481 4143 3599 4199 vita

1950 4235 2152 4286 nostra
2216 4244 2391 4301 super
2446 4232 2701 4283 terram:
2760 4231 2825 4284 Et
2870 4232 3102 4301 spiritus
3158 4230 3347 4286 vultus
3423 4234 3601 4288 nostri

1952 4318 2197 4375 Christus
2229 4318 2495 4374 Dominus
2523 4318 2616 4371 cui
2642 4316 2916 4372 diximus:
2941 4320 3003 4374 In
3032 4319 3228 4374 umbra
3281 4321 3396 4391 ejus
3452 4323 3598 4377 vive-

1949 4424 2071 4462 mus
2092 4409 2153 4463 in
2180 4406 2433 4476 gentibus
2462 4406 2677 4475 (Thren.
2711 4423 2787 4472 1v,
2850 4407 2961 4478 20).
3022 4407 3225 4463 Omnis
3284 4413 3485 4465 nostra
3536 4409 3597 4464 in

1949 4496 2058 4552 hac
2087 4501 2243 4552 terra
2272 4492 2551 4567 protectio
2581 4494 2765 4550 instar
2795 4496 3014 4551 umbra
3045 4501 3155 4564 est,
3188 4496 3309 4553 sive
3359 4497 3596 4570 sapien-

161 4585 349 4658 peris,
380 4584 611 4641 dicatur
632 4584 773 4640 tibi:
804 4585 969 4640 440
999 4583 1314 4639 Currebatis
1371 4582 1521 4649 bene,
1572 4585 1695 4655 quis
1739 4601 1834 4641 vos
1862 4601 1909 4665 ο
1939 4584 2193 4653 tia,sive
2223 4582 2541 4655 supradicti
2575 4582 2819 4655 argenti,
2854 4583 3036 4640 donec
3066 4585 3285 4658 aspiret
3342 4586 3489 4658 dies,
3542 4591 3601 4642 et

162 4674 469 4745 impedivit
494 4675 717 4730 veritati
745 4689 853 4728 non
884 4672 1110 4729 obedire
1138 4671 1339 4743 (Galat.
1388 4689 1442 4740 v,
1472 4671 1572 4743 7)?
1603 4674 1673 4728 Et
1722 4673 1826 4729 ite-

1939 4676 2321 4731 amoveantur
2350 4672 2590 4727 umbra.
2626 4672 3009 4743 Symmachus
3070 4690 3230 4729 more
3276 4691 3384 4730 suo
3416 4676 3593 4731 etiam

164 4779 339 4820 rum:
367 4765 692 4835 Ineipientes
735 4763 937 4834 spiritu
956 4777 1105 4816 nune
1158 4776 1326 4816 carne
1368 4764 1833 4817 consummamini
1936 4763 1996 4819 in
2018 4763 2129 4817 hoc
2158 4760 2283 4817 loco
2313 4759 2687 4815 manifestius
2718 4760 3136 4832 interpretatus
3185 4766 3297 4831 est,
3338 4763 3581 4820 dicens:

163 4849 381 4922 (Galat.
413 4869 500 4922 In,
530 4852 609 4921 3).
662 4849 875 4905 Aliter:
930 4849 1012 4905 Ne
1069 4848 1230 4904 dicas
1291 4847 1534 4903 meliora
1563 4852 1826 4921 tempora

239 5048 260 5125 ξ
305 5047 490 5115 Quam
494 5046 867 5125 principium,
896 5049 949 5101 et
995 5046 1303 5115 patientem
1342 5058 1475 5125 esse.
1506 5044 1657 5125 Mss.
1691 5046 1831 5125 Cor-

168 5116 450 5174 beinses:
484 5119 548 5172 Et
573 5133 635 5171 sa
676 5116 881 5174 ientem
933 5132 1068 5180 esse,
1119 5131 1286 5187 quam
1342 5116 1683 5186 insipientia
1738 5118 1829 5185 fu-

168 5204 297 5243 rore
342 5191 580 5243 raptari.
614 5135 683 5243 [apt
727 5192 858 5243 nost
896 5203 1115 5243 pauca:
1169 5185 1390 5241 Nullam
1420 5186 1481 5239 in
1512 5185 1829 5242 hominibus

166 5204 297 5245 rore
342 5191 580 5266 raptari.
614 5185 683 5244 Et
715 5192 868 5266 post
896 5185 1138 5266 paucaf
1169 5185 1496 5266 Nullam'in
1512 5185 1832 5266 hominibus

165 5275 293 5338 esse
312 5259 675 5338 patientiam.
708 5259 881 5338 Quod
904 5264 1223 5338 utrumque
1269 5259 1671 5338 certissimum
1719 5263 1829 5323 est,

164 5329 342 5387 nulla
372 5334 464 5412 est
491 5330 649 5413 enim
670 5330 835 5413 apud
867 5329 1139 5385 homines
1171 5344 1359 5399 neque
1388 5329 1692 5399 patientia,
1728 5346 1830 5385 ne-

163 5419 288 5475 que
320 5406 635 5473 sapientia.
670 5406 954 5457 Murrum.

237 5476 263 5508 ³
294 5473 482 5529 Penes
509 5472 743 5544 Alcuin.
772 5475 920 5528 Iram
941 5472 1217 5544 patientia
1241 5485 1360 5544 esse
1378 5470 1700 5544 tollendam.

237 5544 417 5626 {Duo
448 5544 616 5626 codd.
654 5543 897 5601 Palatin.
940 5540 998 5599 et
1050 5542 1261 5608 Vatic.,
1324 5540 1541 5596 Videtur
1586 5544 1727 5597 mihi
1783 5546 1836 5599 ei

157 5631 271 5723 qu:
294 5621 632 5759 3:263:33,
682 5686 847 5760 Quod
900 5702 1025 5743 eum
1076 5686 1289 5756 fueris:
1348 5698 1483 5739 mox
1537 5682 1834 5742 Palatinus

1940 4851 2210 4921 Quomodo
2234 4852 2473 4923 protegit
2503 4848 2793 4921 sapientia,
2823 4852 3084 4907 similiter
3132 4854 3372 4923 protegit
3426 4869 3596 4923 pecu-

1940 5062 2076 5119 cum
2114 5045 2252 5101 olim
2303 5044 2496 5119 editis,
2547 5044 2788 5119 Facilius
2843 5045 3089 5101 sedatam
3124 5048 3300 5117 possit
3349 5049 3596 5119 auferre,

1940 5118 2205 5173 Vatican.
2237 5116 2474 5172 sedatior
2496 5116 2693 5187 possit,
2726 5119 2834 5171 etc.

2011 5190 2033 5225 ⁸
2063 5189 2270 5262 Vatic.,
2333 5188 2589 5262 Tempora
2644 5187 2799 5262 olim,
2830 5203 3031 5262 “quam
3089 5204 3306 5262 nunc;
3394 5193 3593 5262 Moysi,

1939 5277 2104 5333 quam
2135 5260 2362 5328 Christi,
2396 5257 2504 5313 etc.
2555 5257 2763 5323 Palat.,
2816 5257 2962 5329 Olim
3015 5258 3112 5313 sub
3168 5259 3362 5332 Moyse,
3406 5257 3593 5333 quam,

1941 5335 2053 5387 etc.

2010 5404 2032 5437 ⁶
2065 5401 2333 5466 Palatin.;
2368 5402 2441 5454 Et
2469 5413 2650 5455 omna:
2680 5400 2738 5454 in
2764 5401 3064 5471 parabolis.

2013 5504 2081 5514 —
2106 5474 2167 5547 El
2218 5474 2391 5547 minae
2432 5470 2507 5547 _in
2562 5470 2843 5547 parabolis
2907 5473 3195 5547 Evangelii
3234 5474 3591 5547 colliguntur.

1942 5545 2302 5624 Minus_bene
2332 5541 2676 5624 legimusin
2701 5546 2872 5624 antea
2903 5543 3076 5600 editis
3110 5544 3298 5614 libris,
3338 5541 3399 5602 In
3425 5564 3593 5619 para-

1948 5617 2083 5672 bolis
2113 5614 2401 5685 Evangelii
2421 5614 2694 5683 leguntur.
2739 5614 3020 5671 MARTIAN.
