4084 6170
468 350 475 359 .
523 302 680 363 “~23

1762 303 1825 362 S.
1870 300 2183 363 EUSEBII
2228 299 2694 364 HIERONYMI.

3752 295 3911 363 “II

511 432 750 505 Moysen
774 435 831 488 et
860 438 1071 497 Aaron,
1104 432 1405 504 repentino
1437 436 1600 489 terrae
1632 433 1798 489 hiatu
1831 434 2162 500 devoratos,
2192 437 2249 503 Α
2276 434 2439 490 dum.
2474 435 2703 491 Poterat
2730 434 2838 505 [AL
2863 431 3103 502 Poterit]
3128 447 3262 505 ergo
3288 429 3505 503 aliquis
3522 429 3917 502 respondero:

509 526 566 576 et
612 521 673 575 in
724 520 1193 576 emendationem
1245 520 1517 589 aliorum,
1571 526 1705 577 ante
1755 521 1911 577 diem
1962 521 2169 593 iudicii

2285 522 2346 578 Si
2386 524 2661 579 omnibus
2701 522 3037 578 benefacere
3081 520 3335 588 voluero,
3388 536 3505 575 non
3549 518 3741 574 habeo
3770 517 3921 574 unde

507 609 683 665 etiam
713 609 773 664 in
800 609 909 665 hac
961 609 1079 663 vita
1127 608 1417 680 plurimos
1461 610 1780 680 judicatos.
1834 610 1998 674 Quod
2030 609 2172 665 dicit
2282 610 2511 666 faciam.
2546 612 2660 668 Nec
2708 614 2897 683 potest
2936 610 3140 681 justus
3182 612 3377 665 tantas
3424 608 3640 664 habere
3667 606 3925 675 divitias,

503 714 662 770 ergo,
691 697 808 754 tale
837 703 927 753 est
958 714 970 753 :
1020 697 1147 753 Noli
1202 698 1454 769 peccatis
1508 698 1758 768 adjicere
1806 702 2065 770 peccata,
2098 714 2171 753 ne
2281 715 2409 769 quae
2439 700 2628 755 solent
2655 700 2843 772 magis
2874 699 3277 771 peccatoribus
3303 699 3640 762 abundare;
3667 699 3924 768 propter-

504 804 782 861 provoces
812 786 999 843 Deum
1034 786 1210 842 etiam
1243 786 1338 842 hic
1367 787 1474 842 tibi
1521 787 1737 843 inferre
1787 786 2168 859 supplicium.

574 899 603 927 «
636 878 863 933 Bonum
895 880 983 931 est
1006 874 1256 931 retinere
1274 880 1328 930 te
1356 876 1520 931 istud
1544 877 1582 930 ί.
1608 877 1675 931 Et
1699 875 1939 948 quidem
1963 876 2036 931 ab
2058 874 2168 931 hoc

502 981 575 1022 ne
591 965 855 1021 dimittas
868 968 1286 1020 manumtuam
1306 981 1319 1032 ;
1340 965 1625 1035 quoniam
1641 964 1745 1036 qui
1763 963 1935 1019 timet
1957 964 2165 1038 Deum,

500 1053 833 1126 egredietur
853 1054 925 1108 ad
948 1053 1144 1108 omnia
1166 1075 1192 1101 ››
1213 1053 1293 1107 Do
1326 1069 1472 1107 num
1492 1053 1777 1123 estjustis
1798 1051 2158 1108 benefacere.

500 1143 619 1199 sed
651 1145 708 1198 et
736 1140 1139 1213 peccatoribus
1171 1141 1532 1209 benefacere,
1584 1158 1700 1197 non
1730 1140 2020 1213 injustum
2053 1146 2161 1198 est.

502 1232 728 1286 Bonum
760 1233 847 1285 est
877 1228 1235 1285 domesticos
1256 1229 1390 1285 fidei
1415 1233 1770 1297 sustentare,
1798 1231 1899 1285 sed
1921 1235 1977 1285 et
1999 1231 2163 1286 omni

504 1318 722 1391 petenti
775 1318 1054 1387 tribuere,
1102 1320 1454 1390 praeceptum
1505 1322 1611 1373 est.
1658 1318 1897 1374 Timens
1946 1319 2161 1391 quippe

493 1412 696 1475 Deum,
727 1412 785 1463 et
814 1406 1073 1462 imitator
1124 1405 1459 1462 conditoris
1510 1407 1626 1474 sui,
1662 1406 1764 1478 qui
1797 1406 1949 1478 pluit
1980 1424 2159 1478 super

487 1497 708 1567 justos,
741 1499 799 1550 et
835 1496 1113 1566 injustas,
1167 1495 1389 1567 absque
1438 1499 1708 1567 respectu
1772 1512 2154 1566 personarum

494 1584 771 1640 omnibus
802 1584 1142 1639 benefacere
1173 1584 1428 1640 festinat.
1463 1584 1683 1639 Aliter:
1723 1584 1871 1650 Quia
1893 1585 2012 1640 vita
2032 1585 2154 1641 haec

491 1671 850 1728 miserabilis
899 1671 1142 1727 diversis
1203 1672 1463 1745 quotidie
1511 1672 1773 1728 variatur
1822 1674 2146 1744 eventibus,

492 1766 619 1817 tam
650 1762 722 1817 ad
764 1762 1029 1828 adversa,
1063 1777 1242 1832 quam
1274 1762 1346 1816 ad
1399 1778 1704 1834 prospera,
1732 1761 1881 1832 justi
1913 1763 2145 1818 animus

487 1851 641 1907 445
675 1852 1048 1921 praeparetur,
1081 1852 1139 1903 et
1169 1852 1369 1920 poscat
1390 1848 1623 1904 Domini
1652 1848 2141 1920 misericordiam,

487 1942 554 1995 ut
583 1940 977 2010 quodcunque
1007 1937 1285 2004 evenerit,
1308 1936 1520 1993 librata
1552 1943 1745 1992 mente
1760 1939 1798 2004 ³,
1832 1941 2139 1993 sustentet.

488 2028 597 2094 Qui
627 2029 780 2084 enim
817 2028 982 2082 timet
1014 2027 1215 2095 Deum,
1249 2042 1356 2082 nec
1388 2026 1685 2097 prosperis
1728 2025 2003 2096 elevatur,
2038 2043 2141 2083 nec

496 2116 851 2188 opprimitur
879 2114 1161 2171 adversis.

559 2227 587 2255 «
622 2204 920 2276 Sapientia
949 2202 1300 2259 confortabit
1327 2203 1655 2275 sapientem
1672 2204 1713 2257 ³.
1739 2220 1919 2275 super
1938 2204 2139 2259 decem

488 2297 834 2366 potestatem
892 2292 1196 2359 habentes,
1258 2291 1359 2363 qui
1414 2295 1555 2347 sunt
1601 2293 1662 2347 in
1702 2291 1968 2348 civitate:
2004 2293 2141 2364 quia

489 2400 605 2439 non
638 2387 729 2439 est
758 2382 934 2438 homo
953 2382 1155 2453 justus
1201 2381 1259 2435 in
1307 2385 1483 2449 terra,
1542 2381 1644 2453 qui
1689 2381 1865 2438 faciat
1892 2381 2137 2449 bonum,

489 2476 545 2528 et
574 2488 690 2527 non
723 2475 938 2544 peccet.
970 2493 1000 2521 »
1034 2470 1342 2542 Propterea
1389 2469 1676 2542 sapientia
1727 2471 2012 2527 confortat
2034 2471 2137 2542 ju-

482 2565 662 2627 stum,
695 2564 753 2615 et
780 2559 1047 2615 omnium
1091 2558 1439 2632 principum
1488 2558 1743 2614 civitatis
1794 2576 1973 2631 super
2001 2576 2137 2615 eum

481 2648 705 2704 excedit
734 2647 1036 2715 auxilium,
1069 2647 1210 2720 quia
1241 2646 1517 2719 quamvis
1560 2645 1782 2719 aliquis
1805 2648 2007 2719 justus
2037 2649 2133 2713 sit,

481 2742 679 2794 tamen
710 2737 850 2793 dum
883 2737 945 2792 in
977 2736 1086 2792 hac
1118 2751 1292 2792 carne
1312 2740 1403 2791 est
1424 2736 1806 2803 constitutus,
1835 2736 2136 2807 subjectus

483 2830 574 2883 est
600 2826 757 2883 vitiis
786 2829 962 2898 atque
992 2825 1268 2898 peccatis,
1318 2828 1374 2879 et
1415 2825 1637 2895 majore
1686 2824 1956 2895 praesidio
1988 2824 2136 2881 indi—

480 2920 594 2988 get.
626 2914 843 2971 Aliter:
889 2915 1097 2970 Decem
1147 2913 1243 2986 qui
1306 2917 1653 2985 potestatem
1702 2913 1940 2980 habent,
1987 2918 2043 2969 et
2074 2914 2134 2970 in

482 3004 626 3060 urbe
643 3003 993 3069 consistunt,
1016 3001 1208 3074 angeli
1239 3005 1397 3069 sunt,
1433 3001 1534 3073 qui
1568 3002 1638 3056 ad
1678 3002 1996 3073 perfectum
2024 3019 2132 3057 nu-

486 3110 715 3148 merum
736 3107 1046 3163 pervenere
1068 3090 1397 3156 denarium,
1419 3096 1476 3143 et
1496 3089 1852 3145 auxiliantur
1874 3090 2131 3145 humano

490 3136 715 3191 mw-..»
736 3136 829 3163 ,ιν-
851 3136 1045 3190 ννς---τ
1070 3136 1397 3188 *πως-ω’
1422 3136 1475 3143 ’⁷
1497 3136 1851 3189 ”“’ἶ””“”ῖ“.
1874 3136 2130 3192 “““““ἶ”“
2244 3137 2408 3206 dum,
2441 3140 2500 3192 et
2536 3136 2773 3193 babenti

490 3196 710 3252 generi.
745 3180 857 3235 Sed
880 3195 929 3234 Si
950 3195 1083 3249 qu
1104 3178 1435 3233 consxderet
1456 3194 1655 3231 omnia
1677 3177 1913 3245 auxilia,
1938 3195 2133 3250 majus
2163 3167 2206 3235 C
2247 3226 2365 3252 _,_m
2400 3243 2509 3252 Μ,
2544 3225 2773 3252 ,ΑΜ-η,

490 3273 581 3324 est
611 3267 894 3323 auxilium
926 3265 1244 3338 sapientiae,
1278 3266 1336 3320 id
1367 3270 1481 3333 est,
1516 3266 1749 3321 Domini
1781 3267 1967 3322 nostri
1988 3268 2132 3324 Jesu

490 3356 723 3411 Christi.
746 3356 1060 3427 Postquam
1079 3354 1234 3410 enim
1256 3354 1528 3409 dixerunt
1550 3353 1740 3426 angeli
1767 3372 1779 3409 :
1806 3355 2132 3413 Curavimus

492 3446 846 3517 Babylonem,
876 3450 930 3500 et
983 3459 1095 3499 non
1131 3451 1208 3499 est
1255 3447 1474 3510 curata,
1506 3444 1889 3515 relinquamus
1908 3463 2050 3513 eam,
2080 3456 2132 3503 et

490 3537 650 3592 abeat
696 3535 1066 3605 unusquisque
1119 3535 1177 3588 in
1234 3541 1437 3588 terram
1493 3548 1651 3587 suam
1694 3535 1910 3603 (Jerem.
1944 3553 2018 3604 LI,
2051 3537 2127 3608 8),

488 3631 630 3682 tunc
657 3623 937 3696 magister
958 3620 1318 3677 medicorum
1342 3622 1467 3695 ipse
1487 3622 1808 3694 descendit,
1832 3628 1889 3679 et
1908 3640 2130 3697 resper-

487 3731 584 3770 sos
614 3729 722 3768 nos
749 3711 1056 3784 sanguine,
1089 3714 1148 3766 et
1192 3716 1562 3783 peccatorum
1595 3712 1894 3768 madentes
1926 3731 2129 3771 cruore

488 3803 589 3875 qui
620 3817 855 3858 omnem
882 3800 1277 3856 substantiam
1300 3804 1561 3856 nostram
1584 3802 2048 3873 exponderamus
2067 3805 2127 3859 in

486 3892 936 3960 medicos,tactu
950 3890 1194 3945 fimbriae
1208 3906 1325 3945 suae
1338 3889 1564 3945 sanavit
1577 3890 1728 3960 (Luc.
1744 3892 2130 3963 vm).Sanavit

485 3985 681 4036 autem
708 3980 768 4036 in
789 3978 1039 4046 civitate,
1057 3978 1167 4035 hoc
1188 3983 1295 4048 est,
1315 3978 1374 4033 in
1414 3979 1635 4034 mundo
1669 3978 1800 4046 isto,
1819 3984 1877 4035 et
1898 3980 2125 4035 confor-

482 4069 660 4126 tavit‘
680 4068 1000 4141 sapientem
1011 4110 1024 4135 ,
1041 4067 1181 4135 sive,
1198 4072 1262 4123 ut
1274 4068 1657 4140 Septuaginta
1675 4067 2126 4140 transtulerunt,

481 4158 709 4231 adjuvit.
743 4157 915 4213 Omni
944 4158 1100 4213 enim
1131 4155 1233 4229 qui
1272 4156 1467 4223 habet,
1519 4157 1759 4212 dabitur
1788 4156 1860 4224 ei,
1895 4161 1952 4213 et
1979 4158 2126 4229 adji-

480 4240 667 4302 ciatur
710 4246 783 4302 ei.
833 4247 981 4311 Quia
1030 4249 1228 4301 autem
1275 4244 1531 4312 indiguit
1576 4245 1751 4300 homo
1802 4245 2029 4318 positus
2063 4247 2125 4302 in

482 4336 757 4409 peccatis,
790 4340 847 4392 ct
876 4334 1090 4390 inﬁxus
1115 4333 1175 4390 in
1204 4333 1344 4389 limo
1376 4334 1675 4406 profundi,
1707 4336 1929 4405 majore
1959 4335 2127 4390 auxi~

481 4424 598 4494 lio;
632 4425 844 4481 idcirco
894 4424 1052 4479 venit
1101 4423 1232 4495 ipsa
1276 4422 1599 4494 Sapientia.
1665 4422 1884 4480 Aliter:
1938 4424 2129 4497 Supra

2279 803 2347 843 ea
2377 805 2533 843 nunc
2563 788 2678 843 ait:
2712 787 2867 851 Quos
2915 804 3030 843 non
3074 790 3264 859 potest
3311 803 3373 843 re
3401 787 3445 852 ⁵,
3476 784 3729 842 consilio
3760 784 3928 854 adju-

2276 892 2349 931 va
2377 876 2582 932 solatio
2602 876 2743 932 fove.
2772 876 2909 932 Plus
2934 877 3091 931 enim
3109 879 3299 949 potest
3319 875 3378 930 in
3404 873 3687 947 angustia
3716 874 3923 929 consti-

2274 966 2402 1020 tuto
2433 969 2707 1036 prmstare
2750 964 3055 1036 sapientia,
3105 980 3282 1036 quam
3330 962 3605 1036 quaelibet
3652 961 3918 1017 maxime

2275 1056 2612 1123 potestates.
2670 1054 2740 1109 Et
2791 1053 2901 1109 hoc
2959 1053 3156 1125 ipsum
3213 1068 3348 1110 cum
3398 1051 3720 1125 prudentia
3752 1050 3920 1106 facito

2272 1143 2521 1198 Grandis
2547 1142 2763 1215 quippe
2791 1141 2939 1197 libra
2958 1142 3207 1212 justitiaa
3235 1145 3347 1212 est,
3387 1146 3445 1196 et
3492 1141 3608 1207 cui,
3642 1143 3707 1195 et
3737 1156 3925 1212 quan-

2271 1233 2421 1297 tum,
2454 1233 2608 1287 446
2633 1236 2692 1286 et
2720 1230 3003 1303 quandiu,
3053 1236 3110 1286 et
3156 1230 3327 1302 quale
3370 1228 3460 1286 vel
3511 1229 3573 1284 in
3621 1245 3711 1296 re,
3743 1228 3839 1285 vel
3869 1228 3921 1282 in

2269 1319 2514 1376 consilio
2540 1321 2816 1377 tribuere.

2338 1474 2364 1499 ‹‹
2401 1452 2465 1505 Et
2488 1452 2726 1523 quidem
2750 1452 2807 1506 in
2825 1469 3028 1508 omnes
3051 1468 3375 1521 sermones,
3401 1468 3549 1524 quos
3572 1451 3917 1523 loquentur,

2266 1554 2337 1593 ne
2367 1539 2598 1595 dederis
2627 1542 2648 1575 θ
2697 1558 2796 1596 cor
2837 1545 3045 1596 tuum:
3088 1541 3227 1613 quia
3274 1557 3393 1597 non
3442 1540 3650 1596 audies
3683 1556 3919 1596 servum

2260 1631 2430 1683 tuum
2463 1629 2905 1685 maledicentem
2954 1629 3081 1685 tibi.
3132 1630 3361 1685 Etenim
3412 1630 3760 1703 frequenter
3814 1630 3917 1684 scit

2259 1731 2358 1771 cor
2384 1720 2574 1785 tuum,
2609 1717 2746 1788 quia
2776 1722 2834 1773 et
2862 1722 2927 1773 tu
2968 1717 3321 1773 maledixisti
3373 1716 3525 1773 aliis.
3561 1739 3590 1766 ››
3643 1717 3761 1773 Fac
3794 1735 3916 1789 qua

2175 1802 2222 1866 B
2255 1810 2544 1877 praecepta
2590 1812 2751 1873 sunt,
2803 1810 2858 1861 et
2915 1805 3214 1878 sapientiae
3245 1806 3460 1877 auxilio
3508 1806 3902 1874 confortatus,

2250 1893 2341 1949 vel
2370 1895 2453 1950 ad‘
2493 1895 2665 1963 bona,
2721 1894 2804 1950 vel
2854 1896 2925 1950 ad
2970 1894 3127 1951 mala
3175 1912 3438 1967 prepare
3490 1911 3593 1950 cor
3621 1899 3827 1955 tuum.
3852 1900 3910 1951 et

2252 1999 2369 2039 non
2401 1999 2591 2051 cures,
2628 1984 2767 2055 quid
2798 1984 2870 2039 de
2900 1988 2957 2039 te
2979 1982 3299 2055 loquantur
3327 1982 3576 2050 inimici,
3602 1984 3811 2055 qualis
3841 1985 3911 2039 τοι

2251 2070 2333 2126 ris
2366 2070 2565 2143 opinio
2592 2071 2690 2127 sit.
2733 2072 3036 2136 Quomodo
3084 2070 3242 2127 enim
3296 2070 3603 2143 prudentis
3652 2071 3767 2126 viri
3803 2076 3902 2139 est,

2251 2164 2720 2215 murmurantem
2756 2158 3044 2214 famulum
3074 2176 3190 2215 non
3221 2158 3445 2227 audire,
3470 2174 3577 2215 nec
3603 2160 3900 2216 curiosum

2251 2264 2455 2303 aurem
2486 2264 2797 2320 apponere,
2862 2248 3002 2320 quid
3061 2248 3132 2304 de
3190 2264 3252 2304 se
3299 2247 3575 2320 loquatur
3616 2249 3898 2304 absente:

2248 2336 2297 2392 si
2328 2336 2484 2391 enim
2520 2336 2629 2392 hoc
2661 2336 2882 2405 fecerit,
2915 2352 3149 2407 semper
3180 2335 3239 2391 in
3270 2334 3654 2391 tribulatione
3685 2337 3821 2401 erit,
3850 2340 3904 2392 et

2248 2426 2319 2480 ad
2361 2424 2835 2481 mussitationem
2867 2425 3019 2481 servi
3047 2425 3355 2481 iracundia
3395 2425 3898 2492 commovebitur;

2248 2514 2331 2570 sic
2361 2518 2419 2570 et
2448 2513 2730 2586 sapientis
2772 2513 3031 2569 hominis
3078 2519 3188 2579 est,
3236 2513 3588 2586 sapientiam
3622 2514 3898 2586 praviam

2248 2603 2437 2675 sequi,
2469 2608 2525 2658 et
2553 2619 2733 2659 vanos
2764 2619 2881 2658 non
2929 2602 3302 2657 considerare
3352 2617 3644 2658 rumores.
3708 2602 3824 2658 Sed
3848 2606 3901 2658 et

2246 2692 2358 2749 alio
2415 2692 2678 2764 exemplo
2734 2693 2902 2749 docet
2952 2692 3185 2764 penitus
3230 2708 3345 2747 non
3377 2692 3714 2749 curandum
3733 2693 3897 2763 justo

2245 2781 2494 2847 homini,
2516 2781 2654 2854 quid
2680 2781 2948 2837 homines
2969 2780 3308 2853 loquantur,
3332 2780 3567 2837 dicens:
3591 2781 3897 2844 Quomodo

2245 2872 2405 2925 novit
2434 2871 2790 2927 conscientia
2810 2874 2933 2936 tua,
2956 2870 3110 2941 quod
3132 2874 3198 2925 tu
3220 2869 3293 2924 de
3321 2868 3525 2925 multis
3550 2869 3794 2926 locutus
3812 2887 3892 2938 es,

2242 2964 2300 3016 et
2327 2976 2479 3033 sepe
2509 2958 2639 3015 aliis
2670 2959 2970 3015 detraxisti
2996 2975 3009 3014 :
3045 2959 3128 3015 sic
3157 2963 3214 3014 et
3235 2958 3364 3015 aliis
3386 2959 3562 3015 debes
3588 2960 3895 3032 ignoscere

2242 3048 2707 3105 detrahentibus.
2742 3049 2811 3103 Et
2840 3048 3017 3103 simul
3051 3049 3238 3115 docet,
3272 3064 3388 3103 non
3419 3046 3587 3104 facile
3611 3049 3894 3119 judican-

2803 3138 2821 3171 ⁷
2847 3137 3073 3192 trabem
3105 3137 3163 3192 in
3197 3135 3384 3205 oculo,
3408 3136 3480 3193 de
3501 3137 3736 3193 festuca
3764 3138 3899 3194 alte-

2247 3226 2367 3280 rius
2400 3243 2513 3282 non
2544 3225 2932 3297 loquendum.

2313 3382 2341 3408 ‹‹
2377 3360 2587 3415 Omnia
2618 3359 2737 3415 haec
2765 3358 2983 3415 tentavi
3013 3359 3072 3415 in
3125 3359 3430 3433 sapientia,
3482 3365 3539 3415 et
3586 3360 3751 3417 dixi:
3786 3364 3895 3419 Sa-

2241 3448 2407 3520 piens
2437 3448 2676 3516 efflciar,
2709 3453 2768 3504 et
2794 3447 2925 3521 ipsa
2956 3447 3192 3521 longius
3221 3448 3376 3506 facta
3394 3454 3480 3505 est
3502 3466 3535 3504 a
3558 3465 3677 3517 me,
3704 3453 3894 3524 magis

2239 3554 2417 3609 quam
2431 3541 2659 3604 erat;'et
2674 3536 2791 3592 alta
2812 3537 3200 3609 profunditas,
3224 3538 3359 3610 quis
3380 3537 3639 3594 inveniet
3664 3556 3801 3595 eam
3825 3542 3894 3595 7»

2236 3625 2386 3681 Dicit
2441 3642 2523 3693 se,
2582 3629 2648 3680 ut
2702 3629 3034 3696 Regnorum
3102 3642 3334 3698 quoque
3392 3631 3694 3685 testantur
3746 3627 3890 3684 libri

2238 3715 2308 3787 (II
2336 3715 2462 3784 Reg.
2492 3731 2558 3769 ιιι
2587 3718 2637 3768 et
2674 3713 2772 3785 Iv),
2824 3712 2980 3769 ultra
3025 3730 3232 3771 omnes
3279 3715 3550 3772 homines
3598 3718 3890 3788 quasina

2237 3802 2607 3875 sapientiam,
2639 3805 2697 3857 et
2731 3804 2989 3857 tentasse
3037 3802 3108 3857 ad
3143 3802 3318 3858 finem
3361 3802 3522 3859 illius
3554 3806 3895 3876 pervenire,

2236 3891 2338 3947 sed
2369 3894 2588 3962 quanto
2618 3890 2751 3962 plus
2784 3889 3096 3962 quaesierit,
3129 3894 3291 3947 tanto
3337 3891 3534 3949 minus
3563 3892 3881 3966 reperisse,

2236 3984 2293 4036 et
2321 3979 2380 4034 in
2414 3979 2669 4035 mediam
2700 3979 3035 4035 demersum
3064 3978 3397 4051 caliginem,
3428 3982 3688 4038 tenebris
3720 3984 3887 4055 igno-

2234 4067 2434 4124 rantiae
2473 4067 2924 4123 circumdatum.
2956 4066 3169 4124 Aliter:
3200 4068 3302 4123 Vir
3330 4070 3432 4142 qui
3462 4070 3733 4126 eruditus
3755 4072 3891 4127 fue-

2236 4157 2312 4213 rit
2348 4158 2369 4191 ⁸
2423 4157 2483 4211 in
2540 4156 2883 4229 Scripturis,
2940 4162 3158 4228 quanto
3218 4158 3350 4231 plus
3408 4159 3557 4216 scire
3612 4161 3887 4233 cmperit,

2235 4249 2398 4301 tanto
2427 4245 2480 4301 ei
2501 4244 2561 4299 in
2581 4243 2676 4300 his
2695 4244 2958 4315 quotidie
2973 4244 3161 4300 oritur
3184 4248 3372 4317 major
3396 4248 3752 4303 obscuritas.
3771 4248 3895 4304 Ali—

2236 4338 2356 4390 ter:
2392 4332 2817 4405 Contemplatio
2849 4333 3148 4405 sapientiae
3177 4334 3237 4389 in
3268 4334 3379 4391 hac
3407 4336 3528 4391 vita
3556 4337 3616 4391 in
3642 4335 3889 4410 speculo

2233 4423 2465 4480 videtur
2494 4425 2553 4478 et
2581 4420 2641 4477 in
2692 4422 2986 4494 imagine:
3039 4438 3173 4478 cum
3219 4439 3355 4497 ergo
3403 4426 3896 4497 recogitaveroin

481 4514 728 4579 dixerat,
759 4516 816 4569 et
852 4512 1192 4569 domesticis
1250 4515 1307 4567 et
1344 4510 1552 4567 alienis
1581 4511 1727 4567 bene
1755 4527 1883 4567 esse
1914 4512 2131 4571 facien-
2158 4536 2206 4602 D
2238 4511 2433 4569 futuro
2465 4510 2609 4569 facie
2648 4511 2719 4567 ad
2754 4509 2962 4567 faciem
2993 4511 3124 4580 ejus
3173 4513 3448 4571 notitiam
3494 4512 3897 4581 revelandam,

555 4764 570 4798 ι
605 4765 823 4839 Bonum
841 4767 919 4819 est
946 4764 1270 4839 retinerem
1298 4761 1463 4819 istud.
1497 4761 1622 4819 Non
1656 4762 1802 4839 bene
1832 4762 2047 4839 legitur
2067 4765 2125 4839 in
2227 4766 2362 4839 jupa
2388 4762 2881 4839 solatio._Palatin.
2917 4762 3084 4830 alter,
3137 4764 3277 4835 Quos
3318 4779 3429 4820 non
3448 4766 3628 4837 potest
3655 4765 3897 4821 consilio

483 4840 655 4892 antea
684 4835 880 4903 editis,
912 4838 1147 4892 retinere
1181 4835 1415 4906 justum,
1462 4852 1565 4907 pro
1612 4838 1853 4893 retinere
1881 4835 1931 4893 ie
1962 4837 2123 4894 istud.

481 4909 768 4964 MARTIAN.

551 4981 573 5013 ²
628 4980 810 5035 Penes
885 4977 1137 5044 Alcuin.,
1210 4978 1574 5051 Quodcunque
1632 4982 1892 5050 evenerit,
1954 4980 2129 5035 libera

480 5056 883 5194 Μξηέἓρῗέὲὶία
936 5121 1264 5193 confortabz’t
1318 5124 1638 5192 sapientem.
1708 5124 1843 5176 Mss.
1904 5120 2129 5193 aliquot

480 5197 810 5245 confortavz't
836 5211 855 5245 :
887 5193 946 5245 in
980 5192 1286 5245 nraeterito.
1339 5193 1447 5245 Sed
1498 5192 1799 5245 retinenda
1842 5191 2011 5245 lectio
2044 5193 2128 5245 fu-

480 5193 810 5265 con/‘orlavit
834 5211 855 5257 ,'
887 5193 946 5248 in
978 5193 1286 5265 praeterito.
1339 5193 1447 5247 Sed
1498 5193 1799 5248 retinenda
1842 5193 2011 5247 lectio
2044 5193 2122 5247 fu-

482 5268 620 5336 turi,
653 5265 1007 5336 confortabit,
1040 5264 1181 5336 quia
1209 5263 1292 5318 sic
1338 5262 1553 5335 legitur
1580 5263 1641 5319 in
1674 5265 1915 5319 Hebraeo
1946 5264 2122 5320 fonte.

837 5406 1166 5478 confortabit
1199 5424 1212 5473 ;
1248 5422 1496 5478 moxque
1539 5421 1678 5478 cum
1710 5404 1997 5478 Palatino,
2026 5404 2126 5462 ad-

472 5476 652 5549 juvat,
686 5494 789 5548 pro
820 5476 1050 5549 adjuvit.
1087 5478 1225 5533 LXX
1253 5476 1472 5549 autem,
1531 5476 1815 5549 βοηθήσει,
1849 5477 2005 5549 quod
2037 5482 2129 5532 est

470 5548 792 5621 .qdju‘vabzt,
826 5548 887 5603 in
919 5548 1218 5604 hodiernis
1261 5548 1469 5604 saltem
1519 5548 1952 5621 exemplaribus
1981 5566 2126 5621 prae-

480 5619 763 5773 feiuilciém
790 5689 1005 5764 Vatio.,
1036 5691 1179 5762 Quo:
1212 5704 1326 5751 non
1348 5694 1502 5765 potes
1536 5706 1727 5765 regere
1754 5693 2004 5765 consilio,
2036 5691 2131 5751 ad-

2235 4837 2516 4908 adjuvare,
2547 4836 2742 4892 solatio
2782 4839 2920 4907 fove,
2955 4841 3064 4892 etc.

2306 4906 2375 4950 έ-
2406 4908 2544 4975 Quos
2573 4922 2683 4963 non
2711 4906 2859 4979 poles
2884 4924 2962 4975 re,
2994 4913 3104 4963 etc.
3153 4906 3328 4962 Editi.
3385 4906 3523 4976 Quos
3574 4923 3686 4962 non
3716 4913 3896 4979 potest

2234 4980 2446 5051 apibus,
2478 4978 2721 5035 consilio
2756 4979 2983 5051 adjuva,
3031 4985 3141 5035 etc.
3196 4979 3356 5034 Idem
3408 4980 3581 5047 infra,
3633 4978 3781 5051 (tuo;
3812 4979 3895 5033 lo-

2233 5049 2471 5121 quentur
2521 5051 2701 5121 impii,
2761 5049 2830 5105 ne
2884 5049 3097 5106 dederis
3152 5066 3210 5105 os
3260 5060 3413 5121 tuum
3439 5050 3896 5106 utnonaudias.

2234 5120 2655 5194 etc.Sed_ha§c
2676 5122 2884 5194 omnia
2928 5122 3205 5194 mendose
3255 5120 3545 5194 legantur.
3599 5121 3892 5194 Maurum.

2305 5195 2326 5227 ⁸
2356 5193 2481 5248 Duo
2512 5191 2779 5260 Palatini,
2830 5196 2886 5247 et
2935 5193 3139 5248 Vatic.:
3193 5191 3338 5264 Quos
3379 5194 3676 5264 loquentur
3706 5192 3895 5264 impii,

2234 5281 2303 5320 ne
2354 5264 2582 5333 dederis,
2618 5264 2860 5336 _etc.__l*}t
2904 5269 2995 5319 est
3032 5264 3271 5336 quidem
3318 5260 3555 5331 ἀσεϐεἲς,
3602 5260 3798 5336 impii,
3832 5263 3897 5318 in

2237 5336 2495 5391 Romano
2528 5334 2657 5389 cod.
2693 5334 2850 5389 LXX.

2306 5408 2325 5441 ⁷
2354 5407 2438 5460 Ita
2476 5405 2692 5459 Victor.
2745 5405 3019 5461 restituit.
3078 5405 3448 5463 Martianaaus
3502 5409 3705 5462 tamen
3751 5419 3899 5460 cum

2237 5478 2476 5533 Erasmo
2508 5475 2750 5531 retinuit
2777 5477 3077 5533 habentem.

2305 5548 2326 5582 ⁸
2355 5547 2525 5620 Apud
2557 5545 2806 5620 Alcuin.,
2838 5548 3012 5620 Aliter
3036 5553 3249 5613 autem,
3276 5550 3380 5620 qui
3408 5548 3661 5603 eruditus
3687 5548 3895 5620 fuerit,

2235 5637 2270 5676 a
2300 5618 2423 5693 quo
2433 5618 2630 5693 nostri
2660 5635 2806 5675 mss.
2861 5619 2971 5675 hoc
2998 5636 3143 5693 _uno
3199 5618 3510 5688 abl—udunt,
3542 5618 3705 5693 quod
3734 5621 3895 5678 Alia:

2232 5689 2336 5756 vel
2350 5690 2505 5751 Alius
2532 5689 2775 5761 habent,
2806 5706 2910 5766 pro
2938 5689 3139 5755 Aliter.
