4084 6170
204 302 205 307 ‘
238 294 401 361 1H5

243 520 441 575 notitia
474 520 778 578 dissidere.

310 631 338 657 ‹‹
372 608 622 665 Circuivi
654 626 758 682 ego
789 614 847 665 et
876 628 975 667 cor
999 628 1220 679 meum,
1255 616 1318 667 ut
1347 611 1557 668 scirem
1577 614 1615 681 ¹,
1647 617 1705 667 et
1754 629 1887 668 con-

241 697 583 765 siderarem,
615 704 673 755 et
719 716 1038 772 quaererem
1083 701 1456 773 sapientiam,
1488 707 1545 758 et
1576 702 1883 770 rationem,

239 788 295 841 et
323 788 392 841 ut
420 802 828 858 cognoscerem
859 787 1222 860 impietatem
1262 791 1411 845 447
1467 789 1630 845 stulti
1673 794 1731 845 et
1768 789 1886 844 im-

238 874 620 947 prudentium
652 891 930 931 errorem.
968 877 1034 932 Et
1062 878 1294 933 invenio
1322 894 1429 950 ego
1458 880 1480 912 ²
1532 878 1880 934 amariorem

238 966 429 1019 morte
457 962 785 1031 mulierem,
817 982 943 1036 quae
977 970 1066 1022 est
1094 965 1361 1038 laqueus,
1405 972 1462 1022 et
1506 983 1734 1039 sagenaa
1791 984 1890 1023 cor

237 1051 625 1123 ejus,vincula
656 1071 868 1109 manus
892 1055 1246 1125 ejus.Bonus
1287 1071 1480 1112 coram
1514 1056 1632 1112 Deo
1654 1061 1891 1112 eruetur

238 1142 313 1196 ab
344 1157 433 1207 ea,
464 1145 733 1213 peccator
781 1142 1047 1215 capietur
1105 1143 1163 1197 in
1221 1143 1342 1199 illa.
1374 1166 1402 1192 ››
1463 1148 1571 1199 Pro
1617 1161 1684 1200 eo
1733 1145 1887 1217 quod

234 1230 616 1303 Septuaginta
638 1236 994 1302 posuerunt:
1022 1255 1043 1281 ››
1079 1232 1324 1288 Circuivi
1347 1249 1452 1306 ego
1478 1238 1536 1289 et
1563 1250 1662 1289 cor
1689 1250 1887 1289 meum

238 1322 307 1375 ut
339 1334 772 1390 cognoscerem,
806 1342 834 1369 ››
870 1321 1261 1393 Symmachus
1305 1321 1722 1394 interpretatus
1777 1327 1885 1391 est,

235 1408 479 1464 dicens:
514 1430 542 1458 ‹‹
576 1407 1229 1465 Pertransiviuniversa
1281 1427 1460 1467 sensu
1510 1427 1660 1479 meo,
1719 1411 1886 1478 scire,

235 1501 293 1552 et
323 1496 547 1553 discere
578 1497 620 1565 ³,
669 1501 725 1552 et
781 1497 1149 1571 investigare.
1182 1522 1209 1549 »
1269 1500 1417 1563 Quia
1473 1500 1655 1573 igitur
1711 1517 1892 1572 supra

232 1584 620 1643 Ecclesiastes
638 1586 1095 1652 dixerat,omnia
1114 1605 1177 1644 se
1205 1588 1264 1643 in
1323 1590 1610 1661 sapientia
1660 1594 1889 1662 perten-

232 1678 416 1742 tasse,
449 1679 508 1732 et
536 1680 756 1747 quanto
778 1676 912 1748 plus
944 1693 1072 1733 eam
1126 1677 1478 1749 requisierit,
1510 1683 1669 1734 tanto
1727 1678 1888 1734 illam

234 1762 473 1837 longius
503 1763 831 1836 refugisse;
866 1782 1023 1821 nunc
1045 1765 1125 1821 ait
1155 1767 1331 1822 etiam
1365 1767 1525 1822 aliud
1573 1768 1630 1822 in
1663 1784 1772 1824 sua
1828 1784 1891 1823 se
1922 1802 1969 1866 Β

238 1853 518 1922 quaesisse
540 1853 1014 1926 sapientia,quod
1046 1855 1105 1909 in
1138 1856 1312 1912 rebus
1341 1856 1621 1912 humanis
1665 1856 1889 1913 malum

232 1941 507 1998 universa
532 1943 836 1999 antecedat
865 1944 1024 2000 mala
1063 1946 1106 2010 ‘,
1131 1948 1187 1999 et
1231 1961 1357 2017 quae
1408 1961 1500 2001 res
1558 1945 1618 2000 in
1692 1945 1893 2018 impie-

230 2034 379 2097 tate,
408 2030 676 2101 stultitia,
703 2048 920 2101 errore,
950 2032 1217 2088 vecordia
1240 2037 1437 2089 teneat
1467 2033 1888 2106 principatum.

229 2122 311 2174 Bt
340 2118 481 2174 dicit
506 2136 567 2176 se
595 2121 858 2177 omnium
891 2121 1180 2177 malorum
1208 2126 1385 2194 caput
1434 2122 1740 2178 mulierem
1800 2139 1888 2178 re-

229 2206 498 2281 perisse:
523 2209 657 2281 quia
674 2214 731 2265 et
752 2227 855 2282 per
884 2210 1046 2266 illam
1079 2228 1239 2268 mors
1274 2212 1334 2266 in
1366 2212 1567 2267 orbem
1597 2216 1888 2267 terrarum

226 2293 517 2365 introivit,
549 2300 606 2351 et
635 2298 919 2369 pretiosas
950 2299 1177 2355 animas
1196 2299 1452 2355 virorum
1509 2299 1686 2371 capit.
1744 2299 1886 2355 0m-

228 2400 346 2440 nes
370 2384 585 2457 quippe
615 2385 1037 2457 adulterantes,
1057 2389 1227 2460 quasi
1260 2388 1528 2444 clibanus
1558 2389 1734 2444 corda
1793 2405 1887 2444 eo-

227 2490 374 2529 rum
408 2489 422 2527 :
464 2490 592 2545 quae
623 2474 762 2530 fecit
792 2475 1251 2533 adolescentium
1301 2477 1527 2533 evolare
1576 2478 1769 2533 corda.
1822 2479 1893 2533 Et

225 2578 377 2618 cum
418 2562 475 2618 in
506 2579 803 2636 princeps:
838 2582 942 2621 nec
1009 2570 1141 2621 ante
1188 2567 1367 2638 pedes
1414 2583 1554 2622 suos
1605 2566 1892 2639 respicere

225 2650 483 2725 patitur,
504 2654 605 2708 sed
638 2654 810 2725 quasi
864 2653 1111 2726 laqueus
1168 2659 1225 2711 et
1275 2670 1495 2727 sagena
1552 2671 1651 2710 cor
1705 2655 1894 2711 adole-

225 2739 459 2797 scentis
485 2741 746 2797 innectit.
780 2742 1028 2799 Vincula
1067 2748 1205 2798 sunt
1263 2744 1421 2799 enim
1469 2760 1680 2799 manus
1736 2745 1886 2815 ejus.

226 2830 353 2886 Pro
400 2846 516 2902 quo
574 2831 785 2903 Aquila
836 2832 1254 2904 interpretatus
1305 2836 1439 2889 est:
1508 2835 1709 2889 Vinctaz
1765 2842 1892 2889 sunt

222 2936 447 2974 manus
476 2920 617 2991 ejus,
640 2920 794 2992 quod
828 2920 1112 2978 Hebruica
1143 2921 1342 2994 lingua
1384 2922 1601 2977 dicitur
1645 2939 1892 2978 assum»:

224 3007 572 3079 (39110205.
604 3009 859 3065 Suadere
888 3010 1045 3065 enim
1094 3015 1306 3082 potest,
1354 3011 1471 3066 vim
1531 3011 1718 3067 facere
1776 3028 1891 3067 non

223 3101 456 3168 potest,
490 3114 595 3153 nec
620 3098 691 3153 ad
715 3114 777 3153 se
805 3098 1037 3154 trahere
1067 3098 1349 3156 nolentes.
1385 3100 1591 3155 Justus
1622 3100 1723 3172 qui
1776 3100 1893 3155 fue-

1242 300 1873 365 COMMENTARIUS
1917 303 1996 364 1N
2038 259 2645 368 ECCLESIASTEN.

247 436 384 487 tunc
412 429 640 504 liquido
670 447 1084 506 recognoscam
1116 431 1289 507 longe
1309 450 1403 490 me
1424 451 1580 491 nunc
1637 436 1710 491 ab
1760 435 1890 506 ejus
1919 437 1975 502 Α

3488 311 3647 373 1126

2076 459 2103 485 ‹‹
2137 440 2279 492 Ecce
2310 437 2420 493 hoc
2450 437 2665 504 inveni,
2701 437 2848 492 dixit
2878 437 3273 509 Ecclesiastes,
3334 458 3511 498 unam
3571 443 3643 499 ad

1995 542 2175 581 unam
2227 527 2268 594 7,
2329 532 2395 581 ut
2440 526 2768 582 invenirem
2822 544 3157 595 numerum,
3210 546 3385 601 quem
3451 532 3643 587 adhuc

1997 613 2264 685 quaesivit
2294 616 2491 671 anima
2522 621 2738 684 mea,et
2758 633 2873 671 non
2906 616 3434 674 inveni.Hominem
3458 636 3643 676 unum

1997 704 2068 758 de
2097 702 2257 759 mille
2288 703 2568 771 inveni,et
2597 704 2899 760 mulierem
2933 704 2992 761 in
3044 705 3318 763 omnibus
3376 707 3471 764 his
3527 726 3643 766 non

1998 791 2216 847 inveni.
2263 791 2644 848 Solummodo
2704 793 2813 849 hoc
2861 795 3078 861 inveni,
3109 794 3246 866 quia
3305 796 3440 851 fecit
3493 797 3648 855 Deus

1999 879 2299 936 hominem
2332 884 2589 937 rectum:
2621 886 2676 937 et
2698 882 2809 953 ipsi
2840 883 3202 955 qumsierunt
3260 885 3643 957 cogitationes

1999 966 2242 1023 multas.
2280 990 2307 1017 »
2332 968 2470 1037 Hoc,
2504 970 2712 1042 inquit,
2750 971 2959 1041 reperi,
3011 971 3283 1028 universa
3330 973 3646 1047 diligenter

1998 1056 2340 1125 eventilans,
2373 1059 2528 1129 quod
2560 1059 2844 1130 paulatim
2877 1061 3193 1131 peccando,
3232 1066 3291 1116 et
3338 1062 3411 1117 ad
3458 1079 3646 1118 unum

1999 1145 2281 1201 delictum
2314 1145 2473 1201 aliud
2514 1148 2881 1220 apponendo,
2922 1149 3204 1220 grandem
3254 1151 3425 1205 nobis
3483 1169 3645 1208 sum-

2001 1249 2158 1327 mam
2191 1234 2479 1290 efﬁcimus
2511 1237 3109 1327 peccatorum.Esebon
3133 1238 3343 1327 (pawn
3373 1239 3644 1312 )quippe,

2001 1323 2156 1394 quod
2188 1339 2393 1379 omnes
2417 1340 2553 1379 voce
2583 1341 2837 1380 consona
2850 1322 3116 1399 λογισμὸν
3139 1322 3645 1398 8transtulerunt,

1999 1412 2326 1466 secundum
2351 1412 2574 1468 Hebraai
2605 1415 2893 1469 sermonis
2925 1414 3393 1487 ambiguitatem,
3424 1423 3482 1473 et
3536 1434 3645 1473 nu-

1998 1516 2213 1554 merum
2271 1516 2609 1572 possumus,
2646 1508 2703 1557 et
2755 1520 3047 1572 summam,
3116 1510 3175 1559 et
3222 1507 3513 1573 rationem,
3589 1524 3648 1579 et

1999 1592 2380 1661 cogitationem
2447 1591 2655 1647 dicere.
2716 1593 2829 1647 Sed
2876 1598 2935 1648 et
2981 1593 3110 1662 hoc,
3169 1594 3270 1658 ait,
3342 1595 3647 1667 requisivit

2001 1680 2198 1734 anima
2231 1697 2376 1750 mea,
2402 1697 2474 1735 an
2507 1686 2664 1736 recta
2711 1680 2923 1736 mulier
2979 1682 3332 1738 inveniatur.
3382 1683 3453 1738 Et
3511 1700 3645 1739 cum

2000 1770 2094 1825 vix
2125 1786 2340 1841 paucos
2383 1771 2452 1826 de
2493 1770 2633 1826 viris
2690 1771 2874 1827 bonos
2927 1771 3272 1840 invenerim,
3312 1772 3396 1828 ita
3451 1777 3520 1829 ut
3575 1773 3649 1829 de

2003 1858 2160 1914 mille
2188 1876 2344 1915 unus
2400 1860 2649 1930 potuerit
2696 1860 2940 1915 inveniri
2973 1862 3015 1931 θ,
3064 1860 3371 1916 mulierem
3429 1861 3647 1918 bonam

2000 1947 2239 2001 omnino
2270 1946 2527 2002 invenire
2549 1963 2662 2002 non
2694 1948 2879 2018 potui.
2914 1947 3129 2002 Omnes
3186 1947 3345 2002 enim
3401 1964 3495 2003 me
3531 1965 3644 2004 non

2001 2036 2073 2090 ad
2105 2034 2400 2103 virtutem,
2424 2036 2524 2091 sed
2555 2036 2628 2090 ad
2659 2034 2950 2090 luxuriam
2982 2036 3369 2091 deduxerunt.
3405 2038 3475 2092 Et
3504 2037 3648 2109 quia

1999 2123 2333 2197 appositum
2365 2128 2454 2179 est
2483 2141 2583 2179 cor
2613 2123 2869 2180 hominis
2898 2123 3209 2196 diligenter
3239 2126 3307 2179 ad
3355 2124 3645 2181 malitiam

2001 2214 2073 2268 ab
2133 2211 2522 2268 adolescentia
2570 2211 2721 2283 (Gen.
2774 2229 2897 2279 vm,
2952 2213 3067 2283 21),
3126 2216 3183 2267 et
3246 2229 3394 2283 pene
3441 2229 3648 2269 omnes

2000 2302 2367 2358 offenderunt
2387 2301 2570 2355 Deum
2606 2318 2618 2355 :
2654 2300 2713 2355 in
2744 2300 2851 2355 hac
2869 2300 3040 2355 ruina
3091 2300 3321 2372 generis
3378 2300 3642 2371 humani,

2000 2390 2226 2446 facilior
2253 2390 2324 2445 ad
2383 2406 2585 2445 casum
2638 2394 2728 2445 est
2782 2388 3011 2445 mulier.
3068 2393 3146 2444 De
3203 2405 3319 2461 qua
3366 2393 3422 2444 et
3472 2395 3646 2462 poeta

2001 2478 2237 2551 gentilis
2267 2496 2279 2533 :

2065 2621 2077 2633 .
2147 2618 2162 2632 .
2231 2621 2242 2632 .
2314 2623 2325 2633 .
2396 2584 2742 2647 .Variumet
2774 2583 3032 2647 mutabile
3063 2596 3274 2647 semper

2062 2648 2297 2697 Femina.
2367 2682 2380 2695 .
2451 2682 2462 2694 .
2533 2683 2547 2694 .
2617 2646 2781 2709 (Vino.
2817 2645 3026 2695 xEneid.
3057 2660 3125 2707 iv,
3155 2645 3210 2706 ν)
3235 2647 3337 2707 35.)

2000 2746 2070 2801 Et
2116 2745 2455 2818 apostolus:
2504 2745 2745 2816 Semper,
2796 2744 2897 2809 ait,
2945 2744 3200 2815 dicentes,
3260 2750 3314 2800 et
3359 2761 3645 2816 nunquam

2001 2835 2071 2889 ad
2107 2836 2687 2891 scientiam'veritatis
2734 2835 3107 2905 pervenientes
3161 2835 3233 2904 (II
3281 2835 3415 2889 Tim.
3449 2851 3534 2903 IlI,
3564 2835 3640 2905 7).

2000 2924 2070 2978 Et
2098 2940 2170 2978 ne
2200 2922 2490 2978 videretur
2504 2938 2877 2979 communem
2902 2921 3210 2977 hominum
3240 2923 3521 2979 damnare
3540 2940 3643 2979 na-

2000 3016 2215 3079 turam,
2248 3017 2305 3067 et
2334 3012 2515 3068 Deum
2540 3017 2837 3067 auctorem
2860 3011 3047 3067 facere
3078 3010 3239 3079 mali,
3260 3011 3401 3067 dum
3433 3012 3642 3068 talium

2004 3101 2272 3156 conditor
2300 3104 2407 3168 est,
2442 3101 2543 3172 qui
2576 3100 2797 3157 malum
2826 3101 3007 3155 vitare
3065 3117 3181 3155 non
3240 3100 3486 3171 possint,
3530 3118 3644 3157 .ar-

226 3185 337 3250 rit,
371 3189 430 3240 et
457 3186 649 3241 bonus
680 3202 876 3241 coram
909 3190 1042 3252 Deo,
1076 3192 1314 3243 eruetur
1333 3187 1404 3243 ab
1435 3204 1504 3243 ea
1529 3188 1587 3242 ⁶;
1626 3168 1892 3259 peccator
1922 3168 1964 3234 (ἶ
2004 3195 2140 3265 gute
2161 3191 2450 3262 praacavit,
2483 3195 2541 3246 et
2570 3189 2669 3259 ait,
2704 3190 2888 3245 bonos
2915 3190 3034 3260 [nos
3099 3207 3134 3245 a
3201 3190 3316 3245 Deo
3374 3194 3599 3246 creatos
3627 3209 3641 3246 :

222 3291 375 3330 vero
401 3278 609 3346 captus
638 3275 959 3331 deducetur
987 3276 1058 3331 ad
1117 3279 1387 3332 mortem.
1441 3276 1565 3331 Non
1618 3280 1895 3348 putemus

221 3366 439 3419 tenere
497 3362 649 3419 hanc
698 3362 1073 3420 Solomonem
1150 3365 1223 3420 de
1295 3381 1507 3437 genere
1577 3364 1892 3420 mulierum

223 3450 558 3523 protulisse
589 3454 938 3508 sententiam
970 3470 984 3520 ;
1010 3453 1165 3524 quod
1188 3457 1460 3522 expertus
1483 3452 1881 3525 est,loquitur.

223 3541 380 3596 Ideo
409 3540 623 3612 quippe
652 3540 893 3596 offendit
923 3541 1135 3606 Deum,
1167 3542 1306 3612 quia
1338 3545 1545 3614 captus
1575 3546 1665 3598 est
1706 3559 1739 3597 a
1768 3559 1896 3597 mu-

223 3628 508 3683 lieribus.
566 3630 636 3684 Et
700 3628 821 3685 hzec
881 3630 1203 3685 secundum
1266 3628 1540 3686 litteram.
1609 3630 1892 3685 Caterum

221 3718 415 3788 juxta
435 3716 873 3790 intelligentiam
904 3718 1292 3791 spiritualem,
1330 3723 1432 3774 aut
1456 3736 1628 3775 omne
1656 3735 1893 3791 genera-

230 3804 387 3859 liter
412 3809 734 3875 peccatum,
769 3805 1073 3861 mulierem
1106 3806 1482 3861 nominamus
1513 3810 1569 3861 et
1615 3805 1890 3877 iniquita-

220 3898 386 3962 tem,
421 3910 548 3965 qua
570 3894 681 3948 sub
711 3895 904 3966 specie
921 3894 1185 3950 mulieris
1214 3896 1376 3951 sedet
1406 3896 1464 3951 in
1486 3894 1763 3951 Zacharia
1793 3911 1891 3950 su-

217 3997 348 4055 per
378 3981 603 4053 plumbi
625 3981 913 4038 talentum
936 3983 1117 4053 (Zach.
1170 4001 1225 4048 v,
1273 3984 1375 4054 7):
1437 3988 1537 4040 aut
1590 3983 1891 4039 diabolum

208 4074 518 4145 τροπικῶς
541 4071 844 4127 mulierem
871 4073 1215 4144 accipimus,
1262 4077 1497 4145 propter
1525 4072 1892 4129 effeminatus

2004 3281 2103 3336 sed
2136 3280 2471 3352 quialibero
2502 3296 2710 3335 sumus
2754 3278 2992 3335 arbitrio
3023 3278 3309 3347 derelicti,
3342 3279 3481 3334 vitio
3536 3296 3647 3335 no-

2004 3374 2124 3424 stro
2154 3370 2227 3424 ad
2252 3370 2449 3441 pejora
2475 3368 2614 3438 labi,
2647 3368 2788 3423 dum
2822 3368 3047 3439 majora
3075 3367 3419 3439 quaerimus,
3451 3371 3509 3422 et
3556 3367 3645 3423 ul-

2003 3462 2094 3513 tra
2121 3458 2274 3513 vires
2304 3462 2535 3513 nostras
2563 3456 2723 3511 varia
2751 3455 3100 3528 cogitamus.
3132 3455 3346 3511 Aliter:
3378 3456 3647 3520 Quotidie

2005 3563 2234 3602 mecum
2258 3546 2729 3617 uniuscujusque
2752 3545 2832 3599 rei
2856 3545 3140 3600 rationem
3163 3544 3645 3615 ponens,nullum

2002 3636 2259 3691 invenire
2291 3636 2453 3707 potui
2487 3634 2824 3706 cogitatum,
2859 3633 2959 3705 qui
2993 3649 3107 3688 non
3140 3632 3491 3704 cogitatione
3520 3648 3646 3703 per-

2000 3742 2167 3781 versa
2195 3723 2556 3779 extrinsecus
2584 3723 2942 3777 turbaretur.
2977 3722 3039 3775 In
3073 3719 3234 3775 mille
3262 3724 3459 3775 autem
3503 3719 3642 3775 viris

2003 3814 2198 3869 inveni
2224 3810 2835 3882 hominem,quijuxta
2858 3809 3174 3882 imaginem
3205 3807 3526 3865 conditoris
3554 3813 3645 3864 est

2002 3904 2274 3960 conditus
2306 3921 2318 3957 :
2346 3908 2404 3958 et
2430 3901 2490 3956 in
2520 3900 2677 3955 mille
2709 3917 2821 3955 non
2855 3899 3235 3971 quibuslibet,
3261 3898 3360 3954 sed
3391 3898 3451 3953 in
3482 3896 3643 3954 mille

2000 3993 2139 4048 viris
2166 4009 2178 4047 :
2213 4007 2465 4063 quorum
2496 4005 2808 4045 numerum
2839 3987 3048 4043 mulier
3078 3986 3322 4059 implere
3364 4003 3479 4042 non
3529 4003 3638 4059 po-

2001 4081 2130 4137 tuit.
2166 4082 2232 4136 Et
2262 4081 2320 4134 in
2345 4078 2503 4134 mille
2537 4080 2691 4134 449
2725 4077 2821 4148 qui
2849 4093 2962 4132 non
3020 4076 3643 4148 appropinquaverunt

204 4162 394 4217 vires
418 4178 430 4215 :
456 4164 558 4215 aut
584 4164 737 4216 certe
759 4160 1174 4228 idololatriam,
1192 4166 1249 4218 et
1278 4166 1343 4217 ut
1395 4162 1636 4234 propius
1658 4162 1892 4218 acceda-

204 4266 397 4318 mus,
448 4249 852 4305 baareticorum
928 4251 1270 4315 Ecclesiam,
1331 4268 1460 4322 quae
1510 4251 1889 4323 insipientem

199 4355 417 4397 sensu
473 4338 547 4393 ad
604 4355 665 4395 se
709 4342 896 4406 vocat,
955 4344 1018 4395 ut
1068 4356 1248 4411 panes
1305 4340 1565 4409 furtivos,
1623 4344 1679 4395 et
1730 4340 1889 4395 448

200 4442 456 4500 aquam
496 4427 794 4496 furtivam,
828 4428 935 4483 hoc
966 4432 1075 4494 est,
1108 4427 1323 4484 falsum
1346 4433 1802 4497 sacramentum,
1836 4433 1893 4485 et

196 4515 534 4591 pollutum
564 4516 859 4588 baptisma
889 4516 1163 4573 inductus
1194 4517 1459 4589 accipiat.

2001 4171 2070 4225 ad
2106 4168 2498 4238 mulierem,et
2526 4170 2830 4239 propterea
2849 4165 3149 4237 purissimi
3173 4167 3640 4236 permanserunt.

2002 4259 2131 4314 Haec
2149 4264 2345 4314 autem
2363 4256 2563 4312 omnia
2585 4253 2941 4327 tropologice
2969 4253 3328 4324 accipienda.
3354 4254 3416 4307 In
3440 4251 3643 4307 multis

2001 4348 2216 4420 quippe
2246 4344 2531 4401 studiosis
2554 4345 2661 4415 [Αἱ.
2694 4342 2955 4413 studiis],
2988 4346 3045 4398 et
3064 4341 3407 4414 quotidiana
3464 4340 3644 4396 medi-

1999 4436 2217 4492 tatione
2248 4434 2619 4501 sudantibus,
2650 4432 2745 4489 vix
2775 4431 3070 4486 invenitur
3118 4430 3405 4503 cogitatus
3459 4445 3644 4501 purus

1919 4538 1967 4602 D
2000 4530 2056 4581 et
2083 4525 2191 4580 viri
2222 4525 2438 4602 dignus
2467 4521 3099 4579 vocabulo.Possumus
3129 4524 3187 4575 et
3214 4518 3505 4592 cogitatus
3536 4534 3643 4591 pro

274 4751 317 4791 η¹
350 4749 557 4815 Vatic.,
579 4751 646 4805 Et
672 4765 765 4805 cor
791 4766 973 4805 meum
998 4750 1165 4813 dedit,
1218 4759 1279 4806 ut
1333 4753 1551 4821 scirem,
1592 4755 1726 4817 etc.,
1787 4767 1881 4806 re-

188 4826 455 4880 nuente
485 4821 799 4892 Scriptura;
830 4826 1018 4878 textu.

284 4923 375 4936 ~—
406 4892 651 4965 Circuivi
678 4909 792 4963 ego,
825 4898 877 4947 et
905 4909 998 4949 eor
1024 4910 1224 4948 meum.
1260 4898 1541 4965 Corrupte
1592 4892 1649 4965 in
1709 4892 1881 4947 editis

182 4966 462 5038 legunt,
497 4964 740 5019 Circuivi
756 4980 851 5038 ego
880 4981 970 5019 cor
994 4982 1197 5029 meum,
1230 4965 1357 5019 sine
1399 4963 1685 5038 particula
1739 4980 1882 5038 con-

164 5034 494 5110 juilctiva
523 5052 702 5110 quam
750 5034 960 5091 retinet
1010 5052 1214 5091 omnes
1262 5034 1415 5091 mss.
1458 5053 1525 5091 ac
1583 5036 1713 5090 fons
1773 5034 1879 5089 He-

176 5128 451 5188 braeus,
480 5124 602 5183 #351
625 5134 719 5185 ἐκ
748 5127 844 5180 avi
875 5125 1095 5191 velibbi,
1131 5124 1186 5179 id
1220 5129 1327 5190 est,
1344 5141 1441 5194 ego
1462 5129 1514 5179 et
1542 5140 1634 5179 cor
1672 5138 1878 5179 meum.

2062 4760 2083 4793 ⁵
2113 4759 2264 4828 Quod
2291 4758 2554 4813 Hebraica
2580 4758 2771 4827 lingua
2798 4756 3022 4818 dicitur.
3074 4756 3343 4828 Assurim.
3394 4753 3635 4828 Addunt

1990 4822 2270 4886 Erasmus
2300 4836 2356 4884 et
2386 4822 2682 4884 Marianus
2714 4844 2910 4883 vocem
2941 4835 3059 4886 27-9
3085 4826 3311 4892 iadeab,
3345 4825 3446 4880 sed
3496 4822 3643 4879 falso

1991 4908 2050 4958 et
2076 4902 2406 4972 superflue:
2441 4900 2657 4955 sufﬁcit
2686 4899 2843 4972 enim
2875 4914 3087 4972 nomen
3121 4906 3368 4972 omne,
3400 4897 3640 4950 assurim

1992 4974 2065 5029 ad
2088 4968 2544 5028 declarationem
2578 4970 2879 5025 sententiae
2912 4968 3266 5039 Hierenymi,
3309 4972 3484 5038 atque
3541 4982 3640 5021 va-

1995 5044 2200 5099 riantis
2236 5044 2501 5099 lectionis
2531 5041 2775 5113 Aquilaa.
2813 5041 3099 5113 Maurum.

2062 5117 2083 5150 ⁶
2114 5116 2322 5183 Vatic.,
2356 5109 2690 5168 Eruetur’ab
2721 5128 2801 5178 eo,
2836 5110 3079 5183 scilicet,
3103 5109 3201 5183 Dei
3230 5126 3360 5183 ope.

2062 5189 2081 5221 ⁷
2114 5181 2501 5242 νθῐυὺαάηαιη
2517 5184 2586 5239 ad
2608 5200 2779 5238 unam
2810 5182 2867 5237 in
2899 5182 3079 5236 Vatic.
3112 5181 3509 5236 desideratur.

408 5212 525 5249 IAN.

170 5203 525 5253 ΠΑῐιτιΑΝ.
1762 5244 1771 5261 κ

280 5270 317 5303 ³
347 5267 493 5322 Tres
522 5283 692 5338 mss.,
722 5267 787 5322 Et
816 5268 1153 5337 inveniego:
1200 5272 1258 5323 et
1304 5283 1457 5334 mox,
1517 5282 1718 5338 sagena
1778 5282 1881 5338 pro

2069 5203 2078 5221 ⁸
2124 5203 2304 5242 verba
2332 5203 2501 5240 unam
2517 5203 2583 5239 aa
2608 5203 2779 5238 unam
2810 5203 2867 5237 IIl
2909 5203 3079 5236 νᾶιιο.
3112 5203 3509 5236 αρδιυθηιιυικ

2062 5261 2082 5292 ⁸
2115 5262 2293 5313 Antea
2338 5261 2462 5312 erat
2518 5251 2820 5338 λοςίισμοὺς
2853 5252 3467 5338 plurium‘nume‘roz.
3494 5266 3632 5338 con-

164 5352 480 5407 sagena’.
632 5322 637 5323 ί
674 5322 691 5338 ’
1049 5322 1073 5337 ν
1212 5322 1219 5323 ί
1380 5322 1383 5323 ν
1446 5322 1457 5334 ’
1581 5322 1603 5338 ”
1778 5322 1795 5338 ⁸
1990 5336 2079 5407 tra
2110 5347 2285 5401 quam
2302 5344 2451 5407 mss.
2474 5322 2741 5407 melioris
2773 5322 2918 5407 notae
2951 5324 3260 5406 habent,et_
3287 5322 3632 5407 scholiastes

1994 5393 2228 5457 Grazcus
2248 5401 2319 5455 ad
2340 5397 2608 5470 Aquilam
2644 5413 2822 5469 penes
2846 5394 3221 5462 Flaminium,
3246 5395 3490 5468 ipsaque
3515 5393 3636 5451 Fla-

1994 5473 2138 5528 mini
2171 5474 2433 5526 Romana
2486 5469 2664 5524 edtio.

2063 5546 2084 5582 9
2114 5542 2292 5600 Paulo
2315 5539 2531 5599 rectius
2560 5540 2769 5613 Vatic.,
2807 5541 2984 5600 Unum
3035 5539 3310 5613 potuerim
3360 5538 3627 5604 invenire.

270 5413 309 5447 ³
351 5408 654 5464 Palatinus
676 5409 823 5465 alter
852 5426 984 5464 cum
1008 5409 1217 5471 Vatic.,
1241 5418 1293 5464 et
1321 5410 1613 5465 disserere.

277 5480 534 5552 {Penes
591 5481 927 5552 Alcuinum,
980 5484 1039 5535 in
1085 5497 1185 5535 sua
1243 5482 1519 5537 invenisse
1604 5482 1881 5552 sapientia

124 5551 462 5624 .1nal_um,
520 5551 662 5624 quod
701 5555 761 5610 in
808 5553 970 5609 rebus
1025 5553 1285 5610 humanis
1359 5555 1549 5610 omnia
1649 5551 1884 5609 vinceret

140 5621 407 5707 mla,
426 5621 531 5684 etc.
