4084 6170
539 304 692 368 1127

1793 302 1856 362 S.
1906 298 2214 364 EUSEBII
2260 298 2697 363 HIERONYMI
2713 345 2726 357 .

3706 299 3829 369 1188

529 432 670 490 viris
699 434 979 506 accipere,
1012 431 1285 490 mulieres
1315 450 1419 505 pro
1487 432 1783 505 operibus,
1853 436 1910 487 et
1968 432 2178 499 dicere,
2209 435 2264 501 Α
2295 432 2731 504 Scripturarum
2788 432 3014 487 occulta
3068 430 3265 486 dicant
3320 445 3480 502 posse
3528 431 3830 498 sesolvere‘,

487 548 499 562 σ
531 523 683 595 quod
703 522 937 579 difﬁcile
959 523 1236 594 cogitatio
1259 522 1511 592 alicujus
1532 539 1681 594 pura
1700 522 1945 576 inveniri
1984 526 2179 592 queat.

527 616 714 684 Opera
737 629 890 676 vero,
926 612 1065 684 quia
1096 629 1196 682 per
1221 628 1433 682 corpus
1457 611 1964 675 administrentur,
1986 608 2180 680 aliquo

530 718 762 773 semper
791 718 983 757 errore
1015 701 1325 755 commista
1354 700 1493 755 sint.
1525 700 1632 754 Pro
1660 716 1725 754 eo
1757 704 1971 765 autem,
2023 698 2179 769 quod

530 806 712 861 supra
732 805 1062 845 sermonem
1086 789 1390 844 Hebraeum
1410 788 1860 858 interpretantes
1881 787 2135 842 diximus
2162 803 2175 840 :

534 879 709 933 Unam
762 878 834 932 ad
892 878 1124 946 unam',
1185 882 1245 932 ut
1304 878 1622 931 inveniatur
1689 891 1968 945 numerus,
2057 875 2177 931 sive

528 984 762 1037 summa,
799 966 917 1022 sive
947 967 1109 1035 ratio,
1146 970 1247 1021 aut
1274 966 1566 1038 cogitatio:
1601 964 1859 1035 apertius
1892 964 2174 1034 interpre-

530 1059 695 1111 tatus
726 1059 816 1111 est
847 1054 1259 1126 Symmachus,
1302 1071 1473 1109 imam
1500 1054 1571 1109 ad
1594 1070 1760 1108 unum
1794 1054 2040 1109 invenire
2077 1070 2172 1107 ra-

534 1146 737 1199 tionem
768 1145 809 1198 ².
846 1144 1008 1207 Quod
1039 1143 1197 1198 enim
1216 1160 1321 1198 nos
1353 1144 1610 1199 solemus
1640 1142 1906 1197 absolute
1939 1146 1995 1196 et
2026 1158 2170 1196 neu-

532 1232 761 1287 traliter
790 1231 1104 1303 appellare,
1139 1232 1195 1286 id
1230 1231 1463 1298 est,hoe
1495 1230 1752 1303 quaesivi,
1808 1231 1963 1285 istud
2016 1230 2173 1285 volui

529 1320 806 1387 invenire,
838 1320 1073 1375 Haabraai
1109 1320 1389 1376 feminino
1420 1335 1629 1391 genere
1663 1318 2066 1389 pronuntiant,
2091 1318 2170 1373 si-

528 1412 627 1463 cut
658 1408 717 1463 in
737 1407 961 1480 psalmo
1000 1426 1013 1463 :
1051 1410 1222 1465 Unam
1246 1411 1388 1480 petii
1415 1426 1447 1463 a
1489 1410 1737 1478 Domino,
1789 1408 1930 1463 hanc
1986 1408 2173 1477 requi-

526 1498 687 1552 ram3
711 1498 878 1568 (Psal.
938 1514 1093 1565 xxxx,
1130 1499 1203 1568 4),
1238 1514 1340 1568 pro
1372 1513 1437 1552 eo
1470 1497 1622 1567 quod
1652 1501 1739 1551 est
1769 1512 1960 1550 unum.

598 1585 761 1656 (Cap.
794 1585 946 1640 VIII.
984 1585 1000 1655 )
1039 1586 1229 1648 «Quis
1258 1585 1337 1639 ita
1360 1589 1425 1639 ut
1450 1585 1727 1657 sapiens;
1762 1589 1817 1639 et
1847 1584 1979 1656 quis
2012 1582 2171 1639 novit

528 1672 878 1728 solutionem
906 1672 1112 1728 verbi?
1134 1672 1431 1744 Sapientia
1461 1673 1716 1728 hominis
1760 1671 2119 1726 illuminabit
2149 1673 2170 1704 ⁸

2292 537 2459 575 rarus
2481 524 2587 589 est,
2622 519 2722 591 qui
2752 536 2947 575 veram
2972 519 3223 575 inveniat
3252 518 3737 584 solutionem.0uod
3761 537 3834 576 au-

2290 613 2405 661 tem
2436 608 2742 679 sequitur:
2786 608 3083 679 Sapientia
3112 608 3362 663 hominis
3392 607 3705 665 illuminahit
3741 608 3834 664 vul-

2288 700 2416 752 tum
2444 698 2593 768 ejus,
2626 702 2683 753 et
2712 696 3014 769 improbus
3049 698 3192 752 facie
3223 714 3329 753 sua
3358 696 3585 766 odietur,
3608 718 3633 745 »
3659 695 3724 750 ita
3742 713 3837 768 pos-

2289 801 2496 840 sumus
2530 785 2861 857 explanare,
2900 790 2963 841 ut
3010 785 3172 841 Pauli
3221 786 3391 841 verba
3436 801 3723 856 ponamus:
3761 786 3839 843 Nos

2287 882 2469 929 autem
2497 890 2679 930 omnes
2710 876 2963 931 revelata
2990 877 3135 945 facie
3162 875 3401 943 gloriam
3429 874 3632 929 Domini
3664 877 3841 929 contem-

2281 964 2497 1033 plantes
2526 964 2596 1030 (II
2622 967 2744 1020 Cor.
2807 981 2890 1031 in,
2954 963 3087 1034 l8);
3146 968 3204 1018 et
3261 961 3564 1018 Psalmista:
3609 961 3838 1017 canentis:

2285 1050 2577 1122 Signatum
2606 1060 2681 1107 est
2711 1068 2873 1123 super
2923 1068 3021 1108 nos
3073 1053 3277 1108 lumem
3322 1052 3497 1107 vultus
3539 1053 3633 1120 tui,
3674 1051 3842 1105 Domine

2284 1141 2457 1210 (Psal.
2491 1158 2566 1207 1v,
2600 1142 2677 1208 7),
2703 1141 3057 1213 Sapientiam
3090 1145 3285 1196 autem
3329 1139 3424 1195 hic
3483 1138 3713 1195 hominis
3758 1154 3842 1193 non

2282 1228 2459 1284 aliam
2490 1229 2632 1286 dicit
2664 1231 2883 1302 absque
2907 1229 3195 1303 sapientia
3223 1229 3341 1285 Dei.
3366 1229 3496 1292 Quae
3523 1244 3645 1285 cum
3672 1226 3844 1298 sapien.

2282 1316 2362 1371 tia
2391 1317 2489 1371 Dei
2523 1316 2620 1384 sit,
2639 1318 2808 1387 juxta
2836 1316 3287 1388 possibilitatem
3307 1316 3629 1388 capacitatis
3646 1312 3843 1369 hominis

2281 1404 2408 1473 ejus
2439 1421 2566 1460 esse
2594 1404 2816 1475 incipit,
2842 1406 2939 1476 qui
2977 1422 3039 1461 se
3088 1405 3302 1463 habere
3358 1405 3641 1461 meruerit.
3694 1401 3844 1458 Omnis

2281 1492 2591 1548 haereticus
2614 1497 2671 1548 et
2703 1493 2917 1550 falsum
2951 1495 3165 1566 dogma
3192 1494 3532 1561 defendens,
3583 1491 3844 1563 impudenti

2265 1581 2440 1636 ‘vultu
2459 1586 2566 1636 est.
2592 1582 2852 1654 Denique
2874 1582 3128 1638 Marcion
3146 1587 3202 1638 et
3218 1582 3559 1639 Valentinus
3584 1582 3623 1617 ¹⁰
3651 1579 3845 1636 melioris

2277 1686 2339 1724 se
2368 1670 2571 1726 dicunt
2600 1675 2822 1726 natura:
2854 1688 3000 1742 esse,
3034 1689 3211 1743 quam
3243 1671 3506 1728 conditor
3534 1679 3632 1726 est.
3674 1669 3730 1724 Et
3772 1668 3845 1722 hoc

527 1760 755 1815 vultum
786 1762 913 1831 ejus
935 1767 992 1816 et
1013 1761 1177 1816 fortis
1212 1761 1414 1816 faciem
1474 1778 1643 1816 suam
1704 1760 2108 1816 commutabit.
2138 1782 2165 1808 ››
2200 1804 2248 1868 Β
2278 1765 2476 1830 posset
2522 1758 2722 1831 aliqua
2777 1776 2845 1815 ex
2883 1765 3046 1832 parte
3094 1760 3250 1832 ferri,
3300 1761 3349 1817 si
3407 1777 3566 1833 spem
3621 1775 3677 1814 se
3716 1757 3845 1827 hujus

529 1848 708 1868 n_n___
755 1849 1016 1868 _I-_u_n,,n
1060 1849 1277 1868 J9ln_'1_
1320 1850 1527 1868 I,,,,,,-_
1570 1849 1854 1868 'L_,__f,-”
1901 1847 2140 1868 Prn,---_'_:
2280 1846 2357 1868 -ΑΞ
2410 1848 2617 1868 1-,ι----
2690 1850 2956 1868 -_,,n_r,,jn
3010 1854 3090 1868 -,n
3182 1855 3220 1868 Αι
3337 1867 3349 1868 κ
3461 1851 3566 1868 ξκᾼ-
3617 1847 3842 1868 _-_-:.I-_.

529 1848 719 1919 Supra
747 1849 1023 1904 docuerat
1051 1849 1288 1905 dilﬁcile
1315 1850 1537 1905 bonum
1570 1849 1863 1903 hominem
1898 1848 2166 1913 inveniri,

529 1941 588 1991 et
612 1937 938 1992 venientem
970 1943 1171 1993 contra
1192 1938 1425 1994 eliserat
1455 1939 1835 2010 quaestionem
1866 1939 1916 1992 δε
1967 1956 2000 1994 a
2056 1943 2168 1992 Deo

530 2026 713 2081 bonos
735 2026 1002 2082 homines
1024 2028 1307 2096 conditos,
1327 2029 1428 2083 sed
1488 2031 1695 2100 sponte
1752 2044 1857 2082 sua
1911 2028 1983 2081 ad
2036 2043 2167 2098 pec-

530 2119 659 2170 cata
705 2115 991 2187 delapsos.
1049 2117 1213 2171 Nunc
1266 2118 1405 2189 quid
1464 2117 1603 2174 boni
1663 2116 1887 2171 homini
1948 2116 2171 2170 dederit

528 2208 697 2270 Deus,
731 2204 900 2276 quasi
957 2204 1382 2277 gloriabundus
1416 2210 1742 2271 enumerat,
1817 2204 2169 2276 sapientiam

524 2293 769 2361 scilicet,
801 2298 975 2366 atque
1006 2294 1290 2349 rationem
1342 2300 1399 2349 et
1454 2294 1904 2367 providentiam,
1941 2292 2170 2349 occulta

527 2382 621 2437 Dei
655 2399 829 2438 nosse
861 2384 1158 2455 mysteria,
1192 2385 1248 2438 in
1274 2400 1484 2439 arcana
1541 2385 1669 2454 ejus
1735 2400 1912 2438 sensu
1974 2382 2168 2438 cordis

444 2508 447 2513 ‹
525 2470 759 2524 intrare.
793 2468 1039 2540 Oblique
1063 2476 1257 2526 autem
1284 2471 1353 2524 de
1387 2487 1448 2526 se
1491 2470 1771 2541 loquitur,
1805 2471 1961 2541 quod
1996 2487 2165 2526 nemo

526 2558 608 2612 ita
633 2558 808 2613 fuerit
837 2558 1091 2629 sapiens,
1126 2563 1189 2613 ut
1219 2559 1363 2629 ipse,
1422 2562 1479 2613 et
1527 2558 1723 2615 nullus
1783 2559 1866 2614 sic
1925 2559 2123 2614 scierit
2148 2559 2169 2593 ⁸

527 2646 630 2715 [ΑΙ.
665 2645 860 2716 sciret]
893 2646 1318 2717 problematum
1369 2645 1713 2721 solutiones,
1773 2652 1829 2701 et
1885 2646 2172 2719 sapientia

529 2735 656 2805 ejus
689 2751 721 2789 a
749 2739 956 2789 cuncto
987 2733 1222 2789 laudata
1253 2735 1328 2790 sit
1362 2734 1597 2806 populo,
1634 2752 1760 2806 quae
1812 2752 1926 2790 non
1977 2735 2169 2790 solum

525 2822 875 2880 intrinsecus
902 2822 1155 2891 latuerit,
1190 2824 1289 2878 sed
1316 2830 1372 2878 et
1399 2823 1457 2877 in
1491 2824 1795 2896 superficie
1827 2825 2084 2895 corporis
2116 2829 2173 2879 et

526 2912 761 2985 speculo
791 2912 991 2968 vultus
1012 2911 1280 2977 eluxerit,
1339 2912 1604 2983 ultraque
1651 2930 1856 2969 omnes
1905 2912 2173 2968 homines

527 3001 896 3074 prudentiam
930 3001 1142 3056 mentis
1170 3001 1228 3055 in
1260 3002 1405 3056 facie
1435 3019 1542 3056 sua
1589 3001 1858 3072 pinxerit.
1925 3003 2172 3073 Septua-

526 3092 689 3162 ginta
718 3107 822 3162 pro
854 3107 919 3145 eo
951 3091 1104 3160 quod
1156 3106 1260 3143 nos
1318 3090 1655 3162 posuimus:
1693 3113 1719 3137 «
1776 3090 1916 3153 Quis
1970 3090 2051 3143 ita
2107 3094 2172 3144 ut

2279 1846 2361 1903 rei
2410 1848 2624 1903 habere
2682 1850 3117 1917 contenderent,
3172 1855 3228 1905 et
3285 1867 3401 1905 non
3453 1851 3573 1920 jam
3616 1847 3844 1919 possidere

2278 1940 2573 1991 naturam.

2358 2044 2379 2073 α
2424 2026 2542 2097 Ego
2575 2043 2640 2081 os
2670 2026 2823 2098 regis
2855 2026 3139 2093 custodio,
3173 2030 3231 2082 et
3268 2026 3556 2099 loquelam
3593 2022 3844 2096 juramenti

2279 2112 2397 2168 Dei.
2432 2118 2513 2168 Ne
2542 2114 2838 2171 festinesa
2862 2115 3007 2170 facie
3038 2116 3167 2185 ejus
3207 2114 3389 2181 abire,
3447 2118 3502 2170 et
3555 2131 3622 2170 ne
3673 2119 3770 2169 stes
3808 2110 3845 2165 in

2276 2202 2449 2257 verbo
2482 2202 2654 2273 malo,
2688 2203 2968 2275 quoniam
3000 2220 3172 2260 omne
3229 2204 3385 2276 quod
3436 2203 3683 2271 voluerit,
3729 2201 3847 2256 faciet

2275 2292 2435 2346 Sicut
2464 2291 2799 2364 dixerit(Al.
2833 2292 3005 2350 dicet)
3039 2310 3157 2358 rex,
3191 2297 3537 2365 potestatem
3561 2293 3754 2348 habens
3778 2305 3788 2344 :
3810 2292 3847 2345 et

2278 2380 2411 2451 quis
2434 2380 2588 2435 dicet
2615 2380 2689 2448 ei,
2723 2381 2871 2444 Quid
2897 2382 3038 2436 facis
3070 2383 3096 2436 ?
3131 2405 3151 2431 ιι
3189 2383 3435 2438 Videtur
3455 2382 3679 2453 quidem
3706 2377 3846 2451 praeci-

2279 2485 2412 2540 pere
2429 2469 2597 2539 juxta
2631 2470 2997 2541 Apostolum,
3034 2471 3273 2543 regibus
3295 2475 3352 2527 et
3375 2469 3758 2543 postestatibus
3778 2464 3846 2523 ob-

2279 2558 2548 2628 sequium
2584 2559 2706 2628 (Τίι.
2742 2576 2827 2628 1n,
2863 2560 2937 2628 1),
3000 2560 3254 2615 maxime
3307 2560 3672 2632 Septuaginta
3712 2557 3843 2610 Inter-

2256 2646 2542 2718 ‘pretibus
2573 2647 2914 2717 imperativo
2947 2648 3120 2703 modo
3168 2648 3528 2704 dicentibus:
3556 2670 3584 2698 α
3634 2647 3699 2703 Os
3744 2640 3851 2714 regis

2279 2735 2506 2789 custodi
2542 2752 2556 2802 ;
2594 2758 2615 2783 ιν
2651 2735 2751 2790 sed
2777 2752 2881 2809 ego
2913 2740 3053 2808 puto
3076 2736 3146 2793 de
3176 2736 3276 2792 illo
3304 2753 3438 2810 rege
3469 2752 3617 2792 nunc
3667 2733 3776 2797 dici,
3804 2730 3851 2783 de

2280 2840 2395 2894 quo
2428 2823 2605 2878 David
2638 2823 2754 2879 ait:
2810 2825 3054 2895 Domine,
3112 2827 3169 2880 in
3228 2827 3433 2881 virtute
3498 2829 3587 2880 tua
3636 2819 3852 2880 thabitur

2280 2928 2379 2966 rex
2409 2912 2578 2982 (Psal.
2614 2928 2706 2975 xx,
2743 2912 2816 2979 1).
2850 2912 2915 2965 Et
2938 2911 2998 2966 in
3033 2911 3145 2967 alio
3174 2911 3322 2982 loco,
3359 2915 3424 2967 ut
3453 2912 3632 2966 Patris
3671 2914 3719 2964 et
3763 2902 3850 2960 Filii

2281 3016 2464 3053 unum
2499 3015 2741 3069 regnum
2775 2999 3067 3071 signiﬁcet
3123 2999 3230 3072 [AL
3292 2998 3688 3072 signiﬁcetur].
3742 2991 3851 3049 Scri-

2282 3091 2453 3157 ptura
2473 3092 2895 3143 commemorat
2919 3105 2930 3142 :
2953 3093 3116 3154 Deus,
3127 3088 3411 3159 judicium
3440 3093 3591 3144 tuum
3617 3088 3720 3157 regi
3742 3082 3853 3149 dinei

538 3179 797 3249 sapiens,
833 3200 860 3226 »
890 3177 1349 3232 transtulerunt:
1379 3177 1567 3242 «Quis
1600 3178 1758 3232 novit
1786 3178 2168 3249 sapientes".»
2201 3167 2244 3232 C
2274 3177 2562 3246 justitiam
2592 3183 2740 3230 luam
2778 3178 2894 3245 ﬁlio
2927 3178 3064 3247 regis
3097 3177 3262 3248 (Psal.
3298 3195 3452 3249 Lxgi,
3483 3178 3557 3247 1).
3589 3175 3701 3230 Non
3739 3169 3851 3226 enim

525 3268 597 3321 Et
616 3283 718 3336 pro
750 3281 815 3320 eo
845 3264 1009 3320 450
1040 3266 1194 3336 quod
1229 3282 1333 3320 nos
1364 3265 1657 3321 diximus:
1711 3288 1739 3315 ››
1773 3267 1840 3320 Et
1882 3267 2047 3321 fortis
2097 3268 2175 3321 fa-

527 3354 675 3408 ciem
708 3370 879 3408 suam
911 3352 1321 3420 commutabit,
1354 3375 1381 3403 »
1417 3359 1776 3425 posuerunt:
1815 3378 1840 3404 ‹‹
1874 3355 1942 3409 Et
1988 3355 2176 3426 impu-

526 3443 670 3498 dens
690 3440 852 3497 vultu
885 3458 991 3497 suo
1023 3441 1271 3497 odietur.
1297 3464 1324 3491 »
1350 3443 1633 3498 Etrevera
1663 3460 1807 3498 cum
1839 3443 2009 3498 multi
2034 3444 2173 3498 sint.

526 3530 627 3602 qui
659 3530 1007 3603 sapientiam
1044 3531 1473 3603 repromittant,
1498 3532 1733 3588 difﬁcile
1757 3533 2177 3606 invenitur,qui

526 3620 855 3677 discernere
885 3624 1064 3691 queat
1094 3636 1297 3675 verum
1335 3622 1355 3654 ⁸
1388 3620 1711 3692 sapientem
1744 3623 1814 3677 ab
1845 3621 1934 3677 his
1962 3623 2061 3694 qui
2092 3622 2174 3678 vi-

523 3711 735 3766 dentur
763 3725 891 3765 esse
921 3710 1235 3781 sapientes.
1272 3711 1344 3765 Et
1406 3726 1539 3765 eum
1601 3710 1720 3765 sint
1770 3710 2034 3782 plurimi,
2077 3712 2175 3782 qui

594 3836 609 3868 ί
641 3834 905 3890 Veterem
938 3833 1244 3889 lectionem
1278 3850 1647 3903 revocamus,
1678 3852 1849 3890 unam
1882 3836 1952 3890 ad
2008 3853 2175 3891 unam

527 3922 704 3978 quam
728 3905 1102 3979 Martianmus
1127 3922 1195 3961 ex
1226 3906 1461 3977 ingenio
1497 3911 1823 3979 mutaverat
1854 3911 2059 3962 neutro
2078 3924 2176 3979 ge-

527 3976 663 4032 nere
692 3993 867 4031 unum
908 3976 977 4031 ad
1023 3994 1217 4041 unum,
1281 3976 1443 4033 ratus
1502 3977 1648 4031 nihil
1683 3978 1800 4033 fore
1860 3976 2174 4044 diversu'm,

527 4064 715 4129 neque
749 4048 1049 4129 lapertius_
1073 4064 1405 4129 sermonem
1462 4047 1769 4129 Hebraeum
1798 4049 2175 4129 explicatum

525 4118 638 4191 dici
670 4118 928 4190 potuisse
957 4136 991 4173 a
1016 4119 1386 4191 Symmacho,
1431 4119 1505 4191 si,
1568 4118 2062 4191 quemadmodum
2122 4124 2179 4177 et

524 4190 910 4261 Hieronymus
933 4190 1186 4245 reddidit
1214 4206 1385 4245 unum
1437 4190 1508 4245 ad
1566 4190 1754 4256 unam,
1807 4192 1879 4246 ab
1936 4192 2033 4247 illo
2101 4194 2177 4247 sit

526 4261 780 4333 positum
824 4261 1158 4333 interprete.
1194 4261 1436 4316 Minime
1468 4279 1599 4317 vero
1633 4263 1994 4333 hujusmodi,
2031 4270 2177 4319 utex

525 4331 645 4405 toto
700 4331 997 4405 contextu
1033 4331 1238 4405 liquet,
1298 4331 1727 4389 diversitatem"
1783 4335 2061 4390 adnotare
2113 4334 2174 4391 in

528 4404 724 4460 animo
754 4403 1009 4459 habebat
1036 4403 1348 4471 SIDoctor,
1404 4405 1503 4475 qui
1561 4409 1618 4459 et
1666 4405 1723 4459 in
1783 4422 1891 4460 sua
1938 4423 2006 4460 ex
2064 4409 2174 4461 Ile-

527 4476 681 4530 braeo
711 4474 1191 4547 interpretatione
1216 4492 1391 4529 unum
1430 4474 1482 4530 et
1527 4477 1786 4546 alterum,
1840 4482 1900 4530 ut
1941 4479 2174 4532 'imieni-

526 4547 958 4612 remrationem,
1019 4547 1212 4601 vertit.
1260 4551 1435 4601 Porro
1492 4552 1549 4601 et
1609 4563 1749 4602 mss.
1801 4547 2006 4615 nostri,
2062 4565 2177 4603 uno

526 4617 1078 4688 Vaticanoexcepto,
1114 4617 1213 4687 qui
1246 4617 1423 4672 habet
1480 4634 1652 4672 una”;
1711 4618 1781 4672 ad
1838 4636 2028 4686 unum,
2091 4620 2174 4675 sic

527 4691 864 4760 praeferunt,
885 4694 941 4744 et
972 4692 1036 4742 ut
1067 4688 1181 4760 alia
1206 4689 1475 4744 deessent
1506 4695 1872 4759 argumenta,
1908 4690 1989 4745 ita
2036 4692 2171 4745 red-

526 4759 714 4815 ditum
747 4777 781 4834 a
810 4759 1180 4833 Symmacho,
1215 4760 1474 4814 subnexa
1506 4760 1837 4833 Hieronymi
1893 4761 2172 4834 expositio

528 4832 863 4905 persuadet.

598 4906 620 4938 ²
645 4906 821 4961 Unum
848 4903 926 4957 ad
954 4920 1130 4957 unum
1154 4902 1404 4957 invenire
1432 4904 1723 4958 rationem.
1758 4903 1924 4959 Falso
1957 4904 2013 4958 in
2064 4922 2171 4959 an-

526 4980 617 5031 tea
645 4975 823 5031 editis
850 4974 1015 5030 libris
1047 4974 1320 5046 legimus,
1363 4991 1533 5028 unam
1580 4975 1651 5029 ad
1708 4991 1879 5029 unam
1928 4978 2174 5031 invenire

525 5049 812 5103 rationem.
847 5046 902 5100 Si
933 5048 1088 5101 enim
1124 5062 1411 5116 ponamus
1445 5063 1617 5100 unam
1661 5047 1729 5101 ad
1786 5064 1975 5112 Δτιηαηι,
2025 5047 2173 5102 nihil

530 5118 706 5173 habet
735 5119 1028 5173 diversum
1063 5117 1472 5190 Symmachus.
1508 5134 1717 5190 neque,
1744 5118 2001 5190 apertius
2051 5136 2171 5174 ser-

530 5204 760 5244 monem
798 5189 1545 5261 Hebraeuminterpretatur
1575 5206 1587 5243 :
1624 5189 1759 5260 quia
1783 5189 2170 5261 Hieronymus

526 5275 735 5329 genere
766 5276 998 5331 quoque
1032 5261 1313 5315 feminino
1351 5260 1607 5315 reddidit
1636 5277 1805 5314 unum
1833 5261 1902 5314 ad
1959 5278 2166 5330 unam;

529 5331 685 5403 quod
718 5331 1085 5403 manifestius
1109 5349 1240 5387 cum
1266 5331 1616 5403 Symmacho
1647 5331 1916 5386 absolute
1947 5337 2001 5386 et
2029 5350 2169 5388 neu-

526 5401 752 5473 traliter
786 5402 1093 5473 legendum
1128 5410 1234 5469 est,
1268 5401 1441 5457 unum
1472 5403 1543 5457 ad
1572 5419 1763 5457 imum.
1799 5404 2081 5459 MAn'riAtv.

598 5474 620 5507 ³
651 5472 949 5528 Palatinus
978 5475 1123 5529 alter
1153 5475 1334 5537 addit,
1368 5479 1417 5529 et
1446 5474 1545 5529 hoc
1566 5477 1863 5545 requiram.

566 5548 620 5593 ιδ
651 5545 713 5599 In
746 5545 948 5599 eodem
983 5562 1091 5599 ms.
1128 5547 1486 5613 illuminavit,
1521 5557 1575 5597 et.
1608 5563 1742 5600 mox
1794 5548 2167 5611 commutavit,

528 5617 704 5675 etiam
731 5615 903 5677 infra.
932 5615 1032 5671 ubi
1063 5616 1225 5671 locus
1245 5616 1353 5670 iste
1383 5618 1683 5688 repetitur.

600 5719 669 5733 —
697 5690 836 5766 Quis
866 5688 945 5746 ita
973 5690 1034 5746 ut
1085 5688 1322 5760 sapiens,
1347 5686 1465 5745 etc.‘
1489 5686 1570 5746 Ex
1610 5687 1721 5745 hoc
1749 5687 1874 5748 loco
1908 5692 1966 5747 et
1989 5688 2171 5748 altero

2277 3264 2506 3333 jurlicat
2532 3264 2693 3319 Pater
2724 3280 3103 3336 quemquam,
3127 3266 3228 3320 sed
3250 3283 3427 3322 omne
3450 3265 3715 3336 judicium
3740 3257 3851 3314 dedit

2288 3352 2428 3408 Filio
2469 3353 2653 3423 (Joan.
2682 3353 2965 3422 v,22).Qui
2998 3370 3093 3409 rex
3126 3353 3310 3410 Filius
3343 3355 3442 3411 Dei
3482 3351 3718 3422 “,Patris
3744 3344 3851 3417 regis

2286 3441 2593 3497 estFilius.
2654 3442 2840 3511 Hujus
2900 3442 3094 3513 itaque
3137 3444 3243 3514 [AL
3278 3445 3506 3516 utique]
3542 3434 3853 3498 custodienda

2287 3535 2572 3603 praecepta
2601 3532 2905 3586 suntdbl
2945 3531 3122 3602 hujus
3169 3532 3445 3589 voluntas
3500 3528 3755 3605 patranda
3811 3522 3855 3574 Et

2287 3619 2396 3675 hoc
2422 3624 2527 3690 est,
2563 3620 2718 3691 quod
2742 3620 2799 3674 in
2824 3619 3017 3675 Tobiae
3049 3620 3197 3677 libro
3228 3621 3509 3677 scribitur
3541 3639 3551 3675 :
3601 3613 3856 3687 Mysterium

2288 3710 2429 3779 regis
2463 3708 2788 3764 abscondere
2847 3709 3047 3763 bonum
3075 3717 3157 3765 est
3208 3710 3360 3780 (Tob.
3418 3711 3593 3778 xn,7).
3654 3706 3716 3761 Et
3758 3714 3858 3773 prae-

2287 3832 2572 3904 superiori
2630 3831 3001 3904 exploratum
3062 3832 3374 3903 habemus,
3418 3832 3687 3904 diversam
3731 3823 3863 3880 illis“

2286 3901 2440 3976 apud
2463 3907 2683 3960 veteres
2700 3901 3156 3976 distinctionem
3187 3901 3577 3976 capitulorum
3606 3901 3749 3976 ahea
3770 3904 3862 3964 qua

2288 3974 2443 4030 nunc
2463 3991 2633 4031 usum
2659 3975 2888 4031 obtinet
2909 3976 2971 4030 in
2994 3976 3178 4032 sacris
3199 3974 3610 4032 voluminibus.
3640 3974 3858 4025 Marum.

2356 4047 2549 4118 5Apud
2580 4051 2802 4103 veteres
2836 4046 3089 4117 Aleuin.,
3125 4047 3439 4103 Venientem
3483 4054 3656 4102 contra
3675 4039 3855 4097 eiuserat

2286 4120 2674 4188 quaestionem;
2706 4134 2855 4173 nunc
2883 4118 3015 4190 quid
3047 4119 3180 4174 bono
3209 4120 3554 4190 homini,etc.
3611 4187 3619 4190 _
3706 4180 3718 4190 ι
3818 4175 3822 4179 ,

2355 4190 2462 4243 sei
2487 4175 2676 4243 nullus
2725 4192 2805 4244 sic
2852 4175 3056 4244 scierit.
3104 4189 3269 4261 Editi
3311 4175 3656 4261 pro'scicrit,
3706 4175 3857 4261 tegunt

2284 4263 2507 4331 fecerit;
2542 4260 2696 4333 quod
2733 4277 2849 4315 non
2872 4260 3143 4333 congruit
3172 4257 3330 4333 loco'
3350 4258 3633 4333 prsesenti,
3677 4257 3734 4307 ut
3765 4261 3857 4320 per:

2287 4332 2558 4403 spicuum
2588 4335 2727 4403 puto
2758 4347 2887 4387 esse
2918 4332 3136 4388 lectori.
3167 4332 3455 4388 Man‘rim.
3665 4395 3676 4403 _
3749 4391 3757 4402 ,

2356 4405 2373 4436 7
2406 4404 2542 4473 Quis
2571 4395 2722 4459 novit
2744 4404 3037 4475 sapientes.
3081 4402 3387 4475 Superflue
3426 4417 3585 4458 voces
3628 4395 3855 4475 plurima}

2287 4455 2511 4557 Qrmcas
2545 4491 2609 4529 ac
2637 4455 2836 4557 versus
2859 4474 3127 4557 iptegros
3165 4455 3327 4557 ΓΙίΧὶξ
3393 4455 3858 4557 interpretum_

2212 4534 2253 4598 D
2287 4527 2434 4600 esse
2457 4527 2753 4600 Erasmus
2772 4527 2830 4600 et
2859 4527 3160 4601 Masurius
3190 4527 3450 4601 inﬁrme"
3477 4527 3854 4600 Commentario,

2286 4633 2535 4687 quorum
2568 4617 3103 4672 additamentorum
3126 4616 3221 4672 hic
3241 4600 3612 4674 admonuisse
3638 4600 3853 4666 sufﬁciat.

2284 4692 2560 4742 Manum.

2352 4761 2371 4793 ⁸
2406 4761 2489 4814 Ita
2523 4758 2809 4835 Victorius
2840 4775 2907 4814 ex
2938 4758 3307 4835 Florentinis,
3365 4752 3675 4835 Brixianish
3696 4747 3854 4802 Itoma-

2283 4829 2821 4903 nisquercodiicibus
2852 4847 3061 4897 verum,
3094 4848 3196 4903 pro
3225 4832 3416 4886 virum
3447 4825 3697 4903 restituit.

2352 4904 2372 4937 9
2401 4896 2622 4974 Vitiosa
2647 4902 2914 4956 Martian.
2950 4896 3216 4958 Dicentur
3241 4918 3393 4974 posse
3420 4916 3476 4956 se
3502 4897 3718 4974 solvere;
3761 4896 3844 4939 0°“

2282 4979 2477 5029 autem
2512 4972 2663 5028 male
2693 4979 2919 5028 veteres
2949 4975 3085 5028 editi
3130 4965 3355 5044 absque
3383 4988 3437 5027 se
3470 4965 3673 5044 vocula.
3777 5018 3835 5044 1:

2354 5047 2395 5081 ¹⁰
2426 5046 2663 5099 Marcion
2719 5049 2769 5098 et
2820 5045 3160 5114 Valentinus,
3212 5036 3319 5100 etc.
3379 5040 3718 5114 Conditorem
3760 5036 3853 5114 ηεξ

2282 5116 2575 5171 versitatis
2605 5115 2823 5171 malum
2858 5094 3232 5188 principium,
3265 5117 3331 5171 Et
3360 5114 3532 5170 Deum
3566 5094 3851 5188 malmﬁfij"

2281 5189 2448 5261 ecbat
2479 5188 2755 5261 Marcion,
2790 5172 2922 5261 enim
2956 5172 3230 5261 seipsnm'
3240 5190 3469 5261 justum
3521 5172 3848 5261 aonsagtftﬂf

2285 5240 3848 5331 beatissimephantasmaseptemsxeaegg

2279 5316 2474 5385 carnis
2546 5330 2603 5402 in
2664 5316 3013 5402 Christoac
3061 5316 3367 5402 corporum
3428 5316 3847 5402 resurrchloﬂff

2280 5379 3475 5475 ξιξέέιδαι’έξουῖέῖςπὶιιέτῑιίῑιῑίέῑῖάδξξέυιίε
3504 5394 3584 5475 ρο
3635 5385 3727 5475 his“
3760 5379 3845 5434 ιτε-

2280 5469 2494 5539 naeum,
2522 5471 2947 5528 'I‘ertullianum
2980 5478 3037 5528 et
3067 5472 3472 5546 Epiphanium.
3501 5469 3744 5545 titanas.

2351 5546 2385 5570 ις
2418 5544 2522 5570 Λ...“
2552 5559 2650 5570 ..ημ
2678 5544 2845 5570 υ;1.’..η
2882 5546 2969 5570 n-.-
3025 5549 3107 5570 Α..
3166 5546 3222 5570 ι..
3261 5548 3418 5570 ...αλιι
3466 5537 3621 5570 nam:
3672 5538 3743 5570 mc
3788 5515 3803 5570 ί

2351 5546 2385 5578 ¹ί
2416 5528 2522 5612 Qui
2552 5559 2650 5597 rex
2673 5544 2845 5599 Filius
2875 5546 2987 5610 Dei,
3022 5528 3131 5599 etc:
3166 5528 3226 5599 l‘n
3260 5548 3424 5600 antea
3466 5532 3634 5612 editis

2278 5589 2474 5687 gimiis
2509 5630 2520 5667 :
2556 5615 2660 5683 Qui
2690 5632 2789 5670 rex
2817 5589 3157 5685 Ιὶιίῑιηςύειιδ,
3180 5617 3366 5671 Patris
3394 5610 3526 5687 regis
3565 5606 3641 5687 σεξ
3681 5589 3843 5687 F

2282 5661 2663 5763 ᾕὶὶῇἷέίὶαξιῖὲ
2690 5661 3202 5749 ᾗῐίῖἑὶιῖςὶοᾶἶᾶἶάἇ
3220 5661 3499 5761 δῖ·έὲερὶῖ
3530 5676 3658 5739 sunt.
3709 5661 3844 5735 W‘“
