4046 6162
507 341 653 403 “3|

1744 346 1808 405 S.
1858 344 2161 407 EUSEBII
2207 338 2670 406 HlERONYMI.

3681 336 3809 401 “32

575 496 604 525 «
638 470 764 529 Non
794 476 885 529 est
912 474 1089 530 homo
1121 477 1468 546 potestatem
1502 475 1805 532 habensin
1836 475 2138 547 spiritum,
2173 478 2226 543 Α
2256 476 2686 532 aestimarentur
2710 476 2769 531 in
2805 480 2972 542 terra,
3005 476 3103 546 qui
3154 478 3211 529 et
3240 490 3367 529 cum
3408 470 3647 540 viverent,
3671 476 3811 543 puta-

502 566 568 617 ut
598 562 903 632 prohibeat
945 562 1240 634 spiritum,
1292 567 1349 617 et
1396 580 1511 618 non
1560 568 1649 619 est
1695 568 1902 635 potens
1950 564 2010 619 in
2052 564 2144 618 die

501 650 727 717 mortis,
761 655 818 704 et
851 668 962 706 non
995 656 1083 705 est
1111 651 1349 706 emissio
1381 653 1437 705 in
1473 652 1646 715 bello,
1678 659 1736 706 et
1757 670 1868 706 non
1896 652 2145 706 salvabit

499 738 771 809 impietas
793 739 1102 794 habentem
1128 756 1208 794 se.
1237 761 1263 787 ››
1288 740 1409 793 Non
1433 744 1521 794 est
1549 740 1607 794 in
1639 746 1920 810 potestate
1947 742 2144 795 anima

502 832 722 892 DOstra,
755 843 825 882 ne
857 828 1154 883 auferatur
1193 845 1227 882 a
1271 828 1460 894 nobis,
1485 832 1541 882 et
1569 828 1903 898 egrediente
1932 830 2005 884 ad
2036 828 2143 883 im-

499 914 727 988 perium
758 916 774 949 ¹
806 914 1037 971 Domini
1065 915 1294 987 spiritu.
1331 914 1474 970 nihil
1507 916 1742 987 prodest
1771 934 1876 972 ora
1907 916 2141 972 conclu-

499 1002 657 1069 dere,
680 1002 927 1057 etvitam
945 1001 1193 1057 retinere
1208 1002 1547 1073 fugientem.
1563 1002 1828 1075 Cumque
1847 1004 2141 1067 interitus,

501 1090 777 1145 inimicus
806 1089 932 1145 vitae
961 1095 1169 1145 nostras
1200 1095 1258 1145 et
1285 1090 1471 1146 hostis
1520 1091 1841 1157 advenerit,
1875 1091 2141 1146 inducias

503 1179 762 1249 accipere
806 1193 923 1232 non
973 1194 1309 1249 possumus.
1363 1178 1478 1232 Nec
1527 1195 1693 1250 reges
1737 1180 2034 1251 quondam
2082 1180 2139 1233 in

500 1265 734 1334 saeculo,
767 1270 823 1321 et
842 1266 1040 1321 omnia
1060 1271 1259 1322 nostra
1280 1265 1577 1336 impietate
1602 1271 1916 1337 vastantes,
1940 1268 2142 1323 obvias

503 1356 675 1411 morti
723 1353 935 1409 inferre
978 1354 1083 1424 [Αἰ.
1138 1354 1304 1423 ferre]
1356 1370 1605 1409 manus:
1658 1356 1758 1410 sed
1794 1356 1851 1409 in
1884 1356 2139 1410 cinerem

500 1450 836 1514 terramque
866 1440 1180 1498 solvemur.
1212 1442 1335 1496 Non
1389 1449 1476 1499 est
1523 1459 1659 1515 ergo
1714 1443 2056 1514 lugendum,
2092 1445 2140 1499 si

501 1534 695 1588 futura
725 1530 873 1586 scire
906 1547 1017 1586 non
1050 1546 1386 1601 possumus,
1420 1536 1476 1587 et
1505 1548 1656 1602 saepe
1688 1531 1759 1586 ab
1794 1532 2014 1603 iniquis
2046 1550 2141 1603 po-

498 1619 1323 1691 tentioribusopprimamur’,
1350 1636 1483 1674 cum
1508 1623 1691 1674 morte
1715 1620 1910 1674 omnia
1935 1620 2140 1675 ﬁnian-

497 1714 613 1776 tur,
645 1712 701 1763 et
727 1708 1015 1778 superbus
1050 1712 1107 1762 et
1137 1712 1359 1777 potens,
1415 1708 1515 1778 qui
1566 1713 1777 1762 cuncta
1824 1707 2138 1780 populatus

496 1801 609 1864 est,
633 1813 748 1851 non
768 1795 1224 1850 valeatanimam
1247 1812 1413 1850 suam
1436 1796 1703 1861 retinere,
1723 1812 1857 1851 cum
1887 1797 2134 1868 rapitur.

493 1886 707 1941 Aliter:
740 1885 1012 1957 Spiritus,
1034 1884 1132 1955 qui
1160 1884 1432 1940 universa
1453 1886 1775 1957 dispensat,
1807 1902 1920 1941 non
1950 1890 2139 1958 potest

495 1976 650 2030 453
690 1990 725 2028 a
783 1989 1079 2045 quoquam
1138 1972 1444 2028 hominum
1508 1973 1819 2045 prohiberi,
1880 1980 1936 2029 et
1979 1974 2139 2047 leges

496 2062 757 2134 accipere
782 2060 1066 2133 spirandi.
1126 2061 1204 2116 De
1259 2078 1377 2131 quo
1434 2067 1491 2115 et
1546 2078 1724 2133 supra
1754 2063 1973 2117 dictum
2008 2069 2134 2118 est:

502 2175 523 2202 ι
557 2152 764 2206 Girans
794 2150 1035 2223 girando
1092 2150 1249 2205 vadit
1304 2150 1629 2221 spiritus.»
1690 2150 1753 2205 1n
1810 2152 1903 2205 die
1936 2151 2141 2206 mortis

498 2257 614 2295 non
645 2254 855 2294 sumus
887 2241 1183 2310 potentes:
1218 2236 1276 2291 in
1307 2238 1400 2292 die
1446 2238 1603 2293 enim
1635 2237 1762 2293 vitae
1797 2237 1961 2294 facile
1993 2239 2139 2294 vita-

497 2333 595 2384 tur
622 2326 921 2382 inimicus.
953 2324 1231 2381 Similiter
1260 2324 1359 2396 qui
1392 2325 1450 2379 in
1481 2325 1632 2380 bello
1663 2330 1770 2392 est,
1806 2332 1862 2381 et
1895 2344 2011 2383 non
2044 2327 2140 2381 ha-

498 2418 597 2472 bet
628 2415 725 2472 Dei
755 2431 976 2488 pacem,
1009 2431 1135 2485 quae
1166 2420 1402 2485 superat
1453 2430 1686 2470 omnem
1728 2432 1990 2483 sensum,
2024 2432 2138 2469 non

498 2504 735 2562 habebit
764 2503 1162 2569 emissionem,
1195 2503 1266 2558 de
1312 2519 1431 2574 qua
1460 2504 1531 2557 ad
1576 2520 1852 2575 sponsam
1884 2504 2135 2559 dicitur:

498 2595 828 2649 Emissiones
908 2599 1015 2648 tuae
1081 2591 1376 2663 paradisus
1431 2608 1555 2646 cum
1606 2595 1788 2662 [ructu
1849 2609 2136 2663 pomorum

499 2681 681 2751 (Cant.
720 2680 819 2752 ιν).
855 2680 924 2735 Et
952 2680 1093 2751 quia
1120 2679 1391 2751 impietas
1422 2697 1536 2736 non
1568 2680 2141 2736 salvabithabentem

499 2770 787 2842 se,pietas
814 2785 845 2824 e
872 2768 1105 2841 regione
1146 2768 1418 2824 salvabit.
1474 2769 1668 2824 Potest
1715 2770 1986 2841 impietas
2016 2769 2141 2823 dia-

499 2858 671 2916 bolus
723 2857 1026 2932 appellari,
1074 2861 1131 2913 et
1176 2857 1363 2930 pietas
1408 2856 1691 2913 Dominus
1738 2863 1936 2913 noster
1969 2858 2141 2913 Jesus

500 2949 789 3007 Christus.

584 3062 604 3087 α
640 3037 851 3093 Omnia
881 3036 1003 3092 hmo
1032 3035 1170 3100 vidi,
1203 3038 1260 3089 et
1288 3034 1422 3090 dedi
1474 3051 1573 3090 cor
1624 3051 1819 3090 meum
1868 3036 1928 3089 in
1975 3051 2147 3090 omne

508 3144 677 3199 opus,
710 3126 867 3197 quod
900 3127 1118 3180 factum
1149 3127 1239 3179 est
1275 3124 1385 3178 sub
1415 3121 1555 3189 sole,
1589 3128 1647 3178 et
1694 3123 2029 3178 dominatus
2060 3128 2150 3177 est

2254 567 2468 620 bantur
2499 566 2657 635 digni
2717 565 2969 621 Ecclesia
3004 566 3025 598 ⁵
3080 552 3137 617 nt
3195 561 3406 633 templo
3459 559 3567 628 Dei,
3623 561 3817 633 insuper

2252 652 2624 708 ambulantes
2677 654 2909 715 tumidi,
2969 652 3363 706 laudabuntur
3416 649 3469 703 in
3523 647 3674 703 malis
3700 650 3815 717 suis,

2252 742 2405 795 sicut
2459 742 2739 812 scriptum
2800 743 2981 795 est“:
3049 740 3325 794 Laudatur
3378 739 3516 792 enim
3541 745 3754 807 peccator
3776 739 3820 791 in

2251 829 2536 884 desideriis
2567 832 2772 885 anima?
2798 847 2928 893 sum,
2961 833 3013 883 et
3043 830 3140 899 qui
3178 829 3371 897 iniqua
3422 828 3566 897 gerit,
3605 825 3819 880 benedici-

2253 923 2345 973 tur
2399 920 2567 989 (Psat.
2593 937 2667 986 ιχ,
2692 920 2803 986 24).
2832 919 2947 972 Hoc
2971 922 3162 971 autem
3188 921 3485 987 propterea
3512 912 3699 973 evenit.
3721 913 3823 984 quia

2254 1024 2423 1062 nemo
2454 1007 2829 1078 peccantibus
2859 1007 3034 1061 audet
3064 1004 3453 1060 contradicere
3478 1004 3517 1067 7,
3548 1019 3642 1057 nec
3669 1001 3823 1057 statim

2251 1095 2442 1150 scelus
2476 1094 2775 1149 ulciscitur
2803 1096 2975 1161 Deus,
3008 1094 3106 1147 sed
3141 1093 3334 1147 differt
3356 1107 3595 1164 poenam,
3623 1090 3743 1145 dum
3760 1106 3829 1146 ex-

2252 1190 2469 1254 spectat
2503 1184 2923 1255 pmnitentiam.
2960 1184 3295 1237 Peccatores
3344 1186 3554 1245 autem,
3583 1179 3711 1234 aauia
3733 1195 3821 1233 non

2252 1273 2449 1326 statim
2481 1272 2672 1343 arguti
2704 1276 2880 1343 atque
2911 1271 3159 1341 correpti
3191 1275 3348 1335 sunt,
3386 1271 3640 1341 putantes
3661 1282 3829 1338 nequa-

2252 1378 2425 1433 quam
2459 1362 2718 1415 futurum
2750 1377 2879 1415 esse
2901 1360 3217 1431 judicium,
3268 1359 3327 1412 in
3380 1356 3587 1412 scelere
3616 1370 3829 1427 perseve-

2254 1455 2400 1503 rant.
2437 1449 2754 1504 Possumus
2794 1448 2903 1503 hoc
2950 1446 3285 1502 testimonio
3333 1446 3418 1499 uti
3470 1445 3720 1500 adversus
3745 1443 3831 1514 epi-

2250 1555 2479 1609 scopos,
2515 1538 2614 1609 qui
2647 1542 2995 1607 acceperunt
3027 1537 3080 1589 in
3132 1534 3396 1589 Ecclesia
3448 1533 3836 1606 potestatem,et

2251 1625 2649 1680 scandalizent
2683 1627 2869 1696 magis
2899 1642 3021 1690 eos,
3057 1641 3204 1695 quos
3239 1625 3444 1678 docere
3475 1626 3529 1677 et
3556 1622 3621 1676 ad
3650 1619 3835 1675 meliora

2250 1716 2571 1769 debuerant
2596 1714 2853 1769 incitare.
2880 1714 2943 1767 Hi
2974 1714 3304 1783 frequenter
3327 1712 3479 1767 454
3502 1713 3625 1781 post
3644 1710 3833 1763 mortem

2250 1803 2563 1857 laudantur
2622 1803 2679 1856 in
2742 1802 3012 1866 Ecclesia,
3072 1806 3128 1856 et
3158 1800 3307 1855 beati
3370 1800 3428 1854 in
3478 1798 3727 1869 his,quze
3752 1810 3833 1850 non

2253 1890 2632 1962 probabiliter
2663 1891 2936 1957 fecerant,
2975 1889 3203 1961 publice
3233 1890 3356 1943 sive
3382 1905 3415 1941 a
3436 1884 3832 1946 successoribus,

2249 1982 2371 2037 sive
2397 1996 2431 2033 a
2460 1978 2691 2050 pupulis
2723 1979 3142 2050 praedicantur.
3184 1979 3251 2032 Et
3302 1978 3410 2032 hoc
3458 1976 3648 2046 itaque
3672 1987 3833 2027 vanum

2249 2073 2375 2134 est;
2411 2068 2551 2138 quia
2580 2068 2734 2121 enim
2767 2085 2881 2123 non
2927 2074 2989 2121 ut
3039 2072 3305 2136 egerunt,
3359 2067 3444 2120 sic
3496 2062 3739 2127 audiunt,
3762 2074 3835 2113 nec

2250 2156 2447 2212 slatim
2490 2155 2887 2227 corripiuntur
2918 2157 2973 2209 in
3026 2161 3257 2226 peccato
3312 2170 3421 2209 suo
3466 2154 3651 2222 (nemo
3673 2148 3835 2221 quippe

2250 2246 2426 2300 audet
2455 2261 2730 2300 accusare
2753 2245 3077 2314 majorem),
3104 2247 3411 2314 propterea
3447 2240 3609 2313 quasi
3634 2236 3837 2294 sanctiet

2252 2333 2427 2401 beati,
2458 2338 2513 2387 et
2543 2333 2601 2387 in
2636 2335 2941 2404 prmccptis
2975 2331 3200 2387 Domini
3256 2329 3647 2393 ambulantes,
3675 2326 3839 2396 augent

2252 2426 2484 2492 peccata
2514 2420 2785 2491 peccatis.
2834 2419 3100 2473 Difﬁcilis
3131 2424 3219 2473 est
3265 2415 3561 2472 accusatio
3590 2415 3645 2469 in
3671 2412 3837 2484 episco-

2253 2526 2412 2581 pum.
2449 2510 2504 2563 Si
2533 2510 2638 2575 [A.'.
2675 2509 2740 2562 Et
2769 2508 2841 2578 si]
2875 2507 3031 2562 enim
3079 2507 3425 2579 peccaverit,
3481 2522 3593 2560 non
3622 2500 3841 2561 creditur,

2251 2604 2307 2653 et
2339 2598 2385 2652 si
2420 2597 2718 2652 convictus
2748 2596 2944 2660 fuerit,
2992 2612 3105 2651 non
3140 2595 3407 2667 punitur.

2324 2709 2351 2735 ‹‹
2388 2685 2532 2750 Quia
2564 2687 2831 2756 peccator
2862 2684 2997 2739 facit
3027 2683 3249 2738 malum
3302 2682 3548 2749 centies,
3592 2683 3645 2735 et
3667 2674 3844 2745 elongat

2253 2774 2303 2828 ei
2324 2776 2365 2829 ⁸.
2401 2775 2479 2829 Ex
2511 2774 2619 2828 hoc
2661 2789 2946 2845 cognosco
3008 2789 3137 2843 ego,
3200 2773 3356 2843 quod
3420 2770 3530 2824 erit
3573 2769 3764 2823 bonum
3788 2760 3842 2815 ti-

2256 2862 2554 2917 mentibus
2586 2862 2790 2924 Deum,
2836 2861 2935 2932 qui
2984 2862 3275 2915 timebunt
3304 2877 3341 2914 a
3392 2858 3537 2913 facie
3584 2856 3715 2926 ejus.
3746 2874 3763 2899 ι
3788 2848 3844 2903 EX

2256 2967 2321 3005 co
2353 2950 2505 3020 quod
2540 2950 2799 3021 peccanti
2833 2949 3174 3021 plurimum,
3209 2948 3318 3002 hoc
3371 2947 3587 3018 quippe
3615 2938 3845 3013 signiﬁcat

2255 3040 2475 3102 centies,
2507 3038 2606 3093 dat
2631 3039 2785 3093 Deus
2833 3037 3025 3093 locum
3087 3036 3462 3108 pmnitcntiie,
3525 3037 3580 3089 et
3618 3047 3719 3087 non
3747 3039 3844 3081 eum

2259 3127 2455 3183 statim
2490 3127 2657 3199 punit
2701 3127 2759 3181 in
2811 3127 3044 3194 scelere,
3096 3126 3195 3181 sed
3244 3126 3548 3197 exs[icctat
3576 3125 3638 3176 ut
3663 3130 3846 3173 conver-

509 3198 685 3272 homo
705 3213 951 3280 homini,
975 3216 1040 3266 ut
1061 3211 1342 3282 afﬂigeret
1360 3228 1515 3265 eum.
1543 3210 1608 3264 Et
1636 3216 1776 3265 tunc
1795 3211 1911 3264 vidi
1935 3211 2149 3284 impios
2179 3198 2222 3264 C
2261 3220 2419 3271 tutur
2448 3198 2519 3270 ab
2560 3216 2868 3287 iniquitate
2915 3232 3058 3271 sua:
3109 3230 3213 3286 ego
3258 3212 3549 3285 intelligo,
3598 3221 3753 3280 quam
3776 3203 3846 3256 be-

513 3302 777 3374 sepultos
829 3305 887 3355 et
941 3304 1247 3364 venerunt,
1303 3303 1360 3353 et
1391 3299 1461 3353 de
1517 3298 1639 3354 loco
1698 3304 1899 3354 sancto
1931 3303 2147 3371 egressi

513 3395 675 3457 sunt,
706 3394 763 3445 et
793 3386 1011 3443 laudati
1042 3391 1182 3441 sunt
1209 3387 1269 3440 in
1315 3387 1562 3452 civitate,
1607 3388 1703 3458 qui
1736 3388 1818 3441 sic
1852 3389 2147 3447 fecerunt;

516 3482 616 3538 sed
644 3484 702 3537 et
752 3478 862 3534 hoc
920 3475 1145 3532 vanitas
1174 3476 1215 3531 ³.
1274 3475 1421 3539 Quia
1478 3475 1632 3531 enim
1668 3494 1779 3531 non
1813 3483 1899 3533 est
1930 3484 2151 3534 contru-

517 3574 693 3631 dictio
725 3566 1073 3625 facientibus
1104 3564 1321 3621 malum
1354 3563 1465 3620 cito
1497 3566 1552 3619 ‘:
1588 3566 1714 3620 ideo
1747 3566 2029 3639 repletum
2061 3576 2151 3626 est

511 3681 610 3721 cor
639 3660 895 3716 filiorum
925 3654 1182 3711 hominis
1212 3654 1272 3709 in
1321 3653 1425 3722 eis,
1472 3659 1535 3708 ut
1584 3654 1797 3710 faciant
1843 3656 2083 3712 malum.
2121 3683 2147 3708 ››

507 3751 675 3821 Dedi,
706 3747 917 3820 inquit,
960 3761 1058 3801 cor
1088 3759 1306 3810 meum,
1353 3749 1417 3796 ut
1464 3759 1636 3798 omne
1682 3746 1835 3815 quod
1885 3747 1995 3801 sub
2027 3747 2147 3803 sole

506 3841 748 3915 geritur,
781 3838 1057 3902 intuerer,
1108 3837 1164 3887 et
1211 3832 1319 3887 hoc
1349 3830 1434 3886 vel
1482 3832 1750 3900 maxime,
1786 3836 1938 3905 quod
1972 3834 2146 3891 homo

511 3927 735 4000 accepit
762 3926 821 3981 in
881 3921 1180 3979 hominem
1239 3924 1613 3993 potestatem,
1675 3927 1737 3976 ut
1775 3939 2155 3995 quoscunque

506 4017 636 4075 vult
665 4015 887 4086 affligat
916 4017 1090 4084 atque
1121 4012 1488 4066 condimnet.
1513 4015 1652 4065 Cum
1678 4011 1873 4082 itaque
1896 4016 2150 4068 mentem

508 4122 704 4164 meam
738 4104 809 4159 ad
842 4101 961 4157 haec
985 4099 1265 4157 intuenda
1291 4099 1623 4171 dirigcrcm,
1644 4100 1761 4155 vidi
1785 4100 1995 4172 impios
2019 4118 2151 4156 cum

499 4196 606 4253 tali
639 4193 912 4268 opinione
965 4195 1250 4256 mortuos,
1309 4192 1366 4243 et
1417 4188 1500 4243 sic
1551 4188 1830 4260 sepultos,
1872 4194 1933 4244 ut
1962 4192 2149 4246 sancti

567 4444 636 4455 -—-
670 4411 860 4467 Probe
906 4411 1173 4464 notatum
1207 4410 1296 4461 est
1325 4403 1682 4473 Martianteo,
1713 4407 1769 4460 in
1808 4407 2039 4463 Hebraeo
2071 4408 2146 4468 ha

494 4486 618 4544 beri
645 4493 833 4543 Ππτ-ιηῃ
861 4481 1002 4553 quod
1028 4485 1280 4553 [uiarum
1300 4481 1395 4542 est,
1426 4493 1527 4553 pro
1549 4494 1663 4547 quo
1688 4478 1919 4534 Hieron.
1942 4481 2146 4553 legerit;

494 4558 556 4612 in
588 4571 696 4611 suo
734 4548 1046 4622 exemplari
1100 4558 1284 4622 mnis,
1318 4548 1455 4622 quod
1492 4550 1697 4622 factum
1730 4559 1825 4603 est.

577 4638 591 4667 ς
615 4631 691 4681 Et
714 4620 1019 4694 egrediente
1076 4620 1145 4673 ad
1181 4620 1495 4694 imperium
1566 4621 1737 4694 {usta
1792 4623 1977 4694 editos
2009 4632 2141 4682 ante

496 4714 604 4755 nos
644 4691 827 4751 libros
867 4692 960 4747 hic
992 4691 1302 4762 legendum
1355 4692 1519 4753 foret,
1555 4692 1632 4762 Et
1679 4693 2040 4760 egredientem
2070 4699 2141 4753 ad

492 4770 791 4842 imperium
820 4764 1044 4820 Domini
1067 4761 1329 4833 spiritum
1378 4761 1683 4831 prohibere.
1718 4764 1872 4820 Nihil
1896 4768 2137 4836 prodest,

493 4839 604 4898 etc.
638 4839 926 4894 Manum.

562 4914 584 4948 ³
614 4910 891 4966 Mendose
921 4910 1093 4962 antea
1131 4907 1255 4959 erat
1283 4904 1644 4974 opprimatur.

559 4985 581 5017 ³
609 4981 783 5037 Addit
812 4977 989 5036 Vatic.
1015 4978 1081 5050 Et
1113 4976 1477 5046 praesumptio
1517 4978 1769 5050 spiritus,
1808 4994 2132 5050 perperam.

558 5056 580 5090 ἰ
606 5052 955 5108 Adverbium
987 5044 1126 5113 cito,
1145 5050 1202 5101 et
1224 5061 1355 5100 mox
1378 5044 1612 5102 voculas
1634 5050 1691 5102 in
1718 5044 1822 5114 eis,
1848 5044 1960 5104 duo
1990 5067 2130 5105 mss.

558 5125 821 5179 Vatican.
856 5127 912 5176 et
945 5117 1187 5174 Palatin.
1236 5116 1526 5185 ignorant.

557 5197 578 5231 ⁸
610 5196 733 5249 Duo
766 5191 1033 5257 Palatini,
1075 5205 1208 5244 cum
1239 5189 1412 5243 editis
1459 5192 1592 5243 ante
1642 5190 1905 5245 Martian.
1941 5190 2132 5246 libris.
2206 5219 2220 5233 ς

486 5266 629 5339 quin
662 5266 787 5335 ipse
817 5263 991 5339 etiam
1027 5260 1332 5339 Alcui_uu_s,
1359 5262 1461 5339 qui
1487 5264 1538 5315 et
1563 5276 1706 5339 _cu_m
1734 5264 1998 5339 viverent,
2026 5280 2133 5339 pu-

481 5330 745 5391 tabantur
797 5334 957 5401 digni
1009 5348 1117 5387 esse
1164 5330 1417 5387 Ecclesia:
1479 5333 1775 5403 principes,
1849 5336 1900 5386 et
1932 5330 2133 5403 templo

485 5409 601 5464 Dei.

554 5480 576 5513 ⁸
608 5475 796 5530 Verba
826 5476 979 5529 Sicut
1024 5474 1286 5542 scriptum
1336 5477 1432 5539 est,
1492 5474 1550 5527 in
1578 5473 1761 5527 Vatic.
1796 5479 1851 5527 et
1884 5472 2128 5529 Palatio.

483 5549 668 5609 altero
697 5546 824 5601 cod.
859 5561 975 5601 non
1008 5543 1318 5597 habentur.

556 5624 575 5656 ’τ
614 5618 757 5673 Cum
795 5615 1037 5670 Alauiuo
1069 5612 1271 5679 legunt
1302 5613 1524 5670 Erasm.
1572 5620 1628 5669 et
1676 5614 1988 5677 Victorius.
2021 5618 2130 5672 Ne-

477 5712 571 5755 mo
598 5690 949 5769 pecoantibus
985 5686 1246 5761 episcopis
1275 5685 1437 5740 undet
1469 5687 1861 5745 contradicere.

2260 3306 2474 3376 nignus
2505 3311 2561 3360 et
2590 3305 2924 3359 misericors
2981 3321 3156 3375 super
3214 3319 3316 3357 eos
3348 3303 3585 3357 futurus
3623 3296 3693 3353 sit
3719 3299 3846 3351 Dens,

2219 3419 2221 3422 ⁴
2261 3394 2357 3465 qui
2392 3394 2603 3448 habent
2637 3394 2902 3448 timorem
2936 3394 3083 3463 ejus,
3116 3395 3173 3445 et
3202 3391 3272 3445 ad
3308 3390 3556 3444 verbum
3587 3383 3731 3440 illius
3755 3392 3849 3434 con-

2260 3485 2623 3537 tremiscunt.
2659 3482 3047 3549 Symmachus
3067 3480 3222 3534 huuc
3248 3478 3446 3532 locum
3471 3477 3548 3531 ita
3573 3466 3847 3530 transtulit:

2266 3593 2290 3624 α
2324 3572 2572 3627 Peccans
2602 3570 2757 3624 enim
2791 3569 2981 3623 malus
3015 3575 3279 3623 mortuus
3313 3570 3425 3632 est,
3464 3556 3848 3649 longanimitate

2260 3679 2537 3718 concessa
2566 3661 2616 3716 ei
2645 3661 2683 3713 θ.
2736 3660 2909 3714 Porro
2960 3675 3065 3729 ego
3118 3658 3257 3723 scio,
3305 3656 3451 3727 quia
3508 3653 3614 3709 erit
3656 3651 3775 3704 bene
3797 3646 3849 3696 ti-

2261 3752 2554 3807 mentibus
2593 3752 2790 3813 tcum,
2825 3747 2923 3818 qui
2974 3747 3299 3801 timuerunt
3340 3763 3374 3798 a
3428 3742 3571 3798 facie
3616 3732 3848 3818 ejus.

2259 3857 2398 3895 num
2431 3856 2563 3893 vero
2605 3854 2716 3891 non
2749 3836 2858 3891 erit
2888 3836 3111 3905 iniquo,
3146 3848 3338 3903 neque
3392 3831 3566 3902 longo
3595 3817 3848 3914 supererit-

2257 3934 2535 3999 tempore,
2570 3926 2708 3998 quia
2762 3943 2875 3979 non
2928 3921 3125 3977 timuit
3181 3937 3213 3975 a
3271 3919 3420 3975 facie
3465 3917 3578 3973 Dei.
3610 3938 3635 3964 ››
3668 3912 3849 3999 Εῑςιυὶι

2260 3997 2635 4071 manifestum
2654 4018 2741 4069 est
2758 4011 2894 4084 quid
2920 4012 3028 4066 iste
3047 4008 3439 4073 transtulerit,
3465 4006 3574 4062 hoc
3592 3997 3848 4084 dicenduﬂl

2255 4110 2343 4159 est
2374 4105 2522 4175 quod
2578 4078 2820 4157 verbum
2879 4099 3219 4154 Hebraicum
3272 4097 3477 4152 Manu
3529 4078 3849 4175 (nRDJQUftd

2254 4171 2633 4264 Septuaginta
2660 4205 2730 4244 ea:
2758 4198 2901 4255 tunc,
2961 4186 3415 4253 transtulerunt,
3469 4187 3525 4240 et
3564 4196 3664 4237 nos
3691 4171 3849 4233 centies

2324 4438 2393 4446 -—
2424 4407 2560 4473 Quia
2618 4420 2775 4459 nemo
2830 4401 3198 4474 peccantibus
3239 4400 3424 4474 audet.
3452 4382 3850 4474 “Perpera‘mln

2254 4465 2461 4533 iisdeni
2492 4478 2664 4531 editis
2696 4465 2914 4529 Eras'm.
2947 4480 3004 4529 et
3060 4472 3302 4527 Mariae.
3356 4465 3625 4526 additum
3672 4465 3848 4533 estno-

2184 4562 2229 4625 D
2265 4531 2393 4625 men
2424 4549 2700 4625 episc'Opis,
2733 4545 2940 4625 id__est,
2972 4539 3658 4625 qu‘ia‘n‘enwpeccantibus

2258 4623 2342 4691 pis
2375 4612 2546 4691 audet
2572 4612 2993 4691 contradicere:
3018 4615 3125 4691 Sed
3162 4615 3267 4691 hoc
3300 4612 3429 4667 loco
3464 4625 3665 4666 nomen
3686 4612 3847 4691 epist?-

2246 4682 2445 4762 porum
2476 4690 2621 4743 falso
2652 4689 3025 4751 addiderunt,
3058 4686 3210 4741 sicut
3241 4702 3422 4755 supra
3456 4694 3657 4737 nomen
3680 4682 3847 4746 prma-

2245 4778 2375 4833 pum
2404 4762 2672 4833 Ecclesiw.

2317 4834 2336 4867 ⁸
2369 4832 2509 4885 Tres
2571 4848 2737 4893 mss.,
2804 4832 2856 4883 et
2904 4829 3121 4895 elongat
3177 4827 3229 4880 ei
3278 4826 3441 4881 Deus.
3496 4824 3576 4876 Ea:
3626 4815 3843 4879 haegem-

2248 4904 2526 4958 MARTIAV.

2318 4976 2338 5009 ⁹
2366 4974 2733 5043 ιοηρίευὶιαιθ
2762 4986 3011 5025 concessa
3043 4970 3114 5043 ei.
3161 4967 3220 5043 lu
3270 4967 3497 5043 aliquot
3528 4964 3843 5043 mss.”ex‘etmn:

2247 5029 2507 5115 pluribus
2540 5059 2641 5113 pro
2682 5042 3021 5115 longazmtate
3072 5038 3318 5107 legimus
3359 5029 3843 5115 _lo_12_gani'mitatem.'

2245 5108 2300 5170 et
2330 5117 2386 5170 in
2420 5108 2614 5181 editis,
2646 5108 2808 5181 longa
2838 5114 3000 5184 aetate
3029 5126 3273 5184 concessa
3312 5108 3387 5161 ei.
3424 5108 3696 5184 Mnit'l‘laﬂ:

2318 5169 2383 5227 έέ
2414 5186 2576 5240 Falso
2601 5169 2820 5238 veteres
2853 5182 3014 5246 editi,
3049 5182 3209 5249 longa
3238 5186 3428 5239 atate,
3462 5183 3518 5232 et
3547 5171 3641 5249 qui
3675 5169 3842 5249 ὶθηθιῑζ·

2246 5261 2409 5313 vilate
2439 5255 2741 5311 substituit
2772 5244 3161 5308 Mai-tiaumus'.
3200 5251 3588 5304 timendamus
3625 5244 3839 5313 ιοηῃαιζετ

2242 5298 2431 5383 γηίῇιιε
2461 5345 2527 5382 ex
2558 5330 2807 5396 quatuor
2842 5341 2982 5377 mss.
3005 5321 3253 5396 nostris,
3289 5321 3503 5390 quibus
3533 5319 3586 5396 et
3613 5298 3837 5396 nonus-ll!

2243 5380 2600 5467 aliiﬂipeues
2676 5396 2945 5467 eumdem
3003 5380 3408 5467 Martianmum
3462 5380 3832 5467 suﬂ'ragaljigf-

2243 5455 2459 5541 Nempe
2496 5465 2867 5541 εηκρρθημίαε
2901 5466 3074 5541 "ﬁlii
3104 5461 3528 5541 .S.?'.m‘?1.€*9h“3v
3576 5455 3834 5541 "€35.35

2241 5519 2615 5595 iééé'é'chbiio'
2636 5538 2691 5593 in
2713 5519 2909 5593 Graeca
2936 5519 3204 5591 Flaminii
3232 5532 3483 5591 editione
3504 5519 3833 5598 manifesto!!!

2240 5591 2609 5679 ééi';'3sdhé
2638 5591 2997 5665 vox—unice
3075 5604 3546 5676 longanimitatem
3588 5591 3739 5652 sonat
3784 5591 3830 5643 in

2243 5684 2469 5741 Laﬁno.
