  <div class='ocr_page' id='page_1' title='image "/cluster/home/n/w/nwhite01/storage/ocr_20150623/23/hvd.32044052772480/574.png"; bbox 0 0 4084 6170; ppageno 0'>
   <div class='ocr_carea' id='block_1_1' title="bbox 313 349 465 410">
    <p class='ocr_par' dir='ltr' id='par_1_1' title="bbox 313 349 465 410">
     <span class='ocr_line' id='line_1_1' title="bbox 313 349 465 410; baseline 0 -2"><span class='ocrx_word' id='word_1_1' title='bbox 313 349 465 410; x_wconf 75' lang='lat'>“33</span> 
     </span>
    </p>
   </div>
   <div class='ocr_carea' id='block_1_2' title="bbox 1329 346 2731 413">
    <p class='ocr_par' dir='ltr' id='par_1_2' title="bbox 1329 346 2731 413">
     <span class='ocr_line' id='line_1_2' title="bbox 1329 346 2731 413; baseline -0.001 -2"><span class='ocrx_word' id='word_1_2' title='bbox 1329 346 1960 412; x_wconf 81' lang='lat' dir='ltr'>COMMENTARIUS</span> <span class='ocrx_word' id='word_1_3' title='bbox 2003 350 2082 411; x_wconf 82' lang='lat' dir='ltr'>IN</span> <span class='ocrx_word' id='word_1_4' title='bbox 2127 348 2731 413; x_wconf 85' lang='lat' dir='ltr'>ECCLESIASTEN.</span> 
     </span>
    </p>
   </div>
   <div class='ocr_carea' id='block_1_3' title="bbox 3538 345 3705 411">
    <p class='ocr_par' dir='ltr' id='par_1_3' title="bbox 3538 345 3705 411">
     <span class='ocr_line' id='line_1_3' title="bbox 3538 345 3705 411; baseline -0.006 0"><span class='ocrx_word' id='word_1_5' title='bbox 3538 345 3705 411; x_wconf 66' lang='lat' dir='ltr'>H34</span> 
     </span>
    </p>
   </div>
   <div class='ocr_carea' id='block_1_4' title="bbox 308 479 3710 556">
    <p class='ocr_par' dir='ltr' id='par_1_4' title="bbox 308 479 3710 556">
     <span class='ocr_line' id='line_1_4' title="bbox 308 479 3710 556; baseline 0 -20"><span class='ocrx_word' id='word_1_6' title='bbox 308 480 641 552; x_wconf 80' lang='lat' dir='ltr'>posuimus,</span> <span class='ocrx_word' id='word_1_7' title='bbox 677 479 887 551; x_wconf 82' lang='lat' dir='ltr'>Aquila</span> <span class='ocrx_word' id='word_1_8' title='bbox 941 486 999 536; x_wconf 91' lang='lat' dir='ltr'>et</span> <span class='ocrx_word' id='word_1_9' title='bbox 1053 481 1441 553; x_wconf 80' lang='lat' dir='ltr'>Symmachus</span> <span class='ocrx_word' id='word_1_10' title='bbox 1497 485 1554 537; x_wconf 90' lang='lat' dir='ltr'>et</span> <span class='ocrx_word' id='word_1_11' title='bbox 1610 481 1949 549; x_wconf 89' lang='lat' dir='ltr'>Theodotio,</span> <span class='ocrx_word' id='word_1_12' title='bbox 1982 483 2037 549; x_wconf 81' lang='grc' dir='ltr'><strong>Α</strong></span> <span class='ocrx_word' id='word_1_13' title='bbox 2059 481 2213 550; x_wconf 83' lang='lat' dir='ltr'>justi</span> <span class='ocrx_word' id='word_1_14' title='bbox 2236 483 2306 537; x_wconf 92' lang='lat' dir='ltr'>ad</span> <span class='ocrx_word' id='word_1_15' title='bbox 2342 499 2490 553; x_wconf 91' lang='lat' dir='ltr'>quos</span> <span class='ocrx_word' id='word_1_16' title='bbox 2522 485 2867 555; x_wconf 88' lang='lat' dir='ltr'>perveniunt</span> <span class='ocrx_word' id='word_1_17' title='bbox 2898 484 3067 556; x_wconf 89' lang='lat' dir='ltr'>quasi</span> <span class='ocrx_word' id='word_1_18' title='bbox 3096 485 3251 540; x_wconf 87' lang='lat' dir='ltr'>facta</span> <span class='ocrx_word' id='word_1_19' title='bbox 3280 483 3620 554; x_wconf 88' lang='lat' dir='ltr'>impiorum,</span> <span class='ocrx_word' id='word_1_20' title='bbox 3650 483 3710 537; x_wconf 81' lang='lat' dir='ltr'>et</span> 
     </span>
    </p>
   </div>
   <div class='ocr_carea' id='block_1_5' title="bbox 304 569 1951 642">
    <p class='ocr_par' dir='ltr' id='par_1_5' title="bbox 304 569 1951 642">
     <span class='ocr_line' id='line_1_5' title="bbox 304 569 1951 642; baseline -0.001 -19"><span class='ocrx_word' id='word_1_21' title='bbox 304 572 556 624; x_wconf 82' lang='lat' dir='ltr'>mortuus</span> <span class='ocrx_word' id='word_1_22' title='bbox 586 573 684 636; x_wconf 82' lang='lat' dir='ltr'>est,</span> <span class='ocrx_word' id='word_1_23' title='bbox 715 569 1080 642; x_wconf 76' lang='lat' dir='ltr'>interpretati</span> <span class='ocrx_word' id='word_1_24' title='bbox 1116 573 1276 635; x_wconf 91' lang='lat' dir='ltr'>sunt,</span> <span class='ocrx_word' id='word_1_25' title='bbox 1311 573 1374 623; x_wconf 92' lang='lat' dir='ltr'>ut</span> <span class='ocrx_word' id='word_1_26' title='bbox 1432 569 1508 624; x_wconf 90' lang='lat' dir='ltr'>sit</span> <span class='ocrx_word' id='word_1_27' title='bbox 1540 572 1553 604; x_wconf 82' lang='lat'>&#39;</span> <span class='ocrx_word' id='word_1_28' title='bbox 1585 587 1817 636; x_wconf 89' lang='lat' dir='ltr'>sensus,</span> <span class='ocrx_word' id='word_1_29' title='bbox 1852 570 1951 641; x_wconf 87' lang='lat' dir='ltr'>qui</span> 
     </span>
    </p>
   </div>
   <div class='ocr_carea' id='block_1_6' title="bbox 305 657 1951 727">
    <p class='ocr_par' dir='ltr' id='par_1_6' title="bbox 305 657 1951 727">
     <span class='ocr_line' id='line_1_6' title="bbox 305 657 1951 727; baseline 0 -15"><span class='ocrx_word' id='word_1_30' title='bbox 305 657 592 727; x_wconf 87' lang='lat' dir='ltr'>peccavit,</span> <span class='ocrx_word' id='word_1_31' title='bbox 623 661 681 712; x_wconf 90' lang='lat' dir='ltr'>et</span> <span class='ocrx_word' id='word_1_32' title='bbox 700 657 834 713; x_wconf 81' lang='lat' dir='ltr'>fecit</span> <span class='ocrx_word' id='word_1_33' title='bbox 864 658 1107 723; x_wconf 84' lang='lat' dir='ltr'>malum,</span> <span class='ocrx_word' id='word_1_34' title='bbox 1129 662 1378 713; x_wconf 84' lang='lat' dir='ltr'>mortuus</span> <span class='ocrx_word' id='word_1_35' title='bbox 1406 667 1488 713; x_wconf 85' lang='lat' dir='ltr'>est</span> <span class='ocrx_word' id='word_1_36' title='bbox 1514 676 1526 713; x_wconf 93' lang='lat'>:</span> <span class='ocrx_word' id='word_1_37' title='bbox 1560 659 1620 713; x_wconf 92' lang='lat' dir='ltr'>in</span> <span class='ocrx_word' id='word_1_38' title='bbox 1677 675 1743 714; x_wconf 92' lang='lat' dir='ltr'>eo</span> <span class='ocrx_word' id='word_1_39' title='bbox 1794 658 1951 714; x_wconf 85' lang='lat' dir='ltr'>enim</span> 
     </span>
    </p>
   </div>
   <div class='ocr_carea' id='block_1_7' title="bbox 306 745 1955 817">
    <p class='ocr_par' dir='ltr' id='par_1_7' title="bbox 306 745 1955 817">
     <span class='ocr_line' id='line_1_7' title="bbox 306 745 1955 817; baseline -0.001 -17"><span class='ocrx_word' id='word_1_40' title='bbox 306 745 464 817; x_wconf 91' lang='lat' dir='ltr'>quod</span> <span class='ocrx_word' id='word_1_41' title='bbox 488 746 763 816; x_wconf 83' lang='lat' dir='ltr'>peccavit,</span> <span class='ocrx_word' id='word_1_42' title='bbox 797 745 995 800; x_wconf 85' lang='lat' dir='ltr'>statim</span> <span class='ocrx_word' id='word_1_43' title='bbox 1024 752 1291 801; x_wconf 89' lang='lat' dir='ltr'>mortuus</span> <span class='ocrx_word' id='word_1_44' title='bbox 1312 750 1419 801; x_wconf 90' lang='lat' dir='ltr'>est.</span> <span class='ocrx_word' id='word_1_45' title='bbox 1450 746 1506 801; x_wconf 88' lang='lat' dir='ltr'>Si</span> <span class='ocrx_word' id='word_1_46' title='bbox 1540 752 1736 801; x_wconf 87' lang='lat' dir='ltr'>autem</span> <span class='ocrx_word' id='word_1_47' title='bbox 1783 746 1955 816; x_wconf 85' lang='lat' dir='ltr'>juxta</span> 
     </span>
    </p>
   </div>
   <div class='ocr_carea' id='block_1_8' title="bbox 305 834 1951 905">
    <p class='ocr_par' dir='ltr' id='par_1_8' title="bbox 305 834 1951 905">
     <span class='ocr_line' id='line_1_8' title="bbox 305 834 1951 905; baseline -0.001 -15"><span class='ocrx_word' id='word_1_48' title='bbox 305 834 693 905; x_wconf 85' lang='lat' dir='ltr'>Septuaginta</span> <span class='ocrx_word' id='word_1_49' title='bbox 725 835 1095 905; x_wconf 84' lang='lat' dir='ltr'>interpretes,</span> <span class='ocrx_word' id='word_1_50' title='bbox 1132 851 1234 905; x_wconf 92' lang='lat' dir='ltr'>pro</span> <span class='ocrx_word' id='word_1_51' title='bbox 1258 850 1324 888; x_wconf 91' lang='lat' dir='ltr'>eo</span> <span class='ocrx_word' id='word_1_52' title='bbox 1356 834 1508 903; x_wconf 89' lang='lat' dir='ltr'>quod</span> <span class='ocrx_word' id='word_1_53' title='bbox 1543 838 1650 897; x_wconf 87' lang='lat' dir='ltr'>est,</span> <span class='ocrx_word' id='word_1_54' title='bbox 1708 843 1951 889; x_wconf 83' lang='lat' dir='ltr'>mortuus</span> 
     </span>
    </p>
   </div>
   <div class='ocr_carea' id='block_1_9' title="bbox 308 920 1953 993">
    <p class='ocr_par' dir='ltr' id='par_1_9' title="bbox 308 920 1953 993">
     <span class='ocr_line' id='line_1_9' title="bbox 308 920 1953 993; baseline -0.001 -16"><span class='ocrx_word' id='word_1_55' title='bbox 308 929 404 988; x_wconf 80' lang='lat' dir='ltr'>est,</span> <span class='ocrx_word' id='word_1_56' title='bbox 437 920 754 993; x_wconf 81' lang='lat' dir='ltr'>legerimus</span> <span class='ocrx_word' id='word_1_57' title='bbox 783 938 855 976; x_wconf 70' lang='lat' dir='ltr'>ex</span> <span class='ocrx_word' id='word_1_58' title='bbox 885 927 1033 992; x_wconf 87' lang='lat' dir='ltr'>tunc,</span> <span class='ocrx_word' id='word_1_59' title='bbox 1058 923 1228 992; x_wconf 86' lang='lat' dir='ltr'>juxta</span> <span class='ocrx_word' id='word_1_60' title='bbox 1286 923 1569 993; x_wconf 87' lang='lat' dir='ltr'>quosdam</span> <span class='ocrx_word' id='word_1_61' title='bbox 1627 922 1720 976; x_wconf 88' lang='lat' dir='ltr'>hic</span> <span class='ocrx_word' id='word_1_62' title='bbox 1771 922 1953 993; x_wconf 85' lang='lat' dir='ltr'>egerit</span> 
     </span>
    </p>
   </div>
   <div class='ocr_carea' id='block_1_10' title="bbox 308 1010 1950 1082">
    <p class='ocr_par' dir='ltr' id='par_1_10' title="bbox 308 1010 1950 1082">
     <span class='ocr_line' id='line_1_10' title="bbox 308 1010 1950 1082; baseline -0.001 -16"><span class='ocrx_word' id='word_1_63' title='bbox 308 1026 551 1066; x_wconf 88' lang='lat' dir='ltr'>sensus:</span> <span class='ocrx_word' id='word_1_64' title='bbox 587 1010 860 1065; x_wconf 89' lang='lat' dir='ltr'>Peccator</span> <span class='ocrx_word' id='word_1_65' title='bbox 889 1027 1004 1065; x_wconf 87' lang='lat' dir='ltr'>non</span> <span class='ocrx_word' id='word_1_66' title='bbox 1034 1014 1175 1065; x_wconf 91' lang='lat' dir='ltr'>tunc</span> <span class='ocrx_word' id='word_1_67' title='bbox 1206 1010 1461 1081; x_wconf 90' lang='lat' dir='ltr'>primum</span> <span class='ocrx_word' id='word_1_68' title='bbox 1490 1012 1950 1082; x_wconf 85' lang='lat' dir='ltr'>peccat,quando</span> 
     </span>
    </p>
   </div>
   <div class='ocr_carea' id='block_1_11' title="bbox 250 1098 1945 1170">
    <p class='ocr_par' dir='ltr' id='par_1_11' title="bbox 250 1098 1945 1170">
     <span class='ocr_line' id='line_1_11' title="bbox 250 1098 1945 1170; baseline -0.001 -16"><span class='ocrx_word' id='word_1_69' title='bbox 250 1138 255 1139; x_wconf 46' lang='grc' dir='ltr'><em>κ</em></span> <span class='ocrx_word' id='word_1_70' title='bbox 306 1098 536 1154; x_wconf 88' lang='lat' dir='ltr'>videtur</span> <span class='ocrx_word' id='word_1_71' title='bbox 566 1099 753 1154; x_wconf 76' lang='lat' dir='ltr'>facere</span> <span class='ocrx_word' id='word_1_72' title='bbox 783 1102 1107 1170; x_wconf 86' lang='lat' dir='ltr'>peccatum,</span> <span class='ocrx_word' id='word_1_73' title='bbox 1141 1098 1240 1153; x_wconf 89' lang='lat' dir='ltr'>sed</span> <span class='ocrx_word' id='word_1_74' title='bbox 1276 1100 1399 1168; x_wconf 87' lang='lat' dir='ltr'>jam</span> <span class='ocrx_word' id='word_1_75' title='bbox 1462 1101 1595 1153; x_wconf 88' lang='lat' dir='ltr'>ante</span> <span class='ocrx_word' id='word_1_76' title='bbox 1653 1099 1945 1169; x_wconf 89' lang='lat' dir='ltr'>peccavit:</span> 
     </span>
    </p>
   </div>
   <div class='ocr_carea' id='block_1_12' title="bbox 307 1186 1951 1259">
    <p class='ocr_par' dir='ltr' id='par_1_12' title="bbox 307 1186 1951 1259">
     <span class='ocr_line' id='line_1_12' title="bbox 307 1186 1951 1259; baseline 0 -16"><span class='ocrx_word' id='word_1_77' title='bbox 307 1189 551 1243; x_wconf 77' lang='lat' dir='ltr'>Alienati</span> <span class='ocrx_word' id='word_1_78' title='bbox 577 1186 688 1259; x_wconf 83' lang='grc' dir='ltr'>[ΑΙ.</span> <span class='ocrx_word' id='word_1_79' title='bbox 721 1187 1045 1256; x_wconf 77' lang='lat' dir='ltr'>abalienati]</span> <span class='ocrx_word' id='word_1_80' title='bbox 1075 1189 1201 1241; x_wconf 83' lang='lat' dir='ltr'>sunt</span> <span class='ocrx_word' id='word_1_81' title='bbox 1230 1188 1378 1243; x_wconf 82' lang='lat' dir='ltr'>enim</span> <span class='ocrx_word' id='word_1_82' title='bbox 1400 1196 1706 1259; x_wconf 66' lang='lat' dir='ltr'>recitatores</span> <span class='ocrx_word' id='word_1_83' title='bbox 1760 1204 1794 1242; x_wconf 89' lang='lat' dir='ltr'>a</span> <span class='ocrx_word' id='word_1_84' title='bbox 1836 1188 1951 1243; x_wconf 83' lang='lat' dir='ltr'>vul-</span> 
     </span>
    </p>
   </div>
   <div class='ocr_carea' id='block_1_13' title="bbox 306 1275 1954 1346">
    <p class='ocr_par' dir='ltr' id='par_1_13' title="bbox 306 1275 1954 1346">
     <span class='ocr_line' id='line_1_13' title="bbox 306 1275 1954 1346; baseline -0.002 -13"><span class='ocrx_word' id='word_1_85' title='bbox 306 1294 397 1346; x_wconf 84' lang='lat' dir='ltr'>va,</span> <span class='ocrx_word' id='word_1_86' title='bbox 418 1279 741 1333; x_wconf 86' lang='lat' dir='ltr'>erraverunt</span> <span class='ocrx_word' id='word_1_87' title='bbox 769 1292 802 1329; x_wconf 75' lang='grc' dir='ltr'>(ι</span> <span class='ocrx_word' id='word_1_88' title='bbox 835 1279 1018 1339; x_wconf 78' lang='lat' dir='ltr'>ventre</span> <span class='ocrx_word' id='word_1_89' title='bbox 1047 1276 1215 1343; x_wconf 82' lang='lat' dir='ltr'>(Psal.</span> <span class='ocrx_word' id='word_1_90' title='bbox 1254 1292 1383 1342; x_wconf 83' lang='lat' dir='ltr'>Lvu,</span> <span class='ocrx_word' id='word_1_91' title='bbox 1421 1275 1473 1345; x_wconf 80' lang='grc'>4)</span> <span class='ocrx_word' id='word_1_92' title='bbox 1506 1293 1519 1343; x_wconf 88' lang='grc'><strong>;</strong></span> <span class='ocrx_word' id='word_1_93' title='bbox 1576 1280 1633 1330; x_wconf 92' lang='lat' dir='ltr'>et</span> <span class='ocrx_word' id='word_1_94' title='bbox 1683 1280 1954 1346; x_wconf 71' lang='lat' dir='ltr'>quaerunt</span> 
     </span>
    </p>
   </div>
   <div class='ocr_carea' id='block_1_14' title="bbox 309 1364 1950 1437">
    <p class='ocr_par' dir='ltr' id='par_1_14' title="bbox 309 1364 1950 1437">
     <span class='ocr_line' id='line_1_14' title="bbox 309 1364 1950 1437; baseline -0.002 -16"><span class='ocrx_word' id='word_1_95' title='bbox 309 1366 441 1433; x_wconf 89' lang='lat' dir='ltr'>hoc,</span> <span class='ocrx_word' id='word_1_96' title='bbox 475 1365 628 1437; x_wconf 90' lang='lat' dir='ltr'>quod</span> <span class='ocrx_word' id='word_1_97' title='bbox 680 1364 964 1435; x_wconf 87' lang='lat' dir='ltr'>sequitur,</span> <span class='ocrx_word' id='word_1_98' title='bbox 1026 1365 1195 1418; x_wconf 86' lang='lat' dir='ltr'>locuti</span> <span class='ocrx_word' id='word_1_99' title='bbox 1257 1367 1383 1417; x_wconf 86' lang='lat' dir='ltr'>sunt</span> <span class='ocrx_word' id='word_1_100' title='bbox 1437 1364 1603 1433; x_wconf 82' lang='lat' dir='ltr'>falsa,</span> <span class='ocrx_word' id='word_1_101' title='bbox 1659 1366 1950 1435; x_wconf 82' lang='lat' dir='ltr'>quomodo</span> 
     </span>
    </p>
   </div>
   <div class='ocr_carea' id='block_1_15' title="bbox 308 1450 1953 1527">
    <p class='ocr_par' dir='ltr' id='par_1_15' title="bbox 308 1450 1953 1527">
     <span class='ocr_line' id='line_1_15' title="bbox 308 1450 1953 1527; baseline -0.002 -18"><span class='ocrx_word' id='word_1_102' title='bbox 308 1455 498 1527; x_wconf 88' lang='lat' dir='ltr'>possit</span> <span class='ocrx_word' id='word_1_103' title='bbox 537 1453 808 1524; x_wconf 84' lang='lat' dir='ltr'>exponit:</span> <span class='ocrx_word' id='word_1_104' title='bbox 869 1452 1021 1507; x_wconf 72' lang='lat'>455</span> <span class='ocrx_word' id='word_1_105' title='bbox 1071 1451 1318 1523; x_wconf 84' lang='lat' dir='ltr'>simplex</span> <span class='ocrx_word' id='word_1_106' title='bbox 1376 1452 1532 1507; x_wconf 90' lang='lat' dir='ltr'>enim</span> <span class='ocrx_word' id='word_1_107' title='bbox 1567 1450 1953 1521; x_wconf 85' lang='lat' dir='ltr'>intelligentia</span> 
     </span>
    </p>
   </div>
   <div class='ocr_carea' id='block_1_16' title="bbox 242 1539 1950 1612">
    <p class='ocr_par' dir='ltr' id='par_1_16' title="bbox 242 1539 1950 1612">
     <span class='ocr_line' id='line_1_16' title="bbox 242 1539 1950 1612; baseline -0.003 -13"><span class='ocrx_word' id='word_1_108' title='bbox 242 1596 247 1599; x_wconf 40' lang='grc' dir='ltr'>ι</span> <span class='ocrx_word' id='word_1_109' title='bbox 306 1543 523 1599; x_wconf 90' lang='lat' dir='ltr'>habere</span> <span class='ocrx_word' id='word_1_110' title='bbox 552 1541 1032 1612; x_wconf 89' lang='lat' dir='ltr'>consequentiam</span> <span class='ocrx_word' id='word_1_111' title='bbox 1065 1557 1178 1594; x_wconf 90' lang='lat' dir='ltr'>non</span> <span class='ocrx_word' id='word_1_112' title='bbox 1212 1541 1456 1606; x_wconf 86' lang='lat' dir='ltr'>videtur,</span> <span class='ocrx_word' id='word_1_113' title='bbox 1490 1539 1761 1611; x_wconf 89' lang='lat' dir='ltr'>parvulos</span> <span class='ocrx_word' id='word_1_114' title='bbox 1821 1556 1950 1610; x_wconf 90' lang='lat' dir='ltr'>pec-</span> 
     </span>
    </p>
   </div>
   <div class='ocr_carea' id='block_1_17' title="bbox 308 1627 1950 1697">
    <p class='ocr_par' dir='ltr' id='par_1_17' title="bbox 308 1627 1950 1697">
     <span class='ocr_line' id='line_1_17' title="bbox 308 1627 1950 1697; baseline -0.005 -9"><span class='ocrx_word' id='word_1_115' title='bbox 308 1638 558 1697; x_wconf 87' lang='lat' dir='ltr'>catores,</span> <span class='ocrx_word' id='word_1_116' title='bbox 592 1629 791 1685; x_wconf 88' lang='lat' dir='ltr'>statim</span> <span class='ocrx_word' id='word_1_117' title='bbox 827 1633 889 1683; x_wconf 90' lang='lat' dir='ltr'>ut</span> <span class='ocrx_word' id='word_1_118' title='bbox 916 1628 987 1683; x_wconf 89' lang='lat' dir='ltr'>de</span> <span class='ocrx_word' id='word_1_119' title='bbox 1008 1627 1177 1683; x_wconf 87' lang='lat' dir='ltr'>vulva</span> <span class='ocrx_word' id='word_1_120' title='bbox 1208 1628 1375 1697; x_wconf 87' lang='lat' dir='ltr'>ejccti</span> <span class='ocrx_word' id='word_1_121' title='bbox 1409 1627 1950 1696; x_wconf 87' lang='lat' dir='ltr'>sunt,meudacium</span> 
     </span>
    </p>
   </div>
   <div class='ocr_carea' id='block_1_18' title="bbox 307 1720 493 1792">
    <p class='ocr_par' dir='ltr' id='par_1_18' title="bbox 307 1720 493 1792">
     <span class='ocr_line' id='line_1_18' title="bbox 307 1720 493 1792; baseline -0.011 -17"><span class='ocrx_word' id='word_1_122' title='bbox 307 1720 493 1792; x_wconf 89' lang='lat' dir='ltr'>loqui.</span> 
     </span>
    </p>
   </div>
   <div class='ocr_carea' id='block_1_19' title="bbox 380 1803 2034 1910">
    <p class='ocr_par' dir='ltr' id='par_1_19' title="bbox 380 1803 2034 1910">
     <span class='ocr_line' id='line_1_19' title="bbox 380 1803 2034 1910; baseline 0 -52"><span class='ocrx_word' id='word_1_123' title='bbox 380 1832 409 1859; x_wconf 87' lang='grc'><em>‹‹</em></span> <span class='ocrx_word' id='word_1_124' title='bbox 436 1809 507 1863; x_wconf 87' lang='lat' dir='ltr'>Et</span> <span class='ocrx_word' id='word_1_125' title='bbox 535 1807 755 1862; x_wconf 90' lang='lat' dir='ltr'>bonum</span> <span class='ocrx_word' id='word_1_126' title='bbox 790 1821 902 1860; x_wconf 90' lang='lat' dir='ltr'>non</span> <span class='ocrx_word' id='word_1_127' title='bbox 972 1804 1048 1859; x_wconf 90' lang='lat' dir='ltr'>sit</span> <span class='ocrx_word' id='word_1_128' title='bbox 1078 1804 1281 1876; x_wconf 91' lang='lat' dir='ltr'>impio,</span> <span class='ocrx_word' id='word_1_129' title='bbox 1345 1808 1404 1860; x_wconf 90' lang='lat' dir='ltr'>et</span> <span class='ocrx_word' id='word_1_130' title='bbox 1469 1820 1584 1858; x_wconf 92' lang='lat' dir='ltr'>non</span> <span class='ocrx_word' id='word_1_131' title='bbox 1655 1803 2034 1910; x_wconf 76' lang='lat' dir='ltr'>prolongetB</span> 
     </span>
    </p>
   </div>
   <div class='ocr_carea' id='block_1_20' title="bbox 306 1891 1951 1967">
    <p class='ocr_par' dir='ltr' id='par_1_20' title="bbox 306 1891 1951 1967">
     <span class='ocr_line' id='line_1_20' title="bbox 306 1891 1951 1967; baseline -0.005 -14"><span class='ocrx_word' id='word_1_132' title='bbox 306 1899 434 1953; x_wconf 89' lang='lat' dir='ltr'>dies</span> <span class='ocrx_word' id='word_1_133' title='bbox 482 1896 651 1967; x_wconf 87' lang='lat' dir='ltr'>quasi</span> <span class='ocrx_word' id='word_1_134' title='bbox 721 1896 950 1961; x_wconf 86' lang='lat' dir='ltr'>umbra,</span> <span class='ocrx_word' id='word_1_135' title='bbox 1010 1895 1106 1965; x_wconf 87' lang='lat' dir='ltr'>qui</span> <span class='ocrx_word' id='word_1_136' title='bbox 1177 1910 1291 1947; x_wconf 91' lang='lat' dir='ltr'>non</span> <span class='ocrx_word' id='word_1_137' title='bbox 1323 1893 1548 1947; x_wconf 86' lang='lat' dir='ltr'>timeta</span> <span class='ocrx_word' id='word_1_138' title='bbox 1580 1891 1722 1945; x_wconf 78' lang='lat' dir='ltr'>facie</span> <span class='ocrx_word' id='word_1_139' title='bbox 1768 1891 1951 1946; x_wconf 81' lang='lat' dir='ltr'>Dei.»</span> 
     </span>
    </p>
   </div>
   <div class='ocr_carea' id='block_1_21' title="bbox 306 1979 1950 2059">
    <p class='ocr_par' dir='ltr' id='par_1_21' title="bbox 306 1979 1950 2059">
     <span class='ocr_line' id='line_1_21' title="bbox 306 1979 1950 2059; baseline -0.006 -16"><span class='ocrx_word' id='word_1_140' title='bbox 306 1989 670 2059; x_wconf 85' lang='lat' dir='ltr'>lmprecatur</span> <span class='ocrx_word' id='word_1_141' title='bbox 696 1981 846 2039; x_wconf 87' lang='lat' dir='ltr'>male</span> <span class='ocrx_word' id='word_1_142' title='bbox 875 1982 968 2037; x_wconf 91' lang='lat' dir='ltr'>his</span> <span class='ocrx_word' id='word_1_143' title='bbox 991 1982 1089 2053; x_wconf 87' lang='lat' dir='ltr'>qui</span> <span class='ocrx_word' id='word_1_144' title='bbox 1123 1998 1237 2037; x_wconf 91' lang='lat' dir='ltr'>non</span> <span class='ocrx_word' id='word_1_145' title='bbox 1266 1981 1487 2035; x_wconf 86' lang='lat' dir='ltr'>habent</span> <span class='ocrx_word' id='word_1_146' title='bbox 1518 1979 1789 2035; x_wconf 89' lang='lat' dir='ltr'>timorem</span> <span class='ocrx_word' id='word_1_147' title='bbox 1835 1979 1950 2046; x_wconf 90' lang='lat' dir='ltr'>Dei,</span> 
     </span>
    </p>
   </div>
   <div class='ocr_carea' id='block_1_22' title="bbox 312 2068 1949 2147">
    <p class='ocr_par' dir='ltr' id='par_1_22' title="bbox 312 2068 1949 2147">
     <span class='ocr_line' id='line_1_22' title="bbox 312 2068 1949 2147; baseline -0.007 -15"><span class='ocrx_word' id='word_1_148' title='bbox 312 2082 373 2133; x_wconf 89' lang='lat' dir='ltr'>et</span> <span class='ocrx_word' id='word_1_149' title='bbox 400 2079 556 2147; x_wconf 88' lang='lat' dir='ltr'>optat</span> <span class='ocrx_word' id='word_1_150' title='bbox 578 2088 648 2128; x_wconf 90' lang='lat' dir='ltr'>ne</span> <span class='ocrx_word' id='word_1_151' title='bbox 671 2072 770 2127; x_wconf 90' lang='lat' dir='ltr'>diu</span> <span class='ocrx_word' id='word_1_152' title='bbox 800 2071 1103 2126; x_wconf 78' lang='lat' dir='ltr'>ditl&#39;eratur</span> <span class='ocrx_word' id='word_1_153' title='bbox 1134 2070 1204 2124; x_wconf 90' lang='lat' dir='ltr'>ad</span> <span class='ocrx_word' id='word_1_154' title='bbox 1249 2085 1479 2139; x_wconf 84' lang='lat' dir='ltr'>pcenam</span> <span class='ocrx_word' id='word_1_155' title='bbox 1508 2070 1550 2132; x_wconf 69' lang='grc'>³,</span> <span class='ocrx_word' id='word_1_156' title='bbox 1601 2068 1699 2122; x_wconf 89' lang='lat' dir='ltr'>sed</span> <span class='ocrx_word' id='word_1_157' title='bbox 1755 2069 1949 2121; x_wconf 85' lang='lat' dir='ltr'>statim</span> 
     </span>
    </p>
   </div>
   <div class='ocr_carea' id='block_1_23' title="bbox 315 2155 1951 2228">
    <p class='ocr_par' dir='ltr' id='par_1_23' title="bbox 315 2155 1951 2228">
     <span class='ocr_line' id='line_1_23' title="bbox 315 2155 1951 2228; baseline -0.007 -8"><span class='ocrx_word' id='word_1_158' title='bbox 315 2168 501 2220; x_wconf 89' lang='lat' dir='ltr'>morte</span> <span class='ocrx_word' id='word_1_159' title='bbox 527 2159 829 2227; x_wconf 90' lang='lat' dir='ltr'>subtracti,</span> <span class='ocrx_word' id='word_1_160' title='bbox 862 2158 1156 2213; x_wconf 87' lang='lat' dir='ltr'>cruciatus</span> <span class='ocrx_word' id='word_1_161' title='bbox 1181 2155 1484 2228; x_wconf 89' lang='lat' dir='ltr'>recipiant,</span> <span class='ocrx_word' id='word_1_162' title='bbox 1517 2172 1666 2226; x_wconf 90' lang='lat' dir='ltr'>quos</span> <span class='ocrx_word' id='word_1_163' title='bbox 1725 2170 1951 2210; x_wconf 78' lang='lat' dir='ltr'>meren-</span> 
     </span>
    </p>
   </div>
   <div class='ocr_carea' id='block_1_24' title="bbox 311 2243 1953 2320">
    <p class='ocr_par' dir='ltr' id='par_1_24' title="bbox 311 2243 1953 2320">
     <span class='ocr_line' id='line_1_24' title="bbox 311 2243 1953 2320; baseline -0.008 -11"><span class='ocrx_word' id='word_1_164' title='bbox 311 2259 428 2309; x_wconf 88' lang='lat' dir='ltr'>tur.</span> <span class='ocrx_word' id='word_1_165' title='bbox 461 2250 660 2307; x_wconf 89' lang='lat' dir='ltr'>Simile</span> <span class='ocrx_word' id='word_1_166' title='bbox 699 2248 839 2320; x_wconf 88' lang='lat' dir='ltr'>quid</span> <span class='ocrx_word' id='word_1_167' title='bbox 890 2251 947 2302; x_wconf 88' lang='lat' dir='ltr'>et</span> <span class='ocrx_word' id='word_1_168' title='bbox 1004 2246 1318 2317; x_wconf 87' lang='lat' dir='ltr'>Apostolus</span> <span class='ocrx_word' id='word_1_169' title='bbox 1383 2243 1679 2315; x_wconf 89' lang='lat' dir='ltr'>loquitur:</span> <span class='ocrx_word' id='word_1_170' title='bbox 1735 2244 1953 2299; x_wconf 88' lang='lat' dir='ltr'>Utinam</span> 
     </span>
    </p>
   </div>
   <div class='ocr_carea' id='block_1_25' title="bbox 304 2332 1953 2414">
    <p class='ocr_par' dir='ltr' id='par_1_25' title="bbox 304 2332 1953 2414">
     <span class='ocr_line' id='line_1_25' title="bbox 304 2332 1953 2414; baseline -0.008 -15"><span class='ocrx_word' id='word_1_171' title='bbox 304 2340 686 2414; x_wconf 64' lang='lat' dir='ltr'>praecidantur</span> <span class='ocrx_word' id='word_1_172' title='bbox 715 2338 809 2409; x_wconf 89' lang='lat' dir='ltr'>qui</span> <span class='ocrx_word' id='word_1_173' title='bbox 848 2351 938 2391; x_wconf 87' lang='lat' dir='ltr'>vos</span> <span class='ocrx_word' id='word_1_174' title='bbox 990 2334 1319 2391; x_wconf 83' lang='lat' dir='ltr'>conturbant</span> <span class='ocrx_word' id='word_1_175' title='bbox 1348 2332 1551 2403; x_wconf 85' lang='lat' dir='ltr'>(Galat.</span> <span class='ocrx_word' id='word_1_176' title='bbox 1598 2350 1652 2398; x_wconf 91' lang='lat' dir='ltr'>v,</span> <span class='ocrx_word' id='word_1_177' title='bbox 1714 2332 1823 2402; x_wconf 80' lang='lat' dir='ltr'>l2).</span> <span class='ocrx_word' id='word_1_178' title='bbox 1884 2332 1953 2386; x_wconf 91' lang='lat' dir='ltr'>Et</span> 
     </span>
    </p>
   </div>
   <div class='ocr_carea' id='block_1_26' title="bbox 306 2420 1948 2488">
    <p class='ocr_par' dir='ltr' id='par_1_26' title="bbox 306 2420 1948 2488">
     <span class='ocr_line' id='line_1_26' title="bbox 306 2420 1948 2488; baseline -0.008 -1"><span class='ocrx_word' id='word_1_179' title='bbox 306 2429 452 2488; x_wconf 83' lang='lat' dir='ltr'>alibi</span> <span class='ocrx_word' id='word_1_180' title='bbox 486 2447 500 2485; x_wconf 94' lang='lat'>:</span> <span class='ocrx_word' id='word_1_181' title='bbox 532 2425 840 2484; x_wconf 62' lang='lat' dir='ltr'>Alexander</span> <span class='ocrx_word' id='word_1_182' title='bbox 866 2425 1105 2481; x_wconf 75' lang='lat' dir='ltr'>aerarius</span> <span class='ocrx_word' id='word_1_183' title='bbox 1134 2423 1310 2477; x_wconf 89' lang='lat' dir='ltr'>multa</span> <span class='ocrx_word' id='word_1_184' title='bbox 1341 2422 1479 2476; x_wconf 79' lang='lat' dir='ltr'>mihi</span> <span class='ocrx_word' id='word_1_185' title='bbox 1496 2421 1645 2475; x_wconf 85' lang='lat' dir='ltr'>mala</span> <span class='ocrx_word' id='word_1_186' title='bbox 1674 2420 1903 2475; x_wconf 81' lang='lat' dir='ltr'>ostendit</span> <span class='ocrx_word' id='word_1_187' title='bbox 1936 2437 1948 2474; x_wconf 91' lang='lat'>:</span> 
     </span>
    </p>
   </div>
   <div class='ocr_carea' id='block_1_27' title="bbox 303 2510 1948 2581">
    <p class='ocr_par' dir='ltr' id='par_1_27' title="bbox 303 2510 1948 2581">
     <span class='ocr_line' id='line_1_27' title="bbox 303 2510 1948 2581; baseline -0.008 -5"><span class='ocrx_word' id='word_1_188' title='bbox 303 2519 501 2576; x_wconf 83' lang='lat' dir='ltr'>reddat</span> <span class='ocrx_word' id='word_1_189' title='bbox 527 2518 625 2572; x_wconf 90' lang='lat' dir='ltr'>illi</span> <span class='ocrx_word' id='word_1_190' title='bbox 654 2515 912 2571; x_wconf 81' lang='lat' dir='ltr'>Dominus</span> <span class='ocrx_word' id='word_1_191' title='bbox 939 2510 1233 2568; x_wconf 83' lang='lat' dir='ltr'>secundum</span> <span class='ocrx_word' id='word_1_192' title='bbox 1262 2526 1423 2581; x_wconf 83' lang='lat' dir='ltr'>Opera</span> <span class='ocrx_word' id='word_1_193' title='bbox 1490 2511 1607 2578; x_wconf 81' lang='lat' dir='ltr'>eius</span> <span class='ocrx_word' id='word_1_194' title='bbox 1670 2510 1742 2580; x_wconf 86' lang='lat' dir='ltr'>(ll</span> <span class='ocrx_word' id='word_1_195' title='bbox 1804 2510 1948 2565; x_wconf 87' lang='lat' dir='ltr'>Tim.</span> 
     </span>
    </p>
   </div>
   <div class='ocr_carea' id='block_1_28' title="bbox 308 2596 1951 2675">
    <p class='ocr_par' dir='ltr' id='par_1_28' title="bbox 308 2596 1951 2675">
     <span class='ocr_line' id='line_1_28' title="bbox 308 2596 1951 2675; baseline -0.009 -10"><span class='ocrx_word' id='word_1_196' title='bbox 308 2626 387 2665; x_wconf 84' lang='lat' dir='ltr'>Iv.</span> <span class='ocrx_word' id='word_1_197' title='bbox 426 2607 533 2675; x_wconf 83' lang='grc'>14).</span> <span class='ocrx_word' id='word_1_198' title='bbox 556 2606 689 2670; x_wconf 64' lang='lat' dir='ltr'>Quae</span> <span class='ocrx_word' id='word_1_199' title='bbox 722 2601 1014 2675; x_wconf 89' lang='lat' dir='ltr'>quomodo</span> <span class='ocrx_word' id='word_1_200' title='bbox 1044 2599 1356 2655; x_wconf 90' lang='lat' dir='ltr'>clementer</span> <span class='ocrx_word' id='word_1_201' title='bbox 1397 2598 1552 2653; x_wconf 89' lang='lat' dir='ltr'>dicta</span> <span class='ocrx_word' id='word_1_202' title='bbox 1581 2598 1720 2662; x_wconf 90' lang='lat' dir='ltr'>sint,</span> <span class='ocrx_word' id='word_1_203' title='bbox 1755 2596 1951 2668; x_wconf 89' lang='lat' dir='ltr'>requi-</span> 
     </span>
    </p>
   </div>
   <div class='ocr_carea' id='block_1_29' title="bbox 304 2686 1948 2761">
    <p class='ocr_par' dir='ltr' id='par_1_29' title="bbox 304 2686 1948 2761">
     <span class='ocr_line' id='line_1_29' title="bbox 304 2686 1948 2761; baseline -0.009 -7"><span class='ocrx_word' id='word_1_204' title='bbox 304 2697 559 2753; x_wconf 81' lang='lat' dir='ltr'>rendum</span> <span class='ocrx_word' id='word_1_205' title='bbox 591 2697 700 2749; x_wconf 88' lang='lat' dir='ltr'>est.</span> <span class='ocrx_word' id='word_1_206' title='bbox 728 2691 856 2746; x_wconf 69' lang='lat' dir='ltr'>Haec</span> <span class='ocrx_word' id='word_1_207' title='bbox 878 2690 1046 2761; x_wconf 90' lang='lat' dir='ltr'>juxta</span> <span class='ocrx_word' id='word_1_208' title='bbox 1074 2704 1283 2743; x_wconf 87' lang='lat' dir='ltr'>sensus</span> <span class='ocrx_word' id='word_1_209' title='bbox 1306 2686 1568 2742; x_wconf 88' lang='lat' dir='ltr'>Hebraici</span> <span class='ocrx_word' id='word_1_210' title='bbox 1625 2687 1948 2741; x_wconf 87' lang='lat' dir='ltr'>veritatem.</span> 
     </span>
    </p>
   </div>
   <div class='ocr_carea' id='block_1_30' title="bbox 299 2773 1951 2856">
    <p class='ocr_par' dir='ltr' id='par_1_30' title="bbox 299 2773 1951 2856">
     <span class='ocr_line' id='line_1_30' title="bbox 299 2773 1951 2856; baseline -0.009 -14"><span class='ocrx_word' id='word_1_211' title='bbox 299 2786 366 2842; x_wconf 90' lang='lat' dir='ltr'>Si</span> <span class='ocrx_word' id='word_1_212' title='bbox 399 2784 533 2856; x_wconf 89' lang='lat' dir='ltr'>quis</span> <span class='ocrx_word' id='word_1_213' title='bbox 562 2798 693 2837; x_wconf 90' lang='lat' dir='ltr'>vero</span> <span class='ocrx_word' id='word_1_214' title='bbox 724 2777 1105 2850; x_wconf 89' lang='lat' dir='ltr'>Septuaginta</span> <span class='ocrx_word' id='word_1_215' title='bbox 1137 2776 1487 2847; x_wconf 88' lang='lat' dir='ltr'>Interpretes</span> <span class='ocrx_word' id='word_1_216' title='bbox 1519 2774 1803 2846; x_wconf 76' lang='lat' dir='ltr'>sequitur,</span> <span class='ocrx_word' id='word_1_217' title='bbox 1849 2773 1951 2845; x_wconf 90' lang='lat' dir='ltr'>qui</span> 
     </span>
    </p>
   </div>
   <div class='ocr_carea' id='block_1_31' title="bbox 304 2864 1954 2947">
    <p class='ocr_par' dir='ltr' id='par_1_31' title="bbox 304 2864 1954 2947">
     <span class='ocr_line' id='line_1_31' title="bbox 304 2864 1954 2947; baseline -0.008 -16"><span class='ocrx_word' id='word_1_218' title='bbox 304 2874 478 2947; x_wconf 89' lang='lat' dir='ltr'>quasi</span> <span class='ocrx_word' id='word_1_219' title='bbox 511 2871 583 2927; x_wconf 91' lang='lat' dir='ltr'>ab</span> <span class='ocrx_word' id='word_1_220' title='bbox 606 2869 718 2925; x_wconf 91' lang='lat' dir='ltr'>alio</span> <span class='ocrx_word' id='word_1_221' title='bbox 757 2884 935 2923; x_wconf 90' lang='lat' dir='ltr'>sensu</span> <span class='ocrx_word' id='word_1_222' title='bbox 1001 2864 1365 2936; x_wconf 81' lang='lat' dir='ltr'>incipientes,</span> <span class='ocrx_word' id='word_1_223' title='bbox 1443 2864 1751 2919; x_wconf 90' lang='lat' dir='ltr'>dixerunt:</span> <span class='ocrx_word' id='word_1_224' title='bbox 1788 2886 1815 2911; x_wconf 85' lang='grc'>‹‹</span> <span class='ocrx_word' id='word_1_225' title='bbox 1885 2864 1954 2917; x_wconf 88' lang='lat' dir='ltr'>Et</span> 
     </span>
    </p>
   </div>
   <div class='ocr_carea' id='block_1_32' title="bbox 300 2952 1949 3036">
    <p class='ocr_par' dir='ltr' id='par_1_32' title="bbox 300 2952 1949 3036">
     <span class='ocr_line' id='line_1_32' title="bbox 300 2952 1949 3036; baseline -0.008 -17"><span class='ocrx_word' id='word_1_226' title='bbox 300 2978 413 3036; x_wconf 86' lang='lat' dir='ltr'>ego</span> <span class='ocrx_word' id='word_1_227' title='bbox 443 2955 962 3031; x_wconf 87' lang='lat' dir='ltr'>recognosco,quia</span> <span class='ocrx_word' id='word_1_228' title='bbox 990 2954 1100 3009; x_wconf 89' lang='lat' dir='ltr'>erit</span> <span class='ocrx_word' id='word_1_229' title='bbox 1122 2954 1337 3007; x_wconf 89' lang='lat' dir='ltr'>bonum</span> <span class='ocrx_word' id='word_1_230' title='bbox 1364 2952 1711 3006; x_wconf 90' lang='lat' dir='ltr'>timentibus</span> <span class='ocrx_word' id='word_1_231' title='bbox 1742 2952 1949 3017; x_wconf 88' lang='lat' dir='ltr'>Deum,</span> 
     </span>
    </p>
   </div>
   <div class='ocr_carea' id='block_1_33' title="bbox 299 3040 1947 3114">
    <p class='ocr_par' dir='ltr' id='par_1_33' title="bbox 299 3040 1947 3114">
     <span class='ocr_line' id='line_1_33' title="bbox 299 3040 1947 3114; baseline -0.008 -6"><span class='ocrx_word' id='word_1_232' title='bbox 299 3057 372 3107; x_wconf 87' lang='lat' dir='ltr'>ut</span> <span class='ocrx_word' id='word_1_233' title='bbox 394 3049 641 3107; x_wconf 87' lang='lat' dir='ltr'>timeant</span> <span class='ocrx_word' id='word_1_234' title='bbox 660 3045 855 3101; x_wconf 80' lang='lat' dir='ltr'>afacie</span> <span class='ocrx_word' id='word_1_235' title='bbox 876 3044 1024 3114; x_wconf 89' lang='lat' dir='ltr'>ejus,</span> <span class='ocrx_word' id='word_1_236' title='bbox 1056 3047 1113 3097; x_wconf 90' lang='lat' dir='ltr'>et</span> <span class='ocrx_word' id='word_1_237' title='bbox 1137 3042 1353 3096; x_wconf 89' lang='lat' dir='ltr'>bonum</span> <span class='ocrx_word' id='word_1_238' title='bbox 1389 3057 1503 3096; x_wconf 85' lang='lat' dir='ltr'>non</span> <span class='ocrx_word' id='word_1_239' title='bbox 1573 3040 1683 3095; x_wconf 92' lang='lat' dir='ltr'>erit</span> <span class='ocrx_word' id='word_1_240' title='bbox 1746 3040 1947 3111; x_wconf 90' lang='lat' dir='ltr'>impio,</span> 
     </span>
    </p>
   </div>
   <div class='ocr_carea' id='block_1_34' title="bbox 300 3128 1953 3210">
    <p class='ocr_par' dir='ltr' id='par_1_34' title="bbox 300 3128 1953 3210">
     <span class='ocr_line' id='line_1_34' title="bbox 300 3128 1953 3210; baseline -0.007 -14"><span class='ocrx_word' id='word_1_241' title='bbox 300 3145 365 3197; x_wconf 87' lang='lat' dir='ltr'>et</span> <span class='ocrx_word' id='word_1_242' title='bbox 386 3155 503 3195; x_wconf 90' lang='lat' dir='ltr'>non</span> <span class='ocrx_word' id='word_1_243' title='bbox 533 3132 906 3210; x_wconf 88' lang='lat' dir='ltr'>prolongabit</span> <span class='ocrx_word' id='word_1_244' title='bbox 934 3130 1058 3186; x_wconf 90' lang='lat' dir='ltr'>dies</span> <span class='ocrx_word' id='word_1_245' title='bbox 1088 3130 1147 3184; x_wconf 89' lang='lat' dir='ltr'>in</span> <span class='ocrx_word' id='word_1_246' title='bbox 1181 3130 1429 3184; x_wconf 88' lang='lat' dir='ltr'>umbra:</span> <span class='ocrx_word' id='word_1_247' title='bbox 1482 3128 1621 3199; x_wconf 90' lang='lat' dir='ltr'>quia</span> <span class='ocrx_word' id='word_1_248' title='bbox 1691 3145 1804 3183; x_wconf 91' lang='lat' dir='ltr'>non</span> <span class='ocrx_word' id='word_1_249' title='bbox 1862 3133 1953 3185; x_wconf 90' lang='lat' dir='ltr'>est</span> 
     </span>
    </p>
   </div>
   <div class='ocr_carea' id='block_1_35' title="bbox 301 3221 1004 3287">
    <p class='ocr_par' dir='ltr' id='par_1_35' title="bbox 301 3221 1004 3287">
     <span class='ocr_line' id='line_1_35' title="bbox 301 3221 1004 3287; baseline -0.02 -3"><span class='ocrx_word' id='word_1_250' title='bbox 301 3228 522 3284; x_wconf 84' lang='lat' dir='ltr'>timens</span> <span class='ocrx_word' id='word_1_251' title='bbox 554 3242 587 3280; x_wconf 88' lang='lat' dir='ltr'>a</span> <span class='ocrx_word' id='word_1_252' title='bbox 618 3222 761 3279; x_wconf 81' lang='lat' dir='ltr'>facie</span> <span class='ocrx_word' id='word_1_253' title='bbox 802 3221 901 3277; x_wconf 91' lang='lat' dir='ltr'>Dei</span> <span class='ocrx_word' id='word_1_254' title='bbox 928 3238 941 3287; x_wconf 89' lang='lat'>;</span> <span class='ocrx_word' id='word_1_255' title='bbox 977 3244 1004 3269; x_wconf 75' lang='grc' dir='ltr'><strong><em>υ</em></strong></span> 
     </span>
    </p>
   </div>
   <div class='ocr_carea' id='block_1_36' title="bbox 303 3304 1950 3389">
    <p class='ocr_par' dir='ltr' id='par_1_36' title="bbox 303 3304 1950 3389">
     <span class='ocr_line' id='line_1_36' title="bbox 303 3304 1950 3389; baseline -0.006 -17"><span class='ocrx_word' id='word_1_256' title='bbox 303 3316 548 3389; x_wconf 87' lang='lat' dir='ltr'>quidem</span> <span class='ocrx_word' id='word_1_257' title='bbox 581 3318 636 3369; x_wconf 91' lang='lat' dir='ltr'>et</span> <span class='ocrx_word' id='word_1_258' title='bbox 673 3311 793 3376; x_wconf 91' lang='lat' dir='ltr'>illa,</span> <span class='ocrx_word' id='word_1_259' title='bbox 819 3310 888 3365; x_wconf 89' lang='lat' dir='ltr'>de</span> <span class='ocrx_word' id='word_1_260' title='bbox 921 3308 1135 3379; x_wconf 89' lang='lat' dir='ltr'>quibus</span> <span class='ocrx_word' id='word_1_261' title='bbox 1165 3304 1337 3379; x_wconf 87' lang='lat' dir='ltr'>paulo</span> <span class='ocrx_word' id='word_1_262' title='bbox 1369 3311 1503 3360; x_wconf 86' lang='lat' dir='ltr'>ante</span> <span class='ocrx_word' id='word_1_263' title='bbox 1535 3306 1811 3374; x_wconf 85' lang='lat' dir='ltr'>tractavi;</span> <span class='ocrx_word' id='word_1_264' title='bbox 1845 3323 1950 3379; x_wconf 84' lang='lat' dir='ltr'>ego</span> 
     </span>
    </p>
   </div>
   <div class='ocr_carea' id='block_1_37' title="bbox 302 3394 1951 3467">
    <p class='ocr_par' dir='ltr' id='par_1_37' title="bbox 302 3394 1951 3467">
     <span class='ocr_line' id='line_1_37' title="bbox 302 3394 1951 3467; baseline -0.007 -5"><span class='ocrx_word' id='word_1_265' title='bbox 302 3413 506 3462; x_wconf 84' lang='lat' dir='ltr'>tamen</span> <span class='ocrx_word' id='word_1_266' title='bbox 532 3398 1014 3457; x_wconf 79' lang='lat' dir='ltr'>manifestissime</span> <span class='ocrx_word' id='word_1_267' title='bbox 1043 3411 1352 3467; x_wconf 89' lang='lat' dir='ltr'>cognosco,</span> <span class='ocrx_word' id='word_1_268' title='bbox 1387 3394 1524 3465; x_wconf 91' lang='lat' dir='ltr'>quia</span> <span class='ocrx_word' id='word_1_269' title='bbox 1553 3394 1700 3449; x_wconf 90' lang='lat' dir='ltr'>bene</span> <span class='ocrx_word' id='word_1_270' title='bbox 1730 3394 1839 3449; x_wconf 83' lang='lat' dir='ltr'>erit</span> <span class='ocrx_word' id='word_1_271' title='bbox 1858 3395 1951 3450; x_wconf 92' lang='lat' dir='ltr'>bis</span> 
     </span>
    </p>
   </div>
   <div class='ocr_carea' id='block_1_38' title="bbox 301 3483 1952 3566">
    <p class='ocr_par' dir='ltr' id='par_1_38' title="bbox 301 3483 1952 3566">
     <span class='ocr_line' id='line_1_38' title="bbox 301 3483 1952 3566; baseline -0.008 -17"><span class='ocrx_word' id='word_1_272' title='bbox 301 3494 407 3566; x_wconf 86' lang='lat' dir='ltr'>qui</span> <span class='ocrx_word' id='word_1_273' title='bbox 437 3492 648 3548; x_wconf 87' lang='lat' dir='ltr'>timent</span> <span class='ocrx_word' id='word_1_274' title='bbox 678 3506 711 3543; x_wconf 87' lang='lat' dir='ltr'>a</span> <span class='ocrx_word' id='word_1_275' title='bbox 742 3488 882 3543; x_wconf 78' lang='lat' dir='ltr'>facie</span> <span class='ocrx_word' id='word_1_276' title='bbox 913 3486 1011 3540; x_wconf 90' lang='lat' dir='ltr'>Dei</span> <span class='ocrx_word' id='word_1_277' title='bbox 1036 3502 1052 3560; x_wconf 65' lang='grc' dir='ltr'><em>ε</em></span> <span class='ocrx_word' id='word_1_278' title='bbox 1092 3485 1280 3539; x_wconf 77' lang='lat' dir='ltr'>Vultus</span> <span class='ocrx_word' id='word_1_279' title='bbox 1314 3485 1466 3537; x_wconf 88' lang='lat' dir='ltr'>enim</span> <span class='ocrx_word' id='word_1_280' title='bbox 1517 3483 1734 3536; x_wconf 83' lang='lat' dir='ltr'>Domini</span> <span class='ocrx_word' id='word_1_281' title='bbox 1787 3500 1952 3555; x_wconf 79' lang='lat' dir='ltr'>super</span> 
     </span>
    </p>
   </div>
   <div class='ocr_carea' id='block_1_39' title="bbox 304 3570 1948 3654">
    <p class='ocr_par' dir='ltr' id='par_1_39' title="bbox 304 3570 1948 3654">
     <span class='ocr_line' id='line_1_39' title="bbox 304 3570 1948 3654; baseline -0.007 -16"><span class='ocrx_word' id='word_1_282' title='bbox 304 3584 573 3654; x_wconf 81' lang='lat' dir='ltr'>facientes</span> <span class='ocrx_word' id='word_1_283' title='bbox 602 3578 753 3633; x_wconf 87' lang='lat' dir='ltr'>mala</span> <span class='ocrx_word' id='word_1_284' title='bbox 816 3575 985 3643; x_wconf 82' lang='lat' dir='ltr'>(Psal.</span> <span class='ocrx_word' id='word_1_285' title='bbox 1054 3589 1254 3637; x_wconf 84' lang='lat' dir='ltr'>xxxm,</span> <span class='ocrx_word' id='word_1_286' title='bbox 1332 3572 1433 3642; x_wconf 86' lang='lat' dir='ltr'>l7).</span> <span class='ocrx_word' id='word_1_287' title='bbox 1470 3571 1534 3625; x_wconf 87' lang='lat' dir='ltr'>Et</span> <span class='ocrx_word' id='word_1_288' title='bbox 1590 3570 1770 3642; x_wconf 91' lang='lat' dir='ltr'>impio</span> <span class='ocrx_word' id='word_1_289' title='bbox 1834 3589 1948 3627; x_wconf 91' lang='lat' dir='ltr'>non</span> 
     </span>
    </p>
   </div>
   <div class='ocr_carea' id='block_1_40' title="bbox 311 3659 1948 3730">
    <p class='ocr_par' dir='ltr' id='par_1_40' title="bbox 311 3659 1948 3730">
     <span class='ocr_line' id='line_1_40' title="bbox 311 3659 1948 3730; baseline -0.008 -4"><span class='ocrx_word' id='word_1_290' title='bbox 311 3671 428 3726; x_wconf 90' lang='lat' dir='ltr'>erit</span> <span class='ocrx_word' id='word_1_291' title='bbox 452 3671 631 3724; x_wconf 91' lang='lat' dir='ltr'>bene:</span> <span class='ocrx_word' id='word_1_292' title='bbox 666 3683 781 3721; x_wconf 89' lang='lat' dir='ltr'>non</span> <span class='ocrx_word' id='word_1_293' title='bbox 812 3664 969 3719; x_wconf 85' lang='lat' dir='ltr'>enim</span> <span class='ocrx_word' id='word_1_294' title='bbox 998 3662 1163 3717; x_wconf 88' lang='lat' dir='ltr'>timet</span> <span class='ocrx_word' id='word_1_295' title='bbox 1192 3678 1225 3715; x_wconf 90' lang='lat' dir='ltr'>a</span> <span class='ocrx_word' id='word_1_296' title='bbox 1256 3659 1399 3715; x_wconf 86' lang='lat' dir='ltr'>facie</span> <span class='ocrx_word' id='word_1_297' title='bbox 1436 3659 1553 3723; x_wconf 85' lang='lat' dir='ltr'>Dei,</span> <span class='ocrx_word' id='word_1_298' title='bbox 1586 3665 1642 3713; x_wconf 89' lang='lat' dir='ltr'>et</span> <span class='ocrx_word' id='word_1_299' title='bbox 1664 3675 1776 3713; x_wconf 92' lang='lat' dir='ltr'>non</span> <span class='ocrx_word' id='word_1_300' title='bbox 1819 3677 1948 3730; x_wconf 85' lang='lat' dir='ltr'>pro-</span> 
     </span>
    </p>
   </div>
   <div class='ocr_carea' id='block_1_41' title="bbox 310 3746 1950 3829">
    <p class='ocr_par' dir='ltr' id='par_1_41' title="bbox 310 3746 1950 3829">
     <span class='ocr_line' id='line_1_41' title="bbox 310 3746 1950 3829; baseline -0.008 -14"><span class='ocrx_word' id='word_1_301' title='bbox 310 3756 573 3829; x_wconf 85' lang='lat' dir='ltr'>longabit</span> <span class='ocrx_word' id='word_1_302' title='bbox 602 3754 728 3810; x_wconf 88' lang='lat' dir='ltr'>dies</span> <span class='ocrx_word' id='word_1_303' title='bbox 759 3754 816 3808; x_wconf 91' lang='lat' dir='ltr'>in</span> <span class='ocrx_word' id='word_1_304' title='bbox 847 3752 1079 3815; x_wconf 89' lang='lat' dir='ltr'>umbra,</span> <span class='ocrx_word' id='word_1_305' title='bbox 1131 3749 1240 3803; x_wconf 86' lang='lat' dir='ltr'>hoc</span> <span class='ocrx_word' id='word_1_306' title='bbox 1296 3752 1406 3812; x_wconf 85' lang='lat' dir='ltr'>est,</span> <span class='ocrx_word' id='word_1_307' title='bbox 1474 3747 1598 3801; x_wconf 90' lang='lat' dir='ltr'>dies</span> <span class='ocrx_word' id='word_1_308' title='bbox 1664 3746 1792 3801; x_wconf 69' lang='lat' dir='ltr'>vita:</span> <span class='ocrx_word' id='word_1_309' title='bbox 1833 3764 1950 3802; x_wconf 70' lang='lat' dir='ltr'>sua:</span> 
     </span>
    </p>
   </div>
   <div class='ocr_carea' id='block_1_42' title="bbox 306 3835 1947 3919">
    <p class='ocr_par' dir='ltr' id='par_1_42' title="bbox 306 3835 1947 3919">
     <span class='ocr_line' id='line_1_42' title="bbox 306 3835 1947 3919; baseline -0.009 -16"><span class='ocrx_word' id='word_1_310' title='bbox 306 3847 411 3919; x_wconf 88' lang='lat' dir='ltr'>qui</span> <span class='ocrx_word' id='word_1_311' title='bbox 436 3846 601 3918; x_wconf 86' lang='lat' dir='ltr'>quasi</span> <span class='ocrx_word' id='word_1_312' title='bbox 629 3843 837 3899; x_wconf 90' lang='lat' dir='ltr'>umbra</span> <span class='ocrx_word' id='word_1_313' title='bbox 868 3838 1195 3896; x_wconf 87' lang='lat' dir='ltr'>viventibus</span> <span class='ocrx_word' id='word_1_314' title='bbox 1227 3842 1383 3892; x_wconf 90' lang='lat' dir='ltr'>sunt.</span> <span class='ocrx_word' id='word_1_315' title='bbox 1452 3836 1575 3890; x_wconf 86' lang='lat' dir='ltr'>Non</span> <span class='ocrx_word' id='word_1_316' title='bbox 1643 3835 1798 3889; x_wconf 90' lang='lat' dir='ltr'>enim</span> <span class='ocrx_word' id='word_1_317' title='bbox 1868 3835 1947 3903; x_wconf 88' lang='lat' dir='ltr'>hi,</span> 
     </span>
    </p>
   </div>
   <div class='ocr_carea' id='block_1_43' title="bbox 302 3924 1948 4009">
    <p class='ocr_par' dir='ltr' id='par_1_43' title="bbox 302 3924 1948 4009">
     <span class='ocr_line' id='line_1_43' title="bbox 302 3924 1948 4009; baseline -0.008 -18"><span class='ocrx_word' id='word_1_318' title='bbox 302 3936 408 4009; x_wconf 88' lang='lat' dir='ltr'>qui</span> <span class='ocrx_word' id='word_1_319' title='bbox 435 3934 621 3990; x_wconf 92' lang='lat' dir='ltr'>multo</span> <span class='ocrx_word' id='word_1_320' title='bbox 652 3937 912 4003; x_wconf 90' lang='lat' dir='ltr'>tempore</span> <span class='ocrx_word' id='word_1_321' title='bbox 940 3927 1160 3997; x_wconf 89' lang='lat' dir='ltr'>vivunt,</span> <span class='ocrx_word' id='word_1_322' title='bbox 1193 3924 1542 3998; x_wconf 83' lang='lat' dir='ltr'>prolongant</span> <span class='ocrx_word' id='word_1_323' title='bbox 1571 3924 1695 3979; x_wconf 90' lang='lat' dir='ltr'>dies</span> <span class='ocrx_word' id='word_1_324' title='bbox 1754 3925 1948 3995; x_wconf 77' lang='lat' dir='ltr'>suos3,</span> 
     </span>
    </p>
   </div>
   <div class='ocr_carea' id='block_1_44' title="bbox 300 4015 1951 4095">
    <p class='ocr_par' dir='ltr' id='par_1_44' title="bbox 300 4015 1951 4095">
     <span class='ocr_line' id='line_1_44' title="bbox 300 4015 1951 4095; baseline -0.01 -12"><span class='ocrx_word' id='word_1_325' title='bbox 300 4026 406 4082; x_wconf 84' lang='lat' dir='ltr'>sed</span> <span class='ocrx_word' id='word_1_326' title='bbox 439 4023 542 4095; x_wconf 88' lang='lat' dir='ltr'>qui</span> <span class='ocrx_word' id='word_1_327' title='bbox 571 4021 822 4095; x_wconf 86' lang='lat' dir='ltr'>grandes</span> <span class='ocrx_word' id='word_1_328' title='bbox 844 4035 943 4074; x_wconf 91' lang='lat' dir='ltr'>eos</span> <span class='ocrx_word' id='word_1_329' title='bbox 966 4015 1187 4073; x_wconf 85' lang='lat' dir='ltr'>faciunt</span> <span class='ocrx_word' id='word_1_330' title='bbox 1212 4015 1496 4070; x_wconf 87' lang='lat' dir='ltr'>bonorum</span> <span class='ocrx_word' id='word_1_331' title='bbox 1522 4029 1762 4084; x_wconf 86' lang='lat' dir='ltr'>operum</span> <span class='ocrx_word' id='word_1_332' title='bbox 1788 4029 1951 4086; x_wconf 89' lang='lat' dir='ltr'>mag-</span> 
     </span>
    </p>
   </div>
   <div class='ocr_carea' id='block_1_45' title="bbox 298 4102 1953 4174">
    <p class='ocr_par' dir='ltr' id='par_1_45' title="bbox 298 4102 1953 4174">
     <span class='ocr_line' id='line_1_45' title="bbox 298 4102 1953 4174; baseline -0.009 -4"><span class='ocrx_word' id='word_1_333' title='bbox 298 4113 596 4171; x_wconf 87' lang='lat' dir='ltr'>nitudine.</span> <span class='ocrx_word' id='word_1_334' title='bbox 632 4110 794 4166; x_wconf 88' lang='lat' dir='ltr'>Unde</span> <span class='ocrx_word' id='word_1_335' title='bbox 826 4114 883 4163; x_wconf 88' lang='lat' dir='ltr'>et</span> <span class='ocrx_word' id='word_1_336' title='bbox 910 4105 1088 4161; x_wconf 86' lang='lat' dir='ltr'>Jacob</span> <span class='ocrx_word' id='word_1_337' title='bbox 1120 4102 1289 4174; x_wconf 88' lang='lat' dir='ltr'>quasi</span> <span class='ocrx_word' id='word_1_338' title='bbox 1312 4119 1373 4157; x_wconf 91' lang='lat' dir='ltr'>se</span> <span class='ocrx_word' id='word_1_339' title='bbox 1406 4105 1766 4173; x_wconf 82' lang='lat' dir='ltr'>peccatorem</span> <span class='ocrx_word' id='word_1_340' title='bbox 1810 4118 1953 4160; x_wconf 84' lang='lat' dir='ltr'>con-</span> 
     </span>
    </p>
   </div>
   <div class='ocr_carea' id='block_1_46' title="bbox 298 4188 1950 4270">
    <p class='ocr_par' dir='ltr' id='par_1_46' title="bbox 298 4188 1950 4270">
     <span class='ocr_line' id='line_1_46' title="bbox 298 4188 1950 4270; baseline -0.007 -13"><span class='ocrx_word' id='word_1_341' title='bbox 298 4201 500 4270; x_wconf 81' lang='lat' dir='ltr'>ﬁtens,</span> <span class='ocrx_word' id='word_1_342' title='bbox 534 4199 676 4253; x_wconf 90' lang='lat' dir='ltr'>dicit</span> <span class='ocrx_word' id='word_1_343' title='bbox 708 4215 721 4251; x_wconf 92' lang='lat'>:</span> <span class='ocrx_word' id='word_1_344' title='bbox 758 4197 926 4251; x_wconf 84' lang='lat' dir='ltr'>Parvi</span> <span class='ocrx_word' id='word_1_345' title='bbox 951 4198 1001 4249; x_wconf 89' lang='lat' dir='ltr'>et</span> <span class='ocrx_word' id='word_1_346' title='bbox 1030 4193 1168 4247; x_wconf 86' lang='lat' dir='ltr'>mali</span> <span class='ocrx_word' id='word_1_347' title='bbox 1186 4190 1302 4246; x_wconf 82' lang='lat' dir='ltr'>dies</span> <span class='ocrx_word' id='word_1_348' title='bbox 1325 4191 1435 4245; x_wconf 89' lang='lat' dir='ltr'>mei</span> <span class='ocrx_word' id='word_1_349' title='bbox 1464 4188 1613 4261; x_wconf 86' lang='lat' dir='ltr'>(Gen.</span> <span class='ocrx_word' id='word_1_350' title='bbox 1676 4208 1847 4260; x_wconf 72' lang='lat' dir='ltr'>xcvu,</span> <span class='ocrx_word' id='word_1_351' title='bbox 1876 4192 1950 4263; x_wconf 92' lang='lat'>9).</span> 
     </span>
    </p>
   </div>
   <div class='ocr_carea' id='block_1_47' title="bbox 299 4280 1957 4352">
    <p class='ocr_par' dir='ltr' id='par_1_47' title="bbox 299 4280 1957 4352">
     <span class='ocr_line' id='line_1_47' title="bbox 299 4280 1957 4352; baseline -0.006 -7"><span class='ocrx_word' id='word_1_352' title='bbox 299 4293 376 4346; x_wconf 82' lang='lat' dir='ltr'>Et</span> <span class='ocrx_word' id='word_1_353' title='bbox 399 4290 460 4344; x_wconf 91' lang='lat' dir='ltr'>in</span> <span class='ocrx_word' id='word_1_354' title='bbox 491 4287 722 4344; x_wconf 90' lang='lat' dir='ltr'>Psalmo</span> <span class='ocrx_word' id='word_1_355' title='bbox 758 4286 1045 4341; x_wconf 75' lang='lat' dir='ltr'>confitens</span> <span class='ocrx_word' id='word_1_356' title='bbox 1075 4282 1247 4349; x_wconf 86' lang='lat' dir='ltr'>(Psal.</span> <span class='ocrx_word' id='word_1_357' title='bbox 1282 4296 1357 4346; x_wconf 82' lang='lat' dir='ltr'>c1,</span> <span class='ocrx_word' id='word_1_358' title='bbox 1402 4280 1488 4350; x_wconf 82' lang='grc'>12)</span> <span class='ocrx_word' id='word_1_359' title='bbox 1524 4281 1704 4351; x_wconf 87' lang='lat' dir='ltr'>:Dies,</span> <span class='ocrx_word' id='word_1_360' title='bbox 1762 4280 1957 4352; x_wconf 90' lang='lat' dir='ltr'>inquit</span> 
     </span>
    </p>
   </div>
   <div class='ocr_carea' id='block_1_48' title="bbox 302 4367 1955 4439">
    <p class='ocr_par' dir='ltr' id='par_1_48' title="bbox 302 4367 1955 4439">
     <span class='ocr_line' id='line_1_48' title="bbox 302 4367 1955 4439; baseline -0.006 -4"><span class='ocrx_word' id='word_1_361' title='bbox 302 4380 423 4434; x_wconf 83' lang='lat' dir='ltr'>mei</span> <span class='ocrx_word' id='word_1_362' title='bbox 452 4379 597 4433; x_wconf 84' lang='lat' dir='ltr'>sicut</span> <span class='ocrx_word' id='word_1_363' title='bbox 619 4375 814 4431; x_wconf 85' lang='lat' dir='ltr'>umbra</span> <span class='ocrx_word' id='word_1_364' title='bbox 831 4373 1091 4427; x_wconf 78' lang='lat' dir='ltr'>inclinati</span> <span class='ocrx_word' id='word_1_365' title='bbox 1154 4370 1319 4425; x_wconf 73' lang='lat' dir='ltr'>sunt‘</span> <span class='ocrx_word' id='word_1_366' title='bbox 1386 4367 1492 4439; x_wconf 81' lang='lat' dir='ltr'>[AL</span> <span class='ocrx_word' id='word_1_367' title='bbox 1526 4370 1955 4439; x_wconf 85' lang='lat' dir='ltr'>declinaverunt]</span> 
     </span>
    </p>
   </div>
   <div class='ocr_carea' id='block_1_49' title="bbox 302 4457 1955 4537">
    <p class='ocr_par' dir='ltr' id='par_1_49' title="bbox 302 4457 1955 4537">
     <span class='ocr_line' id='line_1_49' title="bbox 302 4457 1955 4537; baseline -0.006 -14"><span class='ocrx_word' id='word_1_368' title='bbox 302 4471 363 4525; x_wconf 85' lang='lat' dir='ltr'>et</span> <span class='ocrx_word' id='word_1_369' title='bbox 391 4484 491 4537; x_wconf 84' lang='lat' dir='ltr'>ego</span> <span class='ocrx_word' id='word_1_370' title='bbox 520 4468 666 4521; x_wconf 84' lang='lat' dir='ltr'>sicut</span> <span class='ocrx_word' id='word_1_371' title='bbox 694 4466 885 4535; x_wconf 83' lang='lat' dir='ltr'>fenum</span> <span class='ocrx_word' id='word_1_372' title='bbox 913 4462 1064 4515; x_wconf 86' lang='lat' dir='ltr'>arui.</span> <span class='ocrx_word' id='word_1_373' title='bbox 1123 4459 1246 4513; x_wconf 91' lang='lat' dir='ltr'>Non</span> <span class='ocrx_word' id='word_1_374' title='bbox 1295 4459 1450 4529; x_wconf 91' lang='lat' dir='ltr'>quod</span> <span class='ocrx_word' id='word_1_375' title='bbox 1495 4457 1729 4529; x_wconf 87' lang='lat' dir='ltr'>longam</span> <span class='ocrx_word' id='word_1_376' title='bbox 1779 4457 1955 4513; x_wconf 89' lang='lat' dir='ltr'>vitam</span> 
     </span>
    </p>
   </div>
   <div class='ocr_carea' id='block_1_50' title="bbox 2062 571 3710 645">
    <p class='ocr_par' dir='ltr' id='par_1_50' title="bbox 2062 571 3710 645">
     <span class='ocr_line' id='line_1_50' title="bbox 2062 571 3710 645; baseline 0.001 -22"><span class='ocrx_word' id='word_1_377' title='bbox 2062 574 2203 624; x_wconf 89' lang='lat' dir='ltr'>sunt</span> <span class='ocrx_word' id='word_1_378' title='bbox 2232 571 2396 641; x_wconf 89' lang='lat' dir='ltr'>impii</span> <span class='ocrx_word' id='word_1_379' title='bbox 2422 573 2491 626; x_wconf 83' lang='lat' dir='ltr'>ad</span> <span class='ocrx_word' id='word_1_380' title='bbox 2538 589 2684 643; x_wconf 89' lang='lat' dir='ltr'>quos</span> <span class='ocrx_word' id='word_1_381' title='bbox 2715 574 3063 645; x_wconf 87' lang='lat' dir='ltr'>perveniunt</span> <span class='ocrx_word' id='word_1_382' title='bbox 3109 573 3273 644; x_wconf 88' lang='lat' dir='ltr'>quasi</span> <span class='ocrx_word' id='word_1_383' title='bbox 3325 574 3477 627; x_wconf 83' lang='lat' dir='ltr'>facta</span> <span class='ocrx_word' id='word_1_384' title='bbox 3521 572 3710 643; x_wconf 83' lang='lat' dir='ltr'>justo-</span> 
     </span>
    </p>
   </div>
   <div class='ocr_carea' id='block_1_51' title="bbox 2061 659 3708 731">
    <p class='ocr_par' dir='ltr' id='par_1_51' title="bbox 2061 659 3708 731">
     <span class='ocr_line' id='line_1_51' title="bbox 2061 659 3708 731; baseline 0.002 -20"><span class='ocrx_word' id='word_1_385' title='bbox 2061 674 2216 712; x_wconf 73' lang='lat' dir='ltr'>rum.</span> <span class='ocrx_word' id='word_1_386' title='bbox 2246 659 2373 713; x_wconf 87' lang='lat' dir='ltr'>Dixi</span> <span class='ocrx_word' id='word_1_387' title='bbox 2396 661 2537 731; x_wconf 90' lang='lat' dir='ltr'>quia</span> <span class='ocrx_word' id='word_1_388' title='bbox 2565 666 2624 716; x_wconf 91' lang='lat' dir='ltr'>et</span> <span class='ocrx_word' id='word_1_389' title='bbox 2656 661 2762 716; x_wconf 89' lang='lat' dir='ltr'>hoc</span> <span class='ocrx_word' id='word_1_390' title='bbox 2792 662 3019 716; x_wconf 83' lang='lat' dir='ltr'>vanitas</span> <span class='ocrx_word' id='word_1_391' title='bbox 3085 667 3192 717; x_wconf 92' lang='lat' dir='ltr'>est.</span> <span class='ocrx_word' id='word_1_392' title='bbox 3250 662 3403 716; x_wconf 90' lang='lat' dir='ltr'>[nter</span> <span class='ocrx_word' id='word_1_393' title='bbox 3466 664 3708 715; x_wconf 67' lang='lat' dir='ltr'>caeteras</span> 
     </span>
    </p>
   </div>
   <div class='ocr_carea' id='block_1_52' title="bbox 2062 745 3706 818">
    <p class='ocr_par' dir='ltr' id='par_1_52' title="bbox 2062 745 3706 818">
     <span class='ocr_line' id='line_1_52' title="bbox 2062 745 3706 818; baseline 0.003 -21"><span class='ocrx_word' id='word_1_394' title='bbox 2062 745 2365 812; x_wconf 85' lang='lat' dir='ltr'>vanitates,</span> <span class='ocrx_word' id='word_1_395' title='bbox 2400 747 2613 818; x_wconf 44' lang='lat' dir='ltr'>quagin</span> <span class='ocrx_word' id='word_1_396' title='bbox 2646 750 2866 803; x_wconf 88' lang='lat' dir='ltr'>mundo</span> <span class='ocrx_word' id='word_1_397' title='bbox 2927 749 3086 804; x_wconf 90' lang='lat' dir='ltr'>vario</span> <span class='ocrx_word' id='word_1_398' title='bbox 3153 750 3419 804; x_wconf 85' lang='lat' dir='ltr'>feruntur</span> <span class='ocrx_word' id='word_1_399' title='bbox 3477 750 3706 814; x_wconf 89' lang='lat' dir='ltr'>eventu,</span> 
     </span>
    </p>
   </div>
   <div class='ocr_carea' id='block_1_53' title="bbox 2061 833 3706 908">
    <p class='ocr_par' dir='ltr' id='par_1_53' title="bbox 2061 833 3706 908">
     <span class='ocr_line' id='line_1_53' title="bbox 2061 833 3706 908; baseline 0.003 -22"><span class='ocrx_word' id='word_1_400' title='bbox 2061 835 2236 887; x_wconf 87' lang='lat' dir='ltr'>etiam</span> <span class='ocrx_word' id='word_1_401' title='bbox 2269 833 2376 888; x_wconf 90' lang='lat' dir='ltr'>hoc</span> <span class='ocrx_word' id='word_1_402' title='bbox 2400 835 2774 905; x_wconf 88' lang='lat' dir='ltr'>deprehendi,</span> <span class='ocrx_word' id='word_1_403' title='bbox 2809 838 2963 908; x_wconf 91' lang='lat' dir='ltr'>quod</span> <span class='ocrx_word' id='word_1_404' title='bbox 3007 836 3188 908; x_wconf 91' lang='lat' dir='ltr'>justis</span> <span class='ocrx_word' id='word_1_405' title='bbox 3253 853 3321 892; x_wconf 91' lang='lat' dir='ltr'>ea</span> <span class='ocrx_word' id='word_1_406' title='bbox 3374 837 3529 892; x_wconf 74' lang='lat'>456</span> <span class='ocrx_word' id='word_1_407' title='bbox 3594 836 3706 891; x_wconf 84' lang='lat' dir='ltr'>fre-</span> 
     </span>
    </p>
   </div>
   <div class='ocr_carea' id='block_1_54' title="bbox 2060 923 3708 997">
    <p class='ocr_par' dir='ltr' id='par_1_54' title="bbox 2060 923 3708 997">
     <span class='ocr_line' id='line_1_54' title="bbox 2060 923 3708 997; baseline 0.003 -24"><span class='ocrx_word' id='word_1_408' title='bbox 2060 928 2306 990; x_wconf 87' lang='lat' dir='ltr'>quenter</span> <span class='ocrx_word' id='word_1_409' title='bbox 2326 923 2625 991; x_wconf 82' lang='lat' dir='ltr'>eveniunt,</span> <span class='ocrx_word' id='word_1_410' title='bbox 2655 941 2778 995; x_wconf 73' lang='lat' dir='ltr'>quae</span> <span class='ocrx_word' id='word_1_411' title='bbox 2810 925 3008 997; x_wconf 89' lang='lat' dir='ltr'>impiis</span> <span class='ocrx_word' id='word_1_412' title='bbox 3074 926 3299 982; x_wconf 90' lang='lat' dir='ltr'>evenire</span> <span class='ocrx_word' id='word_1_413' title='bbox 3364 925 3708 991; x_wconf 85' lang='lat' dir='ltr'>debuerant,</span> 
     </span>
    </p>
   </div>
   <div class='ocr_carea' id='block_1_55' title="bbox 2060 1008 3707 1086">
    <p class='ocr_par' dir='ltr' id='par_1_55' title="bbox 2060 1008 3707 1086">
     <span class='ocr_line' id='line_1_55' title="bbox 2060 1008 3707 1086; baseline 0.004 -25"><span class='ocrx_word' id='word_1_414' title='bbox 2060 1012 2117 1062; x_wconf 90' lang='lat' dir='ltr'>et</span> <span class='ocrx_word' id='word_1_415' title='bbox 2146 1008 2309 1079; x_wconf 91' lang='lat' dir='ltr'>impii</span> <span class='ocrx_word' id='word_1_416' title='bbox 2342 1014 2460 1065; x_wconf 90' lang='lat' dir='ltr'>tam</span> <span class='ocrx_word' id='word_1_417' title='bbox 2493 1011 2734 1067; x_wconf 81' lang='lat' dir='ltr'>feliciter</span> <span class='ocrx_word' id='word_1_418' title='bbox 2764 1013 2821 1068; x_wconf 88' lang='lat' dir='ltr'>in</span> <span class='ocrx_word' id='word_1_419' title='bbox 2856 1014 2964 1069; x_wconf 90' lang='lat' dir='ltr'>hoc</span> <span class='ocrx_word' id='word_1_420' title='bbox 2996 1015 3214 1069; x_wconf 90' lang='lat' dir='ltr'>mundo</span> <span class='ocrx_word' id='word_1_421' title='bbox 3240 1014 3480 1086; x_wconf 89' lang='lat' dir='ltr'>degunt,</span> <span class='ocrx_word' id='word_1_422' title='bbox 3513 1016 3578 1068; x_wconf 89' lang='lat' dir='ltr'>ut</span> <span class='ocrx_word' id='word_1_423' title='bbox 3606 1028 3707 1068; x_wconf 89' lang='lat' dir='ltr'>eos</span> 
     </span>
    </p>
   </div>
   <div class='ocr_carea' id='block_1_56' title="bbox 2060 1099 3708 1173">
    <p class='ocr_par' dir='ltr' id='par_1_56' title="bbox 2060 1099 3708 1173">
     <span class='ocr_line' id='line_1_56' title="bbox 2060 1099 3708 1173; baseline 0.004 -22"><span class='ocrx_word' id='word_1_424' title='bbox 2060 1102 2228 1167; x_wconf 88' lang='lat' dir='ltr'>putes</span> <span class='ocrx_word' id='word_1_425' title='bbox 2256 1114 2385 1153; x_wconf 92' lang='lat' dir='ltr'>esse</span> <span class='ocrx_word' id='word_1_426' title='bbox 2432 1099 2818 1170; x_wconf 87' lang='lat' dir='ltr'>justissimos.</span> <span class='ocrx_word' id='word_1_427' title='bbox 2862 1103 3029 1158; x_wconf 90' lang='lat' dir='ltr'>Dabit</span> <span class='ocrx_word' id='word_1_428' title='bbox 3090 1101 3423 1173; x_wconf 84' lang='lat' dir='ltr'>exemplum</span> <span class='ocrx_word' id='word_1_429' title='bbox 3444 1101 3708 1173; x_wconf 85' lang='lat' dir='ltr'>Evange-</span> 
     </span>
    </p>
   </div>
   <div class='ocr_carea' id='block_1_57' title="bbox 2059 1182 3702 1263">
    <p class='ocr_par' dir='ltr' id='par_1_57' title="bbox 2059 1182 3702 1263">
     <span class='ocr_line' id='line_1_57' title="bbox 2059 1182 3702 1263; baseline 0.004 -25"><span class='ocrx_word' id='word_1_430' title='bbox 2059 1182 2203 1239; x_wconf 90' lang='lat' dir='ltr'>lium</span> <span class='ocrx_word' id='word_1_431' title='bbox 2237 1186 2432 1241; x_wconf 90' lang='lat' dir='ltr'>divitis</span> <span class='ocrx_word' id='word_1_432' title='bbox 2472 1189 2799 1260; x_wconf 83' lang='lat' dir='ltr'>purpurati,</span> <span class='ocrx_word' id='word_1_433' title='bbox 2833 1195 2890 1245; x_wconf 93' lang='lat' dir='ltr'>et</span> <span class='ocrx_word' id='word_1_434' title='bbox 2942 1191 3219 1263; x_wconf 89' lang='lat' dir='ltr'>pauperis</span> <span class='ocrx_word' id='word_1_435' title='bbox 3290 1191 3486 1245; x_wconf 87' lang='lat' dir='ltr'>Lazari</span> <span class='ocrx_word' id='word_1_436' title='bbox 3548 1190 3702 1261; x_wconf 87' lang='lat' dir='ltr'>(Luc.</span> 
     </span>
    </p>
   </div>
   <div class='ocr_carea' id='block_1_58' title="bbox 2058 1272 3705 1350">
    <p class='ocr_par' dir='ltr' id='par_1_58' title="bbox 2058 1272 3705 1350">
     <span class='ocr_line' id='line_1_58' title="bbox 2058 1272 3705 1350; baseline 0.004 -24"><span class='ocrx_word' id='word_1_437' title='bbox 2058 1272 2196 1344; x_wconf 77' lang='lat' dir='ltr'>xw).</span> <span class='ocrx_word' id='word_1_438' title='bbox 2230 1274 2619 1347; x_wconf 80' lang='lat' dir='ltr'>Septuagesinr</span> <span class='ocrx_word' id='word_1_439' title='bbox 2640 1295 2708 1332; x_wconf 92' lang='lat' dir='ltr'>us</span> <span class='ocrx_word' id='word_1_440' title='bbox 2738 1294 2970 1350; x_wconf 89' lang='lat' dir='ltr'>quoque</span> <span class='ocrx_word' id='word_1_441' title='bbox 3005 1280 3303 1335; x_wconf 88' lang='lat' dir='ltr'>secundus</span> <span class='ocrx_word' id='word_1_442' title='bbox 3336 1277 3603 1349; x_wconf 84' lang='lat' dir='ltr'>psalmus</span> <span class='ocrx_word' id='word_1_443' title='bbox 3633 1277 3705 1332; x_wconf 91' lang='lat' dir='ltr'>de</span> 
     </span>
    </p>
   </div>
   <div class='ocr_carea' id='block_1_59' title="bbox 2060 1362 3703 1435">
    <p class='ocr_par' dir='ltr' id='par_1_59' title="bbox 2060 1362 3703 1435">
     <span class='ocr_line' id='line_1_59' title="bbox 2060 1362 3703 1435; baseline 0.004 -20"><span class='ocrx_word' id='word_1_444' title='bbox 2060 1362 2169 1417; x_wconf 89' lang='lat' dir='ltr'>hac</span> <span class='ocrx_word' id='word_1_445' title='bbox 2203 1379 2261 1416; x_wconf 91' lang='lat' dir='ltr'>re</span> <span class='ocrx_word' id='word_1_446' title='bbox 2292 1363 2554 1434; x_wconf 90' lang='lat' dir='ltr'>disputat</span> <span class='ocrx_word' id='word_1_447' title='bbox 2586 1367 2931 1435; x_wconf 90' lang='lat' dir='ltr'>:curjustis</span> <span class='ocrx_word' id='word_1_448' title='bbox 2964 1368 3257 1422; x_wconf 89' lang='lat' dir='ltr'>interdum</span> <span class='ocrx_word' id='word_1_449' title='bbox 3291 1365 3466 1431; x_wconf 73' lang='lat' dir='ltr'>mala,</span> <span class='ocrx_word' id='word_1_450' title='bbox 3500 1370 3557 1420; x_wconf 93' lang='lat' dir='ltr'>et</span> <span class='ocrx_word' id='word_1_451' title='bbox 3593 1365 3703 1421; x_wconf 87' lang='lat' dir='ltr'>im-</span> 
     </span>
    </p>
   </div>
   <div class='ocr_carea' id='block_1_60' title="bbox 2063 1450 3704 1527">
    <p class='ocr_par' dir='ltr' id='par_1_60' title="bbox 2063 1450 3704 1527">
     <span class='ocr_line' id='line_1_60' title="bbox 2063 1450 3704 1527; baseline 0.002 -23"><span class='ocrx_word' id='word_1_452' title='bbox 2063 1450 2174 1520; x_wconf 90' lang='lat' dir='ltr'>piis</span> <span class='ocrx_word' id='word_1_453' title='bbox 2216 1452 2485 1507; x_wconf 85' lang='lat' dir='ltr'>eveniant</span> <span class='ocrx_word' id='word_1_454' title='bbox 2514 1453 2684 1508; x_wconf 85' lang='lat' dir='ltr'>bona.</span> <span class='ocrx_word' id='word_1_455' title='bbox 2720 1455 2827 1509; x_wconf 89' lang='lat' dir='ltr'>Pro</span> <span class='ocrx_word' id='word_1_456' title='bbox 2858 1471 2923 1510; x_wconf 92' lang='lat' dir='ltr'>eo</span> <span class='ocrx_word' id='word_1_457' title='bbox 2948 1461 3165 1522; x_wconf 89' lang='lat' dir='ltr'>autem,</span> <span class='ocrx_word' id='word_1_458' title='bbox 3192 1456 3344 1527; x_wconf 89' lang='lat' dir='ltr'>quod</span> <span class='ocrx_word' id='word_1_459' title='bbox 3377 1472 3484 1510; x_wconf 90' lang='lat' dir='ltr'>nos</span> <span class='ocrx_word' id='word_1_460' title='bbox 3506 1454 3704 1526; x_wconf 82' lang='lat' dir='ltr'>posui-</span> 
     </span>
    </p>
   </div>
   <div class='ocr_carea' id='block_1_61' title="bbox 2063 1540 3737 1617">
    <p class='ocr_par' dir='ltr' id='par_1_61' title="bbox 2063 1540 3737 1617">
     <span class='ocr_line' id='line_1_61' title="bbox 2063 1540 3737 1617; baseline 0.003 -25"><span class='ocrx_word' id='word_1_461' title='bbox 2063 1555 2197 1594; x_wconf 92' lang='lat' dir='ltr'>mus</span> <span class='ocrx_word' id='word_1_462' title='bbox 2227 1554 2240 1592; x_wconf 94' lang='lat'>:</span> <span class='ocrx_word' id='word_1_463' title='bbox 2285 1562 2312 1589; x_wconf 88' lang='grc'>‹‹</span> <span class='ocrx_word' id='word_1_464' title='bbox 2349 1540 2445 1595; x_wconf 86' lang='lat' dir='ltr'>Est</span> <span class='ocrx_word' id='word_1_465' title='bbox 2473 1542 2716 1609; x_wconf 86' lang='lat' dir='ltr'>vanitas,</span> <span class='ocrx_word' id='word_1_466' title='bbox 2751 1560 2878 1614; x_wconf 69' lang='lat' dir='ltr'>quae</span> <span class='ocrx_word' id='word_1_467' title='bbox 2911 1544 2976 1598; x_wconf 79' lang='lat' dir='ltr'>lit</span> <span class='ocrx_word' id='word_1_468' title='bbox 3015 1561 3190 1615; x_wconf 89' lang='lat' dir='ltr'>super</span> <span class='ocrx_word' id='word_1_469' title='bbox 3221 1549 3459 1607; x_wconf 89' lang='lat' dir='ltr'>terram,</span> <span class='ocrx_word' id='word_1_470' title='bbox 3496 1565 3523 1591; x_wconf 85' lang='lat'>»</span> <span class='ocrx_word' id='word_1_471' title='bbox 3546 1543 3709 1615; x_wconf 78' lang='lat' dir='ltr'>Sym-</span> <span class='ocrx_word' id='word_1_472' title='bbox 3736 1612 3737 1617; x_wconf 17' lang='grc' dir='ltr'><strong>η</strong></span> 
     </span>
    </p>
   </div>
   <div class='ocr_carea' id='block_1_62' title="bbox 2065 1626 3710 1698">
    <p class='ocr_par' dir='ltr' id='par_1_62' title="bbox 2065 1626 3710 1698">
     <span class='ocr_line' id='line_1_62' title="bbox 2065 1626 3710 1698; baseline 0.003 -18"><span class='ocrx_word' id='word_1_473' title='bbox 2065 1626 2311 1681; x_wconf 88' lang='lat' dir='ltr'>machus</span> <span class='ocrx_word' id='word_1_474' title='bbox 2342 1628 2606 1684; x_wconf 90' lang='lat' dir='ltr'>absolute</span> <span class='ocrx_word' id='word_1_475' title='bbox 2639 1631 2959 1698; x_wconf 88' lang='lat' dir='ltr'>transtulit,</span> <span class='ocrx_word' id='word_1_476' title='bbox 2991 1633 3229 1688; x_wconf 89' lang='lat' dir='ltr'>dicens:</span> <span class='ocrx_word' id='word_1_477' title='bbox 3265 1654 3291 1680; x_wconf 84' lang='lat'><strong>«</strong></span> <span class='ocrx_word' id='word_1_478' title='bbox 3325 1632 3427 1686; x_wconf 89' lang='lat' dir='ltr'>Est</span> <span class='ocrx_word' id='word_1_479' title='bbox 3474 1628 3710 1685; x_wconf 78' lang='lat' dir='ltr'>diliicile</span> 
     </span>
    </p>
   </div>
   <div class='ocr_carea' id='block_1_63' title="bbox 2063 1714 3710 1789">
    <p class='ocr_par' dir='ltr' id='par_1_63' title="bbox 2063 1714 3710 1789">
     <span class='ocr_line' id='line_1_63' title="bbox 2063 1714 3710 1789; baseline 0.002 -21"><span class='ocrx_word' id='word_1_480' title='bbox 2063 1714 2297 1786; x_wconf 87' lang='lat' dir='ltr'>cognitu</span> <span class='ocrx_word' id='word_1_481' title='bbox 2337 1716 2492 1786; x_wconf 91' lang='lat' dir='ltr'>quod</span> <span class='ocrx_word' id='word_1_482' title='bbox 2526 1715 2590 1770; x_wconf 83' lang='lat' dir='ltr'>ﬁt</span> <span class='ocrx_word' id='word_1_483' title='bbox 2619 1734 2797 1788; x_wconf 85' lang='lat' dir='ltr'>super</span> <span class='ocrx_word' id='word_1_484' title='bbox 2856 1723 3090 1789; x_wconf 88' lang='lat' dir='ltr'>terram,</span> <span class='ocrx_word' id='word_1_485' title='bbox 3117 1740 3145 1769; x_wconf 90' lang='grc'><strong>››</strong></span> <span class='ocrx_word' id='word_1_486' title='bbox 3208 1718 3451 1785; x_wconf 65' lang='lat' dir='ltr'>Hebraei,</span> <span class='ocrx_word' id='word_1_487' title='bbox 3514 1718 3710 1787; x_wconf 86' lang='lat' dir='ltr'>justos</span> 
     </span>
    </p>
   </div>
   <div class='ocr_carea' id='block_1_64' title="bbox 2065 1802 3707 1878">
    <p class='ocr_par' dir='ltr' id='par_1_64' title="bbox 2065 1802 3707 1878">
     <span class='ocr_line' id='line_1_64' title="bbox 2065 1802 3707 1878; baseline 0.002 -22"><span class='ocrx_word' id='word_1_488' title='bbox 2065 1802 2619 1874; x_wconf 71' lang='lat' dir='ltr'>quibus5eveniant</span> <span class='ocrx_word' id='word_1_489' title='bbox 2650 1805 2825 1872; x_wconf 91' lang='lat' dir='ltr'>mala,</span> <span class='ocrx_word' id='word_1_490' title='bbox 2875 1812 2931 1861; x_wconf 88' lang='lat' dir='ltr'>et</span> <span class='ocrx_word' id='word_1_491' title='bbox 2995 1807 3207 1878; x_wconf 76' lang='lat' dir='ltr'>impios</span> <span class='ocrx_word' id='word_1_492' title='bbox 3274 1806 3491 1877; x_wconf 89' lang='lat' dir='ltr'>quibus</span> <span class='ocrx_word' id='word_1_493' title='bbox 3548 1820 3707 1860; x_wconf 91' lang='lat' dir='ltr'>acce—</span> 
     </span>
    </p>
   </div>
   <div class='ocr_carea' id='block_1_65' title="bbox 2064 1893 3707 1966">
    <p class='ocr_par' dir='ltr' id='par_1_65' title="bbox 2064 1893 3707 1966">
     <span class='ocr_line' id='line_1_65' title="bbox 2064 1893 3707 1966; baseline 0.001 -19"><span class='ocrx_word' id='word_1_494' title='bbox 2064 1894 2207 1947; x_wconf 89' lang='lat' dir='ltr'>dant</span> <span class='ocrx_word' id='word_1_495' title='bbox 2238 1909 2410 1963; x_wconf 82' lang='lat' dir='ltr'>opera</span> <span class='ocrx_word' id='word_1_496' title='bbox 2432 1893 2754 1963; x_wconf 87' lang='lat' dir='ltr'>justorum,</span> <span class='ocrx_word' id='word_1_497' title='bbox 2789 1894 2941 1950; x_wconf 81' lang='lat' dir='ltr'>ﬁlios</span> <span class='ocrx_word' id='word_1_498' title='bbox 2989 1897 3178 1950; x_wconf 88' lang='lat' dir='ltr'>Aaron</span> <span class='ocrx_word' id='word_1_499' title='bbox 3223 1894 3707 1966; x_wconf 83' lang='lat' dir='ltr'>interpretantur,</span> 
     </span>
    </p>
   </div>
   <div class='ocr_carea' id='block_1_66' title="bbox 2063 1980 3711 2053">
    <p class='ocr_par' dir='ltr' id='par_1_66' title="bbox 2063 1980 3711 2053">
     <span class='ocr_line' id='line_1_66' title="bbox 2063 1980 3711 2053; baseline 0.002 -20"><span class='ocrx_word' id='word_1_500' title='bbox 2063 1989 2118 2033; x_wconf 89' lang='lat' dir='ltr'>et</span> <span class='ocrx_word' id='word_1_501' title='bbox 2149 1980 2480 2047; x_wconf 84' lang='lat' dir='ltr'>Manassen,</span> <span class='ocrx_word' id='word_1_502' title='bbox 2525 1983 2678 2052; x_wconf 84' lang='lat' dir='ltr'>quod</span> <span class='ocrx_word' id='word_1_503' title='bbox 2730 1982 2810 2036; x_wconf 91' lang='lat' dir='ltr'>illi</span> <span class='ocrx_word' id='word_1_504' title='bbox 2862 1983 3259 2038; x_wconf 82' lang='lat' dir='ltr'>sacrificantes</span> <span class='ocrx_word' id='word_1_505' title='bbox 3310 1983 3609 2053; x_wconf 90' lang='lat' dir='ltr'>perierint,</span> <span class='ocrx_word' id='word_1_506' title='bbox 3653 1987 3711 2037; x_wconf 92' lang='lat' dir='ltr'>et</span> 
     </span>
    </p>
   </div>
   <div class='ocr_carea' id='block_1_67' title="bbox 2061 2067 3701 2142">
    <p class='ocr_par' dir='ltr' id='par_1_67' title="bbox 2061 2067 3701 2142">
     <span class='ocr_line' id='line_1_67' title="bbox 2061 2067 3701 2142; baseline 0.002 -21"><span class='ocrx_word' id='word_1_507' title='bbox 2061 2067 2170 2122; x_wconf 89' lang='lat' dir='ltr'>iste</span> <span class='ocrx_word' id='word_1_508' title='bbox 2206 2073 2335 2138; x_wconf 87' lang='lat' dir='ltr'>post</span> <span class='ocrx_word' id='word_1_509' title='bbox 2362 2072 2525 2123; x_wconf 88' lang='lat' dir='ltr'>tanta</span> <span class='ocrx_word' id='word_1_510' title='bbox 2547 2069 2702 2124; x_wconf 88' lang='lat' dir='ltr'>mala</span> <span class='ocrx_word' id='word_1_511' title='bbox 2731 2075 2788 2125; x_wconf 91' lang='lat' dir='ltr'>et</span> <span class='ocrx_word' id='word_1_512' title='bbox 2818 2070 3213 2141; x_wconf 86' lang='lat' dir='ltr'>captivitatem</span> <span class='ocrx_word' id='word_1_513' title='bbox 3268 2069 3327 2124; x_wconf 93' lang='lat' dir='ltr'>in</span> <span class='ocrx_word' id='word_1_514' title='bbox 3386 2070 3701 2142; x_wconf 88' lang='lat' dir='ltr'>imperium</span> 
     </span>
    </p>
   </div>
   <div class='ocr_carea' id='block_1_68' title="bbox 2061 2156 2497 2211">
    <p class='ocr_par' dir='ltr' id='par_1_68' title="bbox 2061 2156 2497 2211">
     <span class='ocr_line' id='line_1_68' title="bbox 2061 2156 2497 2211; baseline 0 -1"><span class='ocrx_word' id='word_1_515' title='bbox 2061 2156 2373 2210; x_wconf 85' lang='lat' dir='ltr'>restitutus</span> <span class='ocrx_word' id='word_1_516' title='bbox 2404 2157 2497 2211; x_wconf 90' lang='lat' dir='ltr'>sit.</span> 
     </span>
    </p>
   </div>
   <div class='ocr_carea' id='block_1_69' title="bbox 2134 2243 3703 2318">
    <p class='ocr_par' dir='ltr' id='par_1_69' title="bbox 2134 2243 3703 2318">
     <span class='ocr_line' id='line_1_69' title="bbox 2134 2243 3703 2318; baseline 0.002 -21"><span class='ocrx_word' id='word_1_517' title='bbox 2134 2268 2159 2291; x_wconf 93' lang='grc'>‹‹</span> <span class='ocrx_word' id='word_1_518' title='bbox 2196 2244 2262 2297; x_wconf 88' lang='lat' dir='ltr'>Et</span> <span class='ocrx_word' id='word_1_519' title='bbox 2290 2243 2518 2300; x_wconf 91' lang='lat' dir='ltr'>laudavi</span> <span class='ocrx_word' id='word_1_520' title='bbox 2547 2262 2651 2317; x_wconf 87' lang='lat' dir='ltr'>ego</span> <span class='ocrx_word' id='word_1_521' title='bbox 2684 2244 2968 2302; x_wconf 64' lang='lat' dir='ltr'>laetitiam:</span> <span class='ocrx_word' id='word_1_522' title='bbox 3004 2247 3141 2318; x_wconf 87' lang='lat' dir='ltr'>quia</span> <span class='ocrx_word' id='word_1_523' title='bbox 3175 2263 3288 2302; x_wconf 88' lang='lat' dir='ltr'>non</span> <span class='ocrx_word' id='word_1_524' title='bbox 3347 2251 3437 2302; x_wconf 88' lang='lat' dir='ltr'>est</span> <span class='ocrx_word' id='word_1_525' title='bbox 3482 2248 3703 2301; x_wconf 90' lang='lat' dir='ltr'>bonum</span> 
     </span>
    </p>
   </div>
   <div class='ocr_carea' id='block_1_70' title="bbox 2061 2332 3703 2404">
    <p class='ocr_par' dir='ltr' id='par_1_70' title="bbox 2061 2332 3703 2404">
     <span class='ocr_line' id='line_1_70' title="bbox 2061 2332 3703 2404; baseline 0.001 -17"><span class='ocrx_word' id='word_1_526' title='bbox 2061 2332 2284 2387; x_wconf 90' lang='lat' dir='ltr'>homini</span> <span class='ocrx_word' id='word_1_527' title='bbox 2319 2334 2427 2387; x_wconf 87' lang='lat' dir='ltr'>sub</span> <span class='ocrx_word' id='word_1_528' title='bbox 2465 2333 2605 2401; x_wconf 88' lang='lat' dir='ltr'>sole,</span> <span class='ocrx_word' id='word_1_529' title='bbox 2637 2334 2747 2389; x_wconf 90' lang='lat' dir='ltr'>nisi</span> <span class='ocrx_word' id='word_1_530' title='bbox 2770 2336 3093 2404; x_wconf 87' lang='lat' dir='ltr'>comedere,</span> <span class='ocrx_word' id='word_1_531' title='bbox 3117 2340 3174 2389; x_wconf 91' lang='lat' dir='ltr'>et</span> <span class='ocrx_word' id='word_1_532' title='bbox 3203 2335 3420 2400; x_wconf 91' lang='lat' dir='ltr'>bibere,</span> <span class='ocrx_word' id='word_1_533' title='bbox 3486 2340 3543 2389; x_wconf 91' lang='lat' dir='ltr'>et</span> <span class='ocrx_word' id='word_1_534' title='bbox 3609 2334 3703 2389; x_wconf 61' lang='lat' dir='ltr'>lai-</span> 
     </span>
    </p>
   </div>
   <div class='ocr_carea' id='block_1_71' title="bbox 2060 2420 3705 2494">
    <p class='ocr_par' dir='ltr' id='par_1_71' title="bbox 2060 2420 3705 2494">
     <span class='ocr_line' id='line_1_71' title="bbox 2060 2420 3705 2494; baseline 0 -17"><span class='ocrx_word' id='word_1_535' title='bbox 2060 2421 2191 2477; x_wconf 89' lang='lat' dir='ltr'>tari.</span> <span class='ocrx_word' id='word_1_536' title='bbox 2239 2422 2307 2476; x_wconf 87' lang='lat' dir='ltr'>Et</span> <span class='ocrx_word' id='word_1_537' title='bbox 2340 2420 2536 2491; x_wconf 90' lang='lat' dir='ltr'>ipsum</span> <span class='ocrx_word' id='word_1_538' title='bbox 2568 2422 2901 2494; x_wconf 88' lang='lat' dir='ltr'>egredietur</span> <span class='ocrx_word' id='word_1_539' title='bbox 2931 2440 3064 2477; x_wconf 92' lang='lat' dir='ltr'>cum</span> <span class='ocrx_word' id='word_1_540' title='bbox 3101 2439 3167 2478; x_wconf 92' lang='lat' dir='ltr'>eo</span> <span class='ocrx_word' id='word_1_541' title='bbox 3198 2423 3270 2478; x_wconf 91' lang='lat' dir='ltr'>de</span> <span class='ocrx_word' id='word_1_542' title='bbox 3334 2422 3534 2478; x_wconf 85' lang='lat' dir='ltr'>labore</span> <span class='ocrx_word' id='word_1_543' title='bbox 3597 2438 3705 2479; x_wconf 90' lang='lat' dir='ltr'>suo</span> 
     </span>
    </p>
   </div>
   <div class='ocr_carea' id='block_1_72' title="bbox 2061 2509 3702 2581">
    <p class='ocr_par' dir='ltr' id='par_1_72' title="bbox 2061 2509 3702 2581">
     <span class='ocr_line' id='line_1_72' title="bbox 2061 2509 3702 2581; baseline -0.001 -16"><span class='ocrx_word' id='word_1_544' title='bbox 2061 2510 2269 2565; x_wconf 91' lang='lat' dir='ltr'>diebus</span> <span class='ocrx_word' id='word_1_545' title='bbox 2299 2509 2425 2564; x_wconf 61' lang='lat' dir='ltr'>vitae</span> <span class='ocrx_word' id='word_1_546' title='bbox 2456 2527 2594 2577; x_wconf 70' lang='lat' dir='ltr'>sum,</span> <span class='ocrx_word' id='word_1_547' title='bbox 2624 2527 2771 2581; x_wconf 91' lang='lat' dir='ltr'>quos</span> <span class='ocrx_word' id='word_1_548' title='bbox 2802 2510 2960 2565; x_wconf 87' lang='lat' dir='ltr'>dedit</span> <span class='ocrx_word' id='word_1_549' title='bbox 3006 2511 3058 2565; x_wconf 88' lang='lat' dir='ltr'>ei</span> <span class='ocrx_word' id='word_1_550' title='bbox 3106 2516 3255 2567; x_wconf 89' lang='lat' dir='ltr'>Deus</span> <span class='ocrx_word' id='word_1_551' title='bbox 3321 2512 3433 2566; x_wconf 86' lang='lat' dir='ltr'>sub</span> <span class='ocrx_word' id='word_1_552' title='bbox 3497 2511 3641 2567; x_wconf 89' lang='lat' dir='ltr'>sole.</span> <span class='ocrx_word' id='word_1_553' title='bbox 3673 2530 3702 2564; x_wconf 75' lang='grc' dir='ltr'>ι</span> 
     </span>
    </p>
   </div>
   <div class='ocr_carea' id='block_1_73' title="bbox 2063 2597 3707 2670">
    <p class='ocr_par' dir='ltr' id='par_1_73' title="bbox 2063 2597 3707 2670">
     <span class='ocr_line' id='line_1_73' title="bbox 2063 2597 3707 2670; baseline 0.001 -17"><span class='ocrx_word' id='word_1_554' title='bbox 2063 2598 2179 2653; x_wconf 89' lang='lat' dir='ltr'>Hoc</span> <span class='ocrx_word' id='word_1_555' title='bbox 2210 2597 2441 2669; x_wconf 89' lang='lat' dir='ltr'>plenius</span> <span class='ocrx_word' id='word_1_556' title='bbox 2469 2615 2648 2669; x_wconf 90' lang='lat' dir='ltr'>supra</span> <span class='ocrx_word' id='word_1_557' title='bbox 2698 2600 3063 2670; x_wconf 88' lang='lat' dir='ltr'>interpretati</span> <span class='ocrx_word' id='word_1_558' title='bbox 3132 2617 3361 2669; x_wconf 85' lang='lat' dir='ltr'>sumus,</span> <span class='ocrx_word' id='word_1_559' title='bbox 3420 2605 3478 2655; x_wconf 91' lang='lat' dir='ltr'>et</span> <span class='ocrx_word' id='word_1_560' title='bbox 3549 2616 3707 2655; x_wconf 88' lang='lat' dir='ltr'>nunc</span> 
     </span>
    </p>
   </div>
   <div class='ocr_carea' id='block_1_74' title="bbox 2062 2685 3705 2744">
    <p class='ocr_par' dir='ltr' id='par_1_74' title="bbox 2062 2685 3705 2744">
     <span class='ocr_line' id='line_1_74' title="bbox 2062 2685 3705 2744; baseline 0.002 -4"><span class='ocrx_word' id='word_1_561' title='bbox 2062 2686 2307 2741; x_wconf 88' lang='lat' dir='ltr'>strictim</span> <span class='ocrx_word' id='word_1_562' title='bbox 2332 2685 2621 2741; x_wconf 84' lang='lat' dir='ltr'>dicimus:</span> <span class='ocrx_word' id='word_1_563' title='bbox 2668 2687 2809 2742; x_wconf 88' lang='lat' dir='ltr'>licet</span> <span class='ocrx_word' id='word_1_564' title='bbox 2843 2689 3072 2743; x_wconf 89' lang='lat' dir='ltr'>brevem</span> <span class='ocrx_word' id='word_1_565' title='bbox 3130 2693 3189 2743; x_wconf 92' lang='lat' dir='ltr'>et</span> <span class='ocrx_word' id='word_1_566' title='bbox 3228 2689 3341 2743; x_wconf 91' lang='lat' dir='ltr'>cito</span> <span class='ocrx_word' id='word_1_567' title='bbox 3388 2688 3705 2744; x_wconf 79' lang='lat' dir='ltr'>finiendam</span> 
     </span>
    </p>
   </div>
   <div class='ocr_carea' id='block_1_75' title="bbox 2062 2776 3703 2849">
    <p class='ocr_par' dir='ltr' id='par_1_75' title="bbox 2062 2776 3703 2849">
     <span class='ocr_line' id='line_1_75' title="bbox 2062 2776 3703 2849; baseline 0.001 -20"><span class='ocrx_word' id='word_1_568' title='bbox 2062 2776 2327 2847; x_wconf 67' lang='lat' dir='ltr'>prazl&#39;erre</span> <span class='ocrx_word' id='word_1_569' title='bbox 2358 2791 2490 2829; x_wconf 88' lang='lat' dir='ltr'>eum</span> <span class='ocrx_word' id='word_1_570' title='bbox 2523 2776 2788 2830; x_wconf 89' lang='lat' dir='ltr'>vescendi</span> <span class='ocrx_word' id='word_1_571' title='bbox 2808 2780 2866 2831; x_wconf 90' lang='lat' dir='ltr'>et</span> <span class='ocrx_word' id='word_1_572' title='bbox 2894 2776 3135 2832; x_wconf 85' lang='lat' dir='ltr'>bibendi</span> <span class='ocrx_word' id='word_1_573' title='bbox 3184 2776 3538 2849; x_wconf 88' lang='lat' dir='ltr'>voluptatem</span> <span class='ocrx_word' id='word_1_574' title='bbox 3600 2792 3703 2831; x_wconf 88' lang='lat' dir='ltr'>an-</span> 
     </span>
    </p>
   </div>
   <div class='ocr_carea' id='block_1_76' title="bbox 2059 2862 3703 2935">
    <p class='ocr_par' dir='ltr' id='par_1_76' title="bbox 2059 2862 3703 2935">
     <span class='ocr_line' id='line_1_76' title="bbox 2059 2862 3703 2935; baseline 0.001 -18"><span class='ocrx_word' id='word_1_575' title='bbox 2059 2863 2272 2935; x_wconf 89' lang='lat' dir='ltr'>gustiis</span> <span class='ocrx_word' id='word_1_576' title='bbox 2304 2862 2605 2930; x_wconf 73' lang='lat' dir='ltr'>saaculi,et</span> <span class='ocrx_word' id='word_1_577' title='bbox 2635 2863 2726 2918; x_wconf 86' lang='lat' dir='ltr'>his</span> <span class='ocrx_word' id='word_1_578' title='bbox 2750 2881 2877 2935; x_wconf 66' lang='lat' dir='ltr'>qua:</span> <span class='ocrx_word' id='word_1_579' title='bbox 2913 2864 3039 2920; x_wconf 80' lang='lat' dir='ltr'>ﬁeri</span> <span class='ocrx_word' id='word_1_580' title='bbox 3076 2865 3347 2920; x_wconf 88' lang='lat' dir='ltr'>videntur</span> <span class='ocrx_word' id='word_1_581' title='bbox 3398 2866 3597 2934; x_wconf 87' lang='lat' dir='ltr'>inique</span> <span class='ocrx_word' id='word_1_582' title='bbox 3641 2864 3703 2919; x_wconf 88' lang='lat' dir='ltr'>in</span> 
     </span>
    </p>
   </div>
   <div class='ocr_carea' id='block_1_77' title="bbox 2062 2950 3704 3023">
    <p class='ocr_par' dir='ltr' id='par_1_77' title="bbox 2062 2950 3704 3023">
     <span class='ocr_line' id='line_1_77' title="bbox 2062 2950 3704 3023; baseline 0.002 -17"><span class='ocrx_word' id='word_1_583' title='bbox 2062 2951 2278 3007; x_wconf 88' lang='lat' dir='ltr'>munde</span> <span class='ocrx_word' id='word_1_584' title='bbox 2307 2968 2319 3005; x_wconf 91' lang='lat'>:</span> <span class='ocrx_word' id='word_1_585' title='bbox 2354 2968 2469 3023; x_wconf 92' lang='lat' dir='ltr'>quo</span> <span class='ocrx_word' id='word_1_586' title='bbox 2500 2950 2691 3007; x_wconf 87' lang='lat' dir='ltr'>solum</span> <span class='ocrx_word' id='word_1_587' title='bbox 2724 2952 2831 3008; x_wconf 76' lang='lat' dir='ltr'>hoc</span> <span class='ocrx_word' id='word_1_588' title='bbox 2863 2953 3037 3009; x_wconf 89' lang='lat' dir='ltr'>homo</span> <span class='ocrx_word' id='word_1_589' title='bbox 3069 2955 3138 3009; x_wconf 88' lang='lat' dir='ltr'>do</span> <span class='ocrx_word' id='word_1_590' title='bbox 3190 2953 3385 3009; x_wconf 89' lang='lat' dir='ltr'>labore</span> <span class='ocrx_word' id='word_1_591' title='bbox 3443 2970 3551 3009; x_wconf 93' lang='lat' dir='ltr'>suo</span> <span class='ocrx_word' id='word_1_592' title='bbox 3600 2953 3704 3009; x_wconf 85' lang='lat' dir='ltr'>ha-</span> 
     </span>
    </p>
   </div>
   <div class='ocr_carea' id='block_1_78' title="bbox 2060 3040 3701 3113">
    <p class='ocr_par' dir='ltr' id='par_1_78' title="bbox 2060 3040 3701 3113">
     <span class='ocr_line' id='line_1_78' title="bbox 2060 3040 3701 3113; baseline 0.001 -19"><span class='ocrx_word' id='word_1_593' title='bbox 2060 3040 2496 3110; x_wconf 84' lang='lat' dir='ltr'>berevideatur,</span> <span class='ocrx_word' id='word_1_594' title='bbox 2529 3040 2578 3094; x_wconf 83' lang='lat' dir='ltr'>si</span> <span class='ocrx_word' id='word_1_595' title='bbox 2635 3040 2720 3095; x_wconf 92' lang='lat' dir='ltr'>vel</span> <span class='ocrx_word' id='word_1_596' title='bbox 2791 3041 3020 3097; x_wconf 82' lang='lat' dir='ltr'>modico</span> <span class='ocrx_word' id='word_1_597' title='bbox 3087 3042 3314 3097; x_wconf 83' lang='lat' dir='ltr'>fruatur</span> <span class='ocrx_word' id='word_1_598' title='bbox 3380 3041 3701 3113; x_wconf 79' lang='lat' dir='ltr'>refrigerio.</span> 
     </span>
    </p>
   </div>
   <div class='ocr_carea' id='block_1_79' title="bbox 2058 3127 3702 3200">
    <p class='ocr_par' dir='ltr' id='par_1_79' title="bbox 2058 3127 3702 3200">
     <span class='ocr_line' id='line_1_79' title="bbox 2058 3127 3702 3200; baseline 0.001 -18"><span class='ocrx_word' id='word_1_599' title='bbox 2058 3128 2272 3183; x_wconf 83' lang='lat' dir='ltr'>Verum</span> <span class='ocrx_word' id='word_1_600' title='bbox 2331 3128 2452 3183; x_wconf 67' lang='lat' dir='ltr'>haec</span> <span class='ocrx_word' id='word_1_601' title='bbox 2489 3127 2890 3200; x_wconf 89' lang='lat' dir='ltr'>interpretatio</span> <span class='ocrx_word' id='word_1_602' title='bbox 2939 3130 3297 3200; x_wconf 88' lang='lat' dir='ltr'>jejunantes,</span> <span class='ocrx_word' id='word_1_603' title='bbox 3355 3129 3702 3196; x_wconf 89' lang='lat' dir='ltr'>esurientes,</span> 
     </span>
    </p>
   </div>
   <div class='ocr_carea' id='block_1_80' title="bbox 1065 3214 3701 3289">
    <p class='ocr_par' dir='ltr' id='par_1_80' title="bbox 1065 3214 3701 3289">
     <span class='ocr_line' id='line_1_80' title="bbox 1065 3214 3701 3289; baseline 0 -16"><span class='ocrx_word' id='word_1_604' title='bbox 1065 3220 1171 3273; x_wconf 86' lang='lat' dir='ltr'>hoc</span> <span class='ocrx_word' id='word_1_605' title='bbox 1237 3217 1447 3289; x_wconf 86' lang='lat' dir='ltr'>poterit</span> <span class='ocrx_word' id='word_1_606' title='bbox 1507 3217 1736 3272; x_wconf 91' lang='lat' dir='ltr'>dicere:</span> <span class='ocrx_word' id='word_1_607' title='bbox 1790 3218 1952 3273; x_wconf 85' lang='lat' dir='ltr'>Fient</span> <span class='ocrx_word' id='word_1_608' title='bbox 1980 3214 2022 3280; x_wconf 86' lang='lat' dir='ltr'>C</span> <span class='ocrx_word' id='word_1_609' title='bbox 2063 3217 2347 3280; x_wconf 88' lang='lat' dir='ltr'>sitientes,</span> <span class='ocrx_word' id='word_1_610' title='bbox 2381 3226 2553 3287; x_wconf 84' lang='lat' dir='ltr'>atque</span> <span class='ocrx_word' id='word_1_611' title='bbox 2582 3216 2871 3288; x_wconf 88' lang='lat' dir='ltr'>lugentes,</span> <span class='ocrx_word' id='word_1_612' title='bbox 2904 3235 3052 3289; x_wconf 90' lang='lat' dir='ltr'>quos</span> <span class='ocrx_word' id='word_1_613' title='bbox 3086 3224 3282 3274; x_wconf 89' lang='lat' dir='ltr'>beatos</span> <span class='ocrx_word' id='word_1_614' title='bbox 3338 3218 3397 3272; x_wconf 90' lang='lat' dir='ltr'>in</span> <span class='ocrx_word' id='word_1_615' title='bbox 3444 3219 3701 3289; x_wconf 88' lang='lat' dir='ltr'>Evange-</span> 
     </span>
    </p>
   </div>
   <div class='ocr_carea' id='block_1_81' title="bbox 2062 3305 3704 3378">
    <p class='ocr_par' dir='ltr' id='par_1_81' title="bbox 2062 3305 3704 3378">
     <span class='ocr_line' id='line_1_81' title="bbox 2062 3305 3704 3378; baseline 0.001 -17"><span class='ocrx_word' id='word_1_616' title='bbox 2062 3306 2138 3361; x_wconf 91' lang='lat' dir='ltr'>lio</span> <span class='ocrx_word' id='word_1_617' title='bbox 2168 3305 2453 3361; x_wconf 87' lang='lat' dir='ltr'>Dominus</span> <span class='ocrx_word' id='word_1_618' title='bbox 2485 3311 2649 3361; x_wconf 87' lang='lat' dir='ltr'>vocat</span> <span class='ocrx_word' id='word_1_619' title='bbox 2679 3306 2891 3377; x_wconf 81' lang='lat' dir='ltr'>(Matth.</span> <span class='ocrx_word' id='word_1_620' title='bbox 2923 3307 2999 3377; x_wconf 87' lang='lat' dir='ltr'>v),</span> <span class='ocrx_word' id='word_1_621' title='bbox 3032 3306 3081 3361; x_wconf 89' lang='lat' dir='ltr'>si</span> <span class='ocrx_word' id='word_1_622' title='bbox 3140 3306 3223 3362; x_wconf 88' lang='lat' dir='ltr'>sic</span> <span class='ocrx_word' id='word_1_623' title='bbox 3278 3306 3582 3378; x_wconf 88' lang='lat' dir='ltr'>accipitur,</span> <span class='ocrx_word' id='word_1_624' title='bbox 3639 3312 3704 3362; x_wconf 92' lang='lat' dir='ltr'>ut</span> 
     </span>
    </p>
   </div>
   <div class='ocr_carea' id='block_1_82' title="bbox 2061 3393 3699 3472">
    <p class='ocr_par' dir='ltr' id='par_1_82' title="bbox 2061 3393 3699 3472">
     <span class='ocr_line' id='line_1_82' title="bbox 2061 3393 3699 3472; baseline 0.004 -23"><span class='ocrx_word' id='word_1_625' title='bbox 2061 3396 2340 3463; x_wconf 87' lang='lat' dir='ltr'>scriptum</span> <span class='ocrx_word' id='word_1_626' title='bbox 2366 3399 2474 3459; x_wconf 90' lang='lat' dir='ltr'>est,</span> <span class='ocrx_word' id='word_1_627' title='bbox 2508 3393 2752 3449; x_wconf 86' lang='lat' dir='ltr'>miseros</span> <span class='ocrx_word' id='word_1_628' title='bbox 2783 3397 3149 3465; x_wconf 88' lang='lat' dir='ltr'>approbabit.</span> <span class='ocrx_word' id='word_1_629' title='bbox 3184 3398 3254 3453; x_wconf 90' lang='lat' dir='ltr'>Et</span> <span class='ocrx_word' id='word_1_630' title='bbox 3272 3400 3470 3456; x_wconf 89' lang='lat' dir='ltr'>cibum</span> <span class='ocrx_word' id='word_1_631' title='bbox 3501 3401 3699 3472; x_wconf 86' lang='lat' dir='ltr'>itaque</span> 
     </span>
    </p>
   </div>
   <div class='ocr_carea' id='block_1_83' title="bbox 2059 3482 3699 3559">
    <p class='ocr_par' dir='ltr' id='par_1_83' title="bbox 2059 3482 3699 3559">
     <span class='ocr_line' id='line_1_83' title="bbox 2059 3482 3699 3559; baseline 0.004 -22"><span class='ocrx_word' id='word_1_632' title='bbox 2059 3490 2118 3538; x_wconf 85' lang='lat' dir='ltr'>et</span> <span class='ocrx_word' id='word_1_633' title='bbox 2146 3488 2349 3554; x_wconf 91' lang='lat' dir='ltr'>potum</span> <span class='ocrx_word' id='word_1_634' title='bbox 2375 3482 2758 3553; x_wconf 90' lang='lat' dir='ltr'>spiritualiter</span> <span class='ocrx_word' id='word_1_635' title='bbox 2788 3483 3164 3554; x_wconf 86' lang='lat' dir='ltr'>accipiamus,</span> <span class='ocrx_word' id='word_1_636' title='bbox 3198 3492 3255 3541; x_wconf 90' lang='lat' dir='ltr'>et</span> <span class='ocrx_word' id='word_1_637' title='bbox 3283 3504 3460 3559; x_wconf 91' lang='lat' dir='ltr'>super</span> <span class='ocrx_word' id='word_1_638' title='bbox 3488 3489 3573 3544; x_wconf 90' lang='lat' dir='ltr'>eis</span> <span class='ocrx_word' id='word_1_639' title='bbox 3603 3489 3699 3544; x_wconf 71' lang='lat' dir='ltr'>lte-</span> 
     </span>
    </p>
   </div>
   <div class='ocr_carea' id='block_1_84' title="bbox 2060 3569 3699 3647">
    <p class='ocr_par' dir='ltr' id='par_1_84' title="bbox 2060 3569 3699 3647">
     <span class='ocr_line' id='line_1_84' title="bbox 2060 3569 3699 3647; baseline 0.006 -23"><span class='ocrx_word' id='word_1_640' title='bbox 2060 3571 2273 3636; x_wconf 90' lang='lat' dir='ltr'>titiam,</span> <span class='ocrx_word' id='word_1_641' title='bbox 2306 3587 2482 3641; x_wconf 89' lang='lat' dir='ltr'>quam</span> <span class='ocrx_word' id='word_1_642' title='bbox 2511 3569 2569 3624; x_wconf 90' lang='lat' dir='ltr'>in</span> <span class='ocrx_word' id='word_1_643' title='bbox 2596 3570 2793 3626; x_wconf 82' lang='lat' dir='ltr'>labore</span> <span class='ocrx_word' id='word_1_644' title='bbox 2822 3571 2946 3625; x_wconf 68' lang='lat' dir='ltr'>vitae</span> <span class='ocrx_word' id='word_1_645' title='bbox 2976 3578 3184 3627; x_wconf 67' lang='lat' dir='ltr'>nostrae</span> <span class='ocrx_word' id='word_1_646' title='bbox 3232 3575 3325 3629; x_wconf 89' lang='lat' dir='ltr'>vix</span> <span class='ocrx_word' id='word_1_647' title='bbox 3383 3593 3699 3647; x_wconf 89' lang='lat' dir='ltr'>possumus</span> 
     </span>
    </p>
   </div>
   <div class='ocr_carea' id='block_1_85' title="bbox 2061 3657 3706 3735">
    <p class='ocr_par' dir='ltr' id='par_1_85' title="bbox 2061 3657 3706 3735">
     <span class='ocr_line' id='line_1_85' title="bbox 2061 3657 3706 3735; baseline 0.005 -22"><span class='ocrx_word' id='word_1_648' title='bbox 2061 3659 2336 3714; x_wconf 89' lang='lat' dir='ltr'>invenire.</span> <span class='ocrx_word' id='word_1_649' title='bbox 2361 3657 2519 3721; x_wconf 84' lang='lat' dir='ltr'>Quod</span> <span class='ocrx_word' id='word_1_650' title='bbox 2555 3662 2748 3713; x_wconf 88' lang='lat' dir='ltr'>autem</span> <span class='ocrx_word' id='word_1_651' title='bbox 2782 3659 2903 3713; x_wconf 61' lang='lat' dir='ltr'>haec</span> <span class='ocrx_word' id='word_1_652' title='bbox 2931 3659 3012 3713; x_wconf 85' lang='lat' dir='ltr'>ita</span> <span class='ocrx_word' id='word_1_653' title='bbox 3072 3661 3376 3717; x_wconf 88' lang='lat' dir='ltr'>sentienda</span> <span class='ocrx_word' id='word_1_654' title='bbox 3440 3665 3577 3735; x_wconf 89' lang='lat' dir='ltr'>sint,</span> <span class='ocrx_word' id='word_1_655' title='bbox 3640 3673 3706 3723; x_wconf 93' lang='lat' dir='ltr'>ut</span> 
     </span>
    </p>
   </div>
   <div class='ocr_carea' id='block_1_86' title="bbox 2061 3747 3702 3825">
    <p class='ocr_par' dir='ltr' id='par_1_86' title="bbox 2061 3747 3702 3825">
     <span class='ocr_line' id='line_1_86' title="bbox 2061 3747 3702 3825; baseline 0.006 -24"><span class='ocrx_word' id='word_1_656' title='bbox 2061 3748 2337 3816; x_wconf 89' lang='lat' dir='ltr'>diximus,</span> <span class='ocrx_word' id='word_1_657' title='bbox 2363 3747 2999 3819; x_wconf 83' lang='lat' dir='ltr'>demonstratsequens</span> <span class='ocrx_word' id='word_1_658' title='bbox 3063 3748 3405 3817; x_wconf 90' lang='lat' dir='ltr'>versiculus,</span> <span class='ocrx_word' id='word_1_659' title='bbox 3463 3753 3521 3808; x_wconf 87' lang='lat' dir='ltr'>in</span> <span class='ocrx_word' id='word_1_660' title='bbox 3584 3771 3702 3825; x_wconf 91' lang='lat' dir='ltr'>quo</span> 
     </span>
    </p>
   </div>
   <div class='ocr_carea' id='block_1_87' title="bbox 2061 3835 3707 3908">
    <p class='ocr_par' dir='ltr' id='par_1_87' title="bbox 2061 3835 3707 3908">
     <span class='ocr_line' id='line_1_87' title="bbox 2061 3835 3707 3908; baseline 0.005 -17"><span class='ocrx_word' id='word_1_661' title='bbox 2061 3836 2174 3891; x_wconf 88' lang='lat' dir='ltr'>ait:</span> <span class='ocrx_word' id='word_1_662' title='bbox 2202 3860 2228 3886; x_wconf 92' lang='grc'><em>‹‹</em></span> <span class='ocrx_word' id='word_1_663' title='bbox 2258 3835 2398 3891; x_wconf 85' lang='lat' dir='ltr'>Dedi</span> <span class='ocrx_word' id='word_1_664' title='bbox 2430 3851 2529 3889; x_wconf 92' lang='lat' dir='ltr'>cor</span> <span class='ocrx_word' id='word_1_665' title='bbox 2551 3852 2767 3903; x_wconf 89' lang='lat' dir='ltr'>meum,</span> <span class='ocrx_word' id='word_1_666' title='bbox 2837 3840 2902 3890; x_wconf 90' lang='lat' dir='ltr'>ut</span> <span class='ocrx_word' id='word_1_667' title='bbox 2963 3835 3215 3891; x_wconf 86' lang='lat' dir='ltr'>viderem</span> <span class='ocrx_word' id='word_1_668' title='bbox 3257 3839 3607 3908; x_wconf 88' lang='lat' dir='ltr'>sapientiam</span> <span class='ocrx_word' id='word_1_669' title='bbox 3647 3849 3707 3900; x_wconf 89' lang='lat' dir='ltr'>et</span> 
     </span>
    </p>
   </div>
   <div class='ocr_carea' id='block_1_88' title="bbox 2061 3924 3708 3997">
    <p class='ocr_par' dir='ltr' id='par_1_88' title="bbox 2061 3924 3708 3997">
     <span class='ocr_line' id='line_1_88' title="bbox 2061 3924 3708 3997; baseline 0.003 -17"><span class='ocrx_word' id='word_1_670' title='bbox 2061 3928 2500 3997; x_wconf 85' lang='lat' dir='ltr'>occupationem</span> <span class='ocrx_word' id='word_1_671' title='bbox 2528 3942 2540 3979; x_wconf 90' lang='lat'>:</span> <span class='ocrx_word' id='word_1_672' title='bbox 2579 3946 2606 3972; x_wconf 85' lang='grc'><strong>››</strong></span> <span class='ocrx_word' id='word_1_673' title='bbox 2629 3924 2784 3994; x_wconf 88' lang='lat' dir='ltr'>quod</span> <span class='ocrx_word' id='word_1_674' title='bbox 2806 3924 3028 3979; x_wconf 88' lang='lat' dir='ltr'>scilicet</span> <span class='ocrx_word' id='word_1_675' title='bbox 3044 3929 3405 3997; x_wconf 89' lang='lat' dir='ltr'>occupentur</span> <span class='ocrx_word' id='word_1_676' title='bbox 3436 3926 3708 3985; x_wconf 87' lang='lat' dir='ltr'>homines</span> 
     </span>
    </p>
   </div>
   <div class='ocr_carea' id='block_1_89' title="bbox 2063 4012 3706 4088">
    <p class='ocr_par' dir='ltr' id='par_1_89' title="bbox 2063 4012 3706 4088">
     <span class='ocr_line' id='line_1_89' title="bbox 2063 4012 3706 4088; baseline 0.002 -19"><span class='ocrx_word' id='word_1_677' title='bbox 2063 4030 2240 4085; x_wconf 88' lang='lat' dir='ltr'>super</span> <span class='ocrx_word' id='word_1_678' title='bbox 2259 4017 2495 4080; x_wconf 88' lang='lat' dir='ltr'>terram,</span> <span class='ocrx_word' id='word_1_679' title='bbox 2529 4016 2585 4067; x_wconf 91' lang='lat' dir='ltr'>et</span> <span class='ocrx_word' id='word_1_680' title='bbox 2608 4012 2814 4067; x_wconf 90' lang='lat' dir='ltr'>diebus</span> <span class='ocrx_word' id='word_1_681' title='bbox 2844 4029 2910 4067; x_wconf 88' lang='lat' dir='ltr'>ac</span> <span class='ocrx_word' id='word_1_682' title='bbox 2942 4013 3209 4068; x_wconf 89' lang='lat' dir='ltr'>noctibus</span> <span class='ocrx_word' id='word_1_683' title='bbox 3252 4013 3312 4068; x_wconf 90' lang='lat' dir='ltr'>in</span> <span class='ocrx_word' id='word_1_684' title='bbox 3378 4016 3706 4088; x_wconf 85' lang='lat' dir='ltr'>Scriptura-</span> 
     </span>
    </p>
   </div>
   <div class='ocr_carea' id='block_1_90' title="bbox 2060 4100 3708 4177">
    <p class='ocr_par' dir='ltr' id='par_1_90' title="bbox 2060 4100 3708 4177">
     <span class='ocr_line' id='line_1_90' title="bbox 2060 4100 3708 4177; baseline 0.002 -19"><span class='ocrx_word' id='word_1_685' title='bbox 2060 4119 2192 4158; x_wconf 88' lang='lat' dir='ltr'>rum</span> <span class='ocrx_word' id='word_1_686' title='bbox 2226 4100 2600 4157; x_wconf 90' lang='lat' dir='ltr'>meditatione</span> <span class='ocrx_word' id='word_1_687' title='bbox 2630 4105 2934 4156; x_wconf 84' lang='lat' dir='ltr'>versentur</span> <span class='ocrx_word' id='word_1_688' title='bbox 2962 4119 2974 4156; x_wconf 91' lang='lat'>:</span> <span class='ocrx_word' id='word_1_689' title='bbox 3010 4102 3089 4156; x_wconf 90' lang='lat' dir='ltr'>ita</span> <span class='ocrx_word' id='word_1_690' title='bbox 3112 4106 3177 4157; x_wconf 89' lang='lat' dir='ltr'>ut</span> <span class='ocrx_word' id='word_1_691' title='bbox 3222 4102 3567 4176; x_wconf 88' lang='lat' dir='ltr'>plerumque</span> <span class='ocrx_word' id='word_1_692' title='bbox 3604 4122 3708 4177; x_wconf 89' lang='lat' dir='ltr'>pro</span> 
     </span>
    </p>
   </div>
   <div class='ocr_carea' id='block_1_91' title="bbox 2063 4189 3597 4265">
    <p class='ocr_par' dir='ltr' id='par_1_91' title="bbox 2063 4189 3597 4265">
     <span class='ocr_line' id='line_1_91' title="bbox 2063 4189 3597 4265; baseline 0.001 -19"><span class='ocrx_word' id='word_1_693' title='bbox 2063 4192 2505 4262; x_wconf 89' lang='lat' dir='ltr'>investigatione</span> <span class='ocrx_word' id='word_1_694' title='bbox 2535 4190 2769 4244; x_wconf 71' lang='lat' dir='ltr'>veri°ab</span> <span class='ocrx_word' id='word_1_695' title='bbox 2802 4189 2984 4245; x_wconf 90' lang='lat' dir='ltr'>oculis</span> <span class='ocrx_word' id='word_1_696' title='bbox 3038 4207 3283 4246; x_wconf 91' lang='lat' dir='ltr'>somnus</span> <span class='ocrx_word' id='word_1_697' title='bbox 3314 4193 3597 4265; x_wconf 75' lang='lat' dir='ltr'>aufugiat.</span> 
     </span>
    </p>
   </div>
   <div class='ocr_carea' id='block_1_92' title="bbox 2137 4277 3707 4352">
    <p class='ocr_par' dir='ltr' id='par_1_92' title="bbox 2137 4277 3707 4352">
     <span class='ocr_line' id='line_1_92' title="bbox 2137 4277 3707 4352; baseline 0.006 -23"><span class='ocrx_word' id='word_1_698' title='bbox 2137 4304 2163 4329; x_wconf 85' lang='grc'><em>‹‹</em></span> <span class='ocrx_word' id='word_1_699' title='bbox 2198 4281 2560 4350; x_wconf 86' lang='lat' dir='ltr'>Quapropter</span> <span class='ocrx_word' id='word_1_700' title='bbox 2589 4277 2718 4332; x_wconf 90' lang='lat' dir='ltr'>dedi</span> <span class='ocrx_word' id='word_1_701' title='bbox 2751 4294 2847 4333; x_wconf 87' lang='lat' dir='ltr'>cor</span> <span class='ocrx_word' id='word_1_702' title='bbox 2898 4294 3119 4346; x_wconf 90' lang='lat' dir='ltr'>meum,</span> <span class='ocrx_word' id='word_1_703' title='bbox 3170 4285 3237 4334; x_wconf 89' lang='lat' dir='ltr'>ut</span> <span class='ocrx_word' id='word_1_704' title='bbox 3290 4297 3707 4352; x_wconf 88' lang='lat' dir='ltr'>cognoscerem</span> 
     </span>
    </p>
   </div>
   <div class='ocr_carea' id='block_1_93' title="bbox 2065 4365 3710 4440">
    <p class='ocr_par' dir='ltr' id='par_1_93' title="bbox 2065 4365 3710 4440">
     <span class='ocr_line' id='line_1_93' title="bbox 2065 4365 3710 4440; baseline 0.002 -17"><span class='ocrx_word' id='word_1_705' title='bbox 2065 4368 2518 4439; x_wconf 85' lang='lat' dir='ltr'>sapientiam,et</span> <span class='ocrx_word' id='word_1_706' title='bbox 2541 4365 2792 4420; x_wconf 84' lang='lat' dir='ltr'>viderem</span> <span class='ocrx_word' id='word_1_707' title='bbox 2852 4366 3320 4438; x_wconf 88' lang='lat' dir='ltr'>occupationem,</span> <span class='ocrx_word' id='word_1_708' title='bbox 3378 4386 3505 4440; x_wconf 74' lang='lat' dir='ltr'>quze</span> <span class='ocrx_word' id='word_1_709' title='bbox 3557 4370 3710 4427; x_wconf 83' lang='lat' dir='ltr'>facta</span> 
     </span>
    </p>
   </div>
   <div class='ocr_carea' id='block_1_94' title="bbox 2066 4454 3710 4526">
    <p class='ocr_par' dir='ltr' id='par_1_94' title="bbox 2066 4454 3710 4526">
     <span class='ocr_line' id='line_1_94' title="bbox 2066 4454 3710 4526; baseline 0.002 -15"><span class='ocrx_word' id='word_1_710' title='bbox 2066 4461 2153 4511; x_wconf 91' lang='lat' dir='ltr'>est</span> <span class='ocrx_word' id='word_1_711' title='bbox 2182 4473 2359 4526; x_wconf 91' lang='lat' dir='ltr'>super</span> <span class='ocrx_word' id='word_1_712' title='bbox 2390 4461 2627 4510; x_wconf 87' lang='lat' dir='ltr'>terram.</span> <span class='ocrx_word' id='word_1_713' title='bbox 2661 4454 2807 4517; x_wconf 90' lang='lat' dir='ltr'>Quia</span> <span class='ocrx_word' id='word_1_714' title='bbox 2835 4460 2891 4509; x_wconf 91' lang='lat' dir='ltr'>et</span> <span class='ocrx_word' id='word_1_715' title='bbox 2921 4456 2978 4509; x_wconf 90' lang='lat' dir='ltr'>in</span> <span class='ocrx_word' id='word_1_716' title='bbox 3012 4454 3105 4510; x_wconf 90' lang='lat' dir='ltr'>die</span> <span class='ocrx_word' id='word_1_717' title='bbox 3135 4460 3191 4511; x_wconf 90' lang='lat' dir='ltr'>et</span> <span class='ocrx_word' id='word_1_718' title='bbox 3222 4457 3279 4511; x_wconf 91' lang='lat' dir='ltr'>in</span> <span class='ocrx_word' id='word_1_719' title='bbox 3330 4463 3496 4513; x_wconf 91' lang='lat' dir='ltr'>nocte</span> <span class='ocrx_word' id='word_1_720' title='bbox 3552 4475 3710 4514; x_wconf 88' lang='lat' dir='ltr'>som-</span> 
     </span>
    </p>
   </div>
   <div class='ocr_carea' id='block_1_95' title="bbox 305 4544 3708 4636">
    <p class='ocr_par' dir='ltr' id='par_1_95' title="bbox 305 4544 3708 4636">
     <span class='ocr_line' id='line_1_95' title="bbox 305 4544 3708 4636; baseline -0.001 -26"><span class='ocrx_word' id='word_1_721' title='bbox 305 4554 610 4627; x_wconf 64' lang='lat' dir='ltr'>quaesierit</span> <span class='ocrx_word' id='word_1_722' title='bbox 640 4555 696 4606; x_wconf 91' lang='lat' dir='ltr'>in</span> <span class='ocrx_word' id='word_1_723' title='bbox 719 4548 1015 4622; x_wconf 62' lang='lat' dir='ltr'>presenti,</span> <span class='ocrx_word' id='word_1_724' title='bbox 1056 4547 1117 4601; x_wconf 90' lang='lat' dir='ltr'>in</span> <span class='ocrx_word' id='word_1_725' title='bbox 1149 4563 1265 4618; x_wconf 92' lang='lat' dir='ltr'>quo</span> <span class='ocrx_word' id='word_1_726' title='bbox 1298 4562 1470 4601; x_wconf 91' lang='lat' dir='ltr'>omne</span> <span class='ocrx_word' id='word_1_727' title='bbox 1502 4546 1658 4617; x_wconf 93' lang='lat' dir='ltr'>quod</span> <span class='ocrx_word' id='word_1_728' title='bbox 1681 4545 1955 4613; x_wconf 89' lang='lat' dir='ltr'>vivimus,</span> <span class='ocrx_word' id='word_1_729' title='bbox 1990 4572 2036 4636; x_wconf 75' lang='grc' dir='ltr'>Ι)</span> <span class='ocrx_word' id='word_1_730' title='bbox 2067 4561 2207 4599; x_wconf 89' lang='lat' dir='ltr'>num</span> <span class='ocrx_word' id='word_1_731' title='bbox 2243 4545 2349 4615; x_wconf 74' lang='lat' dir='ltr'>[AL</span> <span class='ocrx_word' id='word_1_732' title='bbox 2384 4544 2707 4614; x_wconf 88' lang='lat' dir='ltr'>somnium]</span> <span class='ocrx_word' id='word_1_733' title='bbox 2747 4544 2803 4597; x_wconf 90' lang='lat' dir='ltr'>in</span> <span class='ocrx_word' id='word_1_734' title='bbox 2835 4544 3023 4599; x_wconf 89' lang='lat' dir='ltr'>oculis</span> <span class='ocrx_word' id='word_1_735' title='bbox 3046 4545 3172 4600; x_wconf 90' lang='lat' dir='ltr'>suis</span> <span class='ocrx_word' id='word_1_736' title='bbox 3200 4561 3314 4600; x_wconf 90' lang='lat' dir='ltr'>non</span> <span class='ocrx_word' id='word_1_737' title='bbox 3347 4551 3436 4602; x_wconf 90' lang='lat' dir='ltr'>est</span> <span class='ocrx_word' id='word_1_738' title='bbox 3484 4548 3708 4617; x_wconf 76' lang='lat' dir='ltr'>videns.</span> 
     </span>
    </p>
   </div>
   <div class='ocr_carea' id='block_1_96' title="bbox 305 4635 1355 4707">
    <p class='ocr_par' dir='ltr' id='par_1_96' title="bbox 305 4635 1355 4707">
     <span class='ocr_line' id='line_1_96' title="bbox 305 4635 1355 4707; baseline -0.008 -8"><span class='ocrx_word' id='word_1_739' title='bbox 305 4644 484 4700; x_wconf 87' lang='lat' dir='ltr'>breve</span> <span class='ocrx_word' id='word_1_740' title='bbox 509 4646 568 4697; x_wconf 87' lang='lat' dir='ltr'>et</span> <span class='ocrx_word' id='word_1_741' title='bbox 626 4640 838 4695; x_wconf 90' lang='lat' dir='ltr'>umbra</span> <span class='ocrx_word' id='word_1_742' title='bbox 934 4641 1043 4707; x_wconf 90' lang='lat' dir='ltr'>est,</span> <span class='ocrx_word' id='word_1_743' title='bbox 1104 4635 1297 4707; x_wconf 84' lang='lat' dir='ltr'>imago</span> <span class='ocrx_word' id='word_1_744' title='bbox 1343 4652 1355 4691; x_wconf 94' lang='lat'>:</span> 
     </span>
    </p>
   </div>
   <div class='ocr_carea' id='block_1_97' title="bbox 298 4724 1961 4805">
    <p class='ocr_par' dir='ltr' id='par_1_97' title="bbox 298 4724 1961 4805">
     <span class='ocr_line' id='line_1_97' title="bbox 298 4724 1961 4805; baseline -0.007 -17"><span class='ocrx_word' id='word_1_745' title='bbox 298 4731 659 4805; x_wconf 70' lang='lat' dir='ltr'>perambulat</span> <span class='ocrx_word' id='word_1_746' title='bbox 685 4730 841 4784; x_wconf 85' lang='lat' dir='ltr'>homo</span> <span class='ocrx_word' id='word_1_747' title='bbox 872 4726 1050 4798; x_wconf 81' lang='lat' dir='ltr'>(Psal.</span> <span class='ocrx_word' id='word_1_748' title='bbox 1100 4740 1338 4791; x_wconf 74' lang='lat' dir='ltr'>xxxviii,</span> <span class='ocrx_word' id='word_1_749' title='bbox 1370 4725 1428 4792; x_wconf 88' lang='lat'>7)</span> <span class='ocrx_word' id='word_1_750' title='bbox 1462 4740 1474 4778; x_wconf 94' lang='lat'>:</span> <span class='ocrx_word' id='word_1_751' title='bbox 1537 4724 1637 4779; x_wconf 85' lang='lat' dir='ltr'>sed</span> <span class='ocrx_word' id='word_1_752' title='bbox 1679 4724 1831 4795; x_wconf 90' lang='lat' dir='ltr'>quod</span> <span class='ocrx_word' id='word_1_753' title='bbox 1891 4724 1961 4778; x_wconf 91' lang='lat' dir='ltr'>de</span> 
     </span>
    </p>
   </div>
   <div class='ocr_carea' id='block_1_98' title="bbox 305 4812 1964 4887">
    <p class='ocr_par' dir='ltr' id='par_1_98' title="bbox 305 4812 1964 4887">
     <span class='ocr_line' id='line_1_98' title="bbox 305 4812 1964 4887; baseline -0.006 -10"><span class='ocrx_word' id='word_1_754' title='bbox 305 4820 513 4877; x_wconf 80' lang='lat' dir='ltr'>futuro</span> <span class='ocrx_word' id='word_1_755' title='bbox 545 4819 769 4886; x_wconf 88' lang='lat' dir='ltr'>timeat,</span> <span class='ocrx_word' id='word_1_756' title='bbox 796 4832 869 4871; x_wconf 91' lang='lat' dir='ltr'>ne</span> <span class='ocrx_word' id='word_1_757' title='bbox 899 4813 1202 4887; x_wconf 90' lang='lat' dir='ltr'>longitudo</span> <span class='ocrx_word' id='word_1_758' title='bbox 1234 4814 1360 4868; x_wconf 66' lang='lat' dir='ltr'>vitae</span> <span class='ocrx_word' id='word_1_759' title='bbox 1418 4812 1626 4885; x_wconf 80' lang='lat' dir='ltr'>ipsius,</span> <span class='ocrx_word' id='word_1_760' title='bbox 1679 4812 1773 4867; x_wconf 91' lang='lat' dir='ltr'>ubi</span> <span class='ocrx_word' id='word_1_761' title='bbox 1830 4829 1964 4867; x_wconf 71' lang='lat' dir='ltr'>vera</span> 
     </span>
    </p>
   </div>
   <div class='ocr_carea' id='block_1_99' title="bbox 309 4906 915 4977">
    <p class='ocr_par' dir='ltr' id='par_1_99' title="bbox 309 4906 915 4977">
     <span class='ocr_line' id='line_1_99' title="bbox 309 4906 915 4977; baseline -0.013 -10"><span class='ocrx_word' id='word_1_762' title='bbox 309 4913 407 4967; x_wconf 86' lang='lat' dir='ltr'>est</span> <span class='ocrx_word' id='word_1_763' title='bbox 434 4907 570 4977; x_wconf 87' lang='lat' dir='ltr'>vita,</span> <span class='ocrx_word' id='word_1_764' title='bbox 604 4906 915 4961; x_wconf 81' lang='lat' dir='ltr'>breviatur.</span> 
     </span>
    </p>
   </div>
   <div class='ocr_carea' id='block_1_100' title="bbox 395 4988 1965 5066">
    <p class='ocr_par' dir='ltr' id='par_1_100' title="bbox 395 4988 1965 5066">
     <span class='ocr_line' id='line_1_100' title="bbox 395 4988 1965 5066; baseline -0.001 -19"><span class='ocrx_word' id='word_1_765' title='bbox 395 5020 416 5047; x_wconf 74' lang='grc' dir='ltr'>ι</span> <span class='ocrx_word' id='word_1_766' title='bbox 451 4996 551 5053; x_wconf 85' lang='lat' dir='ltr'>Est</span> <span class='ocrx_word' id='word_1_767' title='bbox 579 4995 811 5051; x_wconf 88' lang='lat' dir='ltr'>vanitas</span> <span class='ocrx_word' id='word_1_768' title='bbox 835 5009 958 5066; x_wconf 62' lang='lat' dir='ltr'>quas</span> <span class='ocrx_word' id='word_1_769' title='bbox 1000 4992 1064 5047; x_wconf 81' lang='lat' dir='ltr'>lit</span> <span class='ocrx_word' id='word_1_770' title='bbox 1092 5008 1270 5064; x_wconf 88' lang='lat' dir='ltr'>super</span> <span class='ocrx_word' id='word_1_771' title='bbox 1326 4994 1542 5047; x_wconf 89' lang='lat' dir='ltr'>terram</span> <span class='ocrx_word' id='word_1_772' title='bbox 1579 5006 1592 5044; x_wconf 91' lang='lat'>:</span> <span class='ocrx_word' id='word_1_773' title='bbox 1640 4988 1777 5062; x_wconf 90' lang='lat' dir='ltr'>quia</span> <span class='ocrx_word' id='word_1_774' title='bbox 1825 4993 1965 5045; x_wconf 89' lang='lat' dir='ltr'>sunt</span> 
     </span>
    </p>
   </div>
   <div class='ocr_carea' id='block_1_101' title="bbox 350 5220 1962 5309">
    <p class='ocr_par' dir='ltr' id='par_1_101' title="bbox 350 5220 1962 5309">
     <span class='ocr_line' id='line_1_101' title="bbox 350 5220 1962 5309; baseline -0.002 -29"><span class='ocrx_word' id='word_1_775' title='bbox 350 5298 360 5309; x_wconf 37' lang='grc'><strong><em>⁸</em></strong></span> <span class='ocrx_word' id='word_1_776' title='bbox 393 5228 408 5262; x_wconf 86' lang='grc'>¹</span> <span class='ocrx_word' id='word_1_777' title='bbox 441 5225 654 5309; x_wconf 68' lang='lat' dir='ltr'>Vocem</span> <span class='ocrx_word' id='word_1_778' title='bbox 684 5242 892 5309; x_wconf 74' lang='lat' dir='ltr'>sensus,</span> <span class='ocrx_word' id='word_1_779' title='bbox 920 5225 1275 5309; x_wconf 55' lang='lat' dir='ltr'>quaedeerat</span> <span class='ocrx_word' id='word_1_780' title='bbox 1306 5223 1363 5278; x_wconf 93' lang='lat' dir='ltr'>in</span> <span class='ocrx_word' id='word_1_781' title='bbox 1432 5221 1713 5279; x_wconf 91' lang='lat' dir='ltr'>hactenus</span> <span class='ocrx_word' id='word_1_782' title='bbox 1764 5220 1962 5295; x_wconf 89' lang='lat' dir='ltr'>vulga-</span> 
     </span>
    </p>
   </div>
   <div class='ocr_carea' id='block_1_102' title="bbox 320 5297 1964 5439">
    <p class='ocr_par' dir='ltr' id='par_1_102' title="bbox 320 5297 1964 5439">
     <span class='ocr_line' id='line_1_102' title="bbox 320 5297 1227 5366; baseline -0.004 -12"><span class='ocrx_word' id='word_1_783' title='bbox 320 5298 422 5366; x_wconf 85' lang='lat' dir='ltr'>tis,</span> <span class='ocrx_word' id='word_1_784' title='bbox 457 5299 686 5354; x_wconf 82' lang='lat' dir='ltr'>sutl‘ecit</span> <span class='ocrx_word' id='word_1_785' title='bbox 714 5298 1030 5352; x_wconf 87' lang='lat' dir='ltr'>Vaticanus</span> <span class='ocrx_word' id='word_1_786' title='bbox 1062 5297 1227 5351; x_wconf 89' lang='lat' dir='ltr'>liber.</span> 
     </span>
     <span class='ocr_line' id='line_1_103' title="bbox 390 5364 1964 5439; baseline -0.003 -14"><span class='ocrx_word' id='word_1_787' title='bbox 390 5371 414 5404; x_wconf 74' lang='grc'>³</span> <span class='ocrx_word' id='word_1_788' title='bbox 445 5375 632 5425; x_wconf 80' lang='lat' dir='ltr'>Antea</span> <span class='ocrx_word' id='word_1_789' title='bbox 661 5374 783 5423; x_wconf 90' lang='lat' dir='ltr'>erat</span> <span class='ocrx_word' id='word_1_790' title='bbox 812 5368 1188 5439; x_wconf 82' lang='lat' dir='ltr'>diﬂerantura</span> <span class='ocrx_word' id='word_1_791' title='bbox 1244 5383 1421 5437; x_wconf 70' lang='lat' dir='ltr'>paena.</span> <span class='ocrx_word' id='word_1_792' title='bbox 1488 5364 1758 5437; x_wconf 86' lang='lat' dir='ltr'>Legerint</span> <span class='ocrx_word' id='word_1_793' title='bbox 1795 5382 1964 5437; x_wconf 90' lang='lat' dir='ltr'>porro</span> 
     </span>
    </p>
   </div>
   <div class='ocr_carea' id='block_1_103' title="bbox 315 5438 1833 5523">
    <p class='ocr_par' dir='ltr' id='par_1_103' title="bbox 315 5438 1833 5523">
     <span class='ocr_line' id='line_1_104' title="bbox 315 5438 1833 5523; baseline -0.002 -24"><span class='ocrx_word' id='word_1_794' title='bbox 315 5439 541 5523; x_wconf 73' lang='lat' dir='ltr'>laudati</span> <span class='ocrx_word' id='word_1_795' title='bbox 572 5438 926 5523; x_wconf 71' lang='lat' dir='ltr'>ipterpretcs</span> <span class='ocrx_word' id='word_1_796' title='bbox 957 5438 1213 5523; x_wconf 31' lang='lat' dir='ltr'>ﬁgnpro</span> <span class='ocrx_word' id='word_1_797' title='bbox 1243 5449 1385 5521; x_wconf 63' lang='lat' dir='ltr'>nx:</span> <span class='ocrx_word' id='word_1_798' title='bbox 1419 5509 1450 5523; x_wconf 57' lang='grc' dir='ltr'>η</span> <span class='ocrx_word' id='word_1_799' title='bbox 1524 5512 1536 5523; x_wconf 38' lang='grc'><strong><em>⁸</em></strong></span> <span class='ocrx_word' id='word_1_800' title='bbox 1824 5510 1833 5521; x_wconf 43' lang='grc'><em>,</em></span> 
     </span>
    </p>
   </div>
   <div class='ocr_carea' id='block_1_104' title="bbox 390 5509 1967 5581">
    <p class='ocr_par' dir='ltr' id='par_1_104' title="bbox 390 5509 1967 5581">
     <span class='ocr_line' id='line_1_105' title="bbox 390 5509 1967 5581; baseline -0.003 -12"><span class='ocrx_word' id='word_1_801' title='bbox 390 5514 413 5547; x_wconf 82' lang='grc'>⁸</span> <span class='ocrx_word' id='word_1_802' title='bbox 440 5509 751 5578; x_wconf 57' lang='lat' dir='ltr'>Martium;</span> <span class='ocrx_word' id='word_1_803' title='bbox 769 5511 881 5567; x_wconf 80' lang='lat' dir='ltr'>Non</span> <span class='ocrx_word' id='word_1_804' title='bbox 908 5510 1045 5581; x_wconf 77' lang='lat' dir='ltr'>quod</span> <span class='ocrx_word' id='word_1_805' title='bbox 1076 5509 1156 5576; x_wconf 83' lang='lat' dir='ltr'>hi,</span> <span class='ocrx_word' id='word_1_806' title='bbox 1190 5512 1286 5581; x_wconf 85' lang='lat' dir='ltr'>qui</span> <span class='ocrx_word' id='word_1_807' title='bbox 1314 5509 1485 5565; x_wconf 84' lang='lat' dir='ltr'>multo</span> <span class='ocrx_word' id='word_1_808' title='bbox 1517 5512 1754 5580; x_wconf 80' lang='lat' dir='ltr'>tempore</span> <span class='ocrx_word' id='word_1_809' title='bbox 1778 5510 1967 5564; x_wconf 90' lang='lat' dir='ltr'>vivant</span> 
     </span>
    </p>
   </div>
   <div class='ocr_carea' id='block_1_105' title="bbox 321 5583 960 5657">
    <p class='ocr_par' dir='ltr' id='par_1_105' title="bbox 321 5583 960 5657">
     <span class='ocr_line' id='line_1_106' title="bbox 321 5583 960 5657; baseline -0.005 -17"><span class='ocrx_word' id='word_1_810' title='bbox 321 5585 643 5657; x_wconf 53' lang='lat' dir='ltr'>trelongent</span> <span class='ocrx_word' id='word_1_811' title='bbox 672 5583 787 5657; x_wconf 81' lang='lat' dir='ltr'>dies</span> <span class='ocrx_word' id='word_1_812' title='bbox 816 5600 960 5657; x_wconf 76' lang='lat' dir='ltr'>suos.</span> 
     </span>
    </p>
   </div>
   <div class='ocr_carea' id='block_1_106' title="bbox 396 5652 1963 5723">
    <p class='ocr_par' dir='ltr' id='par_1_106' title="bbox 396 5652 1963 5723">
     <span class='ocr_line' id='line_1_107' title="bbox 396 5652 1963 5723; baseline -0.003 -10"><span class='ocrx_word' id='word_1_813' title='bbox 396 5652 596 5717; x_wconf 72' lang='lat' dir='ltr'>‘Siéut</span> <span class='ocrx_word' id='word_1_814' title='bbox 625 5656 820 5715; x_wconf 79' lang='lat' dir='ltr'>umbra</span> <span class='ocrx_word' id='word_1_815' title='bbox 846 5655 1101 5713; x_wconf 79' lang='lat' dir='ltr'>inclinati</span> <span class='ocrx_word' id='word_1_816' title='bbox 1146 5660 1289 5710; x_wconf 83' lang='lat' dir='ltr'>sunt.</span> <span class='ocrx_word' id='word_1_817' title='bbox 1362 5653 1445 5711; x_wconf 88' lang='lat' dir='ltr'>Ita</span> <span class='ocrx_word' id='word_1_818' title='bbox 1513 5652 1718 5723; x_wconf 86' lang='lat' dir='ltr'>legunt</span> <span class='ocrx_word' id='word_1_819' title='bbox 1796 5667 1963 5723; x_wconf 86' lang='lat' dir='ltr'>mss.;</span> 
     </span>
    </p>
   </div>
   <div class='ocr_carea' id='block_1_107' title="bbox 1416 4632 3710 4706">
    <p class='ocr_par' dir='ltr' id='par_1_107' title="bbox 1416 4632 3710 4706">
     <span class='ocr_line' id='line_1_108' title="bbox 1416 4632 3710 4706; baseline 0.002 -17"><span class='ocrx_word' id='word_1_820' title='bbox 1416 4636 1480 4690; x_wconf 90' lang='lat' dir='ltr'>In</span> <span class='ocrx_word' id='word_1_821' title='bbox 1528 4637 1767 4705; x_wconf 86' lang='lat' dir='ltr'>imagine</span> <span class='ocrx_word' id='word_1_822' title='bbox 1813 4637 1962 4689; x_wconf 86' lang='lat' dir='ltr'>enim</span> <span class='ocrx_word' id='word_1_823' title='bbox 1990 4632 2027 4636; x_wconf 70' lang='grc'><strong><em>“</em></strong></span> <span class='ocrx_word' id='word_1_824' title='bbox 2073 4634 2141 4687; x_wconf 88' lang='lat' dir='ltr'>Et</span> <span class='ocrx_word' id='word_1_825' title='bbox 2169 4633 2511 4687; x_wconf 88' lang='lat' dir='ltr'>vidiomnia</span> <span class='ocrx_word' id='word_1_826' title='bbox 2539 4648 2714 4704; x_wconf 88' lang='lat' dir='ltr'>epera</span> <span class='ocrx_word' id='word_1_827' title='bbox 2748 4632 2875 4699; x_wconf 92' lang='lat' dir='ltr'>Dei;</span> <span class='ocrx_word' id='word_1_828' title='bbox 2911 4633 3050 4704; x_wconf 90' lang='lat' dir='ltr'>quia</span> <span class='ocrx_word' id='word_1_829' title='bbox 3108 4650 3220 4688; x_wconf 93' lang='lat' dir='ltr'>non</span> <span class='ocrx_word' id='word_1_830' title='bbox 3273 4635 3485 4706; x_wconf 89' lang='lat' dir='ltr'>poterit</span> <span class='ocrx_word' id='word_1_831' title='bbox 3532 4636 3710 4693; x_wconf 88' lang='lat' dir='ltr'>homo</span> 
     </span>
    </p>
   </div>
   <div class='ocr_carea' id='block_1_108' title="bbox 2070 4721 3713 4796">
    <p class='ocr_par' dir='ltr' id='par_1_108' title="bbox 2070 4721 3713 4796">
     <span class='ocr_line' id='line_1_109' title="bbox 2070 4721 3713 4796; baseline 0.004 -22"><span class='ocrx_word' id='word_1_832' title='bbox 2070 4721 2331 4776; x_wconf 87' lang='lat' dir='ltr'>invenire</span> <span class='ocrx_word' id='word_1_833' title='bbox 2361 4738 2528 4793; x_wconf 89' lang='lat' dir='ltr'>opus,</span> <span class='ocrx_word' id='word_1_834' title='bbox 2564 4722 2718 4792; x_wconf 90' lang='lat' dir='ltr'>quod</span> <span class='ocrx_word' id='word_1_835' title='bbox 2755 4722 2970 4776; x_wconf 84' lang='lat' dir='ltr'>factum</span> <span class='ocrx_word' id='word_1_836' title='bbox 3002 4727 3093 4777; x_wconf 90' lang='lat' dir='ltr'>est</span> <span class='ocrx_word' id='word_1_837' title='bbox 3130 4723 3240 4777; x_wconf 89' lang='lat' dir='ltr'>sub</span> <span class='ocrx_word' id='word_1_838' title='bbox 3271 4723 3413 4791; x_wconf 88' lang='lat' dir='ltr'>sole,</span> <span class='ocrx_word' id='word_1_839' title='bbox 3475 4724 3534 4779; x_wconf 87' lang='lat' dir='ltr'>in</span> <span class='ocrx_word' id='word_1_840' title='bbox 3596 4742 3713 4796; x_wconf 89' lang='lat' dir='ltr'>quo</span> 
     </span>
    </p>
   </div>
   <div class='ocr_carea' id='block_1_109' title="bbox 2072 4808 3713 4884">
    <p class='ocr_par' dir='ltr' id='par_1_109' title="bbox 2072 4808 3713 4884">
     <span class='ocr_line' id='line_1_110' title="bbox 2072 4808 3713 4884; baseline 0.004 -21"><span class='ocrx_word' id='word_1_841' title='bbox 2072 4808 2355 4864; x_wconf 89' lang='lat' dir='ltr'>laboravit</span> <span class='ocrx_word' id='word_1_842' title='bbox 2383 4809 2558 4864; x_wconf 90' lang='lat' dir='ltr'>homo</span> <span class='ocrx_word' id='word_1_843' title='bbox 2592 4810 2737 4865; x_wconf 73' lang='lat'>457</span> <span class='ocrx_word' id='word_1_844' title='bbox 2772 4814 2837 4865; x_wconf 91' lang='lat' dir='ltr'>ut</span> <span class='ocrx_word' id='word_1_845' title='bbox 2868 4815 3233 4881; x_wconf 57' lang='lat' dir='ltr'>quiereret,et</span> <span class='ocrx_word' id='word_1_846' title='bbox 3264 4828 3377 4867; x_wconf 92' lang='lat' dir='ltr'>non</span> <span class='ocrx_word' id='word_1_847' title='bbox 3409 4812 3713 4884; x_wconf 56' lang='lat' dir='ltr'>invenisti,</span> 
     </span>
    </p>
   </div>
   <div class='ocr_carea' id='block_1_110' title="bbox 2071 4885 3716 4971">
    <p class='ocr_par' dir='ltr' id='par_1_110' title="bbox 2071 4885 3716 4971">
     <span class='ocr_line' id='line_1_111' title="bbox 2071 4885 3716 4971; baseline 0.002 -17"><span class='ocrx_word' id='word_1_848' title='bbox 2071 4896 2372 4970; x_wconf 89' lang='lat' dir='ltr'>Siquidem</span> <span class='ocrx_word' id='word_1_849' title='bbox 2405 4903 2463 4953; x_wconf 88' lang='lat' dir='ltr'>et</span> <span class='ocrx_word' id='word_1_850' title='bbox 2493 4899 2541 4953; x_wconf 90' lang='lat' dir='ltr'>si</span> <span class='ocrx_word' id='word_1_851' title='bbox 2572 4898 2781 4953; x_wconf 84' lang='lat' dir='ltr'>dixerit</span> <span class='ocrx_word' id='word_1_852' title='bbox 2809 4899 3042 4969; x_wconf 90' lang='lat' dir='ltr'>sapiens</span> <span class='ocrx_word' id='word_1_853' title='bbox 3068 4885 3542 4971; x_wconf 46' lang='lat' dir='ltr'>se‘cognoscere,</span> <span class='ocrx_word' id='word_1_854' title='bbox 3602 4918 3716 4957; x_wconf 91' lang='lat' dir='ltr'>non</span> 
     </span>
    </p>
   </div>
   <div class='ocr_carea' id='block_1_111' title="bbox 2073 4986 3719 5061">
    <p class='ocr_par' dir='ltr' id='par_1_111' title="bbox 2073 4986 3719 5061">
     <span class='ocr_line' id='line_1_112' title="bbox 2073 4986 3719 5061; baseline 0.003 -20"><span class='ocrx_word' id='word_1_855' title='bbox 2073 4986 2635 5061; x_wconf 78' lang='lat' dir='ltr'>poteritinvenire.»</span> <span class='ocrx_word' id='word_1_856' title='bbox 2677 4987 2783 5052; x_wconf 89' lang='lat' dir='ltr'>Qui</span> <span class='ocrx_word' id='word_1_857' title='bbox 2816 4989 3023 5056; x_wconf 75' lang='lat' dir='ltr'>quaerit</span> <span class='ocrx_word' id='word_1_858' title='bbox 3078 5004 3287 5043; x_wconf 89' lang='lat' dir='ltr'>causas</span> <span class='ocrx_word' id='word_1_859' title='bbox 3340 4989 3719 5061; x_wconf 87' lang='lat' dir='ltr'>rationesque</span> 
     </span>
    </p>
   </div>
   <div class='ocr_carea' id='block_1_112' title="bbox 2074 5218 3716 5289">
    <p class='ocr_par' dir='ltr' id='par_1_112' title="bbox 2074 5218 3716 5289">
     <span class='ocr_line' id='line_1_113' title="bbox 2074 5218 3716 5289; baseline 0.002 -13"><span class='ocrx_word' id='word_1_860' title='bbox 2074 5220 2215 5277; x_wconf 89' lang='lat' dir='ltr'>editi</span> <span class='ocrx_word' id='word_1_861' title='bbox 2238 5238 2367 5276; x_wconf 79' lang='lat' dir='ltr'>vero</span> <span class='ocrx_word' id='word_1_862' title='bbox 2403 5225 2575 5276; x_wconf 90' lang='lat' dir='ltr'>antea</span> <span class='ocrx_word' id='word_1_863' title='bbox 2623 5218 2779 5289; x_wconf 91' lang='lat' dir='ltr'>libri,</span> <span class='ocrx_word' id='word_1_864' title='bbox 2832 5220 2974 5274; x_wconf 85' lang='lat' dir='ltr'>sicut</span> <span class='ocrx_word' id='word_1_865' title='bbox 3033 5221 3228 5276; x_wconf 87' lang='lat' dir='ltr'>umbra</span> <span class='ocrx_word' id='word_1_866' title='bbox 3280 5222 3716 5281; x_wconf 85' lang='lat' dir='ltr'>declinaverunt.</span> 
     </span>
    </p>
   </div>
   <div class='ocr_carea' id='block_1_113' title="bbox 2074 5294 2361 5349">
    <p class='ocr_par' dir='ltr' id='par_1_113' title="bbox 2074 5294 2361 5349">
     <span class='ocr_line' id='line_1_114' title="bbox 2074 5294 2361 5349; baseline -0.007 0"><span class='ocrx_word' id='word_1_867' title='bbox 2074 5294 2361 5349; x_wconf 74' lang='grc' dir='ltr'>ΜΑιιτιΑΝ.</span> 
     </span>
    </p>
   </div>
   <div class='ocr_carea' id='block_1_114' title="bbox 2146 5362 3721 5437">
    <p class='ocr_par' dir='ltr' id='par_1_114' title="bbox 2146 5362 3721 5437">
     <span class='ocr_line' id='line_1_115' title="bbox 2146 5362 3721 5437; baseline 0.003 -20"><span class='ocrx_word' id='word_1_868' title='bbox 2146 5366 2167 5399; x_wconf 75' lang='grc'>⁸</span> <span class='ocrx_word' id='word_1_869' title='bbox 2202 5364 2436 5437; x_wconf 59' lang='lat' dir='ltr'>llebrtei,</span> <span class='ocrx_word' id='word_1_870' title='bbox 2461 5364 2633 5433; x_wconf 82' lang='lat' dir='ltr'>justos</span> <span class='ocrx_word' id='word_1_871' title='bbox 2680 5362 2925 5437; x_wconf 76' lang='lat' dir='ltr'>quibus,_</span> <span class='ocrx_word' id='word_1_872' title='bbox 2959 5367 3067 5416; x_wconf 91' lang='lat' dir='ltr'>etc.</span> <span class='ocrx_word' id='word_1_873' title='bbox 3134 5364 3410 5419; x_wconf 87' lang='lat' dir='ltr'>Eamdem</span> <span class='ocrx_word' id='word_1_874' title='bbox 3470 5364 3721 5437; x_wconf 85' lang='lat' dir='ltr'>explica-</span> 
     </span>
    </p>
   </div>
   <div class='ocr_carea' id='block_1_115' title="bbox 2072 5434 3716 5506">
    <p class='ocr_par' dir='ltr' id='par_1_115' title="bbox 2072 5434 3716 5506">
     <span class='ocr_line' id='line_1_116' title="bbox 2072 5434 3716 5506; baseline 0.003 -16"><span class='ocrx_word' id='word_1_875' title='bbox 2072 5436 2290 5491; x_wconf 87' lang='lat' dir='ltr'>tionem</span> <span class='ocrx_word' id='word_1_876' title='bbox 2327 5435 2697 5506; x_wconf 70' lang='lat' dir='ltr'>Hebrazorum</span> <span class='ocrx_word' id='word_1_877' title='bbox 2739 5434 3012 5506; x_wconf 81' lang='lat' dir='ltr'>clferebat</span> <span class='ocrx_word' id='word_1_878' title='bbox 3040 5451 3222 5506; x_wconf 87' lang='lat' dir='ltr'>supra</span> <span class='ocrx_word' id='word_1_879' title='bbox 3250 5437 3357 5492; x_wconf 87' lang='lat' dir='ltr'>col.</span> <span class='ocrx_word' id='word_1_880' title='bbox 3396 5434 3716 5495; x_wconf 53' lang='lat' dir='ltr'>“illum.</span> 
     </span>
    </p>
   </div>
   <div class='ocr_carea' id='block_1_116' title="bbox 2144 5504 3530 5575">
    <p class='ocr_par' dir='ltr' id='par_1_116' title="bbox 2144 5504 3530 5575">
     <span class='ocr_line' id='line_1_117' title="bbox 2144 5504 3530 5575; baseline 0.004 -16"><span class='ocrx_word' id='word_1_881' title='bbox 2144 5508 2165 5543; x_wconf 72' lang='grc'>⁸</span> <span class='ocrx_word' id='word_1_882' title='bbox 2190 5507 2450 5561; x_wconf 90' lang='lat' dir='ltr'>Vatican.</span> <span class='ocrx_word' id='word_1_883' title='bbox 2484 5510 2540 5561; x_wconf 92' lang='lat' dir='ltr'>et</span> <span class='ocrx_word' id='word_1_884' title='bbox 2572 5504 2752 5570; x_wconf 88' lang='lat' dir='ltr'>Palat,</span> <span class='ocrx_word' id='word_1_885' title='bbox 2786 5506 2891 5560; x_wconf 87' lang='lat' dir='ltr'>Pro</span> <span class='ocrx_word' id='word_1_886' title='bbox 2919 5504 3331 5575; x_wconf 66' lang='lat' dir='ltr'>investigatione</span> <span class='ocrx_word' id='word_1_887' title='bbox 3359 5509 3530 5565; x_wconf 85' lang='lat' dir='ltr'>verbi.</span> 
     </span>
    </p>
   </div>
   <div class='ocr_carea' id='block_1_117' title="bbox 2145 5575 3714 5653">
    <p class='ocr_par' dir='ltr' id='par_1_117' title="bbox 2145 5575 3714 5653">
     <span class='ocr_line' id='line_1_118' title="bbox 2145 5575 3714 5653; baseline 0.003 -21"><span class='ocrx_word' id='word_1_888' title='bbox 2145 5581 2162 5613; x_wconf 74' lang='grc'><strong>⁷</strong></span> <span class='ocrx_word' id='word_1_889' title='bbox 2198 5577 2438 5653; x_wconf 62' lang='lat' dir='ltr'>Palatia.</span> <span class='ocrx_word' id='word_1_890' title='bbox 2473 5575 2710 5653; x_wconf 83' lang='lat' dir='ltr'>alte_r,Et</span> <span class='ocrx_word' id='word_1_891' title='bbox 2744 5593 2847 5633; x_wconf 82' lang='lat' dir='ltr'>non</span> <span class='ocrx_word' id='word_1_892' title='bbox 2884 5576 3231 5653; x_wconf 68' lang='lat' dir='ltr'>inveniret,e:</span> <span class='ocrx_word' id='word_1_893' title='bbox 3264 5579 3436 5653; x_wconf 83' lang='lat' dir='ltr'>paulo</span> <span class='ocrx_word' id='word_1_894' title='bbox 3471 5579 3714 5637; x_wconf 80' lang='lat' dir='ltr'>inferius</span> 
     </span>
    </p>
   </div>
   <div class='ocr_carea' id='block_1_118' title="bbox 2077 5648 3081 5725">
    <p class='ocr_par' dir='ltr' id='par_1_118' title="bbox 2077 5648 3081 5725">
     <span class='ocr_line' id='line_1_119' title="bbox 2077 5648 3081 5725; baseline 0.003 -20"><span class='ocrx_word' id='word_1_895' title='bbox 2077 5666 2211 5709; x_wconf 89' lang='lat' dir='ltr'>cum</span> <span class='ocrx_word' id='word_1_896' title='bbox 2254 5649 2463 5718; x_wconf 88' lang='lat' dir='ltr'>Vatic.,</span> <span class='ocrx_word' id='word_1_897' title='bbox 2496 5648 2703 5717; x_wconf 84' lang='lat' dir='ltr'>valens,</span> <span class='ocrx_word' id='word_1_898' title='bbox 2736 5665 2838 5725; x_wconf 89' lang='lat' dir='ltr'>pro</span> <span class='ocrx_word' id='word_1_899' title='bbox 2869 5648 3081 5709; x_wconf 79' lang='lat' dir='ltr'>videns.</span> 
     </span>
    </p>
   </div>
  </div>
