4046 6162
407 251 564 327 1135

1636 252 1699 317 S.
1747 253 2059 319 EUSEBII
2104 253 2574 327 HIERONYMI.

3597 255 3727 341 uas

404 402 623 453 rerum,
655 400 836 457 quare
865 384 972 439 hoc
1003 384 1093 440 vel
1152 384 1297 439 illud
1328 385 1547 441 factum
1604 387 1700 452 sit,
1759 393 1815 441 et
1861 403 2043 458 quare
2072 392 2126 457 Α
2154 388 2332 442 traria
2361 392 2701 443 enumerata
2724 388 2745 420 δ
2785 390 2942 453 sunt,
3002 383 3379 458 spiritualiter
3423 383 3735 455 accipienda,

405 476 663 535 mundus
756 473 933 529 variis
1034 474 1393 546 gubernetur
1491 475 1839 530 eventibus:
1946 492 2051 530 cur

405 566 559 621 alius
587 580 774 618 caecus
803 568 862 617 et
919 561 1149 629 debilis,
1210 561 1362 616 alius
1409 562 1612 617 videns
1663 567 1943 617 nascatur
1996 568 2053 618 et

406 669 626 712 sanus:
660 650 754 706 hic
780 654 1183 723 paupertatem
1228 650 1458 718 habeat,
1482 649 1580 705 ille
1610 651 1844 705 divitias
1878 670 1890 719 ;
1940 651 2051 706 iste

407 744 484 799 sit
513 739 748 806 nobilis,
772 738 870 793 ille
900 737 1221 810 inglorius:
1256 736 1401 793 nihil
1441 737 1599 793 aliud
1635 738 1881 809 proﬁcit,
1934 738 2048 793 nisi

408 832 469 886 in
500 847 609 887 sua
628 832 858 883 tantum
889 826 1208 897 quaestione
1249 826 1526 896 torqueri,
1586 832 1643 881 et
1698 826 2048 898 disputatio-

410 936 545 975 nem
578 933 681 990 pro
704 918 992 971 tormento
1014 914 1359 980 habere,nec
1389 918 1584 969 tamen
1618 914 1873 970 invenire
1895 915 2048 985 quod

411 1007 689 1080 qumrit...
712 1005 784 1059 Et
812 1019 946 1059 cum
979 1002 1101 1057 haec
1133 1002 1340 1058 dixerit
1388 1018 1449 1058 se
1506 1003 1865 1075 cognovisse,
1911 1007 2053 1057 tunc

412 1093 796 1168 ignorationis
827 1092 1041 1146 habere
1071 1090 1448 1162 principium,
1469 1095 1525 1145 et
1547 1091 1602 1145 in
1636 1092 1923 1162 profunde
1968 1106 2056 1145 er-

410 1199 540 1240 rore
558 1181 795 1238 versari.
826 1179 1202 1234 Subestendit
1224 1184 1419 1234 tamen
1451 1195 1580 1234 esse
1618 1196 1826 1234 causas
1855 1196 2051 1234 rerum

411 1269 677 1325 omnium
704 1272 761 1323 et
782 1266 1275 1338 jsstitiam,quare
1305 1268 1770 1338 unumquodque
1801 1268 1885 1322 sic
1911 1267 2048 1322 ﬁat:

412 1358 514 1413 sed
546 1357 604 1411 in
637 1354 803 1411 oculo
834 1371 935 1410 eas
964 1354 1163 1423 latere,
1225 1361 1281 1410 et
1338 1372 1453 1409 non
1513 1372 1685 1426 posse
1741 1356 1812 1410 ab
1872 1356 2056 1410 homi-

411 1445 588 1501 nibus
619 1442 1053 1514 comprehendi.

483 1534 641 1603 (Cap.
666 1532 778 1600 IX.)
809 1553 835 1577 «
869 1530 1053 1584 Omne
1083 1529 1189 1584 hoc
1212 1530 1345 1584 dedi
1395 1530 1453 1584 in
1505 1532 1675 1585 corde
1736 1548 1862 1585 meo
1896 1535 1934 1602 ',
1994 1536 2054 1587 ut

412 1620 841 1678 considerarem
873 1617 1178 1673 universa:
1213 1618 1353 1689 quia
1404 1618 1571 1689 justi,
1624 1624 1680 1673 et
1738 1619 2051 1690 sapientes,

414 1716 472 1767 et
501 1725 677 1781 opera
693 1707 967 1763 earumin
998 1722 1176 1761 manu
1206 1706 1454 1761 Domini.
1492 1711 1557 1760 Et
1585 1707 1824 1777 quidem
1866 1707 2054 1762 chari-

410 1803 613 1865 tatem,
645 1801 702 1851 et
721 1794 959 1866 quidem
990 1795 1228 1849 odium:
1264 1811 1377 1849 non
1418 1799 1507 1849 est
1546 1811 1903 1866 cognoscens
1952 1795 2054 1850 ho-

415 1904 512 1943 mo
535 1885 734 1941 omnia
790 1885 849 1938 in
883 1882 1028 1938 facie
1077 1899 1301 1937 eorum.
1338 1904 1366 1931 ››
1426 1883 1615 1938 Etiam
1662 1883 1817 1937 hunc
1863 1882 2053 1937 locum

415 1973 803 2048 Symmachus
835 1971 1206 2026 manifestius
1229 1972 1644 2042 interpretatus
1674 1980 1781 2041 est,
1814 1973 2053 2026 dicens:

419 2086 448 2117 ‹‹
480 2063 690 2119 Omnia
714 2061 835 2115 haec
865 2059 1040 2115 statui
1072 2062 1092 2094 ³
1122 2060 1180 2114 in
1213 2061 1384 2115 corde
1414 2076 1564 2125 meo,
1610 2064 1676 2114 ut
1717 2059 2057 2115 ventilarem

416 2152 689 2208 universa
722 2166 735 2204 :
770 2148 910 2220 quia
938 2148 1156 2219 etjusti
1189 2152 1244 2202 et
1274 2148 1587 2219 sapientes,
1621 2151 1677 2203 et
1742 2165 1919 2219 opera
1963 2164 2057 2203 co-

416 2258 549 2298 rum
581 2240 639 2295 in
672 2255 850 2294 manu
874 2238 970 2293 Dei
1000 2237 1234 2292 sunt.Et
1263 2236 1506 2308 insuper
1526 2252 1714 2307 neque
1744 2236 2057 2307 amicitias,

416 2345 607 2396 neque
637 2326 974 2383 inimicitias
1027 2324 1138 2380 scit
1191 2324 1399 2391 homo;
1455 2325 1557 2379 sed
1612 2323 1811 2378 omnia
1863 2341 2057 2380 coram

416 2421 502 2475 eis
524 2420 765 2481 incerta,
799 2418 1104 2488 propterea
1133 2413 1288 2485 quod
1320 2413 1596 2467 omnibus
1649 2412 1925 2468 eveniunt
1982 2413 2059 2467 si-

418 2507 782 2577 milia,justo
813 2512 867 2558 et
932 2502 1174 2573 injuste.
1244 2502 1418 2556 Porro
1492 2500 1584 2554 hic
1653 2517 1867 2555 sensus
1933 2506 2058 2556 est:

416 2596 608 2652 Etiam
640 2595 697 2648 in
728 2593 837 2648 hoc
866 2591 998 2646 dedi
1022 2607 1123 2646 cor
1150 2606 1370 2658 meum,
1402 2594 1459 2645 et
1505 2589 1657 2644 scire
1708 2590 1861 2644 volui
1913 2606 2060 2660 quos

422 2685 579 2740 Deus
609 2681 893 2752 diligeret,
926 2695 1074 2750 quos
1101 2678 1347 2733 edisset.
1388 2678 1457 2732 Et
1514 2677 1709 2732 inveni
1757 2678 2059 2747 justorum

420 2772 659 2845 quidem
695 2785 871 2842 opera
900 2767 959 2823 in
982 2783 1160 2823 manu
1192 2766 1293 2821 Dei
1325 2781 1473 2834 esse,
1507 2772 1563 2820 et
1621 2770 1817 2820 tamen
1863 2769 2059 2820 utrum

418 2865 689 2917 amentur
716 2875 752 2913 a
781 2863 916 2925 Dee,
939 2873 1011 2912 an
1045 2872 1182 2923 non,
1213 2872 1369 2909 nunc
1398 2870 1496 2909 eos
1527 2853 1675 2909 seire
1725 2870 1837 2908 non
1892 2870 2063 2925 posse

421 2951 652 3007 etinter
694 2947 1038 3019 ambiguum
1102 2946 1413 3007 ﬂuctuare,
1473 2945 1669 2996 utrum
1730 2943 1799 2995 ad
1858 2944 2063 3014 proba-

421 3042 641 3099 tionem
685 3036 1015 3093 sustineant
1076 3049 1202 3103 qua:
1265 3029 1578 3097 sustinent,
1646 3047 1717 3083 an
1784 3031 1855 3085 ad
1925 3047 2061 3102 sup-

2085 1753 2133 1817 B

2156 477 2478 530 secundum
2512 475 2655 531 illud
2687 495 2698 531 :
2733 476 3076 545 Sacri/icium
3114 477 3217 531 Deo
3246 474 3465 546 spiritus
3504 474 3739 528 contribu-

2160 564 2301 618 latus
2327 565 2497 635 (Psal.
2534 582 2583 627 L,
2615 566 2721 635 19).

2233 674 2259 702 ‹‹
2296 654 2407 707 [loc
2436 661 2521 707 est
2552 654 2875 723 pessimum
2904 652 2963 707 in
2986 651 3145 707 omni
3169 651 3321 722 quod
3344 650 3545 704 factum
3561 652 3641 703 est
3657 648 3745 703 sub

2163 742 2287 795 sele
2315 758 2326 794 ε
2363 741 2504 811 quia
2542 746 2781 796 eventus
2813 757 2967 796 unus
2984 740 3279 794 omnibus.
3304 738 3478 793 Sedet
3506 753 3596 791 cor
3624 735 3750 790 ﬁlic-

2160 846 2288 882 rum
2309 829 2614 883 hominum
2641 829 2927 900 replctum
2954 834 3041 884 est
3068 827 3310 889 malitia,
3344 831 3399 882 et
3426 840 3632 880 errores
3664 822 3752 894 [AL

2161 918 2374 986 errore]
2408 917 2465 971 in
2490 918 2660 972 corde
2690 935 2889 971 eorum
2926 917 2981 970 in
3038 916 3155 970 vita
3212 933 3337 982 sua,
3394 919 3449 969 et
3497 917 3615 984 post
3651 911 3751 966 haec

2163 1007 2232 1061 ad
2260 1011 2541 1061 mortuos.
2575 1006 2718 1070 Quia
2749 1007 2881 1078 quis
2914 1011 3001 1060 est
3032 1007 3127 1077 qui
3163 1003 3545 1060 communicet
3572 1001 3623 1056 in
3653 1016 3753 1055 om-

2163 1111 2263 1148 nes
2296 1094 2602 1149 viventes?
2639 1119 2657 1142 »
2698 1096 2762 1148 Et
2792 1095 2900 1149 hoc
2932 1093 3195 1164 apertius
3252 1109 3411 1147 more
3466 1107 3567 1147 suo
3618 1088 3759 1144 inter-

2164 1189 2429 1253 pretatus
2456 1190 2545 1237 est
2566 1182 3180 1254 Symmachus,dicens
3211 1198 3223 1235 :
3251 1205 3275 1231 ‹‹
3313 1181 3423 1235 Sed
3453 1184 3508 1235 et
3527 1194 3616 1233 cor
3642 1176 3758 1233 ﬁlio-

2164 1288 2291 1326 rum
2316 1271 2621 1326 hominum
2655 1271 2909 1342 repletur
2945 1271 3171 1326 malitia
3200 1274 3258 1325 et
3288 1267 3619 1341 procacitate
3650 1266 3759 1336 jux-

2163 1365 2223 1414 ta
2254 1376 2352 1414 cor
2380 1376 2578 1415 eorum
2613 1361 2671 1414 in
2704 1359 2823 1413 vita
2848 1376 2972 1414 sua.
2993 1357 3322 1414 Novissima
3352 1359 3541 1411 autem
3595 1369 3761 1409 eorum

2163 1449 2400 1502 veniant
2429 1449 2501 1502 ad
2534 1452 2817 1502 mortuos.
2852 1448 2990 1511 Quis
3022 1447 3179 1501 enim
3210 1449 3400 1516 potest
3426 1444 3485 1498 in
3508 1441 3763 1513 sempiter-

2166 1553 2307 1591 num
2338 1553 2703 1607 perseverare
2733 1536 2970 1591 vivens?
3002 1560 3027 1584 ››
3083 1535 3364 1589 Eumdem
3415 1535 3602 1586 autem
3655 1545 3763 1584 sen-

2165 1641 2294 1679 sum
2328 1623 2629 1695 Scriptura
2658 1624 2884 1695 repetit,
2918 1624 2988 1678 de
3008 1640 3124 1693 quo
3172 1621 3345 1693 paulo
3414 1623 3544 1675 ante
3596 1621 3767 1673 tracta-

2164 1711 2533 1782 vimus,quud
2561 1728 2691 1765 cum
2714 1711 2909 1766 omnia
2926 1710 3223 1782 aequaliter
3240 1705 3764 1763 eveniantuniversis

2166 1805 2222 1855 et
2253 1799 2411 1854 nulla
2429 1801 2506 1854 sit
2528 1800 2586 1853 in
2618 1800 2787 1855 benis
2817 1799 3178 1855 sustinendis
3224 1797 3468 1852 malisve
3513 1793 3765 1863 discretio,

2164 1888 2252 1943 vel
2285 1892 2437 1943 certe
2460 1887 2668 1959 aequali
2693 1892 2876 1943 morte
2899 1890 2968 1943 de
2996 1878 3103 1943 hoc
3128 1888 3343 1941 szeculo
3368 1883 3765 1940 subtrahamur:

2167 1976 2553 2031 nihilominus
2608 1977 2903 2032 erroribus
2970 1981 3026 2032 et
3080 1976 3432 2048 procacitate
3468 1976 3524 2029 et
3586 1969 3769 2025 malitia

2168 2065 2518 2137 repleantur,
2561 2069 2617 2120 et
2647 2069 2777 2136 post
2808 2065 2927 2119 haec
2983 2065 3184 2119 omnia
3250 2063 3446 2118 subito
3517 2061 3771 2132 rapiamur‘

2165 2153 2402 2208 interitu
2425 2154 2530 2224 [AL
2582 2153 2639 2207 in
2696 2154 3020 2223 interitum]
3046 2155 3087 2222 ⁵,
3148 2168 3253 2207 nec
3315 2151 3469 2205 ultra
3516 2147 3770 2221 possimus

2167 2258 2301 2297 cum
2323 2242 2650 2296 viventibus
2674 2241 2887 2296 habere
2911 2241 3295 2296 consortium.
3330 2239 3436 2293 Vel
3487 2241 3631 2293 certe
3675 2235 3768 2289 sic:

2168 2330 2453 2396 Quoniam
2486 2346 2825 2385 communes
2857 2328 3161 2401 angustia),
3190 2333 3247 2382 et
3299 2328 3497 2398 justos
3551 2329 3604 2379 et
3648 2323 3771 2392 inju-

2168 2422 2290 2474 stos
2314 2418 2829 2490 premunt,idcirco
2855 2418 2925 2473 ad
2950 2420 3184 2489 peccata
3211 2415 3485 2471 homines
3506 2425 3772 2486 provocan-

2167 2512 2298 2562 tur:
2331 2510 2384 2561 et
2413 2512 2607 2561 tamen
2640 2512 2772 2578 post
2798 2522 3001 2561 omnes
3024 2509 3291 2570 conatus,
3325 2502 3543 2575 quibus
3595 2500 3773 2555 frustra

2170 2595 2281 2649 nisi
2317 2598 2475 2658 sunt,
2501 2595 2642 2649 dum
2676 2594 2965 2665 ignorant,
3012 2593 3083 2647 ad
3142 2592 3376 2646 inferna
3431 2587 3771 2645 descendunt.

2244 2706 2271 2731 »
2302 2684 2401 2737 Est
2459 2682 2831 2751 conﬁdentia,
2866 2681 3143 2752 quoniam
3167 2680 3333 2735 canis
3365 2679 3561 2734 vivens
3608 2673 3776 2731 melior

2169 2776 2258 2827 est
2289 2788 2322 2825 a
2353 2772 2515 2825 leone
2553 2771 2573 2803 ⁷
2607 2774 2863 2825 mortue:
2896 2770 3056 2840 _quia
3108 2767 3364 2823 viventes
3412 2766 3600 2823 sciunt
3650 2758 3774 2832 quod

2172 2860 2517 2924 moriantur,
2550 2864 2605 2913 et
2628 2859 2839 2913 mortui
2876 2858 3143 2913 nesciunt
3181 2857 3529 2928 quidquam,
3583 2856 3635 2907 et
3685 2864 3773 2903 non

2171 2952 2260 3003 est
2288 2947 2370 3002 eis
2393 2948 2647 3019 amplius
2662 2963 2903 3001 merces.
2931 2948 2990 3000 In
3023 2945 3314 3000 oblivione
3336 2945 3493 3000 enim
3514 2940 3660 2997 venit
3682 2951 3776 2992 me-

2172 3036 2357 3091 moria
2382 3052 2604 3091 eorum.
2640 3036 2748 3089 Sed
2782 3034 3089 3089 etdilcctio
3120 3050 3349 3101 eorum,
3383 3037 3439 3088 et
3467 3031 3656 3087 odium
3702 3042 3774 3081 eo-

430 3129 670 3204 plicium
692 3126 822 3180 3.1a
891 3125 1087 3178 futuro
1154 3120 1333 3191 igitur
1397 3117 1602 3183 scient,
1667 3123 1725 3172 et
1775 3119 1832 3172 in
1899 3117 2063 3173 vultu
2097 3113 2139 3178 C
2180 3141 2331 3191 rum,
2365 3130 2421 3179 ct
2449 3124 2608 3179 zelus
2629 3140 2830 3178 eorum
2880 3124 3002 3194 jam
3038 3122 3252 3194 periit:
3289 3127 3346 3178 et
3375 3139 3510 3193 pars
3557 3135 3663 3175 non
3709 3116 3776 3169 est

433 3235 634 3277 eorum
668 3218 807 3271 sunt
835 3211 1052 3275 omnia,
1079 3209 1136 3263 id
1170 3212 1277 3273 est,
1312 3205 1599 3262 antecedit
1629 3221 1747 3274 eos,
1794 3222 1929 3260 eum
1995 3207 2066 3263 de

426 3310 550 3367 vita
578 3307 687 3362 hac
708 3301 1074 3372 recesserint,
1108 3296 1312 3351 notitia
1341 3296 1512 3350 istius
1569 3294 1671 3361 rei,
1741 3294 1879 3365 quia
1926 3298 2065 3351 tunc

423 3401 513 3455 est
532 3395 844 3469 judicium,
875 3394 932 3446 et
958 3404 1113 3444 nunc
1143 3390 1455 3443 certamen.
1477 3385 1544 3439 Et
1573 3384 1929 3455 quicumque
1959 3385 2065 3438 ad-

420 3504 593 3544 versa
608 3483 924 3550 sustinent,
958 3485 1157 3534 utrum
1175 3493 1277 3548 per
1301 3490 1559 3531 amorem
1578 3472 1679 3528 Dei
1711 3473 2060 3543 sustineant,

422 3582 484 3634 ut
515 3577 645 3644 Job,
677 3590 751 3629 an
782 3587 884 3644 per
913 3568 1136 3638 odium,
1169 3570 1233 3621 ut
1259 3563 1495 3636 plurimi
1521 3566 1877 3634 peccatores,
1910 3578 2064 3616 nunc

417 3667 671 3724 habetur
692 3663 1006 3716 incertum.

493 3774 521 3804 ‹‹
551 3753 615 3807 In
636 3749 913 3804 omnibus
944 3748 1184 3799 eventus
1212 3757 1391 3807 unus,
1420 3740 1581 3809 justo
1615 3744 1671 3793 et
1700 3738 2062 3811 impio,bono

421 3845 481 3904 et
500 3838 678 3903 male,
714 3834 932 3887 mundo
963 3838 1020 3884 et
1049 3829 1289 3901 polluto,
1321 3827 1672 3883 sacriﬁcanti
1704 3833 1760 3883 et
1803 3844 1918 3882 non
1967 3843 2060 3883 sa-

423 3922 725 3982 criﬁcanti.
758 3921 851 3976 Sic
884 3920 1072 3974 bonus
1103 3921 1168 3973 ut
1198 3921 1485 3989 peccator,
1520 3915 1603 3970 sic
1647 3916 1847 3986 iurans
1906 3915 2059 3971 sicut

412 4016 817 4089 juramentum
848 4008 1064 4063 timens
1088 4008 1128 4062 ⁴.
1156 4028 1182 4055 ››
1214 4005 1367 4062 458
1390 4006 1470 4061 Ea
1507 4021 1632 4075 quae
1681 4021 1784 4077 per
1834 4021 1896 4062 se
1958 4021 2063 4064 nec

421 4105 577 4160 bona
608 4116 712 4157 nec
744 4097 897 4153 mala
928 4102 1088 4163 sunt,
1121 4096 1221 4151 sed
1245 4112 1280 4149 a
1317 4093 1681 4167 sapientibus
1711 4094 1902 4149 saeculi
1940 4111 2062 4150 me-

417 4193 515 4249 dia
544 4192 962 4261 nuncupantur
991 4186 1153 4258 (quia
1173 4184 1473 4255 aequaliter
1502 4188 1560 4239 et
1582 4184 1763 4254 justis
1788 4184 2062 4239 eveniunt

418 4287 475 4338 et
508 4279 769 4353 injustis)
800 4273 1099 4348 simplices
1130 4290 1394 4346 quosque
1416 4273 1788 4341 conturbant,
1823 4289 1926 4351 cur
1980 4273 2062 4327 ita

418 4370 704 4435 eveniant,
738 4347 795 4421 et
823 4347 1128 4438 propterea
1156 4380 1269 4417 non
1304 4366 1511 4435 putant
1565 4378 1692 4416 esse
1742 4347 2057 4431 judicium,

2175 3214 2259 3269 eis
2286 3213 2476 3268 adhuc
2508 3214 2565 3266 in
2598 3212 2811 3267 saeculo
2843 3212 2901 3267 in
2935 3211 3094 3267 omni
3125 3212 3280 3283 quod
3336 3212 3403 3267 ﬁt
3460 3211 3567 3267 sub
3612 3205 3732 3264 sele.
3754 3223 3775 3249 η

2173 3302 2319 3364 Quia
2342 3318 2521 3372 supra
2550 3301 2791 3369 dixerat,
2847 3318 2945 3355 cer
2987 3300 3241 3354 ﬁliorum
3304 3298 3602 3354 hominum
3653 3290 3776 3349 480

2176 3390 2403 3461 impleri
2440 3389 2662 3444 malitia
2683 3395 2739 3444 ct
2770 3389 3140 3460 procacitate,
3171 3394 3229 3443 et
3261 3394 3396 3459 post
3443 3387 3559 3442 haec
3615 3380 3777 3440 omnia

2174 3485 2358 3533 morte
2393 3478 2545 3531 ﬁniri
2572 3495 2584 3531 :
2623 3495 2775 3531 nunc
2806 3479 3009 3532 eadem
3039 3476 3294 3547 complet
3320 3483 3377 3532 et
3403 3473 3776 3549 repetit,denec

2172 3566 2372 3621 vivunt
2406 3566 2689 3633 homines,
2722 3582 2889 3636 posse
2919 3568 3236 3635 eosjustos
3282 3564 3429 3634 ﬁeri,
3484 3565 3608 3636 post
3653 3572 3774 3613 mor-

2171 3659 2288 3710 tem
2340 3672 2471 3710 vero
2520 3652 2740 3708 nullam
2802 3654 2939 3708 boni
2998 3653 3190 3724 operis
3245 3654 3373 3707 dari
3431 3649 3774 3708 occasionem.

2176 3743 2444 3799 Peccator
2490 3742 2644 3798 enim
2700 3742 2897 3798 vivens
2964 3745 3155 3814 potest
3213 3741 3423 3797 melior
3477 3756 3598 3797 esse
3644 3735 3773 3808 justo

2174 3830 2479 3897 mortue,si
2510 3830 2757 3886 voluerit
2786 3830 2857 3884 ad
2916 3831 3044 3900 ejus
3093 3829 3346 3885 transire
3396 3829 3649 3884 virtutes.
3692 3817 3773 3875 Vel

2172 3924 2323 3975 certe
2352 3936 2437 3985 eo,
2474 3918 2668 3989 quise
2717 3918 2773 3971 in
2834 3916 3074 3983 malitia,
3126 3919 3407 3988 potentia,
3465 3912 3771 3990 procacitate

2161 4008 2441 4079 jactabat,
2477 4012 2533 4061 et
2595 4011 2859 4061 mortuus
2921 4006 3113 4069 fuerit,
3176 4005 3384 4061 melior
3442 4008 3620 4079 potest
3660 3996 3767 4072 quis

2171 4111 2392 4172 panper
2422 4112 2549 4154 esse
2580 4101 2636 4150 et
2663 4093 2987 4150 vilissimus
3018 4096 3058 4149 ⁸.
3092 4097 3279 4162 Quare
3304 4096 3332 4149 ?
3364 4095 3501 4168 quia
3550 4091 3772 4148 viventes

2171 4192 2328 4243 metu
2362 4186 2564 4240 mortis
2598 4189 2846 4256 possunt
2873 4185 3027 4240 bona
3053 4201 3228 4256 opera
3259 4189 3619 4257 perpetrare:
3651 4191 3773 4233 mor-

2170 4277 2255 4331 tui
2287 4292 2417 4331 vero
2459 4273 2604 4329 nihil
2635 4273 2829 4329 valent
2859 4275 2929 4328 ad
2977 4273 3033 4327 id
3092 4274 3365 4343 adjicere,
3423 4271 3569 4344 quod
3623 4259 3770 4323 semel

2170 4380 2367 4419 secum
2403 4364 2582 4418 tulere
2612 4364 2682 4417 de
2701 4362 2860 4416 vita:
2908 4365 2965 4417 et
3021 4361 3313 4417 oblivione
3368 4360 3617 4415 involuta
3659 4353 3771 4408 sunt

417 4475 551 4513 cum
583 4455 848 4512 omnium
876 4469 1069 4507 rerum
1092 4452 1150 4505 in
1184 4452 1377 4505 futuro
1410 4449 1722 4503 discrimen
1756 4449 1853 4513 sit,
1869 4452 1925 4503 et
1966 4449 2058 4504 hic
2088 4479 2135 4542 Β
2168 4451 2385 4522 omnia,
2413 4452 2583 4521 juxta
2612 4450 2757 4504 illud
2789 4450 2942 4521 quod
2973 4449 3030 4506 in
3055 4448 3288 4506 Psalmo
3344 4450 3615 4522 scriptum
3665 4443 3766 4497 est:

414 4546 659 4602 confusa
724 4543 843 4598 sint
900 4540 1116 4595 omnia.
1177 4538 1340 4602 Quod
1396 4541 1589 4593 autem
1659 4536 1782 4591 ait:
1826 4538 2055 4593 Eventus
2088 4527 2439 4595 υΟὺιίυίοηί
2495 4540 2657 4595 datus
2712 4556 2853 4606 sum,
2914 4549 3181 4609 tanquam
3230 4548 3476 4595 mortuus
3543 4554 3575 4591 ιι
3637 4527 3768 4587 corde

413 4638 494 4691 est
520 4649 663 4689 unus
694 4631 970 4694 omnibus,
990 4631 1140 4700 justo
1170 4631 1221 4681 et
1249 4628 1438 4697 impio,
1472 4626 1592 4681 sive
1643 4626 2051 4697 angustiarum

414 4724 537 4782 sive
567 4721 772 4778 mortis
803 4718 1096 4790 signiﬁcat
1124 4720 1426 4771 eventum:
1460 4719 1519 4769 et
1547 4713 1762 4769 idcirco
1787 4732 1891 4769 nec
1914 4715 2053 4771 cha-

411 4814 640 4870 ritatem
662 4809 759 4866 Dei
799 4825 896 4864 eos
936 4806 996 4860 in
1024 4821 1086 4861 se
1116 4820 1306 4873 nesse,
1374 4820 1477 4859 nec
1543 4804 1764 4858 odium.
1819 4806 2050 4860 Sacriﬁ-

410 4921 550 4960 cans
572 4916 804 4975 quoque
827 4902 884 4954 et
916 4912 1029 4952 non
1061 4894 1420 4961 sacriﬁcans,
1447 4896 1503 4947 et
1531 4897 1734 4947 caetera
1763 4909 1891 4964 quae
1919 4910 2050 4949 con-

482 5084 497 5116 ¹
528 5081 651 5135 1)υο
684 5096 875 5135 mss...
898 5078 1084 5133 omnia
1112 5075 1229 5131 haec
1256 5073 1370 5129 vidi
1399 5074 1458 5128 in
1490 5072 1651 5128 corde
1677 5088 1812 5140 meo,
1846 5077 1954 5128 etc.

480 5153 501 5185 ²
530 5151 797 5220 Palatin.,
817 5150 1009 5203 Omnia
1042 5150 1159 5204 haec
1188 5146 1479 5220 ita‘statui.

480 5222 501 5255 ³
532 5223 613 5275 Αη
643 5221 711 5274 ad
758 5216 1108 5290 supplicium.
1161 5216 1534 5272 Corbeienses
1603 5231 1771 5281 mss.,
1839 5233 1911 5269 an
1974 5217 2049 5271 ad

400 5292 706 5365 judicium.
740 5291 1020 5365 Mm'riAN.

478 5363 497 5397 ‘
526 5360 614 5417 Sic
626 5362 828 5433 jurans
856 5362 995 5414 sicut
1017 5362 1405 5433 juramenlum
1427 5360 1641 5413 timens.
1706 5355 1882 5433 [idem
1955 5356 2046 5412 hic

403 5431 637 5507 legunt.
694 5431 784 5486 Sic
838 5432 1131 5500 perjurans
1196 5432 1335 5485 sicut
1379 5431 1756 5501 juramezztum
1825 5431 2042 5486 timens.

584 5521 698 5560 IAN.

584 5522 599 5560 ι
642 5521 698 5560 Ν.

406 5507 658 5635 Μῗξῗτέε
681 5588 849 5639 mss.,
881 5575 1015 5642 Quae
1042 5574 1346 5630 econtrario
1365 5576 1674 5640 numerate,
1699 5574 1808 5629 etc.

2163 4630 2332 4700 (Psal.
2363 4646 2491 4697 xxx,
2528 4629 2634 4699 l3).
2669 4628 2775 4683 Sed
2811 4632 2868 4682 et
2917 4626 3148 4682 dilectio
3184 4644 3409 4693 eorum,
3469 4629 3523 4681 et
3572 4619 3761 4684 odium,

2161 4724 2215 4772 et
2244 4716 2555 4786 aemulatio,
2589 4721 2646 4771 et
2674 4732 2846 4771 omne
2897 4716 3051 4786 quod
3088 4715 3144 4769 in
3178 4715 3389 4770 sacculo
3447 4713 3646 4769 habere
3680 4719 3762 4778 p0°

2161 4810 2416 4873 tuerunt,
2452 4805 2655 4859 mortis
2680 4804 2885 4858 ﬁnitur
2920 4805 3169 4858 adventu
3206 4822 3219 4869 ;
3281 4821 3385 4859 nec
3433 4803 3585 4874 juste
3620 4791 3763 4868 quid-

2161 4911 2337 4967 quam
2363 4894 2531 4964 jam"
2563 4896 3014 4965 possuntagere,
3044 4908 3149 4947 nec
3202 4909 3457 4965 peccare,
3510 4904 3607 4945 nec
3654 4881 3757 4938 vir-

2230 5075 2458 5129 “Subito
2487 5075 2776 5145 rapiamur
2831 5071 3078 5145 interitu.
3120 5071 3233 5145 lloe
3291 5071 3431 5145 item
3471 5068 3586 5122 loco
3643 5062 3755 5115 reti-

2162 5151 2318 5210 nent,
2351 5146 2526 5200 subito
2552 5142 2851 5213 ’rapz'amur
2892 5142 2950 5195 in
2981 5142 3559 5197 inlurilumltianrmn.

2229 5220 2247 5250 ⁷
2278 5201 2452 5271 [idem
2489 5201 2639 5269 mss:
2665 5214 2886 5282 absque
2916 5230 2947 5265 α
2996 5213 3424 5282 praepositione,
3479 5207 3653 5266 Melior
3689 5201 3753 5252 es!

2159 5290 2334 5351 leone,
2368 5293 2475 5341 etc.
2513 5287 2673 5341 Unus
2706 5283 2952 5337 Palatin.
2983 5283 3170 5339 Melius
3191 5292 3269 5338 est
3300 5286 3466 5347 leone,
3497 5284 3595 5334 etc.

2199 5340 2461 5441 :“VV'atic.
2490 5362 2546 5413 et
2569 5356 2741 5411 l‘alat.
2777 5353 2961 5423 aliter,
2995 5356 3099 5423 Qui
3132 5357 3209 5410 vis
3234 5370 3440 5427 pauper
3455 5340 3570 5406 esse
3610 5340 3744 5399 vilis-

2158 5446 2351 5485 simus.

2227 5480 2511 5587 Isme-
2543 5497 2743 5571 (λαίΡΡθ
2763 5496 2905 5571 jam,
2939 5513 3044 5571 pro
3078 5513 3193 5570 quo
3242 5497 3397 5571 legas
3449 5506 3554 5550 uno
3594 5480 3749 5549 verbo

2158 5588 2458 5650 guzppiam.
