4068 6174
426 296 583 362 1139

1663 294 1728 365 S.
1780 300 2084 367 EUSEBII
2133 297 2600 367 HIERONYMI.

3638 300 3773 367 mo

426 431 601 501 naici,
624 435 682 489 et
704 434 918 489 caeteras
937 432 1186 507 pecudes
1209 433 1714 510 philosophorum.
1743 438 1856 508 Ego
1872 440 2063 492 autem
2104 438 2150 503 A
2183 440 2391 495 strabit
2415 440 2518 495 tibi
2545 455 2665 495 eam
2695 422 2879 511 (Ereti.
2915 450 2934 493 ι
2988 434 3081 506 33)
3112 452 3128 494 :
3176 448 3473 494 servemus
3514 438 3777 512 mandata,

427 536 657 577 mecum
683 523 1807 596 diligenterretractans,invenionon,ut
1835 526 2076 598 quidam

426 610 578 667 male
607 613 922 685 aestimant,
954 615 1153 671 omnia
1184 615 1422 671 fortuito
1456 614 1600 688 geri,
1650 621 1706 670 et
1750 615 1964 670 variam
2017 614 2077 668 in

426 700 602 756 rebus
633 701 911 758 humanis
944 704 1233 759 fortunam
1269 705 1595 770 ludere,sed
1631 704 2077 774 cunctajudicio

426 790 528 847 Dei
559 791 913 865 fieri.Neque
933 794 1088 850 enim
1112 794 1272 849 velox
1291 795 1739 865 pedibus,suum
1764 794 2075 849 debetcur-

427 897 561 935 sum
592 886 818 953 putare,
851 882 897 937 si
930 888 1162 949 currat;
1198 900 1384 952 neque
1412 882 1647 937 fortisin
1670 899 1774 937 suo
1822 882 2078 936 conﬁdat

429 972 657 1040 robore,
692 990 796 1028 nec
826 972 1061 1044 sapiens
1092 972 1322 1027 divitias
1354 977 1410 1028 et
1455 989 1592 1044 opes
1637 972 1884 1027 mstimet
1938 988 2075 1043 pru-

430 1061 626 1117 dentia
654 1063 996 1134 congregari
1030 1078 1043 1116 :
1075 1079 1179 1117 nec
1207 1061 1488 1133 eloquens
1520 1065 1576 1115 et
1606 1061 1814 1117 doctus
1847 1059 2074 1132 perelo-

431 1151 730 1222 quentiam
763 1157 821 1206 et
859 1152 1184 1207 doctrinam
1210 1152 1361 1223 apud
1394 1149 1676 1223 populum
1724 1149 1982 1204 invenire
2015 1164 2077 1203 se

430 1256 602 1310 posse
632 1239 878 1312 gratiam
915 1258 927 1296 :
962 1242 1063 1296 sed
1112 1240 1307 1295 omnia
1366 1240 1480 1296 Deo
1530 1239 1653 1295 ﬁeri
1708 1239 2074 1311 disponente.

428 1328 497 1383 Et
518 1327 629 1383 nisi
661 1328 757 1384 ille
787 1347 892 1385 suo
935 1332 1144 1385 cuncta
1190 1328 1430 1384 arbitrio
1481 1326 1712 1394 rexerit,
1773 1335 1829 1382 et
1895 1327 2073 1381 ωόὶἷί-

429 1417 644 1473 caverit
675 1417 1003 1484 domum,in
1033 1435 1247 1473 vanum
1277 1417 1733 1488 laboravere[Al.
1766 1415 2073 1485 laborare],

431 1506 531 1577 qui
563 1507 852 1563 aediﬁcant
882 1523 1031 1563 eam.
1074 1507 1195 1562 Nisi
1214 1506 1310 1561 ille
1359 1505 1701 1561 custodierit
1757 1504 2073 1568 civitatem,

429 1594 489 1649 in
520 1612 733 1650 vanum
765 1596 1136 1667 vigilant,qui
1168 1595 1506 1651 custodiunt
1525 1610 1653 1649 eam
1688 1594 1861 1665 (Psal.
1884 1610 2073 1662 cxxvx,

433 1683 507 1753 1).
541 1684 666 1738 Non
700 1689 790 1738 est
817 1684 1033 1755 itaque,
1068 1689 1133 1739 ut
1162 1684 1244 1739 illi
1271 1688 1503 1755 putant,
1539 1699 1693 1737 unus
1723 1688 1985 1747 eventus,
2019 1687 2076 1737 et

429 1767 689 1827 incertus
718 1771 845 1827 vitae
876 1772 1052 1843 hujus
1085 1777 1273 1828 status
1308 1789 1320 1827 :
1356 1772 1494 1843 quia
1519 1770 1753 1843 quando
1788 1788 1899 1826 non
1921 1770 2071 1826 aesti-
2105 1804 2153 1869 B

431 1863 617 1927 mani,
651 1861 955 1930 repentina
986 1866 1170 1916 morte
1201 1862 1473 1916 subducti
1507 1861 1575 1915 ad
1623 1860 1912 1933 judicium
1977 1876 2074 1915 ve-

430 1946 611 2003 nient.
647 1949 714 2004 Et
735 1949 1027 2021 quomodo
1059 1949 1248 2021 pisces
1274 1950 1448 2005 hamo
1480 1950 1792 2021 capiuntur
1837 1954 1896 2004 et
1940 1948 2073 2004 reti-

431 2036 566 2103 bus,
597 2042 653 2093 et
682 2055 814 2094 aves
869 2055 970 2111 per
1026 2055 1218 2095 aerem
1267 2038 1465 2093 liberae
1521 2037 1728 2109 laqueo
1788 2039 1927 2093 dum
1984 2054 2077 2092 ne-

432 2126 629 2182 sciunt
657 2126 972 2200 alligantur
1006 2144 1017 2183 :
1055 2127 1138 2183 sic
1159 2132 1216 2183 et
1246 2127 1514 2183 homines
1542 2144 1644 2200 pro
1706 2128 1910 2183 merito
1968 2144 2074 2182 suo

432 2216 503 2272 ad
552 2220 768 2272 aeterna
823 2217 1113 2289 supplicia
1169 2218 1554 2285 deducentur,
1631 2234 1764 2271 cum
1843 2221 2076 2288 repente

433 2321 593 2362 mors
618 2306 859 2375 venerit,
892 2310 948 2362 et
969 2306 1261 2377 judicium
1293 2305 1348 2360 in
1385 2323 1504 2369 eos,
1538 2305 1635 2377 qui
1671 2306 1957 2376 putabant
1988 2305 2075 2359 in-

431 2398 588 2451 certo
618 2400 773 2452 statu
805 2396 1004 2450 omnia
1034 2394 1302 2450 volutari.
1327 2394 1639 2465 Haecjuxta
1668 2412 1800 2451 eum
1836 2412 2075 2449 sensum

432 2499 549 2554 quo
573 2481 824 2537 breviter
851 2481 1146 2537 voluimus
1205 2481 1476 2537 universa
1536 2480 2026 2552 comprehendere
2062 2497 2074 2534 :

434 2587 609 2638 nunc,
644 2570 812 2642 quasi
846 2588 962 2625 non
996 2588 1064 2625 ex
1095 2569 1354 2636 alterius,
1391 2571 1489 2624 sed
1544 2587 1613 2624 ex
1664 2586 1772 2623 sua
1830 2586 2081 2641 persona

432 2656 726 2729 loquatur,
759 2657 1195 2729 interpretanda
1220 2663 1358 2711 sunt
1379 2657 1613 2728 singula
1645 2674 1658 2711 :
1689 2677 1711 2705 ι
1772 2657 1950 2721 Vade,
1981 2675 2079 2712 co-

436 2748 603 2802 mede
632 2746 691 2802 in
722 2746 923 2802 laetitia
956 2764 1166 2818 panem
1201 2752 1389 2814 tuum,
1423 2752 1482 2801 et
1507 2747 1636 2801 bibe
1658 2746 1716 2801 in
1742 2747 1911 2801 corde
1926 2746 2079 2800 bono

440 2837 594 2893 402
660 2838 861 2891 vinum
918 2837 1125 2891 tuum‘
1161 2836 1365 2907 :‘quia
1422 2834 1899 2906 complacuerunt
1965 2834 2080 2889 Deo

443 2942 618 2997 opera
648 2931 767 2980 tua.
803 2947 831 2975 ››
888 2924 1033 2989 Quia
1092 2924 1367 2991 didicisti,
1430 2923 1583 2995 quod
1646 2928 1830 2978 morte
1887 2922 2083 2977 omnia

445 3012 748 3079 finiantur,
784 3014 919 3069 etin
976 3014 1198 3068 inferno
1271 3029 1380 3066 non
1441 3011 1517 3066 sit
1565 3011 1926 3082 pmnitentia,
1980 3027 2083 3065 nec

438 3100 655 3172 aliquis
687 3102 759 3156 ad
794 3100 1039 3156 virtutes
1072 3118 1363 3167 recursus,
1403 3100 1542 3154 dum
1595 3100 1655 3153 in
1705 3098 1817 3153 isto
1874 3098 2084 3154 saeculo

2187 539 2244 585 et
2272 546 2483 602 panem
2508 534 2562 584 et
2590 529 2793 583 vinum
2819 525 3150 599 spiritualia
3179 525 3434 583 invenire
3463 526 3774 597 poterimus.

2185 618 2291 685 Qui
2332 623 2525 673 autem
2559 618 2834 673 mandata
2864 633 2979 671 non
3013 620 3222 683 servat,
3247 620 3302 671 et
3329 614 3387 670 in
3413 615 3577 686 panis
3596 619 3647 671 et
3684 617 3785 671 vini

2188 708 2551 763 abundantia
2580 706 2882 779 gloriatur,
2915 705 3132 760 dicitur
3189 711 3246 760 et
3303 720 3406 776 per
3462 704 3790 761 Isaiam:Ne

2185 797 2332 852 dicas
2361 799 2546 858 etiam,
2568 811 2826 867 cognosco
2856 811 2973 849 eam
3006 812 3024 848 :
3062 810 3236 864 neque
3284 795 3597 865 cognovisti,
3650 810 3795 866 neque

2184 887 2307 955 scis,
2368 901 2540 956 neque
2587 902 2621 939 a
2675 886 2946 956 principio
3002 885 3204 954 aperui
3260 883 3361 937 tibi
3415 899 3574 938 aures
3600 885 3639 937 ⁸.
3692 884 3792 940 Scio

2186 976 2335 1030 enim
2384 976 2513 1045 quia
2569 976 2913 1029 contemnens
2966 975 3275 1027 contemnes
3334 971 3445 1041 [ΛΙ.
3502 974 3793 1038 contemnis,

2186 1063 2365 1133 Graec,
2400 1061 2702 1133 ἀθετήσεις]
2733 1063 2860 1133 (lsa.
2901 1078 3089 1128 XLVIII,
3147 1063 3201 1132 8,
3256 1077 3360 1116 sec.
3432 1062 3591 1132 LXX).
3647 1061 3793 1115 Porro

2187 1152 2340 1224 quod
2373 1152 2429 1205 in
2462 1151 2845 1223 Septuaginta
2876 1149 3294 1222 Interpretibus
3323 1148 3575 1205 dicitur:
3611 1148 3793 1219 «Veni,

2186 1241 2425 1295 comede
2454 1241 2513 1295 in
2545 1239 2743 1294 laetitia
2772 1255 2980 1311 panem
3008 1243 3174 1293 tuum
3192 1239 3233 1308 ⁸,
3273 1257 3294 1284 α
3326 1238 3459 1309 ejus
3474 1236 3796 1294 Ecclesiaste

2184 1347 2290 1384 vox
2320 1334 2426 1395 est,
2462 1328 2560 1400 qui
2594 1328 2652 1382 in
2679 1326 2987 1399 Evangelio
3015 1327 3318 1399 loquitur:
3379 1328 3486 1395 Qui
3540 1329 3671 1397 silit,
3720 1344 3797 1383 ve-

2185 1417 2309 1471 niat
2336 1416 2405 1471 ad
2435 1433 2539 1486 me,
2573 1420 2621 1471 et
2653 1416 2802 1470 bibat
2827 1416 3010 1485 (Joan.
3044 1433 3144 1482 v11,
3188 1416 3298 1487 37).
3361 1417 3433 1471 Et
3492 1415 3547 1470 in
3599 1417 3799 1471 Prover-

2185 1504 2297 1560 biis
2333 1522 2344 1558 :
2378 1506 2578 1572 Venite,
2611 1505 2871 1559 comedite
2897 1520 3063 1574 panes
3117 1520 3288 1570 meos,
3315 1512 3370 1559 et
3423 1504 3587 1559 bibite
3638 1504 3796 1559 vinum

2182 1610 2361 1649 meum
2392 1593 2576 1663 (Prov.
2597 1610 2673 1663 ιιι,
2702 1595 2779 1659 5).
2811 1596 2871 1649 1η
2903 1595 3057 1647 omni
3082 1600 3320 1664 tempore
3348 1594 3462 1647 sint
3519 1595 3801 1649 vestimenta

2183 1684 2279 1736 tua
2309 1681 2561 1744 candida,
2594 1691 2645 1736 et
2672 1683 2854 1736 oleum
2884 1681 2949 1737 de
2989 1682 3169 1752 capite
3212 1685 3304 1736 tuo
3350 1696 3466 1736 non
3518 1680 3665 1736 desit.
3709 1679 3797 1736 Ha-

2184 1770 2339 1837 beto,
2373 1769 2581 1841 inquit,
2640 1787 2852 1842 corpus
2910 1770 3154 1825 mudum
3202 1774 3259 1824 et
3306 1774 3436 1825 esto
3481 1768 3798 1825 misericors.

2184 1858 2287 1915 Vel
2319 1859 2400 1913 ita
2432 1876 2444 1914 :
2479 1859 2603 1913 Non
2626 1859 2705 1914 sit
2735 1865 2965 1931 tempus
2999 1858 3057 1913 in
3104 1874 3220 1929 quo
3252 1858 3511 1914 candida
3566 1874 3674 1914 non
3723 1856 3801 1913 ha-

2184 1947 2325 2003 beas
2356 1947 2726 2018 vestimenta,
2761 1963 2897 2003 cave
2932 1963 3004 2003 ne
3026 1948 3262 2018 quando
3296 1946 3545 2019 pollutis
3575 1946 3800 2003 vestibus

2185 2036 2475 2093 induaris.
2536 2035 2793 2108 Populus
2842 2035 3059 2108 quippe
3103 2041 3376 2108 peccator
3434 2036 3490 2090 in
3577 2034 3801 2092 vestibus

2187 2126 2366 2181 fuscis
2398 2125 2616 2182 luxisse
2638 2125 3008 2181 describitur.
3032 2125 3119 2180 Tu
3141 2130 3339 2180 autem
3365 2124 3802 2191 induerelucem,

2185 2220 2241 2270 et
2275 2233 2387 2270 non
2421 2214 2914 2278 maledictionem,
2957 2231 3085 2285 quae
3135 2230 3313 2285 super
3350 2214 3571 2270 Judam
3621 2213 3802 2286 scripta

2186 2308 2305 2360 est:
2358 2303 2629 2358 lnduatur
2711 2302 3149 2371 maledictionne,
3237 2304 3384 2358 sicut
3461 2304 3801 2360 vestimentum

2186 2391 2364 2464 (Psal.
2416 2408 2574 2455 cvm,
2635 2392 2744 2462 18).
2808 2392 3053 2446 Induere
3102 2391 3348 2457 viscera,
3405 2390 3798 2457 misericordia,

2187 2480 2586 2552 benignitatis,
2621 2478 2992 2545 humilitatis,
3038 2479 3518 2545 mansuetidinis,
3550 2478 3799 2553 patientiae

2191 2570 2296 2640 [Αἰ.
2335 2568 2656 2641 sapientiae]
2709 2568 2932 2638 (Coloss.
2992 2568 3097 2637 ιιι).
3150 2568 3220 2623 Et
3275 2586 3418 2624 cum
3484 2568 3801 2641 exspoliatus

2192 2659 2371 2714 fueris
2401 2664 2650 2713 veterem
2682 2657 2980 2712 hominem
3029 2673 3163 2712 cum
3208 2658 3493 2729 operibus
3546 2660 3686 2730 ejus,
3732 2657 3801 2711 iu-

2193 2748 2371 2801 duore
2394 2763 2627 2817 novum,
2662 2746 2759 2817 qui
2787 2750 3094 2800 renovatur
3124 2746 3195 2801 de
3226 2746 3319 2801 die
3380 2749 3536 2803 463
3570 2747 3623 2801 in
3653 2745 3799 2800 diem.

2192 2836 2352 2900 Quod
2382 2838 2573 2890 autem
2610 2835 2691 2890 ait
2725 2852 2737 2889 :
2771 2835 2833 2889 Et
2863 2835 3042 2889 oleum
3070 2833 3136 2889 de
3161 2836 3344 2906 capite
3373 2844 3466 2892 tuo
3500 2852 3609 2891 non
3648 2833 3800 2889 desit:

2194 2924 2496 2979 sciendum
2532 2928 2800 2979 naturam
2835 2923 2986 2978 hanc
3044 2939 3173 2978 esse
3222 2922 3361 2995 olei,
3416 2929 3481 2979 ut
3530 2928 3587 2978 et
3638 2922 3798 2977 lumen

2194 3012 2311 3067 alat
2338 3016 2396 3066 et
2426 3013 2715 3067 fossorum
2748 3012 2935 3067 solvat
2972 3011 3252 3067 laborem.
3314 3014 3422 3069 Est
3480 3013 3663 3069 oleum
3712 3007 3802 3082 spi-

2195 3100 2444 3168 rituale",
2483 3099 2676 3154 oleum
2710 3100 3158 3169 'exsultationis,
3217 3102 3287 3156 de
3351 3120 3468 3174 quo
3524 3101 3797 3158 scribitur:

438 3169 782 3258 es,_t‘estina,
847 3190 1132 3244 contende
1193 3205 1363 3259 agere
1420 3186 1819 3259 pmnitentiam
1850 3188 1871 3220 ²
1905 3188 2081 3241 :dum
2114 3169 2156 3236 C
2196 3193 2490 3261 Pr0pterca
2518 3190 2685 3243 unxit
2715 3197 2764 3244 te
2794 3194 2963 3256 Deus,
2988 3196 3130 3245 Deus
3166 3197 3290 3245 tuus
3348 3169 3469 3248 oleo
3520 3189 3801 3247 exsultatio-

438 3275 621 3332 habes
652 3281 904 3349 tempus,
937 3275 1156 3331 labora.
1185 3276 1456 3331 Libenter
1477 3276 1633 3330 enim
1658 3276 1810 3330 Deus
1836 3275 2084 3347 suscipit

437 3364 836 3438 pmnitentcm.
897 3364 1081 3420 Aliter
1136 3382 1149 3419 :
1211 3370 1267 3419 et
1322 3363 1666 3435 simpliciter
1720 3362 2080 3420 intellectum

437 3454 862 3526 prodest,juxta
889 3453 1034 3508 illud
1072 3471 1084 3509 :
1120 3453 1243 3509 Sive
1300 3453 1667 3519 manducatis,
1725 3454 1840 3508 sive
1871 3454 2077 3520 bibitis,

433 3545 551 3599 sive
572 3544 787 3624 aliquid
806 3544 1043 3615 facitis”,
1076 3545 1263 3598 omnia
1289 3545 1345 3597 in
1377 3544 1600 3597 nomine
1642 3543 1863 3596 Domini
1910 3541 2083 3616 facile

436 3631 481 3704 (Ι
508 3632 632 3689 Cor.
674 3632 847 3704 x31).
880 3634 950 3688 Et
1006 3632 1064 3687 in
1123 3631 1234 3687 alio
1302 3631 1425 3687 loco
1488 3648 1500 3686 :
1560 3654 1587 3680 «
1644 3631 1785 3686 Cum
1839 3631 2081 3686 consilio

430 3720 632 3777 vinum
666 3722 795 3778 bibe
816 3723 854 3776 δ.
893 3744 919 3770 ››
953 3721 1079 3776 Non
1121 3722 1274 3776 enim
1334 3720 1509 3776 habet
1563 3737 1759 3775 veram
1818 3719 2078 3776 lmtitiam

431 3803 489 3866 et
515 3826 613 3867 cor
633 3812 875 3875 bonum,
900 3810 999 3882 qui
1022 3809 1308 3866 creaturis
1330 3827 1511 3881 supra
1534 3810 1772 3864 modum
1796 3809 2075 3864 abutitur.

428 3898 637 3954 Melius
669 3905 860 3955 autem
894 3903 984 3954 est
1042 3898 1125 3954 sic
1183 3897 1445 3953 sentire:
1501 3897 1682 3968 Cujus
1740 3897 2082 3970 placuerunt

431 4002 609 4058 opera
641 4003 834 4042 coram
867 3987 1378 4058 Deo,nequaquam
1404 3986 1666 4058 indigere
1698 3987 1906 4058 poterit
1947 4004 2078 4042 vero

432 4091 583 4147 pane
611 4082 658 4131 et
696 4074 1007 4147 vino,quod
1042 4074 1328 4130 calcatum
1363 4079 1451 4129 est
1498 4075 1569 4129 de
1626 4074 1793 4129 vinea
1838 4075 2074 4130 Sorech.

432 4163 576 4220 Dato
615 4163 785 4220 nobis
816 4164 1011 4235 itaque
1066 4168 1375 4235 praecepto,
1445 4163 1597 4235 quod
1653 4163 2077 4219 dicitzDeside-

431 4254 573 4309 rasti
595 4254 945 4325 sapientiam,
999 4269 1155 4309 serva
1196 4251 1483 4319 mandata,
1511 4258 1560 4306 et
1590 4253 1855 4307 Dominus
1914 4253 2080 4307 mini-

434 4414 670 4469 Institut.
705 4412 884 4467 Divin.
947 4411 1050 4466 lib.
1108 4429 1195 4481 ιιι,
1261 4428 1387 4481 cap.
1442 4413 1499 4464 7.
1558 4413 1827 4465 Assertor
1881 4415 2078 4467 tamen

432 4484 648 4539 dicitur
676 4483 993 4554 voluptatis
1025 4484 1177 4553 apud
1214 4482 1653 4554 Hieronymum,
1697 4488 1753 4536 et
1782 4482 1926 4538 alios
1981 4500 2075 4538 ec-

431 4554 788 4611 clesiasticos
819 4555 1153 4624 scriptores.
1186 4559 1469 4624 MAaTIAN.

503 4627 520 4662 ¹
560 4630 887 4680 Pronomen
919 4622 1095 4691 tuum,
1128 4624 1238 4679 hoc
1269 4623 1449 4680 altero
1483 4622 1607 4678 loco
1651 4624 1767 4678 duo
1828 4623 2077 4679 Palatini

433 4714 577 4753 mss.
611 4695 901 4769 ignorant.

502 4770 524 4804 ²
551 4766 692 4824 Tres
719 4784 862 4822 mss.
897 4766 1189 4835 Contende,
1240 4783 1338 4836 age
1384 4767 1791 4837 pwnitentiam.
1846 4766 2077 4821 Leviora

429 4839 676 4896 inferius
705 4839 843 4893 vitia
880 4840 1282 4892 emendamus.

497 4913 520 4946 ³
552 4911 731 4967 Vatic.
759 4911 930 4981 juxta
958 4909 1274 4981 Vulgatum
1308 4908 1708 4981 interpretem,
1755 4910 1866 4963 sive
1914 4909 2077 4963 aliud

464 4983 561 5039 uid
587 4979 792 5053 facitis.
844 4979 1307 5052 Subsequeutem
1355 4979 1665 5053 scriptura;
1716 4984 1943 5053 textum
2008 4997 2077 5034 ex

475 5050 785 5110 roverbior.
822 5053 968 5108 libro
1009 5050 1136 5124 cap.
1169 5069 1320 5120 xvxv,
1356 5051 1453 5104 ubi
1488 5050 1696 5124 capitis
1740 5068 1886 5124 xxxi
1922 5052 2073 5124 frag-

431 5131 694 5195 mentum
726 5126 1004 5179 inseritur
1033 5118 1095 5178 in
1124 5118 1318 5179 Grmco
1376 5139 1526 5177 vers.
1561 5118 1647 5189 ’4,
1684 5120 1843 5195 ’μετά
1868 5118 2073 5195 βουλῆς

430 5194 720 5266 cive-nocet,
758 5196 986 5251 desumi
1030 5196 1399 5250 Martianmns
1430 5192 1743 5248 adnotavit.

499 5267 521 5300 ‘
550 5266 683 5321 Cum
713 5268 938 5322 consilio
961 5268 1145 5321 vinum
1195 5268 1337 5321 bibe.
1395 5267 1687 5329 Quantum
1748 5279 1839 5318 me
1889 5267 2069 5317 torse—

429 5336 506 5391 rit
536 5337 697 5408 locus
730 5337 857 5404 iste,
902 5338 992 5391 vix
1053 5339 1208 5393 credi
1268 5343 1482 5408 potest:
1536 5353 1698 5408 nam,
1728 5336 2073 5406 scopulosus

428 5409 526 5464 diu
562 5407 701 5461 mihi
733 5409 845 5479 fuit
880 5414 1108 5479 propter
1155 5406 1505 5463 Britanniam:
1564 5406 1841 5479 editionis
1896 5408 2073 5479 impe-

428 5480 644 5540 ritiam,
679 5478 949 5550 alicujus
984 5480 1175 5550 tidem
1228 5480 1552 5550 quairebam
1613 5479 1763 5548 apud
1828 5478 2071 5533 Paulum

429 5550 709 5624 Epist.a-i
738 5549 1195 5624 'l‘hi‘mothqcap.
1232 5568 1284 5611 ν,
1319 5553 1469 5624 quod
1508 5550 1800 5624 invenitur
1852 5550 1909 5605 in
1958 5551 2077 5605 edi-

424 5621 580 5681 tione
602 5623 798 5680 Graeca
830 5621 1270 5676 Proverbioruni
1312 5621 1639 5676 Salomonis
1657 5624 1858 5691 cap.24
1895 5640 2072 5694 prope

2189 3282 2278 3333 nis
2306 3295 2418 3349 prae
2469 3279 2832 3349 participibus
2881 3280 2990 3333 tuis
3047 3279 3224 3349 (Psal.
3258 3296 3391 3347 xav,
3426 3282 3501 3352 8).
3536 3280 3647 3335 Hoc
3702 3275 3801 3332 oleo

2190 3366 2388 3423 vultus
2446 3371 2643 3421 noster
2697 3365 3116 3422 exhilarandus
3174 3371 3283 3422 est.
3346 3369 3465 3424 Hoc
3513 3362 3801 3440 jejunantis

2199 3456 2582 3528 unguendum
2623 3459 2815 3527 caput,
2851 3456 3001 3526 quod
3037 3458 3415 3527 peccatores8
3473 3457 3674 3513 habere
3709 3468 3801 3507 non

2194 3548 2461 3618 possunt.
2496 3543 2712 3615 quibus
2742 3543 2992 3598 dicitur:
3027 3545 3142 3599 Non
3190 3553 3269 3599 est
3328 3547 3611 3616 malagma
3663 3546 3799 3613 impo-

2188 3650 2336 3700 nere,
2382 3649 2557 3704 neque
2593 3634 2797 3697 oleum,
2856 3649 3029 3704 neque
3103 3633 3440 3704 alligaturus
3515 3636 3631 3705 (lsa.
3660 3650 3694 3699 1,
3735 3630 3798 3697 6).

2189 3722 2417 3778 Habent
2444 3722 2600 3777 enim
2623 3721 2815 3776 oleum
2849 3721 3232 3785 contrarium,
3292 3724 3453 3793 quod
3506 3723 3589 3777 vir
3632 3721 3800 3792 justus

2188 3812 2532 3880 detestatur,
2565 3810 2761 3864 dicens
2796 3827 2808 3865 :
2839 3811 3028 3865 Oleum
3056 3814 3359 3880 peccatoris
3388 3828 3499 3867 non
3541 3810 3801 3881 impinguel

2187 3904 2349 3970 caput
2378 3915 2561 3953 meum
2611 3899 2780 3967 (Psal.
2836 3915 2947 3967 Civ,
3000 3898 3074 3968 5).
3140 3898 3257 3953 Hoc
3318 3898 3519 3956 oleum
3582 3890 3797 3954 haeretici

2192 3987 2430 4058 habent,
2463 3993 2520 4042 et
2547 4003 2613 4042 eo
2644 3987 2890 4059 cupiunt
2918 3987 3293 4058 deceptorum
3361 3988 3552 4059 capita
3605 3984 3798 4058 perfun-

2188 4077 2343 4131 dere.

2262 4188 2288 4214 ‹‹
2322 4164 2464 4219 Vide
2494 4164 2669 4219 vitam
2704 4179 2838 4218 cum
2864 4162 3125 4231 muliere,
3160 4181 3338 4237 quam
3399 4162 3643 4222 dilexisti
3699 4175 3794 4215 om-

2188 4253 2587 4309 nibusdiebus
2624 4251 2753 4306 vitae
2811 4251 3086 4308 vanitatis
3142 4256 3314 4323 tuae',
3366 4254 3468 4327 qui
3516 4252 3631 4309 dati
3679 4248 3794 4305 sunt

2191 4415 2388 4480 finem,
2423 4413 2522 4485 ubi
2573 4412 2694 4468 haec
2745 4413 2963 4485 inserta
3017 4412 3339 4485 leguntur:
3409 4413 3553 4468 Μετὰ
3614 4406 3789 4485 βου-λῆς

2188 4484 2361 4538 πάντα
2389 4482 2554 4553 ποίει,
2630 4482 2764 4554 μετά
2817 4480 3025 4555 βουλῆς
3075 4480 3387 4545 ὀῖνοπότει.
3439 4486 3494 4540 id
3541 4480 3788 4555 θεὴ-ΨΜ

2108 4539 2155 4603 D
2185 4558 2411 4613 consitio
2440 4539 2640 4611 omnia
2660 4558 2749 4624 fac
2777 4572 2795 4609 :
2818 4539 2947 4609 lcum
2979 4539 3212 4611 consilio
3241 4539 3451 4612 vinum,
3477 4539 3640 4611 bibef
3661 4550 3790 4606 Μω-

2181 4645 2336 4683 ΤΙΑΝ.

2257 4700 2278 4734 ³⁵
2308 4700 2492 4838 [ἔωθε
2522 4701 2647 4752 erat
2668 4699 2906 4768 aperuit,
2941 4697 3327 4756 renitentibus
3357 4716 3497 4755 mss.
3527 4701 3581 4753 et
3622 4693 3786 4749 Greco

2257 4789 2306 4822 οι
2341 4788 2391 4822 α.

2183 4769 2391 4837 ἢνοιξα.

2254 4842 2275 4877 ⁸
2306 4839 2483 4894 Addit
2511 4837 2728 4894 Victor.
2756 4840 2821 4894 Et
2854 4839 2973 4895 bibe
3002 4841 3062 4894 in
3089 4841 3250 4897 corde
3279 4842 3412 4896 bono
3426 4841 3609 4895 vinum
3634 4839 3779 4890 tuum.

2256 4944 2323 4952 —
2361 4912 2512 4984 Veni,
2539 4910 2777 4984 comede»
2800 4913 2859 4965 in
2907 4912 3102 4967 laetitia
3148 4930 3351 4984 panem
3406 4917 3572 4984 tuum.
3610 4906 3780 4984 _Greca

2185 4988 2360 5064 atque
2391 4982 2598 5064 Latina
2629 4980 2885 5064 plurima
2915 4978 3216 5064 petpcra'm
3249 4984 3341 5064 hic
3367 4982 3558 5064 addita
3610 4978 3779 5064 legal}-

2184 5052 2357 5111 turin
2393 5060 2565 5110 antea
2594 5052 2766 5109 editis
2797 5052 2963 5109 libris
2994 5052 3217 5111 Erasm.
3262 5062 3319 5111 et
3366 5053 3593 5109 Marian.
3647 5052 3776 5101 Man-

2182 5145 2331 5182 ΤΙΑΝ.

2255 5200 2273 5232 ⁷
2304 5197 2520 5251 Victor.
2555 5197 2616 5269 Et
2647 5197 2827 5269 oleum
2849 5197 3115 5269 salutare,
3145 5201 3196 5269 et
3227 5197 3527 5269 spirituale.

2254 5270 2275 5303 ⁸
2308 5274 2489 5322 Penes
2523 5266 2854 5331 Alcuinum,
2888 5267 2978 5321 cui
3012 5273 3068 5323 et
3102 5266 3338 5323 Palatia.
3373 5266 3511 5322 alter
3530 5279 3627 5318 ms.
3663 5270 3769 5311 con-

2185 5340 2346 5408 cinit,
2380 5341 2483 5393 Hoc
2526 5339 2836 5408 jejummtes
2857 5344 3207 5413 unguentum
3238 5343 3295 5394 in
3316 5341 3495 5413 ,t'apite
3536 5333 3763 5413 habeant.

2220 5404 2676 5478 uctl'pcccatorcs,
2718 5415 2823 5462 etc.
2857 5404 3090 5466 Veteres
3111 5412 3247 5465 editi
3277 5404 3647 5467 abluduntliis
3665 5412 3764 5453 ver-

2229 5483 2296 5538 is.
2332 5482 2410 5534 Ad
2436 5478 2793 5552 unguendum
2815 5485 2971 5552 caput
3002 5482 3216 5536 haltent.
3637 5541 3667 5552 ,.

2254 5553 2420 5607 9Duo
2454 5541 2700 5605 Palatini
2742 5541 2888 5605 mss:
2922 5569 2933 5605 :
3003 5554 3124 5608 Vive
3170 5557 3339 5608 vitam.
3383 5566 3497 5607 cum
3547 5541 3760 5616 muliere,

2185 5641 2347 5695 quam
2386 5623 2630 5679 dilexisti
2660 5626 2915 5678 omnibus
2940 5623 3126 5680 diebus
3180 5628 3428 5681 vanitatis
3481 5624 3590 5675 tua.
3643 5609 3757 5676 ΟΜ
