4068 6174
289 336 440 404 {Mt

1290 331 1909 413 COMMENTARIUS
1952 348 2032 413 IN
2076 340 2678 416 ECGLESIASTEN.

3527 336 3684 414 me

289 473 398 531 tibi
427 474 540 532 sub
572 473 727 534 sole:
762 475 901 550 quia
930 476 1051 534 haec
1080 481 1168 534 est
1198 494 1334 552 pars
1382 485 1484 538 tua
1513 483 1570 538 in
1620 484 1737 539 vita
1768 488 1825 538 et
1868 484 1926 537 in
1957 486 2012 551 Α
2042 483 2165 555 ipse
2195 484 2414 556 absque
2444 485 2710 557 adjutore
2731 486 2839 541 Deo
2857 478 2929 541 ad
2947 474 3166 542 calcem
3199 500 3312 544 non
3344 470 3535 560 potest
3550 499 3685 558 per.

290 561 510 634 labore,
544 584 658 638 quo
692 572 754 623 tu
783 566 1017 624 laboras
1055 569 1164 623 sub
1206 570 1344 625 sole.
1382 593 1409 619 ››
1440 573 1799 643 Sapientiam
1840 589 1927 627 se-

289 671 471 727 quere
500 660 560 711 et
586 656 890 712 scientiam
935 657 1391 730 Seripturarum,
1445 668 1501 715 et
1549 662 1696 717 hanc
1735 661 1841 716 tibi
1872 661 1930 714 in

290 745 634 817 coniugium
684 746 887 818 copula
938 748 1009 802 de
1056 762 1173 817 qua
1218 747 1276 801 in
1328 751 1650 806 Proverbiis
1678 750 1928 806 dicitur:

287 834 426 890 Ama
455 835 637 903 illam,
670 844 720 890 et
748 836 985 892 servabit
1013 843 1099 894 te:
1150 840 1466 908 ainpl'exare
1516 841 1693 909 illam,
1745 848 1794 893 et
1822 841 1929 893 cir-

290 924 567 979 cumdabit
614 932 663 979 te
708 924 891 993 (Prov.
942 944 1014 993 ιν,
1065 929 1139 998 8).
1203 930 1332 985 Dies
1381 933 1575 984 autem
1636 927 1929 995 vanitatis,

290 1014 418 1070 dies
444 1014 622 1084 hujus
640 1013 836 1069 saeculi
862 1032 1112 1088 nequam
1136 1018 1471 1089 significant
1495 1019 1578 1088 [Al
1599 1016 1929 1089 signiﬁcat].

290 1105 372 1157 De
402 1117 517 1173 quo
547 1106 606 1156 et
631 1102 944 1172 Apostolus
985 1122 1100 1160 non
1150 1111 1321 1161 tacet.
1374 1108 1533 1170 Quod
1586 1113 1782 1161 autem
1813 1105 1931 1159 ait:

291 1211 323 1240 ‹‹
359 1189 499 1244 Vide
564 1190 742 1245 vitam
812 1208 945 1247 cum
980 1193 1243 1261 muliere,
1308 1212 1484 1266 quam
1551 1195 1803 1250 dilexisti
1832 1198 1870 1263 ¹,
1906 1216 1926 1243 ι

290 1277 564 1351 ambigue
594 1279 812 1333 dictum
846 1286 953 1345 est,
987 1283 1104 1338 sive
1135 1284 1264 1338 vide
1320 1291 1378 1339 et
1425 1284 1821 1355 contemplare
1847 1284 1931 1338 vi-

290 1370 439 1434 tam,
471 1370 528 1422 et
553 1366 678 1439 ipse
708 1373 764 1421 et
794 1385 938 1423 uxor
965 1375 1066 1425 tua
1113 1376 1306 1427 tecum
1337 1374 1476 1442 (non
1524 1374 1678 1427 enim
1720 1372 1935 1444 poteris

292 1456 421 1512 sine
445 1455 547 1511 tali
579 1472 756 1511 uxore
785 1456 947 1514 solus
977 1459 1169 1515 videre
1222 1461 1439 1531 vitam),
1475 1461 1593 1516 sive
1624 1465 1936 1531 utrumque

291 1544 621 1612 considera,
653 1549 708 1601 et
737 1545 867 1601 vide
893 1547 1091 1617 vitam,
1124 1554 1180 1603 et
1212 1548 1514 1604 mulierem
1548 1550 1755 1604 diebus
1780 1549 1935 1603 vani-

288 1633 430 1690 tatis
460 1636 594 1689 tuas.
629 1635 696 1689 Et
725 1634 967 1706 pulchre
998 1637 1273 1709 pracipit,
1318 1643 1383 1692 ut
1408 1638 1467 1692 in
1510 1638 1717 1693 diebus
1774 1638 1933 1693 vani-

286 1721 431 1778 tatis
459 1725 672 1778 nostrze
700 1739 895 1778 veram
925 1726 1102 1779 vitam
1123 1743 1255 1780 cum
1280 1726 1567 1798 sapientia
1588 1744 1764 1782 uxore
1784 1744 1936 1798 qua:-

290 1827 516 1867 ramus.
571 1811 700 1866 Haec
731 1813 887 1867 enim
937 1831 1070 1885 pars
1102 1820 1302 1870 nostra
1352 1820 1458 1885 est,
1493 1820 1548 1869 et
1596 1815 1688 1870 hic
1718 1815 1937 1871 laboris

293 1897 540 1969 fructus,
577 1898 625 1954 si
659 1899 719 1953 in
747 1900 854 1955 hac
892 1901 1010 1956 vita
1041 1902 1341 1957 umbratili
1386 1902 1564 1956 vitam
1614 1919 1808 1958 veram
1843 1903 1930 1956 in-

289 1987 491 2044 venire
512 1987 831 2044 valeamus.

330 2091 398 2125 ‘«
429 2075 636 2132 Omnia
666 2094 793 2149 quae
824 2077 1048 2133 invenit
1098 2095 1311 2134 manus
1361 2084 1482 2150 tua,
1534 2085 1599 2134 ut
1652 2080 1849 2150 facias,
1876 2080 1934 2133 in

297 2164 511 2220 virtute
540 2170 640 2221 tua
672 2167 796 2221 fac:
830 2167 968 2238 quia
1000 2184 1114 2222 non
1147 2173 1237 2223 est
1265 2185 1432 2240 opus,
1466 2173 1522 2223 et
1555 2169 1849 2241 cogitatio,
1883 2172 1940 2224 et

290 2252 617 2321 scientia,et
646 2256 934 2326 sapientia
967 2256 1021 2310 in
1040 2257 1266 2312 inferno
1307 2275 1422 2328 quo
1448 2265 1507 2313 tu
1528 2260 1693 2314 vadis
1724 2258 1883 2313 illuc.
1912 2278 1933 2305 ι

295 2342 411 2398 Fac
438 2343 829 2414 quodcunque
861 2362 1016 2399 nunc
1048 2351 1231 2416 potes,
1273 2356 1327 2401 et
1357 2346 1589 2403 labora:
1635 2347 1773 2419 quia
1802 2363 1935 2401 cum

294 2431 369 2486 ad
398 2429 694 2486 infernum
737 2432 840 2502 [.ll.
877 2433 1129 2504 inferna]
1160 2435 1531 2491 descenderis
1555 2438 1595 2505 ³,
1629 2436 1793 2491 locus
1823 2452 1937 2491 non

294 2519 409 2574 erit
436 2520 806 2591 poenitentiae.
851 2521 991 2577 Huic
1032 2523 1171 2593 quid
1206 2524 1397 2579 simile
1428 2525 1772 2581 aSalvatore
1799 2543 1938 2596 prce-

303 2607 558 2679 cipitur:
593 2608 932 2681 Operamini,
965 2612 1117 2667 464
1146 2612 1273 2667 dam
1302 2613 1417 2667 dies
1447 2623 1522 2668 est
1551 2631 1563 2668 :
1594 2617 1769 2669 veniet
1807 2630 1938 2678 nox,

292 2696 512 2767 quando
554 2713 707 2753 nemo
730 2701 929 2769 poterit
961 2702 1180 2770 eperari
1209 2702 1385 2769 (Joan.
1414 2721 1487 2769 ιχ,
1524 2705 1599 2773 li).
1642 2704 1803 2766 Quod
1837 2720 1941 2757 au-

292 2788 416 2840 tem
450 2784 567 2841 ait:
602 2790 672 2842 In
703 2789 919 2857 inferno
948 2805 1051 2859 quo
1082 2799 1140 2844 tu
1172 2791 1323 2845 vadis
1364 2793 1517 2857 illuc,
1564 2796 1700 2847 nota
1731 2797 1794 2847 ut
1839 2794 1939 2847 Sa-

299 2873 555 2930 muelem
590 2891 819 2947 quoque
849 2894 980 2931 vere
1009 2876 1067 2931 in
1119 2878 1343 2934 inferno
1374 2881 1578 2935 credas
1626 2881 1842 2936 fuisse:
1887 2885 1943 2935 et

301 2968 438 3018 ante
481 2964 794 3019 adventum
846 2966 1083 3037 Christi,
1129 2968 1399 3038 quamvis
1448 2975 1702 3039 sanctos,
1737 2986 1943 3025 omnes

293 3050 513 3106 inferni
544 3051 667 3123 lege
693 3054 975 3108 detentos.
1028 3059 1202 3111 Porro
1269 3058 1421 3127 quod
1457 3059 1641 3113 sancti
1693 3065 1823 3129 post
1856 3076 1941 3113 re-

302 3140 725 3196 surrectionem
764 3142 991 3197 Domini
1029 3160 1395 3216 nequaquam
1426 3152 1734 3201 teneantur
1766 3148 1821 3201 in
1856 3148 1940 3201 in-

2040 572 2233 628 venire
2254 573 2295 627 3.
2328 573 2439 628 Sed
2470 578 2527 628 et
2555 590 2686 628 cum
2720 573 2982 646 praelium
3019 574 3194 631 fuerit
3222 577 3500 633 adversus
3541 591 3681 631 con-

2039 660 2251 717 trarias
2280 666 2615 733 potestates,
2685 664 2756 717 de
2794 680 2909 734 quo
2941 663 3224 735 scriptum
3255 669 3374 719 est:
3424 664 3681 734 Sanctiﬁ-

2040 752 2157 803 cate
2182 750 2385 805 bellum
2439 751 2654 822 (Jerem.
2720 768 2797 818 v1,
2826 752 2917 822 li):
2952 751 3085 807 licet
3141 752 3442 819 robustus,
3482 757 3683 809 tamen

2043 838 2293 909 propriis
2323 839 2544 894 viribus
2574 838 2803 894 vincere
2822 856 2937 895 non
2956 840 3189 896 valebit.
3215 840 3511 897 Perfectus
3534 858 3677 913 quo-

2042 941 2155 995 que
2194 926 2251 981 in
2286 927 2421 983 ﬁliis
2452 927 2758 982 hominum
2790 932 2847 983 et
2877 928 3110 1000 sapiens
3140 929 3427 985 viventem
3467 945 3682 1001 panem

2041 1018 2214 1086 atque
2243 1016 2534 1072 caelestem
2587 1016 2801 1071 habere
2851 1034 2964 1071 non
3015 1017 3246 1088 poterit,
3295 1017 3410 1074 nisi
3457 1035 3561 1090 per
3590 1035 3682 1073 sa-

2042 1104 2322 1174 pientiam
2391 1105 2789 1160 cohortantem
2847 1121 2859 1158 :
2930 1106 3131 1174 Venite,
3197 1108 3461 1161 comedite
3514 1123 3683 1178 panes

2040 1209 2204 1248 meos.
2242 1198 2308 1248 Et
2340 1194 2475 1265 quia
2504 1198 2644 1249 sunt
2672 1193 2886 1248 divitiae
2915 1196 2955 1262 ‘,
3006 1195 3075 1250 de
3121 1194 3337 1266 quibus
3366 1195 3682 1266 Apostolus

2044 1283 2160 1337 ait:
2194 1283 2398 1338 Divites
2425 1284 2549 1351 ﬁeri
2578 1283 2637 1335 in
2668 1282 2921 1352 aperibus
2952 1282 3109 1338 bonis
3156 1284 3201 1354 (1
3232 1285 3365 1339 Tim.
3435 1300 3512 1351 v1,
3551 1286 3678 1351 18):

2044 1376 2101 1426 et
2132 1371 2307 1426 alibi:
2344 1373 2552 1426 Divites
2605 1373 2738 1441 facti
2766 1373 2898 1426 estis
2929 1373 2988 1425 in
3053 1373 3203 1427 omni
3255 1387 3504 1428 sermone
3529 1376 3583 1428 et
3620 1373 3683 1429 in

2043 1462 2196 1515 omni
2258 1461 2490 1515 scientia
2515 1459 2559 1530 (Ι
2589 1458 2708 1514 Cor.
2778 1460 2938 1527 1,5):
2979 1459 3284 1515 sciendum
3337 1461 3685 1531 prudentem

2043 1549 2233 1604 virum
2267 1549 2374 1603 has
2416 1565 2530 1602 non
2564 1564 2735 1618 posse
2765 1547 3001 1604 divitias
3023 1563 3400 1621 congregare,
3434 1549 3550 1604 nisi
3585 1565 3687 1605 eas

2045 1655 2078 1691 a
2106 1636 2353 1693 Domino
2385 1636 2692 1708 acceperit,
2744 1637 2913 1706 cujus
2960 1636 3101 1708 ipsa;
3139 1636 3351 1691 divitias
3405 1642 3563 1695 sunt.
3608 1643 3689 1694 De

2045 1725 2261 1796 quibus
2293 1729 2349 1780 et
2377 1723 2515 1779 alibi
2545 1723 2765 1779 dictum
2795 1727 2921 1779 est:
2964 1724 3270 1796 Redemptio
3308 1727 3518 1782 anima:
3554 1728 3685 1794 viri,

2040 1816 2289 1887 propriae
2316 1813 2533 1869 divitiae
2570 1813 2752 1884 (Prov.
2784 1828 2878 1879 xv,
2912 1812 2990 1880 8).
3039 1811 3238 1867 Gratia
3285 1829 3539 1885 quoque,
3572 1813 3689 1870 nisi

2046 1902 2351 1960 scientiam
2382 1901 2660 1957 comitata
2692 1900 2886 1965 fuerit,
2915 1904 3467 1970 etconcessaaDeo,
3486 1919 3691 1974 quam-

2044 1993 2132 2047 vis
2164 1992 2430 2047 eruditus
2460 1990 2548 2044 vir
2575 2005 2704 2045 eam
2736 2006 2849 2044 non
2884 1989 3098 2060 poterit
3126 1989 3406 2046 invenire.
3443 1993 3605 2057 Quod
3632 1995 3691 2048 et

2048 2080 2263 2136 Paulus
2295 2080 2486 2136 sciens
2513 2096 2525 2133 :
2560 2080 2709 2145 Plus,
2728 2077 2939 2148 inquit,
2958 2079 3211 2134 omnibus
3224 2080 3339 2133 illis
3356 2079 3604 2135 laboravi
3624 2081 3645 2114 ⁵
3667 2097 3691 2143 ;

2045 2186 2157 2225 non
2184 2172 2366 2223 autem
2390 2184 2507 2236 ego;
2532 2167 2630 2221 sed
2649 2168 2835 2235 gratia
2864 2166 2961 2221 Dei
2980 2166 3131 2222 465
3164 2181 3290 2237 quae
3325 2168 3346 2202 δ
3374 2184 3583 2223 mecum
3611 2176 3691 2225 est

2050 2258 2097 2329 (ι
2127 2258 2246 2313 Cor.
2280 2274 2373 2322 xv,
2410 2256 2517 2327 10).
2546 2256 2614 2335 Et
2670 2255 2920 2321 iterum;
2953 2256 3149 2310 Gratia
3185 2257 3305 2326 ejus
3371 2257 3432 2311 in
3464 2272 3551 2312 me
3580 2273 3691 2313 non

2047 2348 2159 2417 fuit
2179 2362 2368 2401 vacua.
2400 2345 2468 2398 Et
2499 2344 2570 2398 ad
2633 2347 2958 2398 extremum
2990 2343 3247 2398 nescitur
3312 2342 3384 2398 ab
3427 2342 3688 2412 homine,

2050 2435 2286 2507 quando
2318 2439 2550 2504 tempus
2580 2431 2872 2500 adveniat,
2904 2432 2963 2486 in
2996 2448 3109 2503 quo
3140 2431 3335 2487 varius
3364 2436 3606 2489 eventus
3634 2436 3693 2489 et

2050 2523 2186 2578 linis
2216 2523 2479 2578 omnium
2509 2521 2961 2592 subsequantur.
2992 2524 3120 2576 Haec
3134 2521 3459 2576 secundum
3478 2519 3690 2595 ἀναγω-

2087 2614 2177 2682 ἠν.

2049 2633 2428 2765 710Easterum,
2458 2704 2521 2754 ut
2550 2698 2876 2769 simplicius
2910 2699 3011 2764 [AL
3038 2697 3428 2770 simplicibus]
3447 2699 3695 2756 dissera-

2053 2807 2206 2854 mus,
2240 2788 2494 2860 Epistola
2525 2788 2597 2842 ad
2667 2788 2959 2842 Romanos
2990 2786 3128 2842 huic
3192 2787 3318 2843 loco
3379 2789 3690 2860 congruit:

2053 2880 2193 2946 Quia
2221 2894 2330 2933 non
2356 2878 2586 2932 volentis
2650 2890 2825 2946 neque
2888 2876 3182 2945 currentis,
3240 2876 3336 2931 sed
3380 2877 3695 2932 miserantis

2052 2969 2149 3022 Dei
2177 2969 2247 3021 sit
2273 2967 2450 3035 (Rom.
2486 2982 2561 3030 ιχ,
2600 2963 2707 3034 16).
2774 2964 2934 3029 Quod
2968 2968 3164 3018 autem
3199 2964 3314 3019 ait:
3357 2984 3384 3017 ι
3421 2964 3545 3019 Non
3606 2967 3697 3020 est

2053 3055 2418 3127 sapientibus
2458 3054 2648 3125 panis,
2692 3075 2720 3101 »
2763 3051 3082 3107 multorum
3123 3051 3383 3124 quotidie
3413 3053 3695 3124 probatur

2053 3143 2338 3215 exemplo,
2373 3142 2474 3214 qui
2506 3159 2639 3196 cum
2672 3140 3089 3212 sapientissimi
3158 3140 3295 3211 sint,
3347 3142 3694 3198 necessariis

299 3230 487 3300 terno,
538 3234 791 3286 testatur
826 3232 1157 3303 Apostolus,
1212 3234 1449 3291 dicens:
1483 3237 1674 3291 Melius
1724 3242 1806 3291 est
1834 3237 1944 3291 dis-
1976 3221 2017 3286 C
2057 3233 2341 3305 indigent.
2376 3233 2464 3297 Et,
2501 3256 2525 3279 ‹‹
2553 3227 2691 3285 Non‘
2709 3234 2799 3284 est
2828 3230 3150 3285 scientibus
3174 3229 3382 3300 gratia.
3423 3250 3444 3280 ι
3480 3228 3694 3285 Videas

297 3319 464 3388 solvi,
486 3328 539 3375 et
569 3336 681 3375 esse
746 3338 872 3375 cum
904 3322 1115 3377 Christo
1177 3323 1444 3395 (Philipp.
1475 3342 1514 3389 ι,
1545 3325 1656 3395 23).
1687 3326 1791 3390 Qui
1836 3343 1944 3379 au-

299 3410 423 3463 tem
453 3424 588 3463 cum
619 3408 846 3463 Christo
878 3410 1209 3479 est,utique
1229 3428 1344 3466 non
1367 3414 1677 3467 teneturin
1699 3414 1943 3468 inferno.

377 3518 405 3544 ‹‹
439 3498 703 3552 Converti
766 3515 878 3563 me,
910 3504 967 3553 et
1032 3498 1144 3554 vidi
1172 3501 1280 3555 sub
1345 3500 1486 3569 sole,
1519 3502 1797 3572 quoniam
1832 3519 1945 3555 non

305 3587 399 3639 est
427 3584 709 3641 velocium
742 3604 970 3656 cursus,
1007 3604 1077 3642 ne
1104 3587 1341 3643 fortium
1388 3590 1672 3659 praelium,
1719 3606 1824 3645 nec
1854 3608 1944 3645 sa-

305 3672 589 3744 pientium
620 3676 813 3747 panis,
848 3693 950 3730 nec
983 3676 1359 3748 prudentium
1392 3679 1625 3746 divitiae,
1649 3677 1948 3733 necscien-

308 3760 459 3817 tium
490 3762 711 3834 gratia:
746 3765 1024 3835 quoniam
1059 3769 1293 3837 tempus
1326 3770 1384 3818 ot
1414 3772 1654 3822 eventus
1687 3772 1951 3822 occurret

304 3850 583 3906 omnibus
615 3851 751 3907 illis.
781 3875 806 3900 η
831 3852 936 3916 Qui
960 3852 1189 3908 vinctus
1207 3858 1294 3908 est
1325 3855 1705 3925 compedibus
1729 3855 1947 3925 ferreis,

304 3943 365 3993 et
397 3938 677 4011 gravibus
710 3940 934 4011 plumbi
969 3941 1212 3996 nexibus
1230 3948 1621 4014 praegravatur
1645 3962 1657 3998 :
1682 3945 1951 4014 Im'quitas

302 4032 460 4082 enim
500 4029 650 4084 sedet
698 4047 861 4100 super
879 4031 1141 4085 talentum
1169 4033 1488 4101 plumbeum
1533 4032 1715 4097 (Zach.
1752 4052 1804 4099 v,
1854 4036 1950 4104 7),-

303 4115 452 4171 etin
498 4116 731 4172 Psalmu
775 4116 1072 4190 loquitur:
1124 4121 1279 4173 Sicut
1331 4136 1466 4174 onus
1516 4137 1679 4191 grave
1713 4130 1953 4191 gravato:

299 4213 436 4260 sunt
456 4221 622 4276 super
654 4224 737 4262 me
776 4208 944 4274 (Psal.
1000 4225 1209 4277 xxxv",
1242 4210 1334 4278 5):
1389 4226 1502 4262 non
1534 4215 1621 4264 est
1669 4213 1842 4281 aptus
1881 4212 1949 4265 ad

302 4309 550 4349 cursum
619 4294 807 4363 illum,
841 4296 912 4351 de
980 4313 1094 4367 quo
1126 4296 1381 4351 dicitur:
1447 4298 1676 4352 Cursum
1703 4314 1954 4353 consum-

302 4385 478 4451 mavi,
511 4383 677 4452 ﬁdem
705 4387 919 4440 servavi
949 4385 1020 4455 (ll
1048 4386 1180 4439 Tim.
1218 4403 1291 4452 ιν,
1326 4388 1404 4455 7).
1434 4386 1541 4449 Qui
1575 4390 1771 4441 autem
1812 4385 1956 4442 levis

306 4475 420 4536 est,
446 4476 506 4526 et
543 4472 742 4527 anima
788 4472 948 4527 illius
994 4489 1105 4527 non
1139 4476 1434 4545 gravatur,
1486 4473 1871 4529 nihilominus
1902 4479 1957 4529 et

308 4596 453 4671 Ilaec
474 4603 578 4671 est,
609 4600 731 4671 etc.
763 4597 946 4671 Vatic.
998 4600 1117 4654 Vive
1148 4600 1313 4653 vitam
1349 4614 1472 4652 cum
1514 4599 1768 4671 muliere,
1800 4618 1961 4671 quam
1997 4584 2038 4647 θ

307 4667 531 4740 duxisti
553 4668 813 4723 omnibus
842 4670 1029 4724 diebus
1060 4671 1321 4724 vanitatis
1369 4679 1500 4731 tua),
1535 4672 1631 4740 qui
1677 4667 1961 4726 dati-sunt

309 4738 417 4793 tibi
443 4738 543 4792 sub
573 4740 681 4796 sole
726 4742 977 4796 omnibus
1023 4741 1213 4796 diebus
1256 4738 1557 4803 vanitatiﬂ
1578 4743 1690 4796 sive
1732 4745 1961 4798 instabi-

312 4810 486 4934 gitgtis
525 4817 648 4936 tmte.
686 4815 831 4879 Quia
862 4813 980 4869 haec
1008 4822 1084 4867 est
1111 4829 1239 4884 pars
1272 4822 1369 4868 tua
1399 4815 1455 4867 in
1490 4814 1599 4867 vita
1640 4817 1753 4879 tua,
1806 4818 1856 4869 et
1903 4818 1961 4869 in

335 4898 368 4935 a
408 4895 525 4936 ore.
557 4898 587 4936 e
617 4899 665 4936 c.

335 4895 525 4948 auore,
557 4895 665 4937 etc.

384 4952 405 4984 ²
436 4950 541 5035 llic
573 4953 779 5008 iterum
817 4956 963 5015 rivo,
997 4972 1095 5035 pro
1124 4955 1607 5035 vide,_pru:l'erunt
1636 4959 1753 5035 tres
1792 4956 1962 5035 modo

252 5032 259 5037 “
309 5020 539 5078 laudati
574 5041 739 5091 mss.,
775 5031 948 5095 atque
1000 5020 1150 5079 inl'ra
1200 5020 1553 5079 cohaerenter
1595 5027 1741 5079 solus
1788 5029 1965 5081 vivom:

310 5096 509 5159 vitam,
554 5112 654 5167 pro
688 5098 891 5151 vit/ere.
925 5096 1070 5159 Quin
1139 5102 1195 5151 et
1227 5114 1326 5167 pro
1394 5098 1662 5167 (lilcrisli,
1702 5097 1959 5151 Vaticani.

312 5166 817 5238 quemadmodum
852 5185 1050 5238 supra,
1083 5168 1291 5222 duxisti
1322 5166 1547 5221 retinet.

387 5238 410 5270 ²
470 5236 604 5310 Cum
652 5239 722 5292 ad
765 5236 1046 5310 m/‘erﬁum
1092 5239 1448 5294 descendens.
1509 5238 1649 5292 Mss.
1711 5239 1961 5305 codices,

312 5324 443 5380 eum
462 5307 547 5380 _ad
575 5309 793 5380 inferna
822 5307 1178 5365 descendcris.
1211 5311 1495 5364 Murrus.

386 5378 409 5411 ³
460 5377 642 5453 Penes
690 5380 917 5435 Alcuin.
970 5382 1177 5453 Absque
1230 5381 1506 5453 adiutorio
1566 5381 1793 5436 Domini
1854 5398 1960 5436 non

313 5450 572 5523 potestati
600 5453 797 5523 cretum
822 5450 1136 5523 pervenire.

390 5522 411 5595 ’ς
442 5519 663 5595 Palatia
696 5519 863 5581 alter.
904 5526 968 5577 Et
1008 5528 1269 5595 quoniam
1293 5540 1402 5577 non.
1431 5524 1623 5578 desunt
1652 5524 1890 5579 divitim.

394 5592 415 5624 ⁸
444 5593 507 5647 In
538 5592 786 5654 Palatio.
818 5594 957 5650 Plus
988 5592 1236 5652 omnibus
1268 5596 1552 5654 laboravi;
1600 5600 1723 5648 tum
1778 5595 1961 5649 Vatic.

320 5661 414 5719 sed
440 5666 488 5719 et
517 5667 720 5736 gratia,
754 5670 865 5723 etc.

2054 3321 2212 3376 enim
2241 3321 2301 3375 in
2336 3319 2588 3375 Ecclesia
2622 3317 3092 3390 imperitissimos
3144 3333 3410 3389 quosque
3448 3317 3689 3373 ﬂorere:

2055 3416 2114 3488 et
2153 3411 2291 3482 quia
2321 3410 2654 3464 nutrierunt
2683 3406 2891 3462 l'rontis
2921 3405 3250 3473 audaciam,
3276 3410 3334 3461 et
3361 3406 3694 3462 volubilita-

2053 3503 2171 3554 tem
2214 3498 2423 3569 linguze
2454 3496 2749 3551 consecuti
2782 3499 2938 3560 sunt,
2990 3495 3128 3549 dum
3190 3512 3306 3549 non
3375 3495 3700 3567 recogitant

2057 3586 2195 3658 quid
2229 3587 2565 3656 loquantur,
2602 3583 2920 3654 prudentes
2943 3598 3005 3637 se
3037 3587 3095 3637 et
3123 3582 3384 3637 eruditos
3415 3583 3705 3638 arbitran-

2061 3681 2189 3729 tur:
2226 3672 2477 3728 maxime
2509 3672 2558 3726 si
2589 3671 2841 3726 favorem
2865 3669 3022 3741 vulgi
3050 3669 3705 3742 habuerint,quimagis

2058 3763 2231 3818 dictis
2292 3760 2610 3816 levioribus
2658 3758 2981 3814 delectatur
3029 3763 3086 3812 et
3133 3761 3548 3813 commovetur.
3581 3762 3708 3813 Ete

2060 3852 2350 3907 contrario
2380 3849 2674 3905 eruditum
2706 3848 2895 3901 virum
2928 3846 3106 3901 latere
3146 3846 3205 3901 in
3255 3845 3524 3914 obscuro,
3574 3863 3705 3918 per-

2061 3939 2581 4011 secutiones'pati:
2625 3942 2682 3992 et
2722 3953 2838 3991 non
2872 3934 3061 3991 solum
3095 3934 3154 3988 in
3207 3933 3419 4006 populo
3449 3935 3703 4006 gratiam

2062 4048 2174 4087 non
2208 4031 2442 4094 habere,
2485 4028 2585 4082 sed
2626 4025 2823 4097 inopia
2853 4030 2910 4079 et
2939 4028 3198 4095 egestate
3227 4024 3542 4080 tabescere.
3575 4029 3706 4082 Haec

2062 4124 2256 4175 autem
2301 4120 2465 4184 ﬁunt,
2498 4115 2636 4187 quia
2673 4114 2893 4169 incerto
2925 4117 3078 4167 statu
3106 4114 3374 4166 feruntur
3402 4111 3618 4179 omnia,
3650 4118 3709 4168 et

2068 4226 2182 4263 non
2222 4208 2398 4263 estin
2441 4203 2709 4277 praesenti
2749 4201 3051 4257 retributio
3091 4200 3455 4269 meritorum,
3496 4200 3597 4255 sed
3641 4200 3703 4255 in

2064 4297 2282 4351 futuro.

2136 4407 2163 4433 ι(
2198 4384 2267 4438 Et
2306 4381 2539 4454 quidem
2575 4381 2759 4436 nescit
2785 4379 2960 4435 homo
2981 4381 3000 4413 ⁷
3032 4382 3265 4450 tempus
3289 4394 3487 4445 suum,
3534 4377 3704 4449 quasi

2066 4472 2258 4546 pisces
2299 4471 2395 4544 qui
2429 4472 2753 4526 retinentur
2793 4469 2847 4522 in
2896 4467 3161 4539 captione
3203 4467 3459 4539 pessima
3479 4466 3520 4534 ⁸,
3555 4465 3710 4522 sicut

2147 4600 2167 4632 ⁶
2196 4597 2306 4652 Sed
2336 4598 2510 4667 gratia
2544 4597 2642 4649 Dei
2706 4609 2846 4663 qua,
2880 4596 3112 4667 etc.__ln
3152 4608 3294 4647 mss.
3339 4607 3454 4647 non
3486 4590 3713 4662 paucis.

2072 4669 2163 4724 sed
2194 4672 2242 4724 et
2272 4662 2449 4737 gratia
2478 4682 2602 4737 quae
2622 4662 2831 4719 meeum
2863 4666 2957 4737 est.
2996 4662 3281 4737 Maurum.

2144 4742 2162 4773 ⁷
2206 4734 2360 4793 Idem
2396 4734 2639 4791 Palalin.
2685 4738 2757 4790 lit
2788 4736 2915 4804 quia
2936 4735 3108 4788 nescit
3136 4734 3316 4797 homo,
3343 4736 3450 4787 etc.

2143 4813 2162 4843 ⁸
2199 4811 2517 4863 Ilehnentur
2547 4809 2607 4862 in
2644 4812 2892 4884 captione
2925 4807 3166 4884 pessima
3231 4804 3380 4884 βὼιὶ
3412 4806 3583 4857 antea
3608 4818 3715 4884 nos

2076 4881 2205 4936 libri
2240 4880 2507 4943 rotiucnt,
2544 4881 2598 4933 In
2622 4875 2884 4932 retiuculo
2914 4877 3098 4937 malo;
3154 4875 3252 4931 sed
3296 4890 3487 4931 errore
3529 4875 3715 4929 mani-

2076 4955 2240 5019 festo,
2284 4956 2339 5006 et
2371 4955 2570 5003 contra
2610 4950 2783 5003 Iidem
2824 4948 3087 5001 omnium
3134 4964 3275 5019 mss.
3311 4944 3577 5019 codicum
3612 4944 3715 5015 qui

2021 5026 2035 5040 ’
2076 5016 2296 5093 legunt.
2332 5025 2389 5077 In
2421 5024 2674 5093 caldioue
2696 5019 3131 5093 pessima._Nam
3164 5018 3318 5072 idem
3343 5016 3518 5093 habet
3538 5032 3717 5093 supra

2076 5087 2457 5166 Hicronymus
2490 5087 2554 5166 in
2583 5087 3014 5166 potiliiientario
3049 5090 3271 5166 dicens
3306 5106 3329 5166 ξ.
3358 5112 3384 5138 α
3419 5087 3611 5166 Usque
3642 5087 3710 5166 ad

2074 5184 2205 5221 eum
2250 5159 2438 5220 locum
2498 5162 2592 5216 ubi
2629 5161 2747 5217 ait:
2818 5162 2971 5231 Sicut
2996 5161 3169 5231 pisces
3234 5159 3329 5229 qui
3358 5161 3611 5214 tenentur
3657 5160 3718 5212 in

2074 5240 2323 5309 captione
2349 5236 2611 5309 pessima,
2643 5237 2752 5286 etc.
2788 5252 2815 5279 »
2836 5230 3430 5309 Undecomprobatur
3444 5232 3718 5309 auctores

2074 5301 2700 5363 veterum-editionum
2722 5319 3025 5373 nunquam
3051 5302 3412 5356 restituendo
3442 5301 3719 5373 Hierony-

2077 5398 2170 5434 mo
2211 5377 2550 5433 adhibuisse
2614 5377 2809 5444 ipsum
2868 5370 3331 5445 Hieronymum;
3370 5370 3475 5445 qui
3519 5370 3717 5426 tamen

2076 5450 2290 5521 smpius
2332 5465 2485 5501 unus
2518 5447 2812 5521 nobis_cst
2840 5461 2943 5514 pro
2977 5444 3252 5500 omnibus
3318 5444 3399 5521 ad-
3416 5460 3616 5521 veram
3652 5458 3718 5496 ac
3776 5496 3787 5501 _

2076 5515 2405 5576 absolutam
2474 5516 2891 5588 opusculorum
2958 5533 3198 5571 suorum
3267 5515 3716 5579 restitutionem,

2078 5593 2365 5647 Maurum.
