4046 6162
399 244 557 317 1143

1630 241 1695 309 S.
1741 239 2052 309 EUSEBll
2098 238 2567 308 HIBRGNYMI.

3602 238 3747 304 ιιιι

395 380 664 439 volucres
723 395 848 454 quae
887 374 1239 453 colligantur
1290 379 1533 454 laqueo:
1605 378 1878 436 similiter
1908 392 2033 434 oor-
2063 378 2120 444 Α
2147 383 2429 458 sapientis
2458 382 2615 440 illius
2646 378 2941 455 pauperis,
2986 393 3157 436 nemo
3203 377 3389 435 refert;
3420 371 3797 449 εηιωφωῖί

398 464 569 527 ruent
598 466 702 524 filii
734 468 1040 525 hominum
1074 468 1135 525 in
1173 474 1435 542 tempore
1465 468 1640 540 malo,
1674 484 1808 523 cum
1831 465 2045 522 cecide-

397 556 473 616 rit
500 575 678 631 super
703 557 865 631 ipsos
907 557 1212 630 extemplo.
1259 582 1279 606 ιι
1314 561 1441 614 lam
1470 562 1528 613 et
1555 573 1735 629 supra
1768 554 2043 623 diximus,

398 650 552 722 quod
586 649 729 703 dum
762 647 1024 702 nesciant
1053 646 1340 717 homines,
1372 647 1449 702 ita
1481 648 1496 681 ¹
1539 646 1622 701 eis
1648 646 1753 716 [κη.
1797 644 1881 701 eis
1921 644 2044 714 aut]

399 738 684 809 angustia:
733 736 987 805 veniant,
1030 741 1133 790 aut
1182 735 1475 791 interitus.
1512 737 1686 791 Porro
1719 736 2043 790 secundum

403 824 762 899 allegoriam,
796 828 885 879 est
924 824 1246 892 sciendum,
1283 840 1526 895 regnum
1545 823 1825 879 ccelorum
1856 821 2046 878 simile

404 932 535 973 esse
563 931 793 988 sagenze
824 914 1015 968 missas
1057 914 1113 967 in
1148 913 1294 968 mari
1324 913 1549 980 (Matth.
1582 914 1704 985 xm)
1732 930 1745 967 :
1778 917 1833 967 et
1862 928 1892 966 e
1914 928 2047 967 con-

403 1005 585 1061 trario
615 1004 828 1059 habere
859 1019 1136 1073 sagenam
1171 1002 1487 1069 haereticos,
1520 1019 1622 1075 per
1651 1019 1828 1073 quam
1859 1001 2047 1073 pisces

403 1092 638 1166 capiant
663 1092 732 1145 ad
766 1090 1086 1146 interitum.
1118 1090 1344 1161 Sagena
1362 1107 1563 1146 eorum
1583 1095 1673 1145 est
1693 1107 1885 1145 sermo
1912 1089 2047 1144 aifa-

404 1180 561 1247 bilis,
595 1179 873 1234 blandum
904 1178 1223 1249 eloquium,
1258 1178 1536 1234 simulata
1565 1183 1666 1234 aut
1693 1177 2050 1247 coactajeju-

404 1269 522 1339 nia,
589 1267 772 1321 vestis
839 1265 1102 1338 humilis,
1142 1266 1423 1322 virtutum
1466 1267 1733 1324 imitatio.
1776 1267 1937 1331 Quod
1997 1265 2047 1321 si

402 1358 703 1430 cmperint,
736 1358 793 1411 et
830 1355 901 1409 de
939 1355 1340 1426 superioribus
1377 1357 1696 1429 disputare,
1726 1360 1783 1411 et
1820 1356 1877 1409 in
1917 1355 2051 1409 sub-

402 1446 543 1502 lime
571 1445 759 1501 levare
800 1461 863 1498 os
895 1461 1092 1510 suum,
1132 1449 1190 1499 et
1228 1443 1329 1499 Dei
1396 1444 1731 1499 altitudines
1770 1458 2046 1515 quaerere,

402 1534 679 1607 laqueum
708 1537 933 1606 ponunt
963 1533 1023 1587 in
1045 1532 1307 1588 excelsis.
1333 1534 1632 1598 Quomodo
1653 1516 1832 1605 igitur
1861 1532 2050 1603 pisces

402 1628 460 1681 et
487 1622 751 1679 volucres
781 1621 893 1676 cito
925 1619 1239 1692 capiuntur
1268 1638 1300 1675 a
1328 1620 1431 1676 tali
1464 1638 1701 1693 sagena,
1734 1626 1791 1676 et
1819 1621 1891 1676 ab
1921 1620 2049 1676 isti-

369 1756 373 1761 .
405 1711 640 1769 usmodi
670 1710 909 1782 laqueo:
952 1710 1037 1764 sic
1077 1725 1210 1763 cum
1280 1709 1668 1781 multiplicata
1730 1708 1901 1764 fuerit
1940 1708 2046 1762 ini-
2080 1745 2130 1809 B

405 1800 621 1873 quitas,
653 1802 711 1854 et
740 1797 1027 1854 refrixerit
1088 1797 1340 1852 Charitas
1404 1797 1744 1866 multorum,
1778 1804 1834 1852 et
1882 1798 2050 1869 signa

407 1890 559 1947 facta
586 1887 807 1944 fuerint
836 1892 1009 1958 atque
1040 1889 1324 1957 portenta,
1364 1886 1444 1942 ita
1474 1892 1538 1941 ut
1567 1888 1946 1953 seducantur,
2001 1884 2050 1940 si

408 1975 688 2057 possibile
749 1977 901 2032 466
931 1980 1039 2041 cst,
1107 1975 1282 2030 etiam
1348 1974 1514 2030 electi
1581 1976 1789 2047 (Matth.
1862 1974 2048 2044 xxrv):

408 2065 710 2124 sciendum
743 2068 833 2120 est
856 2063 1278 2119 ecclesiasticos
1318 2081 1551 2137 quoque
1594 2065 1706 2136 [Αἰ.
1761 2064 2055 2137 quosque]

406 2154 583 2221 viros,
620 2152 716 2224 qui
750 2151 851 2207 ﬁlii
883 2151 1189 2207 hominum
1253 2152 1644 2224 appellantur,
1675 2157 1731 2208 et
1760 2157 1899 2208 sunt
1929 2168 2052 2207 mo-

408 2242 547 2298 dieze
579 2240 733 2308 fidei,
768 2240 882 2295 cito
929 2256 1099 2311 posse
1145 2256 1436 2295 corruere.
1478 2241 1809 2296 Notandum
1852 2240 2050 2307 etiam,

407 2330 563 2403 quod
590 2346 692 2401 per
718 2332 907 2383 totum
939 2327 1153 2382 librum
1186 2329 1521 2400 ubicunque
1553 2330 1787 2394 dicitur,
1831 2330 1940 2397 ﬁlii
1963 2330 2053 2384 ho-

406 2422 637 2487 minum,
706 2418 762 2471 in
827 2417 1061 2472 Hebraeo
1130 2417 1303 2472 habet
1333 2418 1484 2488 (D‘m
1515 2420 1627 2490 περ)
1654 2419 1765 2488 ﬁlii
1793 2419 2050 2487 hominis,

403 2508 514 2564 hoc
542 2512 651 2577 est,
684 2507 793 2577 ﬁlii
824 2505 1013 2560 Adam.
1054 2505 1123 2559 Et
1189 2507 1381 2562 omnis
1413 2524 1557 2578 pene
1617 2508 1915 2579 Scriptura
1946 2507 2053 2562 hoc

404 2597 683 2652 idiomate
716 2593 887 2666 plena
921 2597 1028 2663 est,
1102 2595 1438 2650 universum
1506 2614 1691 2668 genus
1721 2596 2052 2663 hominum,

407 2686 591 2741 Adam
625 2682 777 2738 filios
807 2699 1040 2738 vocans.

483 2796 511 2825 «
542 2773 654 2829 Sed
687 2776 743 2828 et
771 2772 921 2827 hanc
946 2772 1060 2827 vidi
1080 2772 1426 2844 sapientiam
1446 2773 1556 2828 sub
1587 2772 1727 2842 sole,
1759 2778 1815 2829 et
1845 2790 2055 2845 magna

412 2868 501 2920 est
530 2862 682 2935 apud
722 2878 832 2916 me.
867 2860 1081 2915 Civitas
1121 2878 1296 2933 parva
1324 2867 1380 2917 et
1417 2860 1522 2916 viri
1554 2862 1611 2916 in
1643 2879 1713 2918 ea
1752 2863 1958 2933 pauci:
2001 2866 2058 2917 et

414 2951 569 3007 venit
586 2951 657 3006 ad
677 2967 805 3005 eam
822 2966 917 3003 rex
930 2965 1103 3019 magn
1114 2967 1181 3004 us
1195 2955 1250 3003 et
1269 2950 1655 3005 circumdedit
1675 2967 1825 3018 eam,
1852 2955 1907 3005 et
1927 2950 2058 3005 aedi-

417 3039 611 3095 ficavit
644 3039 710 3093 ad
722 3055 921 3092 versus
939 3053 1065 3091 eam
1086 3038 1418 3093 machinam
1441 3055 1733 3108 magnam.
1762 3039 2059 3093 Etinvenit

2154 472 2371 531 salute:
2406 473 2505 528 sed
2557 471 3073 529 omneshonorant
3099 467 3326 532 divites,
3375 466 3471 539 qui
3507 464 3565 521 in
3614 466 3748 539 perl-
3780 488 3783 489 ν

2153 561 2283 618 culo
2314 562 2460 618 nihil
2487 560 2794 618 subvenire
2825 561 3163 632 potuerunt.
3196 557 3377 613 Aliter
3400 557 3658 611 Hebrmus
3681 555 3781 612 itav

2100 700 2107 709 .
2152 651 2310 706 hunc
2339 652 2531 706 locum
2565 651 2980 720 interpretatus
3000 652 3089 703 est
3113 664 3128 701 :
3152 646 3367 703 Civitas
3391 661 3578 717 parva,
3600 643 3767 700 homo?

2154 745 2264 806 est,
2300 740 2398 812 qui
2431 740 2604 796 etiam
2637 739 2788 809 apud
2816 735 3196 809 philosophos
3219 735 3409 789 minor
3429 732 3757 788 mundnsvo-
3782 755 3787 759 ·

2155 833 2338 885 catur.
2373 830 2444 884 Et
2471 828 2575 883 viri
2607 828 2667 882 in
2697 844 2765 883 ea
2784 826 2974 898 pauci,
2999 825 3266 880 membra
3291 824 3362 879 de
3382 822 3589 894 quibus
3606 821 3754 877 homo

2155 918 2281 990 ipse
2310 918 2655 973 contexitur.
2688 920 2829 971 Cum
2861 919 3054 971 autem
3098 911 3318 969 venerit
3360 912 3633 967 adversus
3650 925 3773 964 eam

2156 1023 2254 1062 rex
2285 1022 2535 1077 magnus
2547 1004 2837 1069 diabolus,
2861 1006 2918 1058 et
2941 1001 3234 1074 quaesierit
3253 1000 3446 1055 locum
3464 999 3486 1033 ⁸
3503 1014 3601 1070 per
3613 1006 3771 1070 quem

2156 1095 2344 1166 possit
2358 1094 2702 1164 irrumpere,
2722 1090 3013 1146 invenitur
3030 1090 3090 1144 in
3109 1107 3175 1144 ea
3191 1088 3436 1144 humilis
3453 1092 3512 1143 et
3536 1087 3757 1158 sapiens,

2156 1187 2213 1238 et
2243 1183 2439 1254 quieta
2489 1180 2761 1254 cogitatio
2808 1178 3103 1235 interioris
3145 1177 3425 1243 hominis,
3473 1179 3530 1231 et
3564 1174 3770 1234 servat“

2159 1271 2264 1341 [ΑΙ.
2294 1271 2477 1341 eruet]
2509 1270 2712 1325 urbem
2753 1286 2881 1341 quas
2921 1268 3163 1324 obsessa
3192 1267 3263 1322 ab
3302 1264 3570 1320 hostibus
3597 1264 3763 1337 cinge-

2158 1359 2347 1415 batur.
2380 1363 2641 1430 Cumque
2698 1358 2875 1413 homo
2905 1358 2977 1412 de
3043 1354 3300 1426 periculo
3340 1354 3464 1409 sive
3526 1368 3763 1425 persecu-

2156 1447 2354 1513 tionis,
2389 1447 2507 1501 sive
2572 1445 3002 1517 angustiarum.
3034 1443 3154 1498 sive
3204 1444 3607 1513 cujuscunque
3640 1441 3779 1497 401‘

2158 1538 2411 1592 adversa:
2444 1535 2523 1591 rei
2550 1539 2723 1606 atque
2754 1533 2973 1605 peccati
3006 1532 3181 1588 fuerit
3208 1536 3450 1587 erutus:
3503 1531 3667 1585 homo
3689 1528 3769 1584 ills

2160 1625 2429 1694 exterior,
2461 1624 2562 1694 qui
2595 1624 2870 1678 inimicus
2901 1627 2989 1678 est
3022 1622 3177 1676 illius
3210 1620 3489 1692 pauperis
3526 1617 3765 1685 hominis,

2158 1717 2216 1769 et
2279 1712 2580 1785 sapientis,
2614 1729 2729 1768 non
2796 1711 3138 1766 recordatur
3167 1709 3462 1765 interioris
3528 1707 3766 1771 hominis,

2161 1818 2265 1858 nec
2295 1801 2494 1857 subdit
2524 1817 2586 1857 se
2615 1799 2876 1856 consiliis
2906 1800 3033 1869 ejus
3059 1816 3071 1855 :
3107 1798 3209 1854 sed
3244 1813 3484 1853 rursum
3525 1814 3630 1852 sua
3654 1796 3768 1851 frui-

2159 1894 2256 1945 tur
2289 1889 2554 1945 libertate
2575 1890 2596 1923 ⁵
2628 1888 2735 1962 [Αἰ.
2771 1889 2953 1944 libera
2979 1886 3321 1957 voluntate].
3359 1885 3581 1940 Aliter:
3606 1884 3780 1939 Parva-

2161 1977 2365 2033 civitas
2396 1981 2502 2047 est,
2531 1981 2589 2032 et
2617 1978 2721 2031 viri
2758 1977 2816 2031 in
2850 1992 2918 2032 ea
2948 1976 3140 2048 pauci,
3207 1975 3279 2031 ad
3310 1973 3767 2046 comparationem

2162 2066 2342 2123 totius
2373 2066 2600 2132 mundi,
2636 2064 2891 2121 Ecclesia
2953 2070 3078 2121 est:
3111 2065 3394 2119 adversus
3454 2077 3769 2134 quamsieps

2163 2156 2466 2228 consurgit
2493 2172 2591 2210 rex
2621 2171 2872 2226 magnus
2900 2152 3168 2209 diabolus
3198 2153 3335 2223 (non
3370 2152 3527 2223 quod
3560 2165 3770 2224 magnus

2165 2245 2263 2307 sit,
2296 2245 2397 2299 sed
2432 2245 2586 2315 quod
2621 2259 2899 2314 magnum
2933 2259 2995 2298 se
3021 2259 3149 2298 esse
3178 2241 3458 2312 jactitet),
3491 2246 3547 2297 et
3573 2241 3772 2296 circum-

2162 2333 2263 2389 dat
2282 2350 2412 2389 eam
2443 2333 2748 2388 obsidione
2778 2332 2898 2387 sive
2928 2331 3375 2403 persecutionis,
3409 2332 3530 2386 sive
3558 2330 3664 2385 alio
3694 2345 3771 2384 an-

2162 2422 2493 2494 gustiarum
2522 2438 2751 2493 genere.
2783 2422 2854 2476 Et
2883 2420 3101 2476 invenit
3115 2419 3173 2475 in
3191 2436 3260 2475 ea
3283 2420 3481 2474 virum
3498 2433 3769 2492 pauperem

2164 2515 2220 2566 et
2244 2510 2591 2582 sapientem,
2620 2509 2932 2565 Dominum
2963 2510 3164 2565 Jesum
3197 2508 3521 2572 Christum,
3578 2506 3669 2578 qui
3695 2520 3772 2577 pro

2165 2599 2334 2654 nobis
2364 2614 2584 2670 pauper
2614 2598 2801 2653 factus
2831 2602 2921 2654 est
2985 2598 3060 2668 (ll
3090 2597 3208 2652 Cor.
3242 2613 3368 2666 vm,
3397 2596 3456 2665 9)
3486 2600 3545 2651 et
3570 2599 3653 2651 est
3672 2593 3772 2665 ipsa

2165 2686 2489 2758 sapientia:
2523 2690 2581 2741 et
2643 2686 2738 2742 ille
2767 2686 2855 2742 vir
2918 2702 3140 2758 pauper
3201 2684 3419 2740 liberat
3483 2685 3675 2740 urbem
3727 2682 3772 2736 in

2165 2774 2453 2847 sapientia
2491 2792 2618 2831 sua.
2651 2775 2885 2838 Quoties
2899 2775 3154 2830 vidimus
3171 2774 3474 2829 sedentem
3499 2774 3702 2830 leonem
3727 2770 3772 2824 in

2166 2862 2398 2918 insidiis
2430 2880 2563 2919 cum
2599 2862 3015 2931 divitibus,boe
3042 2865 3152 2931 est,
3184 2878 3319 2917 cum
3352 2860 3705 2917 senatoribus
3732 2860 3776 2913 et

2168 2952 2534 3024 principibus
2593 2952 2771 3023 hujus
2801 2950 3016 3021 seculi,
3086 2955 3142 3005 et
3171 2951 3457 3005 adversus
3494 2947 3768 3005 Ecclesium

2170 3040 2527 3106 molientem,
2597 3040 2871 3112 pauperis
2904 3040 3076 3095 istius
3132 3039 3425 3111 sapientia
3479 3033 3772 3093 corruisse?

416 3129 478 3183 in
534 3145 601 3183 ea
663 3127 851 3180 virum
888 3142 1199 3196 pauperem
1238 3132 1297 3181 et
1334 3104 1676 3198 sapientem,
1710 3134 1766 3183 et
1817 3104 2133 3210 salvavitg
2172 3134 2434 3199 Cumque
2464 3104 2687 3199 pauper
2714 3104 2809 3183 hic
2840 3128 3057 3192 vicerit,
3091 3133 3146 3183 et
3184 3104 3326 3183 urbs
3358 3127 3489 3199 paci
3527 3125 3685 3182 fuerit
3708 3136 3773 3179 re-

415 3214 513 3270 hic
544 3212 832 3268 civitatem
870 3212 925 3266 in
986 3212 1273 3283 sapientia
1312 3231 1454 3269 sua:
1499 3220 1555 3270 et
1620 3216 1796 3272 homo
1828 3234 1941 3273 non
1972 3234 2061 3272 re-

417 3301 690 3357 cordatus
714 3304 802 3365 est
830 3299 1087 3356 hominis
1118 3301 1390 3374 pauperis
1420 3302 1598 3358 illius.
1635 3327 1661 3353 ››
1695 3304 1839 3360 Aliis
1864 3305 2064 3360 omnia

416 3389 638 3445 incerta
663 3385 1078 3457 dicentibus,et
1109 3392 1337 3461 justum
1380 3391 1450 3447 ab
1477 3391 1694 3462 injuste
1763 3394 1906 3449 nihil
1939 3411 2061 3449 am—

416 3477 572 3548 plius
609 3476 864 3545 habere;
906 3494 1010 3548 ego
1042 3478 1388 3550 sapientiam
1421 3479 1595 3536 etiam
1630 3482 1688 3537 in
1722 3482 1831 3537 hoc
1881 3483 2063 3538 maxi-

417 3582 576 3622 mam
609 3565 979 3637 comprobavi
1009 3584 1022 3621 :
1065 3567 1218 3639 quod
1253 3569 1452 3623 crebre
1472 3570 1680 3637 evenit,
1714 3576 1969 3643 utparva
1990 3571 2066 3626 sit

415 3654 644 3717 civitas,
685 3659 738 3708 et
780 3654 1076 3711 habitores
1118 3655 1176 3710 in
1217 3672 1285 3710 ea
1345 3658 1531 3728 pauci,
1573 3663 1628 3713 et
1665 3658 2062 3715 innumerabi-

417 3743 563 3799 lium
595 3743 855 3799 hostium
899 3743 1171 3813 cingatur
1209 3746 1519 3813 excercitu,
1561 3751 1616 3802 et
1655 3748 1958 3804 obsidione
2008 3753 2067 3803 et

416 3832 571 3888 fame
639 3831 892 3904 populus
932 3832 1091 3887 intus
1132 3838 1404 3889 necetur:
1449 3840 1505 3889 et
1580 3842 1815 3907 repente
1864 3842 2068 3891 contra

417 3920 686 3977 omnium
731 3920 1128 3991 suspicionem
1170 3922 1411 3977 inveniri
1453 3922 1645 3978 virum
1687 3923 1971 3979 humilem
2011 3930 2067 3980 et

417 4011 790 4083 pauperem‘,
861 4009 959 4081 qui
1003 4009 1141 4080 quia
1182 4010 1355 4066 habet
1394 4011 1739 4083 sapientiam
1784 4014 2066 4083 majorem

417 4097 645 4154 cunctis
674 4096 976 4163 divitibus,
1002 4099 1231 4171 magnis
1262 4104 1316 4154 et
1348 4100 1681 4171 potentibus
1710 4105 1768 4157 et
1799 4101 2067 4174 superbis

417 4186 474 4241 in
518 4185 773 4259 periculo
816 4186 1044 4258 positis,
1085 4192 1142 4241 et
1172 4187 1243 4241 ad
1285 4188 1654 4244 obsidionem
1696 4191 2065 4262 paventibus,

420 4274 635 4347 cogitat
672 4280 730 4331 et
770 4275 1034 4345 inquirit,
1066 4280 1123 4330 et
1152 4277 1370 4332 invenit
1403 4278 1503 4343 [ΑΙ.
1540 4282 1603 4333 ut
1633 4277 1908 4349 inveniat]
1930 4296 2071 4350 quo-

420 4365 595 4420 modo
625 4382 659 4419 a
688 4363 860 4420 malis
887 4370 1053 4420 eruat
1082 4365 1395 4420 civitatem.
1430 4371 1514 4429 Et,
1546 4383 1578 4421 o
1610 4367 1842 4438 ingrata
1880 4367 2068 4423 homi-

2171 3219 2399 3287 stituta,
2434 3217 2525 3271 vix
2553 3216 2768 3289 aliquis
2792 3218 2920 3289 ejus
2942 3216 3229 3284 meminit,
3248 3216 3342 3271 vix
3361 3216 3522 3272 illius
3544 3213 3776 3270 mandata

2171 3307 2535 3362 considerat:
2572 3307 2672 3362 sed
2740 3310 2893 3362 totos
2923 3322 2985 3362 se
3028 3305 3270 3361 luxuriae
3339 3309 3399 3361 et
3424 3300 3776 3376 voluptatibus

2172 3395 2573 3465 concedentes,
2598 3398 2868 3467 quaerunt
2897 3394 3151 3465 divitias,
3198 3410 3328 3466 quae
3383 3394 3443 3449 in
3474 3389 3773 3449 necessitate

2173 3500 2287 3538 non
2320 3483 2586 3539 liberant.

2245 3640 2272 3667 «
2308 3617 2375 3672 Et
2399 3615 2515 3671 dixi
2548 3632 2673 3686 ego,
2709 3614 2914 3671 melior
2946 3617 3056 3687 [Αἰ.
3087 3614 3393 3671 meliorem
3430 3630 3557 3670 esse
3585 3608 3776 3682 sapien-

2174 3704 2340 3777 tiam]
2372 3708 2463 3758 est
2494 3704 2816 3776 sapientia6
2847 3722 3024 3777 super
3053 3704 3482 3769 fortitudinem,
3513 3710 3565 3757 et
3589 3697 3776 3771 sapien-

2173 3793 2256 3848 tia
2288 3791 2561 3864 pauperis
2591 3809 2717 3863 quae
2749 3794 3022 3864 despecta
3052 3797 3159 3859 est,
3228 3797 3285 3848 et
3323 3792 3500 3847 verba
3526 3790 3644 3861 ejus
3677 3798 3773 3855 qua

2175 3899 2290 3937 non
2322 3886 2461 3935 sunt
2492 3881 2707 3935 audita.
2747 3904 2767 3930 ι
2838 3882 3183 3954 Quanquam
3251 3880 3451 3936 nullus
3493 3870 3774 3934 meminerit

2175 3971 2456 4044 sapientis
2487 3970 2760 4043 pauperis
2792 3971 2971 4042 illius,
3006 3988 3138 4026 cum
3169 3970 3298 4025 laeta
3319 3970 3443 4025 sint
3468 3957 3778 4030 omnia;sed

2177 4060 2429 4116 universi
2499 4060 2819 4132 potentiam
2889 4066 2945 4116 et
2983 4060 3215 4115 divitias
3284 4050 3776 4120 admirenturfego

2175 4153 2374 4205 tamen
2441 4149 2769 4205 secundum
2836 4166 3041 4205 omnes
3099 4165 3278 4220 supra
3318 4139 3778 4219 interpretationes

2180 4236 2368 4309 magis
2401 4236 2619 4291 honoro
2689 4240 3085 4306 contemptam
3118 4234 3491 4307 sapientiam,
3556 4234 3609 4285 et
3643 4222 3778 4281 verba

2179 4343 2304 4397 quae
2339 4323 2539 4380 nullus
2570 4325 2771 4380 audire
2803 4324 3100 4397 dignatur.

422 4467 567 4508 num
607 4452 840 4522 oblivio,
884 4457 1192 4535 postquam
1234 4453 1449 4509 fuerint
1486 4454 1732 4521 liberati,
1773 4460 1828 4511 et
1885 4454 2074 4513 soluta
2104 4471 2150 4535 D
2254 4481 2280 4508 α
2316 4457 2505 4513 Verba
2535 4456 2889 4528 sapientium
2924 4457 2981 4511 in
3048 4455 3243 4528 quiete
3289 4454 3618 4513 audiuntur,
3666 4440 3774 4535 plus

425 4540 756 4613 captivitas,
787 4544 846 4596 et
876 4532 1102 4596 reddita
1122 4543 1321 4613 patria:
1337 4542 1595 4613 libertas,
1617 4561 1785 4601 nemo
1803 4545 2074 4601 meminit

495 4700 703 4779 {Tres
723 4716 866 4779 mss.
900 4700 1043 4757 unde
1075 4700 1333 4779 habent,
1367 4718 1469 4779 pro
1510 4705 1610 4774 ita,
1670 4705 1826 4776 quod
1885 4704 2073 4779 magis

326 4772 329 4775 ⁷
426 4771 740 4845 arrideret,
766 4772 899 4827 dum
928 4772 1131 4827 vocula
1159 4771 1467 4845 expuncta.

493 4844 516 4877 ²
579 4842 808 4900 Alcuin.
853 4850 1162 4916 Pauperem
1200 4842 1295 4917 qui
1332 4844 1552 4901 haberet
1591 4848 1923 4919 sapientiam
1960 4865 2075 4903 ma-

409 4918 622 4987 jorem,
657 4919 765 4970 etc.

493 4986 515 5019 3
554 4988 619 5060 Et
656 4988 934 5057 qumsierzt
974 4987 1169 5060 locum,
1212 4991 1321 5042 etc.
1364 4987 1566 5058 Inepta
1606 4988 1857 5060 plurima
1897 4990 2075 5044 verba

425 5055 536 5111 hoc
566 5055 690 5113 loco
722 5066 940 5114 veteres
973 5055 1257 5113 editiones
1280 5055 1502 5115 Erasni.
1537 5055 1866 5115 et'Marian.
1902 5061 2076 5115 inter-

426 5125 628 5209 polant
665 5131 842 5209 textui
885 5129 1355 5209 Ilieronymiano,
1400 5147 1529 5201 quze
1568 5129 1722 5186 intra
1749 5132 2073 5209 parenthe-

427 5200 539 5279 sim
572 5200 1069 5279 ita.concl_udunt:
1104 5200 1396 5279 (diabolus
1416 5200 2071 5279 Serpens‘cst’lubricus,

429 5270 600 5349 cujus
632 5270 679 5349 si
710 5270 915 5349 capiti,
943 5272 996 5324 id
1031 5278 1139 5339 est,
1175 5274 1373 5349 prima;
1406 5270 1764 5345 suggestioni
1792 5291 1908 5349 non
1936 5274 2076 5349 resi—

430 5341 1309 5420 sti-tur,lotusinternacordis,
1341 5341 1629 5420 (luminati
1656 5347 1927 5420 sentitur,
1956 5344 2079 5400 illa-

429 5412 608 5478 bitur,
639 5412 1028 5491 tentationum
1044 5414 1461 5491 diabolicarum
1487 5416 1651 5469 initia
1668 5416 1883 5485 ﬂagitia
1900 5420 2073 5471 sunt:

430 5499 566 5563 non.
592 5487 1195 5563 estmimmi‘ssurhscd
1251 5488 1541 5563 incentor
1573 5488 1865 5563 vitiorum.
1917 5488 2078 5545 Unde

430 5552 607 5612 David
636 5571 647 5609 :
684 5553 755 5608 Tu
781 5554 1093 5624 confregisti
1120 5565 1282 5627 caput
1310 5557 1615 5630 draconis).
1648 5562 1932 5616 Maurus.

2182 4564 2359 4619 quam
2400 4544 2622 4601 clamor
2661 4550 3009 4617 potestatem
3084 4544 3357 4601 habentis
3404 4543 3463 4598 in
3534 4532 3722 4595 stultis.
3753 4547 3774 4575 ν

2252 4706 2274 4739 ⁴
2300 4703 2510 4773 Vatia,
2542 4704 2608 4758 Et
2626 4706 2930 4776 quiarrista
2953 4705 3208 4774 cogitatio
3248 4700 3542 4776 interioris

2181 4779 2279 4843 est,
2310 4760 2513 4901 sirvatt’,
2584 4760 2692 4831 etc.
2726 4775 2856 4843 Alii,
2924 4760 3210 4832 Intérioris
3240 4773 3477 4830 hominis
3535 4778 3701 4825 senm
3732 4760 3774 4813 εί

2182 4865 2335 4901 serva
2368 4889 2380 4901 .
2418 4863 2446 4901 e
2477 4863 2527 4901 c.

2182 4851 2380 4913 servat,
2418 4851 2527 4901 etc.
3581 4908 3611 4915 __
3654 4902 3684 4915 η

2255 4950 2322 4957 _
2352 4908 2417 4973 Ει
2446 4918 2630 4989 quieta
2658 4918 2936 4985 cogitatio,
2968 4917 3219 4989 etc.7Pro
3251 4916 3444 4989 quieta
3480 4908 3769 4989 ορὲίίὲιίίθῗξ

2182 4989 2322 5044 editi
2352 4969 2792 5060 absistens
2818 4969 3702 5060 sagas‘iia‘seatieguntiam,
3719 4969 3787 5060 ts}.

2179 5064 2397 5132 sapiens
2426 5068 2475 5115 et
2505 5045 2721 5130 qilietas
2762 5061 3045 5115 interioris
3082 5060 3320 5115 hominis
3356 5045 3537 5115 scmus
3568 5058 3616 5106 el
3646 5045 3767 5102 δηθί

2183 5133 2381 5188 urbem
2413 5149 2531 5202 qua:
2560 5132 2769 5187 obsessa
2795 5136 2900 5185 etc.
2936 5132 3225 5185 MARTIAN.
3438 5200 3446 5202 ἓ
3526 5199 3533 5202 _
3574 5195 3583 5202 _
3691 5179 3738 5202 Α,

2254 5204 2275 5237 δ
2306 5188 2534 5259 Fruitur
2560 5203 2809 5257 libertate
2840 5202 2943 5257 Hic
3008 5202 3182 5255 etiam
3218 5219 3319 5273 pro
3385 5195 3613 5255 libertate
3659 5188 3762 5241 Γοα-

2184 5284 2322 5329 nent
2352 5276 2588 5329 liberam
2618 5275 2969 5329 voluntatem.
3007 5274 3284 5328 MARTIAN.

2255 5346 2275 5379 ⁶
2306 5347 2506 5400 Melior
2533 5352 2607 5397 est
2636 5346 2928 5415 sapientia,
2961 5323 3303 5415 θιυξῖή
3334 5359 3469 5398 mss.
3494 5323 3753 5415 ίωιθειξει,

2188 5416 2352 5485 pauci
2389 5432 2519 5468 rum
2548 5408 2739 5477 inlitis,
2774 5417 2835 5468 Et
2864 5408 2984 5469 diri
3011 5432 3109 5483 ego
3139 5414 3423 5488 meliorem
3460 5424 3560 5488 esse
3583 5408 3752 5488 salii-43f:

2185 5477 2322 5542 tium
2376 5502 2546 5555 super
2574 5488 2921 5557 fortitudine,
2955 5477 3063 5542 etc‘.’
3094 5487 3204 5542 Sed
3239 5485 3397 5557 nulla
3425 5488 3507 5538 est
3529 5479 3578 5533 in
3612 5477 3749 5527 88113“

2186 5559 2428 5616 mutatio
2459 5556 2735 5615 utrolibet
2764 5559 2935 5616 modo
2962 5557 3297 5632 legerimus.
3332 5556 3585 5615 Mearm.
3774 5556 3777 5559 ‘
