4068 6174
189 338 363 406 una

1211 338 1841 410 COMMENTARIUS
1880 338 1961 406 IN
2005 338 2611 408 EGGLESlAS'I‘EN.

3431 322 3587 409 lite

181 473 603 550 Quemcunque
626 473 688 534 in
717 473 973 536 Ecclesia
999 476 1213 535 videris
1234 481 1250 515 ⁸
1273 478 1743 548 declamatorem,
1777 480 1835 535 et
1861 479 1918 545 Α
1944 475 2272 534 velamento
2335 476 2656 551 prudentiae
2723 489 2986 535 exercere
3014 473 3318 535 malitiam.
3350 474 3537 534 Aliter
3569 494 3583 535 :

180 580 319 622 cum
350 565 604 638 quodam
633 565 921 623 lenocinio
945 584 1011 623 ac
1029 571 1335 624 venustate
1354 568 1661 625 verborum
1684 569 1831 624 exci-

179 658 310 712 tare
339 654 606 727 plauus,
639 656 794 711 risus
824 661 1115 724 excutere,
1161 656 1466 713 audientes
1494 656 1552 712 in
1587 659 1829 713 affectus

174 742 397 800 laetitiae
434 744 764 800 concitare:
820 745 966 801 scito
1016 746 1253 817 signum
1293 762 1421 802 esse
1456 746 1826 818 insipientior,

174 836 304 888 tam
341 833 471 903 ejus
510 832 608 904 qui
650 832 909 904 loquitur
959 850 1136 905 quam
1178 850 1377 889 eorum
1418 836 1516 906 qui
1558 836 1826 890 audiunt.

173 920 377 976 Verba
429 922 647 993 quippe
685 922 1039 993 sapientium
1080 922 1139 976 in
1181 924 1394 994 quiete,
1435 928 1492 978 et
1532 926 1829 979 moderato

174 1009 507 1066 audiuntur
533 1009 803 1065 silentio:
840 1010 939 1081 qui
982 1027 1111 1065 vero
1150 1011 1436 1083 insipiens
1474 1016 1583 1077 est,
1629 1029 1834 1084 quam-

172 1098 276 1154 vis
303 1098 384 1154 sit
437 1103 666 1169 potens,
716 1103 774 1153 et
824 1098 1137 1153 clamorem
1191 1098 1312 1154 sive
1343 1117 1461 1155 sum
1492 1100 1670 1170 vocis,
1712 1100 1831 1157 sive

172 1186 384 1260 populi
415 1186 629 1242 habeat
656 1186 1058 1255 acclamantis,
1088 1188 1243 1244 468
1284 1187 1434 1243 inter
1489 1189 1831 1261 insipientes

173 1274 622 1348 computabitur
642 1276 682 1330 ³.

258 1385 291 1414 ‹‹
319 1362 527 1420 Melior
555 1367 646 1420 est
674 1364 963 1436 sapientia
1015 1381 1082 1420 eu
1093 1382 1193 1437 per
1219 1383 1360 1421 vasa
1409 1365 1566 1431 belli,
1615 1372 1672 1422 et
1703 1384 1830 1440 pec-

172 1468 328 1508 cans
365 1470 522 1509 unus
552 1454 754 1524 perdet
783 1454 1103 1510 bonitatem
1135 1454 1407 1510 multam.
1444 1477 1472 1505 »
1504 1456 1670 1511 Nunc
1696 1473 1833 1529 quo-

175 1558 301 1614 que
329 1542 677 1614 sapientiam
726 1543 956 1614 praefert
1002 1544 1349 1607 fortitudini,
1400 1549 1457 1599 et
1506 1544 1647 1599 dicit
1698 1545 1831 1617 plus

174 1645 321 1687 eum
367 1630 558 1687 valere
604 1633 664 1686 in
718 1629 952 1702 praeliis,
1002 1648 1175 1703 quam
1224 1647 1388 1688 arma
1417 1635 1828 1705 pugnantium.

175 1719 349 1785 Quod
380 1719 431 1774 si
471 1736 631 1775 unus
664 1719 951 1791 insipiens
991 1721 1184 1786 fuerit,
1226 1722 1496 1792 quamvis
1522 1739 1737 1794 parvus
1776 1727 1834 1779 et

1939 564 2151 622 Musca:
2184 582 2312 639 quae
2334 567 2504 638 juxta
2533 566 2745 623 Isaiam
2794 564 2937 639 (cap.
2985 583 3087 633 vn,
3130 565 3218 638 18)
3250 558 3611 640 ρι’ἰηείρδιιέ

1936 659 2035 711 tur
2073 655 2222 727 parti
2266 656 2571 712 fluminis“
2617 655 2862 729 Egypti,
2894 656 3149 728 perdunt
3178 653 3287 711 olei
3326 657 3587 714 suavita-

1937 748 2077 811 tem,
2132 745 2190 799 in
2241 761 2596 817 unoquoque
2644 744 3003 800 credentium
3050 744 3447 816 relinquentes
3474 747 3585 802 im-

1940 831 2245 886 munditiae
2277 848 2395 887 suae
2416 832 2651 887 odorem
2669 836 2843 903 atque
2862 832 3124 904 vestigia.
3152 833 3239 887 Ab
3259 833 3352 888 his
3371 834 3588 890 muscis

1938 920 2111 975 etiam
2146 920 2419 992 princeps
2468 921 2793 993 appellatus
2849 926 2939 976 est
2975 921 3395 977 daemoniorum
3428 921 3588 978 Beel-

1938 1008 2125 1063 zebub
2157 1009 2364 1079 (Matth.
2406 1026 2507 1076 xu,
2559 1010 2669 1079 25),
2722 1010 2824 1080 qui
2873 1008 3290 1080 interpretatur
3342 1015 3445 1066 aut
3472 1010 3591 1066 ido-

1940 1097 2059 1151 lum
2113 1114 2425 1153 muscarum
2444 1098 2485 1165 5,
2532 1103 2634 1153 aut
2679 1100 2768 1153 vir
2832 1114 3166 1166 muscarum,
3222 1103 3324 1155 aut
3389 1099 3591 1155 habens

1938 1202 2183 1241 muscas.

2012 1298 2039 1324 ‹‹
2074 1276 2182 1331 Cor
2211 1275 2494 1348 sapientis
2542 1276 2600 1331 in
2651 1276 2853 1331 dextra
2897 1276 3050 1347 ejus,
3100 1281 3157 1331 et
3205 1293 3305 1332 cor
3332 1275 3496 1331 stulti
3527 1276 3589 1332 in

1940 1362 2182 1419 sinistra
2210 1364 2389 1420 illius.
2424 1364 2535 1420 Sed
2564 1368 2620 1419 et
2651 1365 2709 1419 in
2740 1364 2854 1433 via,
2884 1381 3016 1420 cum
3053 1364 3271 1421 stultus
3297 1364 3588 1434 ambulat,

1940 1467 2039 1507 cor
2068 1454 2196 1525 ejus
2229 1453 2517 1509 minuitur
2549 1468 2563 1507 :
2597 1458 2654 1509 et
2683 1453 2843 1517 dicit,
2878 1453 3073 1509 omnis
3102 1453 3387 1526 insipiens
3418 1457 3527 1510 est.
3562 1475 3592 1503 ››

1940 1540 2011 1595 Et
2037 1540 2097 1595 in
2130 1540 2438 1612 Evangelio
2489 1543 2642 1597 469
2692 1541 3049 1613 praecipitur,
3098 1546 3165 1596 ut
3194 1542 3419 1597 nesciat
3448 1540 3583 1597 sini-

1942 1633 2065 1685 stra
2092 1630 2233 1701 quid
2280 1630 2454 1684 faciat
2482 1630 2718 1685 dextera
2765 1629 3048 1701 sapientis
3080 1629 3290 1700 (Matth.
3325 1647 3402 1697 vx,
3434 1632 3506 1698 3;
3536 1646 3591 1699 v,

1940 1718 2054 1785 39).
2090 1718 2157 1772 Et
2186 1718 2421 1789 quando
2452 1718 2815 1789 percutimur
2846 1718 2903 1772 in
2944 1717 3241 1773 maxillam
3275 1719 3595 1784 dexteram,

177 1805 330 1865 nihil
361 1807 461 1876 sit,
497 1807 697 1863 crebro
744 1812 941 1863 tamen
986 1825 1088 1881 per
1130 1808 1290 1866 illius
1320 1810 1651 1879 stultitiam,
1692 1828 1832 1884 opes
1864 1837 1914 1903 Β
1944 1823 2057 1862 non
2073 1808 2357 1877 jubemur
2381 1806 2682 1862 sinistram
2706 1823 2916 1880 genam
2945 1807 3293 1879 percutienti
3316 1806 3596 1879 praebere,

179 1910 432 1968 magnas
473 1894 823 1967 divitiasque
851 1895 1132 1951 subverti.
1166 1897 1312 1960 Quia
1342 1913 1474 1953 vero
1504 1897 1564 1953 in
1598 1898 1833 1954 Hebraeo

179 1987 382 2057 potest
415 1983 530 2056 legi
561 2001 574 2039 :
618 1985 681 2038 Et
716 1986 814 2055 qui
846 1992 1032 2054 peccat
1069 2000 1262 2055 unum,
1300 1987 1497 2055 perdet
1537 1986 1835 2042 bonitatem

179 2074 438 2141 multum,
476 2073 652 2128 etiam
693 2071 776 2128 sic
815 2072 1187 2128 sentiendum
1227 2078 1360 2129 est:
1405 2076 1558 2146 quod
1603 2080 1838 2147 propter

180 2178 378 2217 unum
430 2165 749 2233 peccatum,
800 2162 995 2217 multas
1018 2163 1262 2234 justitim
1304 2168 1457 2219 retro
1488 2170 1747 2236 pereant,
1781 2169 1838 2221 et

179 2250 436 2306 invicem
465 2267 528 2306 se
554 2251 802 2306 virtutes
855 2251 1045 2322 sequi,
1087 2256 1145 2306 et
1199 2252 1299 2323 qui
1330 2270 1507 2308 unam
1543 2253 1834 2319 habuerit,

177 2338 402 2395 habere
425 2355 669 2395 omnes:
697 2342 753 2395 et
782 2340 879 2410 qui
910 2340 969 2393 in
1006 2357 1119 2396 uno
1168 2342 1505 2413 peccaverit,
1538 2358 1672 2398 eum
1713 2359 1837 2398 om-

178 2428 365 2484 nibus
394 2427 553 2483 vitiis
581 2428 883 2498 subjacere
923 2430 1058 2499 (Jac.
1094 2446 1158 2497 ιι,
1199 2430 1301 2499 l0).

258 2518 422 2589 (Cap.
454 2517 544 2587 X.)
578 2539 605 2567 ‹‹
646 2516 860 2572 Muscas
900 2518 1108 2573 mortis
1129 2516 1401 2590 polluunt
1420 2521 1442 2555 ³
1463 2519 1656 2575 oleum
1679 2538 1836 2591 com-

176 2606 539 2679 positionis:
583 2604 836 2677 pretiosa
873 2611 963 2661 est
1000 2623 1176 2678 super
1231 2608 1581 2680 sapientiam
1620 2614 1675 2665 et
1712 2609 1836 2683 glo-

175 2696 335 2751 riam
367 2693 616 2750 stultitia
635 2710 829 2765 parva.
857 2717 886 2745 »
922 2695 1261 2768 Exemplum
1286 2697 1604 2769 superioris
1627 2715 1839 2755 sensus

175 2783 437 2854 dedit,in
460 2799 577 2854 quo
605 2782 709 2850 ait,
742 2798 843 2855 per
900 2801 1084 2839 unum
1152 2784 1398 2840 stultum
1469 2786 1655 2842 multa
1685 2788 1840 2843 bona

175 2888 360 2945 posse
390 2870 667 2938 subverti,
701 2874 856 2943 quod
916 2872 999 2927 sic
1031 2872 1222 2928 malus
1257 2874 1471 2930 mistus
1502 2876 1669 2932 bonis
1701 2894 1834 2933 con-

173 2960 437 3017 taminet
472 2960 781 3032 plurimos,
824 2962 1117 3031 quomodo
1168 2979 1382 3018 muscas
1422 2964 1469 3020 si
1511 2965 1841 3021 moriantur

175 3050 238 3106 in
273 3053 602 3121 unguento,
635 3049 883 3120 perdant
908 3054 967 3105 et
994 3050 1232 3106 odorem
1265 3049 1424 3106 illius
1441 3057 1499 3107 et
1519 3055 1771 3108 colorem
1793 3055 1834 3109 ‘.

175 3142 249 3194 Et
282 3137 425 3209 quia
453 3152 606 3208 saepe
637 3135 941 3192 calliditati
976 3137 1149 3194 mista
1179 3145 1268 3194 est
1297 3139 1603 3211 sapientia,
1636 3146 1693 3196 et
1730 3142 1834 3197 ha-

177 3200 321 3283 bet-
350 3200 638 3280 malitiam
706 3226 1037 3297 prudentia,
1079 3227 1342 3299 prazcipit
1366 3200 1447 3283 ἰιι
1485 3200 1833 3301 sapientiam
1866 3200 1910 3267 Ο

179 3312 516 3386 simplicem
549 3313 943 3384 requiramus,
978 3314 1275 3385 mistaque
1304 3315 1536 3371 sitcum
1566 3317 1841 3374 innocen-

180 3404 271 3460 tia
326 3401 771 3468 columbarum;
817 3402 1136 3473 prudentes
1201 3403 1389 3459 simus
1454 3406 1525 3460 ad
1593 3406 1837 3472 bonum,

181 3490 489 3564 simplices
517 3494 711 3546 autem
742 3490 814 3545 ad
846 3489 1089 3545 malum.
1124 3492 1192 3545 Et
1221 3496 1310 3546 est
1339 3508 1547 3548 sensus
1575 3511 1588 3549 :
1623 3497 1839 3550 Conve-

183 3581 280 3637 nit
299 3581 463 3651 justo
493 3594 698 3652 parum
755 3578 970 3634 habere
1012 3577 1430 3651 simplicitatis,
1502 3587 1558 3636 et
1603 3587 1840 3654 propter

185 3667 440 3724 nimiam
485 3666 850 3738 patientiam,
896 3667 1037 3721 dum
1086 3666 1367 3723 ultionem
1415 3674 1671 3725 reservat
1701 3677 1839 3739 Deo,

188 3754 444 3813 stultum
474 3754 675 3823 videri,
736 3770 913 3825 quam
975 3755 1173 3810 statim
1214 3773 1276 3812 se
1301 3757 1695 3815 vindicantem
1726 3762 1839 3815 sub

263 3900 279 3933 ί
314 3898 711 3967 Quemcumque
741 3896 801 3949 in
833 3897 1071 3952 Ecclesia
1100 3898 1323 3963 videris,
1347 3902 1456 3954 etc.
1490 3902 1677 3957 Ambo
1708 3905 1837 3958 Cor-

186 3970 463 4041 beienses
484 3972 690 4023 mss.et
713 3967 1099 4041 Colbertinus,
1135 3973 1538 4041 Quemcumque
1565 3975 1622 4026 in
1654 3974 1837 4030 Eccle-

168 4043 256 4099 sia
290 4040 499 4095 videris
529 4041 904 4095 ctamatornn.
941 4038 1229 4095 ΜΑΒΤΙᾸΝ.

242 4115 266 4148 ²
300 4117 485 4185 Penes
533 4109 759 4185 Alcuin.
810 4109 1331 4185 computatural._
1370 4112 1532 4185 editi,
1566 4115 1831 4185 loquitur.

240 4186 265 4219 ³
297 4184 498 4239 Musca?
523 4183 719 4254 mortis
741 4182 1018 4254 polluant,
1051 4186 1159 4236 etc.
1195 4182 1289 4237 Sic
1320 4182 1463 4254 legit
1492 4182 1667 4240 codex
1704 4188 1832 4241 Col-

172 4255 449 4313 bertinus
471 4255 641 4323 juxta
668 4251 888 4307 idioma
920 4251 1265 4309 Hebraicum
1297 4251 1418 4315 mi:
1458 4264 1613 4316 721:1
1636 4259 1837 4315 zebube

170 4324 418 4394 maveth,
450 4324 507 4378 id
540 4327 649 4390 est,
694 4339 891 4378 muscae
937 4326 1149 4394 mortis,
1200 4324 1320 4380 sive
1378 4342 1537 4380 more
1606 4329 1832 4385 Latino-

169 4414 312 4454 rum
342 4410 547 4469 nguscw
580 4396 898 4469 morientes,
951 4398 1017 4448 ut
1064 4394 1281 4469 habent
1316 4394 1443 4469 alia
1480 4399 1833 4469 exemplaria

170 4485 326 4526 mss.
370 4466 537 4522 Falso
576 4466 757 4541 igitur
794 4465 864 4541 in
894 4470 1067 4541 antea
1104 4466 1277 4521 editis
1316 4466 1590 4541 legimus,
1622 4465 1834 4529 Musca:

170 4542 471 4598 moritura:
497 4536 868 4593 exterminant
898 4536 1097 4605 oleum,
1121 4543 1229 4593 etc.
1262 4536 1542 4594 ΜΑιὶΤιΑΝ.

239 4642 319 4653 --
338 4607 801 4665 VaticanJluscm
828 4608 1157 4676 morientes;
1209 4608 1325 4665 duo
1356 4610 1626 4679 Palatini,
1656 4616 1830 4669 mori-

170 4690 338 4739 tura.

243 4756 268 4788 ⁸
304 4751 537 4809 Odorem
564 4750 720 4806 illius
746 4757 797 4823 et
825 4750 1086 4823 colorem.
1138 4753 1248 4823 Pro
1277 4752 1532 4823 colorem,
1564 4754 1705 4810 editi
1738 4772 1829 4811 re-

169 4824 370 4898 tinent
394 4839 686 4898 saporem,_
700 4820 799 4877 sed
830 4837 1016 4898 (sensu
1074 4820 1230 4876 haud
1252 4820 1657 4898 congruente,
1689 4827 1829 4898 quia

170 4895 234 4978 i_n
267 4890 589 4978 unguentis
618 4890 762 4949 odor
790 4896 847 4948 et
901 4890 1058 4947 color
1104 4890 1440 4978 requiritur,
1482 4912 1596 4978 non
1615 4890 1821 4978 sapor.

169 4966 560 5041 Corbeienses
584 4981 766 5041 “mss.
812 4971 1261 5041 (consequenter
1323 4966 1564 5038 legunt:
1605 4970 1668 5022 Et
1696 4966 1829 5041 quia

171 5054 392 5110 semper
418 5036 740 5110 cailiditati,
771 5040 879 5110 etc.
917 5033 1203 5110 Murrina.

244 5107 316 5149 —‘
336 5108 609 5175 Martian,
633 5110 684 5163 et
712 5107 965 5174 colorem,
985 5107 1202 5161 nostris
1222 5107 1498 5162 omnibus
1521 5124 1663 5163 mss.
1689 5125 1825 5164 con-

170 5179 621 5251 tradicentibus,
674 5183 811 5251 tum
837 5176 1142 5251 _Alcuino,_
1181 5184 1353 5251 atque
1399 5179 1571 5235 editis
1600 5180 1826 5251 pridem

169 5250 365 5308 libris.
421 5250 536 5305 Nec
584 5266 724 5305 sane
764 5248 927 5303 video
958 5264 1064 5323 cur
1093 5248 1217 5304 oleo
1249 5248 1367 5305 sive
1401 5248 1696 5323 unguento
1727 5270 1825 5307 sa—

173 5339 395 5395 porem,
414 5323 569 5395 dicat
599 5338 712 5376 non
738 5318 1081 5395 (convenire.

243 5395 269 5428 ⁸
300 5392 570 5458 Palatin.,
603 5394 769 5463 portis
794 5392 1043 5463 ﬂuminis
1068 5408 1079 5456 ;
1100 5389 1211 5463 (alii
1241 5394 1436 5458 partis,
1468 5398 1576 5447 etc.

242 5465 268 5500 ⁵
302 5466 388 5520 Ita
416 5470 473 5520 et
503 5465 562 5518 in
596 5461 739 5518 libro
768 5461 835 5517 de
862 5461 1188 5518 Nominibus
1210 5464 1488 5518 Hebraicis
1509 5481 1579 5520 ex
1603 5465 1829 5520 Joanne

170 5534 382 5607 sentit,
402 5536 631 5591 tametsi
658 5531 1052 5607 verosimilius
1068 5531 1352 5607 videatur,
1379 5536 1630 5591 maxime
1654 5553 1828 5607 penes

170 5604 541 5686 Matthmum,
558 5607 642 5662 ita
660 5605 1014 5735 appellatum
1036 5602 1378 5685 Beelzebub,
1398 5610 1553 5678 quod
1578 5602 1828 5690 domici-

170 5674 353 5735 Iium.
386 5679 538 5735 quod
568 5693 727 5735 seme
796 5676 1232 5735 inhabitaverit,
1280 5692 1431 5735 aegre
1462 5683 1517 5735 et
1546 5695 1639 5735 vix
1666 5680 1828 5735 dese-

169 5674 353 5748 Iium,
386 5679 538 5754 quod
568 5674 755 5737 semel
796 5674 1232 5747 inhabitaverit,
1280 5674 1433 5749 aegre
1462 5683 1517 5735 et
1546 5678 1639 5736 vix
1666 5680 1830 5737 dese-

1944 1895 2045 1950 sed
2074 1894 2315 1951 alteram
2345 1895 2643 1950 dexteram
2669 1896 2688 1929 ⁷
2728 1894 2936 1966 (Matth.
2969 1911 3025 1962 v,
3060 1894 3171 1967 39).
3202 1895 3409 1951 Justus
3438 1894 3596 1950 enim

1940 1982 2247 2038 sinistram
2299 1983 2357 2037 in
2410 1998 2471 2038 se
2503 2000 2615 2038 non
2648 1983 2843 2052 habet,
2885 1983 2984 2037 sed
3020 1986 3210 2037 totum
3250 1982 3310 2037 in
3344 1999 3410 2039 eo
3459 1983 3596 2039 dex-

1946 2077 2104 2129 trum
2137 2074 2319 2130 est.Et
2348 2089 2482 2128 cum
2514 2073 2585 2127 ad
2628 2072 3017 2142 judicandum
3060 2070 3324 2126 Salvator
3351 2071 3599 2140 venerit,

1944 2162 2078 2235 agni
2122 2163 2366 2217 stabunt
2395 2179 2428 2217 a
2458 2160 2715 2216 dextris:
2749 2159 2897 2215 hazdi
2920 2175 3054 2215 vero
3078 2176 3110 2214 a
3141 2158 3397 2215 sinistris
3427 2163 3601 2215 erunt

1946 2252 2165 2323 (Matth.
2233 2267 2364 2316 xxv,
2432 2251 2544 2314 35).
2616 2250 2685 2303 Et
2748 2248 2808 2303 in
2873 2247 3201 2303 Proverbiis
3231 2246 3590 2302 seribitur':

1947 2342 2176 2397 Dextras
2240 2342 2359 2394 vias
2396 2340 2547 2393 novit
2584 2339 2886 2393 Dominus:
2926 2351 3050 2406 qum
3089 2341 3273 2390 autem
3328 2351 3597 2406 perversae

1944 2438 2089 2497 sunt,
2121 2445 2155 2483 a
2183 2430 2429 2483 sinistris
2474 2427 2645 2482 sunt9
2700 2427 2882 2496 (Prov.
2934 2441 3008 2487 1v,
3046 2423 3160 2494 27).
3194 2424 3300 2489 Qui
3332 2440 3468 2495 ergo
3498 2439 3597 2478 sa-

1947 2517 2116 2590 piens
2145 2522 2253 2583 est,
2286 2532 2517 2587 semper
2568 2515 2639 2570 de
2671 2514 2869 2568 futuro
2920 2513 3133 2568 saeculo
3173 2513 3408 2585 cogitat,
3442 2511 3598 2583 quod

1947 2606 2109 2661 ducit
2139 2606 2208 2661 ad
2242 2606 2520 2661 dextram.
2575 2602 2684 2668 Qui
2729 2619 2860 2657 vero
2906 2602 3211 2674 insipiens,
3245 2603 3316 2656 de
3347 2617 3600 2673 praesen-

1945 2694 2006 2756 ti,
2048 2694 2205 2766 quod
2242 2693 2495 2766 positum
2548 2694 2639 2747 est
2685 2691 2743 2745 in
2778 2688 3036 2746 sinistra.
3069 2689 3202 2754 Qua:
3234 2689 3473 2763 quidem
3509 2704 3599 2744 se-

1947 2789 2121 2840 cutus
2171 2784 2326 2839 idem
2386 2781 2775 2854 philosOphus
2831 2784 2889 2835 et
2928 2784 3098 2852 poeta
3120 2779 3181 2847 1°,
3235 2778 3317 2834 ait
3345 2778 3596 2849 (VmGIL.

1946 2873 2163 2930 Eneid.
2196 2873 2270 2943 vn)
2301 2888 2315 2925 :

2010 3033 2240 3082 Dextera
2263 3045 2381 3093 quas
2401 3031 2582 3093 magni
2603 3030 2727 3079 ditis
2753 3028 2855 3093 sub
2873 3029 3073 3078 minuta
3093 3027 3237 3093 ducit
3259 3026 3363 3091 [ΔΙ.
3387 3027 3600 3091 tendit].

2012 3096 2118 3143 Hac
2148 3096 2244 3143 iter
2274 3090 2511 3157 Elysium
2540 3092 2694 3157 nobis
2721 3108 2731 3139 :
2763 3097 2816 3157 at
2846 3092 2977 3140 laeva
3008 3090 3286 3157 malorum.

2009 3157 2228 3206 Exercet
2257 3151 2463 3217 pce'nas,
2495 3160 2547 3204 et
2575 3156 2640 3204 ad
2673 3155 2841 3217 impia
2871 3158 3069 3202 tartara
3092 3154 3255 3202 mittit
3281 3152 3387 3215 μί.
3410 3151 3599 3215 ducit].

2020 3316 2351 3373 Firmianus
2387 3322 2622 3389 qudque
2655 3319 2853 3371 noster
2898 3313 2957 3369 in
2990 3311 3265 3386 praeclaro
3294 3312 3599 3368 Institutio-

1947 3422 2083 3460 num
2107 3422 2349 3461 suarum
2373 3404 2610 3477 opereY
2630 3403 2834 3459 litterae
2861 3400 3272 3471 meminit“,et
3294 3400 3365 3457 de
3385 3399 3602 3457 dextris

1948 3510 2014 3549 ac
2045 3494 2324 3559 sinistris,
2356 3493 2465 3548 hoc
2510 3496 2619 3556 est,
2670 3492 2741 3546 de
2771 3490 3087 3545 virtutibus
3125 3496 3179 3544 et
3205 3488 3362 3543 vitiis
3382 3488 3601 3560 plenis-

1948 3582 2097 3638 sime
2138 3581 2477 3654 disputavit.
2538 3581 2653 3635 Nec
2719 3583 2994 3650 putemus
3049 3577 3186 3631 huic
3242 3576 3600 3631 sententiolae

1947 3668 2091 3724 illud
2161 3685 2287 3725 esse
2328 3667 2706 3733 contrarium,
2769 3667 2827 3721 in
2871 3683 2985 3738 quo
3025 3664 3276 3719 dicitur:
3320 3665 3395 3719 Nc
3433 3664 3600 3718 decli-

1944 3774 2043 3814 nes
2072 3760 2131 3813 in
2161 3758 2465 3825 dexteram,
2496 3772 2667 3827 neque
2721 3758 2782 3810 in
2811 3756 3096 3809 sinistram
3148 3754 3332 3821 (Prov.
3380 3769 3455 3824 Iv,
3486 3751 3598 3823 27).

1946 3901 2343 3957 rat.Czeterum
2375 3897 2742 3954 diabolorum
2779 3895 3099 3969 principem
3141 3894 3223 3950 sic
3253 3894 3439 3950 Judzni
3467 3894 3600 3951 vul—

1954 3988 2027 4043 go
2056 3971 2450 4044 appellabant.

2017 4046 2036 4078 ⁷
2070 4038 2409 4098 ΙέιῬειΙειὶὶη.
2442 4040 2536 4095 sed
2562 4041 2797 4097 atteram
2835 4041 3085 4106 tantum,
3118 4038 3343 4109 absque
3374 4038 3598 4109 addito,

1952 4117 2234 4172 dexteram
2256 4132 2274 4168 :
2306 4119 2370 4168 ut
2399 4113 2606 4178 sentio,
2642 4111 2879 4167 rectius.

2014 4188 2035 4220 ⁸
2066 4185 2375 4241 Proverbiis
2411 4185 2688 4240 scribitur.
2731 4183 2872 4237 Tres
2940 4195 3082 4236 mss.
3150 4179 3401 4236 codices.
3444 4181 3510 4235 Et
3538 4181 3597 4235 in

1944 4260 2215 4338 Propheta
2243 4258 2524 4338 scribitur.
2554 4328 2563 4338 .
2662 4327 2671 4336 _
2766 4325 2775 4335 .
3171 4256 3454 4306 MARTIAN.

2015 4331 2051 4404 ᾖ
2071 4329 2366 4404 Vatican.,_
2387 4345 2421 4382 a
2447 4332 2853 4404 ,ςιηιέςινιις-ιξμιδ⁸
2871 4326 3171 4404 prosunt,
3227 4392 3241 4404 .

2016 4400 2058 4435 ¹⁰
2088 4392 2446 4470 Philosophus
2493 4406 2545 4453 et
2584 4392 2759 4469 poeta
2794 4392 3174 4470 ait—.“Virgilii
3227 4392 3349 4449 haec
3393 4397 3533 4451 sunt
3562 4411 3593 4451 e

1943 4477 2106 4528 sexto
2138 4466 2391 4527 {Eneti-tos
2421 4470 2571 4525 libro
2584 4466 2754 4525 'circa
2786 4466 3044 4522 medium
3070 4482 3084 4520 :

2065 4595 2160 4644 Hic
2180 4594 2332 4643 locus
2362 4597 2457 4645 est.
2490 4596 2668 4655 partes
2694 4591 2785 4641 ubi
2817 4604 2873 4641 se
2902 4591 2989 4655 via
3016 4588 3170 4655 ﬁndit
3196 4588 3251 4637 in
3281 4590 3498 4655 ambas:

2069 4660 2315 4729 Dextera,
2346 4670 2469 4766 quas.
2493 4652 2621 4705 ditis
2650 4654 2828 4728 magni
2858 4654 2958 4703 sub
2978 4653 3179 4701 mceuia
3208 4652 3407 4714 tendit;

2069 4720 2174 4766 Hac
2203 4723 2305 4766 iter
2329 4719 2370 4766 E
2393 4731 2565 4766 vsium
2599 4718 2753 4766 nobis
2781 4732 2792 4766 :
2826 4716 2890 4765 ad
2921 4720 3054 4765 lasva
3081 4713 3343 4763 malorum

2064 4720 2174 4768 Hac
2203 4713 2310 4768 iter
2329 4713 2565 4781 Elysium
2599 4713 2792 4781 nobis;
2826 4716 2890 4781 ad
2921 4720 3054 4765 lmva
3081 4713 3343 4781 malorum

2060 4783 2285 4831 Exercet
2311 4777 2521 4842 painas,
2553 4784 2605 4829 et
2631 4779 2698 4829 ad
2721 4780 2885 4843 impia
2914 4781 3119 4828 tartara
3146 4777 3324 4826 mittit.

1938 4895 2161 4952 Recitat
2198 4894 2401 4950 eadem
2445 4894 2785 4950 Lactantius
2856 4893 3187 4949 Firmianus
3225 4892 3405 4947 Instit.
3442 4893 3589 4949 Divi-

1933 4985 2061 5023 nar.
2096 4966 2197 5021 lib.
2230 4983 2306 5031 v1,
2340 4981 2465 5036 cap.
2499 4966 2534 5019 3
2578 4971 2636 5020 et
2665 4967 2719 5031 4,
2752 4965 2851 5021 ubi
2906 4967 2975 5020 de
3004 4962 3320 5036 virtutibus
3348 4969 3408 5019 et
3432 4964 3590 5021 vitiis

1937 5038 2281 5111 plenissime
2311 5034 2602 5111 disputat,
2649 5041 2705 5091 et
2732 5037 2780 5091 Υ
2831 5036 3060 5111 litteris
3082 5034 3587 5111 meminiuquam

1936 5105 2384 5182 Pythagoricum
2408 5105 2513 5182 alii
2548 5107 2771 5170 dicunt,
2796 5106 2914 5161 sive
2934 5105 3278 5182 Pythagorae
3308 5105 3585 5182 litteram,

1937 5177 2092 5237 sicut
2130 5177 2197 5235 Et
2242 5181 2367 5252 ipse
2417 5179 2822 5252 Hieronymus,
2855 5177 3027 5252 epist.
3060 5177 3129 5230 mi
3158 5178 3362 5252 Laetam
3391 5178 3463 5234 de
3491 5179 3588 5235 in-

1938 5248 2438 5323 stitutione_'lilize,
2472 5253 2532 5323 et
2586 5248 2757 5323 epist.
2812 5250 2883 5323 ad
2938 5248 3353 5323 Pammachium
3408 5267 3588 5323 super

1938 5324 2100 5379 obitu
2134 5321 2407 5377 Paulinae.
2458 5320 2707 5376 Consule
2752 5321 2925 5374 etiam
2958 5320 3388 5391 Commentario
3417 5320 3583 5391 stti

1938 5394 2155 5450 Betulei
2182 5393 2506 5465 Augustani
2536 5392 2880 5447 inLactantii
2904 5389 3160 5461 capitula
3184 5407 3362 5462 supra
3382 5389 3581 5452 citata.

1935 5470 2221 5520 MARTIAN.

2011 5538 2046 5572 ¹¹
2082 5536 2251 5590 Libro
2286 5550 2491 5604 nempe
2522 5548 2745 5604 1v.7cap.
2774 5535 2843 5589 3:
2880 5558 2907 5583 ‹‹
2944 5534 3153 5589 Dicunt
3173 5534 3350 5602 enim,
3380 5534 3584 5594 huma-

1938 5625 2024 5663 nae
2080 5606 2207 5679 vita:
2264 5602 2526 5679 cursum_
2560 5603 2607 5657 Y
2665 5602 2869 5661 litterae
2932 5621 3060 5679 esse
3115 5606 3389 5679 similem,
3423 5613 3577 5679 quod

1938 5678 2347 5754 unusquisque
2370 5675 2700 5747 hominum,
2724 5694 2858 5736 cum
2888 5678 3144 5751 primum
3178 5675 3577 5737 adolescentiae
