4068 6174
511 303 669 371 1147

1747 308 1813 370 8.
1858 301 2169 371 EUSEBII
2213 300 2678 371 HIERONYMI.

3699 302 3827 370 i148

510 439 614 498 Hic
643 439 799 497 enim
830 457 965 514 pars
996 439 1260 496 dextera'
1331 456 1434 514 pro
1499 439 1651 497 bono
1708 440 2024 511 accipitur:
2068 438 2147 493 ibi
2180 441 2232 505 Α
2262 443 2355 494 sta
2387 439 2551 494 fortis
2582 443 2638 495 et
2670 438 2915 510 rigidus,
2938 441 2993 495 et
3023 437 3233 513 frigore
3250 435 3555 497 castitatis‘
3579 436 3829 494 ﬂammam

506 546 641 586 vero
681 547 793 585 non
833 534 953 586 tam
995 531 1245 596 dextera,
1300 546 1475 602 quam
1533 529 1840 586 declinatio
1906 529 2149 585 dexteras

506 624 852 675 accusatur:
888 636 959 674 ne
990 618 1122 691 plus
1153 620 1453 690 sapiamus
1485 636 1660 691 quam
1694 635 1896 691 sapere
1926 634 2030 673 nos
2062 634 2154 673 ne-

507 723 669 762 cesse
693 711 817 761 est:
854 706 990 778 quia
1020 706 1261 762 virtutes
1304 707 1361 761 in
1397 707 1586 762 medio
1631 708 1828 775 sunt”,
1861 710 1917 761 et
1947 705 2150 760 nimie-

504 798 596 851 tas
635 795 828 850 omnis
859 794 919 848 in
949 794 1089 849 vitio
1131 800 1238 849 est.
1285 794 1594 866 Sequentis
1636 800 1828 850 autem
1879 794 2151 849 versiculi

506 882 568 938 in
600 900 713 955 quo
744 883 860 938 ait:
899 905 926 933 «
956 883 1062 938 Sed
1097 889 1154 937 et
1200 884 1258 937 in
1293 883 1383 938 via
1431 900 1562 937 cum
1616 883 1833 938 stultus
1864 883 2146 950 ambulat,

505 988 603 1027 cor
627 973 754 1043 ejus
805 972 1045 1043 indiget,
1098 977 1154 1026 et
1204 972 1380 1027 dicit:
1430 974 1621 1027 omnis
1671 972 2008 1045 insipientia
2037 978 2152 1040 est,

502 1061 615 1115 sive
645 1060 950 1131 insipiens,
983 1080 1009 1110 ι»
1065 1060 1160 1115 hic
1211 1066 1301 1116 est
1345 1077 1592 1116 sensus:
1643 1061 1868 1116 Stultus
1920 1065 1985 1115 ut
2028 1060 2152 1133 ipse

503 1155 721 1219 peccat,
756 1154 951 1219 sperat
996 1164 1203 1205 omnes
1253 1166 1491 1220 peccare
1540 1149 1832 1218 similiter,
1878 1155 2054 1221 atque
2083 1166 2152 1204 ex

501 1255 610 1293 suo
642 1237 877 1307 ingenio
930 1236 1234 1293 universos
1275 1238 1524 1309 judicat.
1581 1238 1836 1311 Denique
1879 1240 2149 1310 Symma—

502 1325 650 1381 chus
683 1326 765 1381 ita
793 1326 1212 1398 interpretatus
1258 1332 1381 1382 est:
1439 1351 1466 1378 «
1499 1329 1608 1383 Sed
1642 1333 1699 1382 et
1726 1328 1784 1382 in
1815 1329 1906 1383 via
1936 1328 2150 1383 stultus

502 1432 637 1470 cum
669 1415 1082 1486 ambulat,ipse
1106 1414 1389 1486 insipiens
1413 1415 1741 1487 suspicatur
1762 1417 1832 1471 de
1852 1416 2149 1481 omnibus,

503 1504 643 1575 quia
673 1502 835 1558 stulti
883 1508 1042 1558 sunt.
1077 1524 1104 1553 »
1158 1503 1541 1574 Septuaginta
1590 1520 1720 1559 vero
1755 1503 1935 1559 alium
1968 1506 2152 1559 fecere

502 1608 767 1661 sensum,
816 1608 934 1661 quo
987 1591 1286 1647 dicerent:
1347 1612 1369 1640 κ
1422 1592 1631 1647 Omnia
1678 1609 1805 1662 qua:
1866 1591 2152 1662 insipiens

502 1680 736 1751 cogitat,
770 1695 898 1735 esse
929 1678 1266 1735 vanissima.
1305 1701 1332 1729 »

572 1794 600 1817 ι,
635 1766 694 1823 Si
725 1766 967 1870 spiritus
998 1767 1270 1823 habentis
1301 1772 1648 1839 potestatem
1696 1768 2022 1824 ascenderit
2052 1785 2153 1824 su-
2183 1806 2229 1870 Β

500 1871 603 1927 per
650 1858 727 1921 te,
775 1854 969 1911 locum
1016 1861 1186 1910 tuum
1237 1872 1307 1911 ne
1370 1857 1687 1924 dimiseris,
1741 1858 1879 1929 quia
1931 1858 2154 1913 sanitas

499 1942 865 2014 requiescere
898 1943 1034 1999 iacit
1056 1948 1288 2016 peccata
1313 1961 1544 2018 magna.
1579 1971 1598 1994 ο
1637 1949 1788 2002 470
1822 1946 2152 2018 Principem

500 2031 705 2087 mundi
735 2032 928 2102 istius,
983 2037 1038 2087 ct
1089 2038 1371 2089 rectorem
1420 2035 1789 2090 tenebrarum
1834 2036 2065 2102 harum,
2099 2040 2154 2090 et

500 2126 841 2193 operantem
873 2120 929 2174 in
967 2120 1103 2177 filiis
1157 2121 1514 2187 difﬁdentiae,
1550 2124 1720 2193 cujus
1750 2128 1806 2178 ct
1837 2122 2154 2195 Apostolus

501 2209 772 2265 meminit
819 2209 1035 2281 (Ephes.
1093 2213 1266 2280 11,2;
1324 2226 1402 2274 v1,
1466 2212 1570 2282 l2),
1631 2228 1786 2267 nunc
1844 2212 2154 2283 Scriptura

500 2296 809 2370 significat.
845 2299 1006 2363 Quod
1058 2298 1107 2353 si
1155 2300 1212 2353 in
1246 2316 1344 2354 cor
1397 2304 1663 2355 nostrum
1716 2301 2064 2369 ascenderit,
2098 2306 2156 2356 et

500 2386 732 2441 animus
781 2385 946 2442 malae
991 2388 1359 2459 cogitationis
1406 2389 1620 2444 vulnus
1677 2390 1983 2461 acceperit,
2036 2406 2150 2444 non

500 2474 785 2530 debemus
839 2476 945 2545 [Αι.
996 2475 1337 2549 debeamus]
1388 2476 1579 2531 locum
1632 2477 1787 2533 ultra
1831 2478 2089 2533 tribuere
2111 2479 2155 2548 ³,

504 2563 604 2618 sed
655 2580 916 2635 pugnare
974 2569 1174 2618 contra
1230 2565 1640 2636 cogitationem
1695 2566 2036 2637 pessimam,
2099 2569 2157 2621 et

500 2650 749 2706 liberare
780 2669 886 2707 nos
916 2669 950 2706 a
980 2656 1213 2723 peccato
1260 2653 1534 2724 maximo,
1582 2671 1653 2708 ne
1684 2654 1906 2709 scilicet
1937 2654 2154 2725 cogita-

502 2740 719 2795 tionem
751 2757 923 2812 opere
971 2740 1411 2812 compleamus:
1446 2742 1585 2813 quia
1633 2742 1791 2797 aliud
1826 2747 1912 2798 est
1937 2742 2154 2813 cogita-

503 2828 680 2895 tione,
715 2828 873 2883 aliud
907 2846 1077 2901 opere
1130 2846 1387 2901 peccare.
1420 2831 1499 2885 De
1532 2847 1646 2902 quo
1677 2830 1885 2903 grandi
1920 2836 2153 2901 peccato

503 2921 557 2972 et
585 2916 641 2970 in
677 2917 906 2973 Psalmo
957 2916 1276 2973 scribitur:
1320 2920 1383 2974 Si
1433 2920 1543 2973 mei
1586 2935 1692 2972 non
1741 2921 1953 2988 fuerint
1980 2920 2152 2974 domi-

500 3009 641 3075 nati,
674 3010 804 3061 tunc
844 3008 1233 3061 immaculatus
1281 3023 1391 3076 ero,
1444 3016 1495 3062 et
1532 3008 1860 3062 emendabor
1889 3024 1923 3062 α
1952 3009 2154 3062 delicto

498 3095 741 3149 maximo
808 3094 978 3164 (Psal.
1066 3111 1227 3160 xvm,
1299 3096 1372 3163 4).
1439 3094 1827 3166 Symmachus
1912 3097 2152 3150 verbum

2259 526 2577 601 voluptatis
2615 528 2936 600 exstingue.
2966 528 3242 584 Hebraeus
3263 528 3319 584 in
3348 528 3456 585 hoc
3484 527 3598 584 loco
3621 524 3724 583 tale
3753 542 3831 582 ne-

2260 617 2379 672 scio
2412 618 2552 689 quid
2586 620 2919 690 suspicatus
2948 623 3057 674 est.
3093 618 3152 674 Si
3184 617 3439 690 aliquam
3472 618 3528 672 in
3559 616 3746 672 mundo
3768 633 3835 670 ac-

2260 706 2484 777 ceperis
2513 707 2878 779 dignitatem,
2930 713 2988 762 et
3035 707 3338 763 ordinatus
3382 705 3557 762 fueris
3596 705 3757 775 major
3793 704 3838 758 in

2260 794 2515 868 populis,
2551 795 2666 850 noli
2700 794 3025 867 relinquere
3055 796 3249 867 priora
3299 812 3473 867 opera
3498 799 3612 861 tua,
3640 800 3691 848 et
3726 792 3838 848 anti-

2259 901 2508 957 quarum
2541 883 2825 939 virtutum
2879 902 2951 940 ne
3007 884 3254 957 incipias
3292 884 3572 949 oblivisci,
3610 882 3841 937 laborem-

2259 990 2372 1044 que
2403 973 2715 1044 pristinum
2751 989 2862 1027 non
2896 973 3144 1028 habere:
3200 973 3338 1043 quia
3374 970 3756 1044 peccatorum‘
3780 985 3841 1024 re-

2261 1062 2521 1117 medium
2554 1077 2620 1115 ex
2677 1060 3112 1116 conversatione
3165 1061 3319 1116 bona
3371 1060 3647 1123 nascitur,
3686 1062 3736 1112 et
3759 1073 3843 1111 non

2259 1167 2327 1205 ex
2356 1150 2606 1204 tumenti
2641 1155 2698 1204 et
2742 1150 3040 1219 superflua
3070 1148 3371 1220 dignitate.

2332 1262 2359 1287 «
2392 1243 2491 1294 Est
2523 1237 2744 1292 malum
2777 1238 2931 1309 quod
2954 1237 3070 1292 vidi
3103 1238 3212 1293 sub
3237 1236 3555 1307 sole,quasi
3574 1234 3843 1308 ignorantia

2259 1327 2563 1399 egrediens
2594 1344 2629 1381 a
2662 1326 2803 1380 facie
2835 1325 3129 1398 potentis:
3179 1326 3303 1382 dari
3350 1324 3594 1381 stultum
3625 1324 3678 1378 in
3705 1321 3843 1379 subli-

2262 1416 2565 1471 mitatibus
2595 1416 2844 1487 magnis,
2900 1420 2959 1471 et
2987 1415 3197 1470 divites
3254 1416 3311 1470 in
3366 1413 3575 1469 humili
3612 1412 3845 1468 sedentes.

2258 1505 2392 1560 Vidi
2452 1520 2648 1559 servos
2701 1504 2760 1559 in
2814 1504 3002 1575 equis,
3060 1508 3118 1559 et
3181 1504 3475 1575 principes
3541 1499 3846 1557 ambulantes

2260 1593 2429 1665 quasi
2480 1609 2677 1647 servos
2722 1608 2900 1663 super
2950 1596 3186 1646 terram.
3228 1613 3254 1640 ››
3317 1596 3427 1647 Pro
3474 1608 3541 1647 eo
3590 1589 3728 1661 quod
3773 1603 3846 1642 nos

2261 1681 2568 1754 posuimus
2596 1697 2607 1736 :
2643 1703 2670 1730 ‹‹
2695 1681 2871 1744 Quasi
2901 1680 3232 1750 ignorantia
3258 1679 3563 1752 egrediens
3588 1695 3621 1733 a
3638 1676 3761 1733 facie
3782 1691 3849 1747 po.

2259 1771 2522 1837 tentis,»
2578 1767 2788 1840 Aquila
2834 1774 2891 1824 et
2943 1768 3265 1823 'l‘lieodotio
3319 1771 3381 1823 et
3409 1765 3766 1839 Septuaginta
3785 1764 3845 1816 in-

2262 1858 2559 1929 terpretati
2611 1861 2787 1913 sunt:
2828 1879 2847 1905 α
2903 1858 3082 1923 Quasi
3129 1874 3246 1912 non
3306 1854 3741 1928 spontaneum“,
3765 1873 3786 1899 »
3808 1850 3845 1904 id

2263 1953 2374 2013 est,
2403 1945 2479 2007 ὡς
2513 1942 2785 2013 ἀκούσιον,
2820 1967 2847 1994 ‹‹
2881 1962 2914 2000 a
2963 1944 3108 2000 facie
3156 1943 3464 2016 principis.
3500 1966 3528 1993 »
3558 1942 3656 1998 Cui
3680 1939 3843 1995 subne-

2261 2039 2424 2091 ctens
2453 2033 2865 2107 Symmachus,
2898 2033 2980 2089 ait
3005 2051 3018 2088 :
3057 2056 3076 2080 ι
3115 2033 3380 2088 Positum
3404 2031 3647 2088 stultum
3675 2030 3725 2083 in
3749 2027 3842 2082 sub-

2261 2122 2508 2179 limitate
2542 2139 2753 2194 magna
2777 2139 2801 2181 :.
2842 2121 3051 2177 divites
3098 2125 3294 2176 autem
3347 2121 3548 2178 sedere
3577 2116 3840 2174 humiles.-

2263 2215 2331 2266 Et
2358 2211 2511 2266 hanc
2538 2227 2673 2282 ergo
2705 2210 3072 2281 iniquitatem
3119 2226 3180 2265 se
3212 2209 3269 2264 in
3304 2209 3521 2265 saeculo
3550 2204 3845 2280 perspexisse

2262 2303 2705 2367 commemorat,
2755 2299 2911 2368 quod
2962 2299 3230 2354 videatur
3275 2301 3424 2354 471
3469 2298 3846 2369 injustumessc

2263 2389 2365 2444 Dei
2387 2388 2682 2459 judicium
2710 2404 2723 2443 :
2766 2393 2825 2442 et
2854 2387 2976 2442 sive
3005 2403 3108 2457 per
3148 2387 3598 2459 ignorationem,
3628 2384 3731 2439 ive
3756 2381 3847 2436 abs-

2263 2493 2377 2548 que
2408 2478 2537 2546 ejus
2570 2476 2694 2530 ﬁeri
2728 2475 3050 2545 voluntate,
3075 2480 3139 2529 ut
3170 2474 3251 2529 vel
3285 2475 3346 2529 in
3379 2473 3583 2530 mundi
3612 2467 3846 2544 potestati-

2264 2566 2442 2634 tibus,
2496 2563 2584 2620 vel
2633 2565 2692 2618 in
2745 2563 3010 2620 Ecclesiae
3062 2564 3460 2636 principatu",
3493 2562 3551 2617 hi
3580 2559 3673 2632 qui
3698 2556 3849 2613 divites

2265 2658 2405 2710 sunt
2433 2654 2492 2709 in
2523 2669 2794 2709 sermone
2823 2657 3001 2724 atque
3052 2651 3363 2724 sapientia,
3421 2650 3624 2705 divites
3650 2642 3846 2703 etiamin

2265 2742 2539 2820 operibus
2590 2742 2779 2806 bonis,
2832 2739 3121 2814 ignobiles
3174 2741 3437 2807 sedeant,
3490 2744 3547 2793 et
3576 2733 3848 2808 imprudens

2266 2833 2518 2903 quisque
2539 2831 2597 2885 in
2626 2829 2882 2885 Ecclesia
2917 2828 3309 2901 principatum
3334 2832 3550 2884 teneat.
3573 2826 3680 2881 Hoc
3707 2824 3846 2878 autem

2264 2920 2389 2974 fieri
2419 2918 2735 2990 Apostolus
2768 2935 2883 2973 non
2931 2922 3086 2972 tacet
3117 2934 3149 2970 a
3194 2916 3452 2982 diabolo,
3487 2915 3583 2987 qui
3612 2913 3666 2967 in
3693 2905 3847 2965 seculo

2264 3008 2438 3063 habet
2468 3011 2815 3078 potestatem
2846 3007 2887 3071 ⁸,
2922 3010 2987 3060 ut
3017 3005 3122 3078 [AL
3157 3005 3321 3075 dum]
3355 3008 3616 3075 potentes
3643 3007 3847 3071 quosque

2262 3101 2319 3151 et
2339 3098 2537 3150 doctos
2569 3095 2729 3148 viros
2760 3099 3007 3165 premat,
3040 3110 3146 3149 nec
3176 3109 3276 3148 eos
3301 3093 3363 3147 in
3388 3091 3613 3165 populis
3633 3095 3848 3159 apparere

503 3181 847 3235 Hebraicum
880 3182 1096 3251 (NI-3WD)
1130 3184 1559 3253 amarus,quod
1592 3199 1795 3238 omnes
1820 3180 1981 3254 'iapa,
2035 3184 2143 3239 hoc
2178 3170 2219 3236 C
2258 3183 2578 3256 permittat,
2624 3181 2753 3237 illos
2798 3199 2929 3237 vero
2986 3199 3134 3254 quos
3176 3182 3288 3237 scit
3337 3179 3721 3252 imprudentes
3757 3182 3847 3225 esse

497 3272 607 3335 est,
656 3270 945 3324 sanitatem
994 3270 1084 3324 vel
1133 3272 1495 3340 curationem,
1547 3271 1820 3327 similiter
1887 3276 2149 3329 transtu-

499 3355 719 3423 lerunt,
750 3356 1169 3429 interpretatus
1217 3362 1305 3412 est
1359 3360 1426 3413 ad
1479 3376 1741 3427 sensum,
1777 3364 1833 3414 et
1862 3361 1945 3415 ait
1987 3377 1999 3414 :
2032 3362 2151 3415 «Si

500 3445 744 3517 Spiritus
771 3444 1055 3518 principis
1089 3447 1323 3502 irruerit
1356 3447 1480 3513 tibi,
1505 3448 1573 3503 de
1604 3447 1730 3503 loco
1761 3453 1861 3504 tuo
1895 3467 1964 3504 ne
1999 3467 2152 3507 rece-

499 3534 641 3589 das:
704 3533 845 3604 quia
890 3533 1171 3605 pudicitia
1210 3534 1544 3606 comprimit
1575 3541 1807 3605 peccata
1859 3552 2087 3609 magna.
2127 3559 2153 3585 »

500 3622 559 3678 Id
611 3626 719 3684 est,
765 3620 813 3677 si
862 3622 1184 3677 titillaverit
1228 3626 1483 3677 mentem
1534 3626 1699 3678 tuam
1754 3624 2045 3691 diabolus,
2098 3629 2157 3680 et

497 3715 553 3767 te
577 3711 650 3767 ad
684 3710 985 3767 libidinem
1038 3712 1428 3776 concitaverit,
1487 3728 1558 3767 ne
1613 3713 1878 3783 sequaris
1931 3716 2150 3785 cogita-

497 3800 717 3855 tionem
748 3799 1070 3871 pessimam
1102 3805 1161 3855 et
1192 3799 1587 3855 blandientem
1623 3800 1979 3872 voluptatem
2009 3820 2021 3857 :
2056 3803 2155 3857 sed

502 3903 687 3977 limen
719 3904 999 3976 attigerit,
1053 3909 1110 3958 et
1158 3906 1217 3977 in
1265 3921 1399 3977 eum
1452 3905 1643 3959 locum
1691 3906 1931 3971 venerit,
1972 3917 2157 3977 partes

503 3976 601 4029 ubi
632 3992 688 4028 se
716 3977 809 4029 via
837 3977 996 4045 ﬁndit
1029 3977 1084 4030 in
1105 3975 1532 4040 ambas,ha2rcat
1554 3975 2031 4043 nutabundus,ac
2062 3996 2159 4034 ne-

504 4045 652 4100 sciat
681 4047 740 4098 in
773 4062 950 4116 quam
984 4062 1046 4100 se
1079 4050 1301 4117 partem
1335 4047 1528 4117 potius
1560 4046 1814 4102 inclinet.
1851 4049 1907 4103 Si
1943 4050 2149 4104 ducem

502 4121 715 4193 nactus
751 4117 944 4193 fuerit.
979 4117 1080 4193 qui
1123 4117 1337 4189 dirigat
1360 4118 1456 4193 _ad
1501 4118 1758 4193 meliora,
1794 4140 1821 4169 »
1852 4124 1988 4186 etc.,
2026 4138 2155 4193 quas

502 4188 723 4261 videsis
746 4187 1181 4261 elegantissime
1208 4187 1327 4243 toto
1357 4187 1455 4243 illo
1479 4189 1665 4261 capite
1696 4192 2015 4261 disputata.

576 4259 590 4293 ¹
628 4259 754 4313 Duo
785 4258 1057 4325 Palatini,
1091 4259 1315 4314 dextera
1342 4275 1473 4330 pars
1502 4258 1675 4330 Y'pro
1709 4258 1862 4331 bono,
1906 4266 2014 4315 etc.

578 4331 599 4364 ²
627 4332 783 4400 Quia
813 4333 1043 4387 virtutes
1074 4333 1133 4385 in
1160 4330 1338 4385 medio
1356 4334 1501 4384 sunt.
1527 4331 1606 4386 De
1631 4330 1737 4386 hac
1763 4330 2161 4388 mediocritate

506 4402 798 4474 virtutum
828 4402 1086 4474 plurima
1136 4400 1408 4474 reperies!
1438 4404 1496 4456 in
1548 4403 1701 4457 notis
1740 4404 1956 4459 nostris
1984 4420 2163 4474 supra

507 4419 798 4456 virtutum
873 4419 1086 4457 lurima
1136 4420 1194 4457 re
1239 4419 1386 4457 eries
1438 4419 1496 4456 in
1548 4419 1701 4457 nous
1740 4419 1956 4459 noetrls
1984 4420 2157 4474 supra

507 4472 616 4529 col.
674 4474 795 4527 443.
828 4419 970 4543 iJVid.
1020 4474 1126 4528 col.
1155 4420 1310 4539 1F2l,
1344 4472 1435 4543 ed.
1473 4476 1623 4526 nost.
1658 4479 1776 4529 not.
1804 4476 1839 4528 ¹.
1876 4475 2157 4530 ΜΑΒΤιΑΝ.

577 4544 599 4576 ³
625 4535 908 4598 Alcuinus
940 4561 1006 4598 ac
1033 4548 1254 4598 veteres
1298 4535 1517 4613 vulgati
1563 4543 1714 4611 libri,
1747 4546 1892 4600 ultro
1922 4545 2159 4601 habent.
2193 4535 2238 4597 D

510 4615 641 4670 Mox
690 4618 945 4684 quatuor
1003 4632 1145 4671 mss.
1195 4618 1259 4669 Et
1307 4615 1536 4669 liberari
1583 4632 1618 4669 α
1653 4623 1863 4686 peccato
1891 4619 2158 4672 maxime.

510 4691 825 4759 Peccatum
876 4686 1392 4759 veroimaximuui
1425 4692 1611 4759 vocat,
1662 4688 2161 4759 quemadmodum

510 4758 882 4829 observatum
942 4756 1111 4812 nobis
1160 4762 1251 4812 est
1300 4755 1459 4820 alibi,
1489 4760 1546 4811 et
1575 4756 1633 4811 in
1666 4755 1834 4829 epist.
1870 4760 1939 4813 ad
1970 4761 2160 4815 Deme-

508 4828 675 4899 triad,
711 4828 900 4900 ipsam
934 4828 1343 4897 cogitationem
1378 4844 1614 4902 pravam
1648 4828 1817 4900 opere
1850 4832 2159 4902 complere.

582 4930 649 4939 ——-
679 4899 880 4955 Locum
909 4902 1063 4955 ultra
1093 4902 1351 4956 tribuere.
1396 4899 1502 4952 Pro
1532 4899 1927 4957 ultra’veteres
1958 4899 2163 4957 editio-

513 4988 619 5044 nes
642 4971 786 5044 ullro
807 4977 1151 5044 posuerunt.
1186 4970 1339 5044 quod
1365 4968 1545 5024 alium
1580 4971 1747 5044 plane
1778 4990 1841 5044 ac
1868 4973 2162 5028 divorsum

513 5043 693 5115 efﬁcit
741 5043 1003 5098 sensum.
1055 5043 1719 5115 Conscquenter__etiam
1773 5043 1976 5115 legunt
2027 5062 2159 5099 eum

517 5112 1182 5186 multisgexemplaribus
1216 5112 1385 5180 uisi-3.,
1406 5118 1460 5168 et
1490 5112 1721 5170 liberari
1748 5134 1780 5170 (ι
1810 5112 2023 5184 peccato
2054 5133 2162 5171 ma-

522 5186 693 5238 xime.
728 5185 1009 5241 MARTIAN.

587 5256 608 5287 ‘
640 5258 704 5310 Et
747 5258 953 5326 frigore
998 5259 1287 5311 castita/is.
1344 5258 1401 5311 In
1450 5256 1749 5311 codicibus
1805 5274 1927 5328 non
1959 5258 2162 5328 paucis

520 5342 663 5400 mss,
698 5348 724 5375 ‹‹
758 5328 826 5381 Et
858 5328 1068 5398 frigore
1117 5328 1438 5389 charitatis.
1491 5328 1787 5382 flammam
1842 5327 2163 5400 voluptatis

519 5395 962 5477 exstingues
1053 5475 1059 5477 _
1135 5474 1141 5477 Α
1457 5468 1489 5477 η
1754 5395 2037 5456 Manrmiv.

590 5467 793 5544 5Editi
843 5469 1067 5523 addunt
1125 5474 1361 5533 tuorum,
1423 5468 1733 5544 silentibus
1783 5487 1925 5527 mss.
1978 5470 2077 5544 qui
2112 5476 2167 5527 et

519 5540 867 5594 ccnversione
895 5557 996 5610 pro
1027 5544 1436 5595 conversatione
1466 5540 1687 5609 legunt.

591 5612 612 5645 ⁸
642 5611 812 5679 Quasi
840 5627 951 5665 non.
980 5620 1357 5679 spontaneum.
1409 5611 1587 5666 Multa
1616 5612 1791 5667 verba
1818 5616 2013 5668 Graeca
2043 5631 2166 5668 mo-

521 5699 581 5739 re
613 5699 719 5740 suo
749 5683 975 5740 addunt
1005 5681 1098 5737 hic
1156 5686 1377 5738 veteres
1429 5681 1731 5752 editiones,
1786 5700 1919 5751 cum
1952 5701 2020 5742 ex
2049 5685 2165 5742 ﬁde

2266 3273 2324 3327 in
2374 3269 2667 3337 Ecelesiis,
2725 3271 2898 3325 faciat
2941 3286 3070 3325 esse
3119 3271 3400 3341 majores,
3431 3273 3495 3323 ut
3523 3265 3645 3322 czesi
3674 3280 3703 3318 a
3727 3255 3844 3315 casis

2265 3362 2557 3416 ducantur
2588 3360 2644 3413 in
2679 3360 2920 3414 foveam.
2958 3358 3018 3412 In
3051 3357 3207 3412 hunc
3238 3373 3483 3413 sensum
3517 3352 3643 3410 facit
3663 3354 3713 3405 et
3742 3342 3844 3400 illud

2266 3450 2417 3523 quod
2480 3447 2787 3520 sequitur:
2836 3471 2863 3497 ‹‹
2920 3446 3052 3501 Vidi
3115 3463 3312 3502 servos
3383 3461 3557 3516 super
3582 3435 3845 3511 equos’,el

2267 3537 2558 3610 principes
2590 3535 2891 3591 ambulare
2922 3534 3092 3606 quasi
3148 3550 3345 3589 servos
3401 3548 3572 3604 super
3610 3532 3804 3610 terram.
3827 3539 3844 3563 ιι

2267 3607 2430 3694 Quod
2464 3607 2523 3679 hi
2555 3625 2653 3696 qui
2681 3624 2829 3680 servi
2861 3628 3001 3679 sunt
3030 3623 3299 3677 vitiorum
3336 3626 3512 3693 atque
3534 3612 3744 3691 peccati,
3765 3607 3845 3665 si“)

2266 3721 2388 3771 tam
2419 3713 2697 3778 humiles,
2731 3718 2794 3767 ut
2825 3713 2973 3768 servi
3007 3712 3080 3767 ab
3112 3710 3455 3766 hominibus
3484 3703 3843 3777 computentur.

2267 3804 2461 3860 subita
2491 3819 2525 3857 a
2553 3800 2784 3857 diabolo
2816 3801 3099 3872 dignitate
3148 3799 3375 3871 perﬂati
3400 3800 3460 3864 ¹⁰,
3501 3796 3616 3852 vias
3645 3785 3845 3863 publicas

2270 3909 2679 3965 universorum
2729 3907 2997 3961 codicum
3050 3923 3191 3961 mss.
3235 3908 3515 3976 appareat
3542 3902 3648 3956 duo
3674 3900 3844 3950 tantum

2268 3980 2461 4054 posita
2491 3982 2672 4054 fuisse
2704 3979 2775 4032 ab
2811 3979 3177 4054 Hieronymo.
3220 3977 3536 4054 Murrum.

2338 4053 2358 4085 ⁷
2390 4050 2658 4121 Martian.
2714 4050 3002 4104 contrario
3024 4030 3263 4121 “sensu,
3308 4062 3493 4121 eoque
3524 4030 3844 4121 incomm'ttfiq:

2271 4125 2330 4178 In
2367 4104 2624 4178 Ecclesiae
2654 4122 2968 4190 principatu
3014 4135 3157 4190 saepe
3207 4104 3267 4173 hi
3311 4104 3553 4191 sedeant,
3584 4112 3682 4191 qui.
3705 4104 3846 4191 divites

2268 4175 2402 4248 sunt
2415 4175 2490 4265 fin
2509 4175 2766 4265 _sernione
2802 4175 2962 4265 eique
2984 4261 2997 4265 _
3017 4175 3291 4265 sapientia
3310 4207 3333 4253 ;
3386 4175 3574 4265 divites

2271 4247 2387 4336 quo
2417 4263 2475 4336 in
2508 4263 2633 4336 loco
2668 4247 2912 4336 Palatia.
2948 4247 3112 4336 alter,
3161 4247 3342 4336 Etianz
3372 4262 3428 4315 in
3460 4254 3689 4331 cperibus
3715 4247 3841 4305 bonis,

2269 4332 2380 4391 etsi
2419 4335 2475 4389 in
2510 4334 2796 4388 humiliate
2825 4334 3092 4402 ignobiles
3120 4332 3360 4401 sedeant,
3395 4336 3498 4386 etc.
3634 4400 3640 4402 Α
3761 4377 3843 4402 tm.

2341 4383 2376 4441 ἶ
2399 4383 2944 4460 ὑὶὶό’”Ρὲέῐεὶῐί’ἱιί’ί⁷έί
2960 4383 2975 4387 ⁷
2994 4383 3360 4469 vitastis,"
3401 4383 3503 4456 Hoc
3555 4400 3714 4470 auten:

2271 4495 2304 4532 α
2339 4454 2514 4532 ait;
2541 4454 2846 4547 5.375;.)
2888 4454 2941 4530 1i
2944 4454 3196 4547 postea;
3209 4454 3221 4547 j
3236 4454 3353 4547 si.
3402 4454 3533 4547 ea:
3562 4482 3611 4547 ,ρ
3645 4454 3839 4547 quia}

2269 4549 2365 4620 qui
2388 4550 2447 4603 in
2477 4535 2678 4603 saeculo
2714 4535 2888 4615 habet,
2942 4535 3050 4601 etc.
3096 4545 3278 4601 Vatic.
3324 4546 3449 4615 ﬁeri
3487 4539 3594 4595 vult
3620 4535 3734 4604 ejus,
3759 4535 3837 4594 9³³·

2274 4625 2382 4675 etc.

2342 4692 2362 4724 9
2394 4690 2536 4744 Tres
2568 4705 2710 4743 mss.
2744 4692 2800 4743 et
2828 4687 3139 4754 Victorius,
3189 4687 3306 4744 Vidi
3333 4699 3509 4742 servos
3536 4677 3703 4754 sedere
3724 4675 3841 4735 σαρίν

2271 4776 2447 4832 equos,
2477 4763 2584 4814 etc.
2621 4758 2781 4815 Unus
2808 4747 3150 4814 ambulantes
3178 4757 3374 4825 habet,
3409 4772 3507 4835 pro
3534 4747 3708 4832 sedere-

2346 4833 2388 4866 ¹⁰
2415 4833 2455 4884 Α
2488 4831 2702 4885 diabolo
2730 4830 3000 4898 dignitate
3019 4830 3695 4901 perﬂatiFamosissrmUS

2274 4920 2407 4958 cum
2442 4906 2675 4973 propter
2704 4883 3131 4973 exemplarium,
3159 4901 3446 4973 variantes
3466 4892 3731 4973 lectiones,

2275 4944 2516 5064 propthi‘1
2538 4944 2647 5027 lion
2685 4944 3280 5064 paucaffalsoiaddita
3323 4976 3378 5025 et
3408 4954 3725 5064 corr‘l‘lp'i
3750 4944 3835 5064 est;

2272 5029 2431 5099 iion‘e
2477 5029 2818 5098 Erasmiana
2848 5046 2904 5098 et
2930 5043 2987 5097 in
3022 5041 3249 5115 aliquot
3286 5058 3426 5097 mss.
3460 5029 3792 5115 chi'pibufv

2275 5115 2359 5189 sic
2389 5119 2721 5189 contextum
2752 5086 3138 5189 depravatum1
3180 5114 3426 5189 legimus
3444 5128 3485 5189 _:_
3500 5103 3725 5189 .Subiffia

2276 5165 2392 5281 toto
2439 5187 2707 5281 dignitate
2748 5165 2856 5256 pe;
2876 5187 3087 5281 ﬂagitia
3114 5165 3342 5281 pubiicq
3368 5165 3832 5281 sublimtugowg

2274 5238 2720 5329 satiatam
2748 5238 3095 5329 emtum:-
3114 5238 3408 5329 master
3457 5256 3634 5329 aue".
3661 5238 3823 5329 ﬁtfit“

2274 5308 2535 5410 ἱιὶὶὲῗςῖμιιὲζ
2552 5308 2713 5383 ea?
2747 5308 3192 5416 uaticinatio
3232 5308 3369 5398 regit
3398 5308 3828 5416 ms.”S£:B?I?I?u:{

2276 5380 2358 5455 ita
2389 5380 2585 5454 tlamyen
2641 5404 2701 5453 ut
2758 5415 2871 5453 non
2928 5399 3172 5454 retineat
3216 5380 3825 5468 vocemgsulilinzeagtufvnff

2278 5488 2384 5543 pro!
2412 5470 2647 5543 lubricos
2702 5469 2912 5523 habeat
2954 5470 3171 5543 Διιιγξίίίριςς
3205 5486 3219 5534 ;
3279 5466 3465 5543 sed
3507 5452 3804 5543 ‘mﬂif‘f‘flﬁ’:

2277 5508 2524 5629 geriptor
2555 5539 2711 5629 illius
2745 5539 3092 5629 exemplaris
3123 5512 3243 5596 ὴ..Ἦό
3274 5539 3430 5616 addit
3455 5508 3823 5629 e'latﬁfzﬁﬂgz

2276 5583 2441 5703 libe‘i;
2486 5613 2720 5703 ger/lati
2760 5615 2876 5703 pias
2916 5583 3190 5693 [publicas
3222 5594 3653 5703 τηαηιξτδνισςξᾘο
3683 5583 3815 5703 (ἓξὲξ

2275 5667 2639 5758 eiploratuin
2690 5667 2974 5742 habemus
3020 5683 3338 5756 genuinam
3372 5675 3639 5738 lectionem
3683 5667 3745 5726 (ιιι
