4046 6162
202 339 365 411 1149

1217 300 1859 410 COMMENTARIUS“
1880 342 1961 408 IN
2005 340 2600 408 ECCLESIASTEN.

3446 336 3511 411 ll
3522 342 3605 412 50

190 477 433 538 mannis
463 477 740 537 terant‘:
794 480 851 536 et
898 475 1112 537 nobilis
1159 476 1412 552 quisque
1459 483 1515 535 et
1566 479 1842 552 prudens,
1874 488 1928 555 Α
1958 482 2014 535 et
2044 477 2101 535 in
2136 480 2311 534 Amos
2345 478 2629 550 scriptum
2678 478 2803 534 est:
2836 475 2899 534 Si
2943 472 3277 537 descenderit
3323 481 3382 536 in
3425 483 3600 554 infer-

184 573 538 643 paupertate
568 586 905 643 Oppressus,
952 569 1257 643 gradiatur
1296 570 1501 626 itinere
1540 569 1849 642 ofﬁcioque

179 675 515 716 servorum.
539 658 815 715 Hebraeus
838 662 1133 731 potentem
1162 665 1217 715 et
1240 659 1588 731 principem,
1614 677 1648 714 a
1678 659 1848 730 cujus

178 747 335 804 facie
387 747 691 831 ignoratio.
723 747 987 802 videatur
1036 746 1257 816 egredi,
1311 747 1494 804 Deum
1557 748 1844 819 exposuit,

179 836 342 910 quod
374 840 580 908 putent
612 836 880 892 homines
912 836 971 891 in
1002 837 1109 891 hac
1144 837 1537 908 inaequalitate
1583 854 1775 892 rerum
1801 839 1842 908 ⁸,

177 923 355 980 illum
387 941 502 980 non
528 925 712 995 juste,
748 929 807 980 et
834 929 897 979 ut
928 942 1162 997 aequum
1192 920 1299 994 est,
1346 925 1631 995 judicare.
1668 930 1844 981 Porro

184 1012 291 1070 alii
322 1030 458 1069 cum
491 1013 897 1085 superioribus
926 1015 1223 1069 aestimant
1252 1030 1381 1069 esse
1422 1016 1795 1086 jungendum
1827 1032 1839 1070 :

186 1101 263 1158 Ut
292 1101 420 1174 ipse
446 1101 523 1157 sit
552 1106 780 1172 potens,
814 1102 884 1157 de
914 1119 1030 1173 quo
1062 1106 1196 1158 ante
1229 1102 1336 1159 hos
1369 1119 1574 1158 versus
1606 1103 1839 1158 dicitur:

193 1209 218 1240 ι
251 1191 313 1247 Si
345 1190 590 1262 spiritus
618 1189 889 1245 habentis
920 1195 1268 1262 potestatem
1309 1192 1638 1247 ascenderit
1667 1208 1845 1264 super

184 1283 271 1346 te,
301 1278 498 1335 locum
532 1282 697 1334 tuum
731 1296 803 1334 ue
832 1278 1145 1334 dimiseris.
1184 1301 1210 1327 ››
1238 1281 1361 1335 Non
1406 1280 1594 1335 simus
1648 1280 1842 1352 itaque

184 1367 410 1439 tristes,
445 1368 493 1423 si
527 1367 586 1423 in
631 1367 739 1422 hoc
788 1367 1001 1424 saeculo
1047 1367 1302 1423 humiles
1345 1385 1474 1424 esse
1517 1368 1838 1436 videamur,

184 1456 444 1513 scientes
474 1472 508 1510 a
538 1455 683 1510 facie
714 1454 933 1511 diaboli
965 1459 1021 1511 et
1050 1454 1262 1510 stultos
1293 1456 1605 1522 sublevari,
1628 1462 1684 1513 et
1705 1457 1843 1512 divi-

182 1548 281 1601 tes
311 1543 522 1614 dejici:
559 1560 755 1599 servos
796 1544 1053 1615 insignia
1096 1543 1313 1600 habere
1356 1544 1751 1612 dominorum,
1785 1548 1843 1600 et

189 1631 492 1704 principes
518 1648 822 1688 servorum
852 1632 1079 1704 ingredi
1110 1632 1348 1687 vilitate.
1381 1632 1713 1689 Notandum
1745 1651 1842 1689 au—

192 1723 317 1776 tem
348 1720 496 1792 quod
528 1725 586 1775 et
615 1719 710 1775 hic
742 1737 929 1792 equus
949 1720 1009 1774 in
1036 1723 1248 1776 bonam
1279 1726 1503 1792 partem
1534 1722 1838 1794 accipitur,

192 1811 260 1864 ut
288 1808 368 1864 ibi
396 1825 409 1864 :
444 1829 473 1858 α
508 1809 576 1863 Et
603 1808 889 1880 equitatio
922 1816 1019 1865 tua
1049 1809 1230 1865 salus.
1271 1832 1291 1858 η

270 1920 300 1948 ‹‹
334 1898 446 1964 Qui
476 1897 622 1952 lodit
650 1898 893 1966 foveam,
926 1896 985 1952 in
1018 1898 1206 1970 ipsam
1232 1897 1467 1967 incidet,
1492 1900 1644 1956 472
1670 1903 1726 1954 et
1747 1898 1847 1971 qui

185 1985 440 2059 dissipat
471 2000 690 2059 sepem,
723 1985 1014 2042 mordebit
1044 2003 1178 2042 eum
1213 2003 1473 2059 serpens.
1513 2010 1533 2035 ι
1570 1989 1649 2042 Ex
1681 1994 1844 2061 parte

185 2073 442 2147 simplex
484 2079 542 2129 et
583 2090 649 2129 ex
697 2077 858 2147 parte
908 2074 1191 2147 mysticus
1235 2073 1566 2131 intellectus
1613 2081 1721 2131 est.
1755 2077 1844 2131 Si~

185 2163 429 2236 quidem
461 2167 519 2218 et
547 2161 685 2218 alibi
740 2163 867 2235 ipse
925 2164 1201 2219 Salomon
1257 2164 1383 2219 ait3
1434 2182 1446 2220 :
1490 2165 1596 2232 Qui
1648 2168 1848 2221 statuet

182 2253 468 2324 laqueum,
499 2253 747 2323 capietur
776 2254 838 2307 in
896 2253 993 2307 illo
1046 2252 1241 2324 (Eccli.
1306 2270 1480 2319 xxvn,
1521 2254 1632 2323 26).
1686 2255 1755 2308 Et
1783 2254 1842 2308 in

182 2340 421 2413 psalmo
453 2340 742 2412 septimo:
780 2345 981 2395 Lacum
1012 2344 1247 2412 aperuit,
1296 2350 1348 2397 et
1399 2343 1587 2413 effodit
1617 2359 1760 2411 eum,
1794 2346 1845 2397 et

181 2429 391 2486 incidit
412 2431 472 2484 in
498 2433 717 2500 foveam
748 2446 915 2502 quam
944 2431 1094 2499 fecit.
1130 2429 1296 2501 Sepis
1329 2434 1524 2485 autem
1558 2431 1841 2485 maceriae-

182 2535 302 2591 que
362 2517 662 2573 convulsio
686 2518 727 2588 ‘,
792 2517 1190 2574 ecclesiastica
1247 2518 1525 2589 dogmata
1578 2523 1739 2585 sunt,
1786 2525 1844 2575 et

184 2606 482 2663 institutio
513 2607 586 2662 ab
616 2605 899 2678 apostolis
945 2606 1367 2678 prophetisque
1417 2606 1683 2673 fundata,
1713 2625 1844 2680 quae

184 2697 292 2769 qui
323 2695 675 2762 dissolverit,
705 2699 761 2750 et
816 2693 1065 2750 voluerit
1119 2695 1436 2768 praeterire,
1499 2695 1557 2749 in
1616 2712 1682 2751 eo
1713 2699 1840 2768 ipso

187 2802 313 2859 quo
343 2782 604 2856 negligit,
629 2786 944 2855 aserpente
962 2782 1302 2855 percutitur.
1333 2784 1411 2839 De
1441 2801 1555 2856 quo
1576 2789 1841 2855 serpente

183 2907 585 2975 restituimus,
615 2906 674 2961 in
709 2905 1010 2962 nonnullis
1032 2906 1194 2962 libris
1213 2906 1527 2962 exstitisse.
1558 2907 1723 2963 Sicut
1742 2907 1840 2963 hu-

182 2982 644 3052 diequeqcxstat
696 2976 1000 3052 paululum
1063 2978 1344 3052 mendosa
1391 2980 1457 3052 in_
1495 2994 1606 3052 ms.
1642 2980 1841 3052 codice

181 3049 539 3115 Colbertino,
571 3049 630 3104 in
659 3065 774 3120 quo
800 3050 1083 3121 scriptum
1119 3049 1379 3120 reperio:
1423 3050 1615 3104 Subita
1654 3067 1687 3105 a
1716 3051 1838 3105 dia-

186 3124 312 3179 bolo
363 3122 633 3192 dignitate
667 3120 933 3192 perﬂati,’
972 3123 1087 3175 vias
1137 3120 1393 3192 publicas
1433 3123 1835 3177 ministrarent.

183 3195 319 3259 Non
350 3191 890 3265 quodinvenicbat,
914 3193 1013 3247 sed
1045 3191 1198 3262 quad
1224 3191 1586 3263 intelligebat
1603 3193 1840 3264 scripsit

180 3262 603 3329 amanuensis;
632 3262 771 3318 hinc
815 3280 918 3334 pro
958 3262 1435 3334 mannisterant,
1456 3265 1695 3318 verbum
1723 3262 1835 3319 ini-

179 3339 512 3393 nistrareat.
545 3333 923 3390 Corbeien’ses
960 3333 1377 3406 interpolatum
1424 3335 1677 3390 retinent
1704 3352 1835 3390 con-

181 3414 449 3472 textum;
506 3406 723 3461 habent
785 3407 942 3461 enim
994 3412 1121 3478 post
1170 3421 1383 3478 vocem
1411 3407 1665 3476 publicas
1728 3407 1835 3461 hoc

183 3480 679 3543 additamentum,
785 3493 916 3549 quos
992 3476 1149 3547 uulgo
1223 3476 1461 3532 lorichos
1535 3479 1833 3549 appellant.

179 3552 404 3607 Praeter
433 3549 553 3603 haec
582 3549 776 3610 verba,
855 3549 1054 3603 omnia
1126 3549 1385 3619 genuina
1459 3556 1599 3602 sunt
1627 3549 1687 3603 in
1720 3549 1837 3604 illis

182 3619 638 3692 exemplaribus.
664 3620 947 3677 Caeterum
972 3619 1322 3692 sententiam
1348 3625 1692 3691 praesentem
1713 3637 1838 3692 mu-

184 3690 399 3748 tuatur
414 3690 815 3763 Hieronymus,
838 3696 896 3746 et
919 3690 1152 3762 quidem
1178 3690 1491 3763 eleganter,
1513 3691 1835 3763 exilloratio

185 3762 418 3828 Flacco,
444 3761 660 3828 Epodoii
689 3762 816 3828 lib.,
870 3780 885 3816 ι
934 3761 1042 3817 ode
1090 3764 1142 3826 4,
1191 3761 1252 3816 in
1292 3766 1516 3817 Menam
1559 3762 1833 3818 libertum

181 3833 446 3907 Pompeii
477 3833 668 3906 Magni
691 3851 705 3888 :

499 3931 683 4004 Sestus
713 3930 1058 4004 tlagellis_hic
1082 3930 1526 4004 “triumviralibus

563 3993 825 4043 Praeconis
846 3993 911 4041 ad
942 3993 1229 4049 fastidium,

502 4056 627 4105 Arat
657 4055 868 4105 Falerni
898 4056 1041 4104 mille
1072 4055 1224 4104 fundi
1249 4054 1474 4117 jugera:

562 4118 624 4166 Et
656 4118 879 4180 Appiam
911 4118 1125 4166 mannis
1147 4117 1304 4167 terit:

498 4178 869 4243 Sedilibusque
899 4192 1125 4241 magnus
1154 4178 1422 4243 inprimis
1445 4191 1609 4242 eques

559 4242 763 4292 Uthone
788 4242 1098 4306 contempto
1129 4242 1293 4291 sedet.

170 4331 472 4389 Eumdem
521 4346 759 4385 sensum
810 4330 1029 4386 habent
1075 4329 1295 4386 Horatii
1327 4328 1607 4399 carmina,
1660 4347 1834 4400 quem

171 4402 566 4460 Ecclesiastes
621 4402 761 4456 dum
820 4401 944 4457 ait:
1005 4401 1135 4457 Vidi
1206 4417 1389 4456 servos
1436 4416 1599 4471 super
1638 4417 1833 4472 equos,

170 4482 288 4532 etc.
324 4474 505 4529 Porro
536 4472 732 4528 Manni
766 4478 932 4528 erant
983 4474 1141 4543 parvi
1193 4472 1349 4543 equi,
1384 4472 1468 4527 sic
1506 4471 1645 4526 dicti
1679 4471 1832 4543 quod

170 4545 636 4602 mansuetudine
704 4544 1052 4600 familiarius
1124 4560 1367 4599 manum
1426 4549 1831 4613 sequerentur.

168 4619 573 4688 Hieronymus
604 4614 851 4688 epistola
879 4616 948 4670 ad
995 4615 1414 4688 Pammachium
1461 4630 1642 4688 super
1671 4615 1833 4670 obitu

168 4686 439 4746 Paulinae
469 4686 690 4757 uxoris,
722 4688 1009 4743 Ferventes
1040 4688 1275 4753 buricos,
1304 4686 1423 4742 sive
1455 4686 1653 4741 bardos
1681 4703 1837 4741 man-

167 4777 272 4818 nos
304 4764 495 4815 vocat.
526 4763 809 4813 ΜΑΒΤΙΑΝ.
1018 4774 1025 4777 ·

243 4834 263 4868 ³
300 4830 469 4887 Unus
498 4846 530 4885 e
559 4834 780 4902 septem
816 4846 962 4902 mss.
996 4828 1271 4902 quoshoc
1296 4827 1350 4881 in
1379 4826 1505 4882 loco
1536 4828 1831 4902 consului-

167 4919 335 4975 mus,
366 4899 643 4975 inventus
689 4905 779 4955 est
827 4899 1041 4975 Vatia:
1065 4900 1164 4971 qui
1198 4903 1371 4969 recte,
1418 4903 1483 4953 ut
1512 4900 1827 4975 edidimus,

166 4971 418 5048 legeret.
451 4974 705 5048 Tantum
753 4974 905 5043 equis
952 4972 1145 5048 habet,
1192 4987 1294 5048 pro
1341 4972 1581 5048 mannis,
1632 4971 1831 5048 minus

166 5016 454 5120 eqﬁiidem
480 5044 646 5120 bene,
694 5016 826 5120 cum
860 5048 1059 5120 aperte
1102 5016 1479 5120 lini-:atianum
1513 5016 1654 5120 illud
1687 5044 1829 5120 Epo-

164 5112 279 5174 (16η
322 5116 431 5172 lib.
479 5133 517 5185 ι,
563 5112 657 5170 od.
706 5115 757 5184 4,
801 5115 858 5168 in
897 5112 1133 5185 Menam
1178 5112 1474 5185 libertum,
1510 5113 1570 5165 Et
1603 5114 1830 5183 Appiam

166 5190 400 5245 mannis
440 5183 585 5256 terit,
629 5185 1015 5258 Hieronymus
1064 5184 1307 5258 alludat,
1344 5183 1611 5258 Aliorum
1661 5201 1829 5255 porro

162 5260 446 5317 codicum
514 5258 716 5312 eadem
780 5255 1125 5328 plerumque
1182 5261 1239 5311 et
1285 5255 1430 5310 falsa
1486 5255 1653 5328 lectio
1703 5261 1827 5313 est:

164 5333 460 5403 Dignitale
499 5346 600 5401 per
641 5326 858 5403 ﬂagitia
904 5326 1128 5403 publiea
1176 5327 1438 5403 (quidam
1485 5326 1707 5403 addunt
1735 5345 1826 5403 sa-

163 5396 513 5471 blimenturf
546 5396 677 5471 quos
717 5396 876 5469 vulgo
904 5396 1154 5471 'lysichos
1183 5396 1476 5469 appellant
1520 5396 1640 5471 (alii
1687 5400 1826 5452 luri~

160 5475 318 5544 chos,
357 5470 443 5527 vel
484 5460 718 5539 luridas,
764 5460 850 5525 vel
897 5460 1054 5544 aliud
1105 5460 1336 5541 aliquod
1375 5460 1629 5544 nominis
1665 5488 1826 5525 mon-

165 5542 387 5611 strum)
432 5545 699 5611 magister
739 5547 871 5597 aute
904 5543 1014 5609 (Al.
1071 5544 1289 5613 autem),
1326 5542 1527 5595 nobilis
1579 5543 1823 5613 quisque,

167 5619 290 5672 etc.
338 5613 638 5669 Glossema
678 5619 870 5668 autem
927 5613 1072 5667 illud
1121 5612 1458 5671 omisimus.
1501 5613 1655 5682 quod
1705 5612 1734 5666 e
1766 5614 1821 5667 S.

166 5684 430 5743 doctoris
458 5685 684 5741 calamo
716 5685 957 5741 minime
980 5686 1307 5753 profectum
1332 5682 1654 5753 videbatur,
1679 5690 1828 5753 ()uos

166 5690 430 5743 doctoris
458 5690 684 5741 calamo
716 5690 957 5741 minime
1021 5690 1307 5741 rot‘ectum
1332 5690 1654 5753 videbatur,
1734 5701 1827 5739 uos

164 5759 340 5835 vulgo
368 5758 591 5816 Luricos
620 5755 925 5829 appellant.
955 5702 1119 5823 διλοά
1153 5756 1203 5813 si
1250 5760 1451 5813 tamen
1484 5771 1619 5813 cum
1652 5690 1827 5813 agitis

1876 1859 1924 1924 B

1956 586 2113 637 num,
2147 567 2418 624 mandabo
2455 568 2714 640 serpenti,
2784 574 2833 623 et
2875 568 3141 624 mordebit
3198 585 3285 625 eos
3315 570 3419 642 [ΑΙ.
3453 572 3600 644 eum]

1957 658 2143 728 (Amos
2166 675 2241 726 1x,
2275 658 2350 726 3).

2035 766 2057 795 α
2092 745 2196 813 Qui
2248 744 2543 803 subtrahit
2589 744 2835 817 lapides,
2888 746 3108 802 dolebit
3150 747 3209 801 in
3257 748 3378 804 eis:
3412 752 3470 805 et
3498 750 3599 821 qui

1956 834 2169 890 scindit
2200 834 2376 905 ligna,
2412 834 2839 905 periclitabitur
2866 834 2925 889 in
2975 834 3080 891 eis.
3117 859 3140 888 ι
3190 835 3517 893 Volvuntur
3545 842 3601 893 et

1955 924 2014 978 in
2044 922 2321 978 Zacharia
2351 922 2498 993 (cap.
2534 940 2607 992 1x,
2640 939 2774 977 vers.
2813 925 2901 991 16)
2935 924 3122 978 sancti
3156 925 3381 997 lapides
3426 942 3603 997 super

1956 1017 2191 1068 terram.
2220 1013 2345 1066 Non
2375 1012 2531 1066 enim
2566 1012 2733 1066 firma
2767 1012 2824 1066 in
2857 1029 2925 1067 ea
2956 1014 3207 1068 statione
3232 1015 3598 1070 consistunt:

1952 1102 2053 1157 sed
2089 1106 2457 1174 praetereunt,
2490 1105 2547 1156 et
2576 1116 2809 1171 semper
2837 1101 2910 1155 ad
2934 1100 3139 1156 altiora
3165 1102 3436 1173 nitentes,
3463 1103 3601 1158 hinc

1952 1188 2113 1244 abire
2145 1189 2440 1244 festinant.
2486 1188 2564 1243 De
2610 1188 2704 1243 his
2754 1187 2896 1242 vivis
2946 1187 3241 1260 lapidibus
3269 1195 3327 1247 et
3357 1191 3415 1245 in
3446 1193 3601 1263 Apo-

1952 1278 2168 1350 calypsi
2221 1280 2363 1349 (cap.
2414 1294 2528 1347 XVI,
2583 1293 2719 1332 vers.
2778 1277 2842 1331 18
2893 1278 3063 1349 seqq.)
3113 1279 3252 1334 urbs
3281 1278 3599 1335 Salvatoris

1950 1364 2289 1432 exstruitur,
2343 1369 2399 1420 et
2448 1365 2767 1420 Ecclesium
2818 1366 3092 1421 aedificari
3138 1366 3451 1439 Apostolus
3483 1384 3599 1424 non

1949 1458 2120 1510 tacet.
2181 1454 2239 1509 Si
2300 1453 2434 1524 quis
2490 1470 2626 1527 ergo
2683 1454 2955 1509 haeretica
3011 1460 3133 1529 arte
3191 1473 3495 1527 perversus
3528 1458 3600 1513 de

1948 1543 2215 1598 Ecclesiae
2246 1543 2489 1598 aediﬁcio
2529 1543 2673 1598 istos
2720 1543 3029 1598 abstulerit
3079 1544 3305 1616 lapides
3334 1545 3516 1614 (unde
3545 1549 3601 1601 et

1950 1631 2251 1703 signanter
2279 1630 2489 1701 Aquila
2527 1636 2583 1686 et
2606 1632 3019 1703 Symmachus,
3051 1649 3154 1704 pro
3185 1649 3273 1702 eo,
3303 1634 3456 1705 quod
3491 1650 3599 1689 nos

1950 1720 2281 1793 posuimus.
2315 1741 2343 1769 «
2375 1719 2482 1783 Qui
2518 1719 2817 1775 subtrahit
2847 1720 3090 1791 lapides,
3125 1720 3343 1777 dolebit
3373 1721 3432 1776 in
3455 1721 3594 1792 eis,»

1953 1808 2225 1864 dixerunt
2254 1827 2266 1864 :
2300 1831 2327 1857 «
2361 1806 2470 1874 Qui
2507 1808 2784 1863 transfert
2823 1805 3067 1879 lapides,
3101 1808 3519 1865 dilacerabitur
3541 1809 3599 1864 in

1953 1897 2080 1964 eis),
2115 1920 2142 1948 »
2176 1902 2378 1969 postea
2410 1900 2697 1952 tormenta
2746 1897 3020 1969 patietur.
3072 1897 3218 1963 Quia
3264 1914 3397 1953 vero
3429 1898 3600 1954 abso-

1954 1984 2074 2041 lute
2104 1985 2404 2057 Scriptura
2433 1984 2530 2053 ait,
2576 2008 2603 2034 «
2638 1983 2744 2048 Qui
2795 1985 3089 2041 subtrahit
3118 1986 3364 2059 lapides,
3397 2007 3425 2036 ››
3459 1987 3598 2058 sive,

1955 2096 1983 2124 ι(
2017 2075 2121 2138 Qui
2172 2073 2449 2129 transfert
2492 2073 2738 2145 lapides,
2791 2093 2818 2122 »
2869 2078 2926 2128 et
2964 2091 3078 2129 non
3141 2075 3354 2145 adjecit
3416 2075 3600 2130 bonos

1953 2162 2074 2218 sive
2097 2161 2282 2218 malos
2308 2180 2319 2224 ;
2347 2165 2653 2233 propterea
2673 2166 2729 2216 et
2753 2178 2784 2216 e
2808 2161 3099 2217 contrario
3124 2162 3597 2235 intelligendum,

1953 2252 2107 2322 quod
2186 2249 2617 2305 ecclesiasticus
2690 2250 2796 2321 vir,
2875 2250 3182 2322 episcopus
3230 2250 3500 2306 videlicet
3544 2253 3601 2305 et

1954 2340 2273 2412 presbyter,
2324 2338 2372 2393 si
2408 2339 2579 2409 juxta
2609 2338 2953 2394 mandatum
3000 2339 3232 2395 Levitici
3281 2340 3422 2410 (cap.
3481 2354 3596 2408 XIV,

1950 2443 2089 2482 vers.
2140 2426 2254 2494 45),
2302 2426 2375 2479 de
2423 2424 2653 2496 leprosa
2702 2425 2809 2494 [Αἱ.
2861 2424 3096 2495 leprosi]
3140 2426 3312 2479 domo
3343 2422 3596 2496 lapidem

1950 2514 2278 2583 abstulerit,
2310 2513 2369 2568 in
2402 2515 2655 2568 cinerem
2704 2516 2760 2568 et
2808 2511 3101 2584 pulverem
3133 2513 3552 2569 conterendum
3582 2529 3594 2567 :

1951 2604 2169 2659 dolebit
2196 2603 2255 2657 in
2287 2620 2352 2658 eo
2385 2603 2532 2674 ipso,
2568 2602 2722 2673 quod
2772 2602 2843 2656 de
2890 2602 3151 2657 Ecclesia
3196 2601 3408 2657 Christi
3452 2600 3600 2674 lapi-

1900 2694 1905 2700 ’
1948 2692 2082 2747 dem
2132 2691 2356 2747 auferre
2403 2694 2646 2762 cogatur
2694 2689 2800 2761 [Αἰ.
2847 2690 3117 2762 cogitur],
3154 2689 3354 2744 dicens
3385 2704 3593 2744 secun-

1948 2781 2089 2835 dum
2140 2778 2520 2851 Apostolum:
2572 2779 2726 2834 Flere
2770 2795 2895 2833 cum
2937 2777 3214 2850 ﬂentibus,
3257 2778 3446 2849 lugere
3474 2793 3599 2832 cum

1947 2909 2081 2961 ante
2110 2904 2512 2961 Martianwum
2544 2902 2711 2959 libris
2743 2902 2884 2959 velis
2917 2903 3184 2969 retinere,
3208 2901 3418 2974 legesis
3444 2903 3599 2974 Burig

1946 2978 2111 3043 chos;
2171 2976 2356 3031 Μαηηὶ
2413 2974 2648 3046 quippe,
2703 2978 2766 3029 ut
2822 2975 3031 3029 docent
3086 2973 3307 3046 veteres
3375 2973 3597 3029 Horatii

1948 3046 2295 3118 scholiastze,
2328 3045 2455 3117 equi
2497 3045 2643 3115 sunt,
2693 3061 2825 3116 quos
2900 3045 3426 3118 vutgouBurdones,
3487 3046 3600 3118 sive

1947 3122 2171 3175 Buricos
2226 3116 2600 3174 naminamus.
2655 3119 2725 3171 Et
2774 3122 2996 3172 veteres
3046 3116 3304 3171 Glossaa:
3360 3116 3594 3171 Mannis.

1952 3188 2261 3265 Βουρίχοις.
2290 3189 2436 3265 Vide
2466 3206 2590 3265 qum
2613 3188 3019 3265 _observamus
3070 3187 3127 3241 in
3171 3187 3353 3265 _epist.
3404 3186 3495 3240 66.
3529 3184 3601 3241 ad

1955 3257 2264 3317 I’amniach.
2301 3278 2358 3315 n.
2392 3260 2445 3329 8,
2480 3257 2579 3314 ubi
2613 3259 2722 3314 hoc
2751 3258 2904 3313 idem
2936 3257 3346 3330 expunximus.

2015 3335 2036 3367 ²
2066 3332 2309 3388 Palatini
2355 3332 2491 3401 duo,
2542 3337 2608 3386 In
2654 3331 2755 3385 hac
2785 3332 2896 3385 vita
2959 3331 3342 3400 inaequalitate
3387 3343 3594 3401 rerum,

1946 3409 2057 3460 etc.
2090 3405 2316 3459 Sentire
2348 3400 2595 3472 videtur,
2629 3401 3019 3457 Ecclesiastici
3069 3407 3365 3456 auctorem
3398 3400 3596 3472 ipsum

1945 3475 2317 3531 Salomonem
2351 3470 2663 3533 exstitisse.
2699 3489 2825 3543 quae
2850 3472 3106 3544 plurium
3131 3488 3271 3544 sane
3291 3470 3596 3544 tumiGree-

1945 3562 2170 3615 corum,
2217 3562 2349 3600 cum
2403 3541 2745 3623 Latinorum
2802 3541 3035 3623 Patrum
3099 3543 3295 3623 opinio
3353 3541 3482 3611 fuit,
3529 3557 3598 3596 ex

1947 3634 2209 3690 quorum,
2230 3633 2407 3671 sensu
2442 3615 2739 3690 putandus
2761 3623 2851 3669 cst
2873 3615 2970 3690 _b_ic
2993 3615 3152 3690 loqui
3180 3615 3586 3690 Hieronymus.

1945 3681 2089 3743 Cum
2122 3688 2277 3742 enim
2309 3681 2637 3741 accuratius
2683 3701 2804 3738 rem
2855 3681 3208 3755 disquireret
3254 3681 3594 3755 Przel‘atione

1944 3760 2004 3814 in
2037 3758 2368 3813 Salomonis
2398 3757 2598 3827 libros,
2624 3755 2821 3811 abillo
2844 3752 2987 3810 satis
3008 3755 3337 3827 luculenter
3356 3752 3593 3827 adjudi-

1945 3837 2057 3887 cat.
2091 3832 2175 3884 Ita
2205 3828 2429 3900 pridem
2460 3823 2773 3900 Victorius,
2797 3842 2972 3897 quem
2995 3826 3366 3881 Martianaeus
3396 3823 3592 3895 sequi-

1944 3908 2061 3969 tur,
2095 3899 2523 3956 animadvertit.

2013 3963 2347 4053 8lSiquiden‘z
2372 3978 2423 4026 et
2452 3970 2590 4053 alibi
2636 3971 2751 4053 ipse
2795 3967 3043 4053 Stiloan
3096 3968 3194 4021 ait.
3245 3965 3422 4053 Jesps
3458 3963 3590 4019 libri

1945 4035 2332 4100 Ecclesiastici
2355 4035 2699 4112 scriptorab
2718 4045 2959 4112 auctore
2980 4041 3310 4112 Synopseos
3331 4035 3590 4112 Athana-

1946 4116 2032 4171 sio
2065 4115 2328 4186 ascripta:
2358 4106 2573 4168 dicitur
2604 4107 2805 4186 ὀπαδὸς
2842 4114 2954 4186 τοῦ-
2993 4106 3472 4186 Salamin-rogum
3505 4112 3595 4163 est

1945 4179 2251 4266 Salomonis
2278 4186 2519 4266 asserta;
2553 4184 2689 4266 quia
2720 4185 2778 4237 in
2810 4181 3134 4266 condendis
3147 4179 3452 4266 Lparabplis.
3473 4195 3593 4235 mo-

1943 4260 2086 4313 dum
2119 4256 2448 4313 Salomonis
2480 4250 2883 4325 rationemque
2912 4250 3184 4322 tenuerit,
3215 4268 3280 4325 ac
3300 4250 3590 4325 plurimas

1944 4328 2264 4385 sententias
2297 4333 2354 4383 et
2385 4326 2689 4399 parabolas
2736 4322 2864 4399 ejus
2916 4323 3309 4399 descripserit.
3343 4322 3467 4399 Qua
3500 4337 3591 4399 ra-

1942 4401 2102 4456 tione
2132 4396 2400 4455 homines
2433 4398 2584 4452 docti
2620 4397 2935 4469 contigisse
2981 4396 3414 4469 opinantur,Au_t
3432 4397 3589 4469 vete-

1945 4489 2075 4527 rum
2108 4475 2345 4526 Patrum
2381 4468 2641 4541 plerique
2672 4463 2967 4541 auctorem
3008 4463 3395 4541 Ecclesiastici
3428 4463 3591 4519 Salo-

1944 4560 2182 4598 monem
2215 4537 2563 4613 praedicent,
2580 4546 2638 4595 et
2663 4556 2900 4613 nomine
2928 4537 3353 4613 Salomonisin
3386 4551 3590 4591 eorum

1865 4600 1913 4664 D
1947 4600 2369 4697 scriptionibus
2396 4630 2507 4695 non
2533 4600 2662 4666 raro
2684 4612 2983 4697 citetur,_ut
3004 4610 3200 4697 h'ic‘ab‘
3218 4608 3587 4697 Hieronymo,

1945 4687 2046 4768 qui
2071 4678 2299 4767 ’morem
2332 4684 2422 4739 sui
2456 4684 2736 4774 temporis
2768 4678 3003 4774 secutus
3036 4681 3287 4764 habebat
3306 4678 3588 4774 Ecclesia;

1941 4748 2155 4812 s'ticum
2188 4756 2340 4810 inter
2370 4772 2545 4827 Opera
2568 4748 2918 4827 Salomonis.
2945 4748 3222 4824 Legimus
3245 4750 3401 4806 enim
3431 4748 3587 4827 apud

1940 4828 2249 4900 Qrigcncm
2284 4819 2536 4900 Honiilia
2563 4830 2633 4881 22
2664 4828 2721 4900 in
2756 4826 2975 4900 librum
3007 4819 3434 4900 Numerorum:
3471 4819 3586 4900 irin

1938 4890 2087 4955 libro
2119 4899 2217 4970 qui
2253 4898 2544 4970 apudnos
2576 4897 2835 4970 quidem_
2865 4897 3015 4970 inter
3064 4890 3585 4970 S_o_lo_monis_v9lu-

1939 4972 2101 5026 mina
2121 4962 2319 5025 haberi
2350 4968 2516 5037 solet,
2541 4962 3065 5024 et'Ecclesiasticus
3086 4965 3197 5021 dici
3224 4982 3236 5018 :
3263 4962 3417 5037 apud
3440 4963 3587 5018 Grai-

1940 5059 2039 5115 cos
2066 5058 2218 5115 vero,
2251 5034 2550 5115 Sapientia
2591 5039 2730 5115 Jesu
2790 5034 3585 5115 li_lii_Sirach_appellatur..n

1938 5114 2071 5177 Quae
2103 5106 2279 5167 verba
2309 5106 2424 5165 non
2452 5110 2705 5181 Origcni,
2739 5111 2835 5164 sed
2889 5109 3095 5163 Rulino
3147 5106 3448 5232 inlegpreti
3481 5106 3584 5158 tri-

1938 5186 2220 5232 hnnntnr-
2252 5183 2415 5232 Unde
2446 5182 2629 5232 linnet
2659 5180 3127 5232 Ecclesiaslicum
3161 5196 3270 5232 anu
3350 5176 3584 5231 Latinos

1938 5176 2220 5241 buuntur.
2252 5183 2415 5237 Unde
2446 5176 2629 5252 liquet
2659 5176 3128 5252 Ecclesiaslicum
3161 5176 3322 5250 apud
3350 5176 3585 5231 Latinos

1940 5257 2091 5311 inter
2118 5254 2445 5310 Salomonis
2488 5251 2785 5307 volumina
2834 5253 3013 5307 fuisse
3056 5251 3337 5307 relatum:
3372 5266 3402 5303 e
3432 5264 3582 5319 quo-

1939 5346 2066 5382 rum
2102 5332 2295 5380 tm'ncn
2332 5341 2573 5378 numero
2608 5323 3084 5379 [manifestissime
3126 5324 3467 5394 segregatus
3496 5322 3587 5394 est

1940 5399 2091 5469 apud
2133 5398 2547 5469 Hieronymum
2578 5394 3005 5469 lfrzrl'ationein
3050 5390 3227 5469 libros
3257 5390 3585 5469 Salomonis

1938 5461 2238 5542 asteriscis
2265 5461 2534 5542 et‘obelis
2556 5466 2884 5542 distinctos,
2910 5466 2980 5542 de
3002 5461 3584 5542 quib_us_plenjssi_nic

1937 5542 2194 5595 diximus
2228 5539 2285 5593 in
2317 5538 2430 5592 line
2466 5555 2479 5591 ι
2512 5536 2694 5610 partis
2725 5534 3066 5593 Bibliotheca:
3111 5538 3314 5592 divina:
3358 5534 3418 5589 S.
3454 5534 3582 5586 Hie-

1938 5611 2185 5677 ronymi.
2223 5615 2501 5664 MARTIAN.

2006 5668 2235 5738 ‘l’enes
2283 5680 2714 5752 Alcuin.io‘epis
2760 5684 2940 5736 autem
2987 5678 3350 5752 con/imaue,
3401 5668 3573 5725 Eccle-

1936 5757 2179 5828 siastica,
2215 5757 2323 5811 etc.
2356 5753 2419 5810 In
2451 5751 2694 5810 Palatin.
2726 5768 2869 5809 mss.
2900 5751 3122 5821 evulsio,
3154 5752 3264 5804 etc.
