4046 6162
521 297 676 369 HM

1756 298 1820 366 8.
1867 298 2178 365 EUSEBII
2223 294 2689 366 HIEBONYMI.

3702 302 3820 368 illi!

515 434 833 509 lugentibus
879 436 1054 508 (Rom.
1102 448 1203 507 xu,
1250 432 1374 508 15);
1425 437 1501 507 et,
1553 434 1686 505 Quis
1733 435 2075 506 inﬁrmatur,
2119 442 2173 490 et
2202 438 2255 502 Α
2286 433 2544 506 fratrem,
2578 437 2635 489 et
2667 432 2810 489 nihil
2852 433 3031 491 habet
3058 451 3093 491 a
3121 437 3384 508 serpente
3422 432 3690 508 amplius“.
3715 434 3822 496 Cum

513 542 608 598 ego
638 542 747 581 non
782 523 1075 598 inﬁrmor'
1101 526 1128 578 .9
1160 524 1312 580 473
1356 525 1481 597 quis
1525 524 1959 591 scandalizatur,
1993 527 2043 578 et
2071 537 2168 593 ego

509 630 619 670 non
652 630 787 669 uror
817 615 885 685 (II
917 613 1037 669 Cor.
1071 630 1148 683 χι,
1187 615 1277 684 29)
1301 613 1329 667 ‘t
1386 613 1562 685 Ligna
1604 629 1836 684 quoque
1868 612 2164 682 scindens,

510 702 934 776 periclitabitur
965 704 1023 757 in
1056 703 1162 758 eis.
1216 701 1479 756 Hieretici
1530 703 1635 772 [AL
1686 701 1963 771 hearetici]
2005 700 2167 772 ligna

508 793 876 848 infructuosa
906 796 1062 861 sunt,
1097 796 1153 846 et
1178 791 1365 846 saltus
1394 792 1616 861 absque
1664 789 1913 845 utilitate
1958 806 2161 860 pomo-

512 899 667 938 rum.
702 881 864 936 Unde
892 887 949 935 et
1003 881 1062 935 in
1112 879 1328 950 templo
1372 879 1472 934 Dei
1521 880 1863 950 prohibetur
1913 879 2163 950 plantari

511 986 743 1038 nemus,
775 974 832 1024 et
878 986 1023 1024 vana
1059 967 1348 1037 foliorum,
1377 967 1432 1022 id
1459 974 1567 1038 est,
1595 969 1899 1023 verborum
1930 972 2159 1023 tantum

511 1059 848 1115 sonantium
882 1060 1242 1129 spernuntur
1274 1054 1635 1110 umbracula.
1670 1056 2163 1129 Quamvis,igitur

509 1146 587 1201 sit
618 1146 873 1218 prudens
903 1150 961 1200 et
991 1145 1197 1199 doctus
1227 1146 1332 1213 vir,
1366 1144 1466 1216 qui
1507 1143 1700 1216 gladio
1744 1145 2033 1199 sermonis
2066 1146 2158 1200 sui

504 1234 623 1289 hmo
659 1235 817 1305 ligna
846 1234 1211 1302 conscindat,
1263 1233 1736 1306 periclitabitur’
1784 1235 1841 1287 in
1894 1234 1999 1297 eis,
2047 1234 2159 1290 nisi

502 1322 819 1395 diligenter
848 1322 1160 1378 attenderit
1188 1340 1201 1389 ;
1236 1323 1490 1378 maxime
1542 1322 1589 1377 si
1640 1322 1689 1376 ei
1739 1322 1849 1377 hoc
1881 1324 2035 1393 quod
2069 1340 2160 1378 se-

502 1411 721 1483 quitur,
758 1412 1070 1468 acciderit:
1106 1411 1169 1465 Si
1216 1420 1461 1466 retusum
1506 1414 1682 1482 fuerit
1720 1416 1952 1482 terram,
1984 1415 2036 1466 et
2064 1411 2159 1484 [αα

501 1501 644 1555 ciem
676 1502 796 1571 ejus
835 1501 1159 1563 turbaverit,
1184 1500 1241 1553 id
1274 1506 1383 1569 est,
1410 1499 1459 1554 si
1482 1499 1802 1570 disputatio
1832 1501 1961 1568 ejus
1992 1499 2158 1553 inlir-

504 1588 655 1643 mior
701 1588 875 1643 fuerit
922 1589 1175 1657 inventa,
1244 1605 1349 1642 nec
1410 1604 1656 1643 acumen
1708 1588 2001 1657 habuerit,
2038 1604 2155 1659 quo

503 1678 795 1732 contraria
852 1692 1098 1747 quaeque
1165 1681 1363 1731 secet:
1427 1677 1526 1731 sed
1585 1676 1903 1748 principale
1960 1677 2155 1732 cordis

503 1766 634 1834 ejus
667 1765 1000 1832 hebetetur;
1037 1765 1095 1820 in
1151 1770 1373 1837 partem
1424 1765 1696 1819 transibit
1739 1766 2064 1837 adversam,
2098 1771 2154 1821 et

502 1853 876 1909 confirmabit
905 1871 1035 1909 eum
1074 1853 1354 1909 fortitudo
1385 1871 1674 1925 perversa.
1706 1853 1823 1909 Hoc
1853 1856 2007 1910 enim
2041 1859 2147 1925 est,

505 1942 661 2014 quod
720 1942 1101 2015 Septuaginta
1161 1944 1509 2015 Interprctes
1561 1943 2039 1999 transtulerunt:
2095 1945 2155 1999 Et

499 2030 823 2101 fortitudine
869 2031 1320 2100 con/artabatur;
1371 2035 1429 2085 et
1495 2031 1793 2102 superﬂua
1845 2032 2154 2087 roboratus

506 2120 796 2191 sapientia
824 2118 1083 2190 incipiet,
1118 2119 1329 2191 inquit,
1376 2120 1774 2175 fortitudinem
1831 2120 2064 2191 habere,
2099 2126 2158 2176 et

502 2208 877 2279 sapientiam,
914 2224 1041 2279 quae
1072 2209 1372 2280 superﬂua
1400 2214 1508 2276 est,
1542 2212 1598 2263 et
1628 2226 1742 2263 non
1766 2210 2006 2279 adjuvat
2027 2226 2156 2281 pos-

508 2295 818 2352 sidentem.

576 2448 603 2481 ¢
636 2430 695 2484 Si
725 2432 987 2484 retusum
1023 2420 1196 2485 fuerit
1226 2430 1443 2485 ferrum
1470 2448 1483 2498 ;
1519 2430 1709 2485 ethoc
1732 2447 1844 2486 non
1873 2435 1939 2486 ut
1968 2432 2153 2503 prius,

503 2518 604 2573 sed
637 2518 1049 2573 conturbatum
1083 2518 1273 2589 fuerit,
1310 2518 1623 2574 virtutibus
1655 2521 2153 2577 corroborabitur:

504 2611 561 2661 et
594 2606 881 2678 reliquum
907 2605 1270 2662 fortitudinis
1311 2607 1601 2674 sapientia
1650 2615 1757 2664 est.
1790 2628 1817 2660 υ
1854 2609 1912 2665 Si
1945 2628 2028 2680 se,
2061 2610 2154 2664 in-

506 2693 654 2766 quit,
717 2694 931 2765 aliquis
989 2696 1196 2751 viderit
1256 2714 1358 2769 per
1417 2697 1830 2770 negligentiam
1884 2699 2155 2754 amisisse

507 2782 812 2839 scientiam
863 2783 1318 2857 Scripturarum,
1368 2789 1425 2841 et
1473 2802 1718 2841 acumen
1770 2786 1985 2858 ingenii
2026 2788 2154 2858 ejus

508 2872 700 2942 fuerit,
726 2872 918 2944 qualis
941 2875 1204 2944 essejam
1230 2878 1499 2946 coeperat.
1529 2875 1726 2931 Evenit
1746 2875 1960 2948 quippe
1983 2876 2156 2931 inter-

509 2962 673 3031 dum,
728 2967 791 3017 ut
839 2978 972 3017 cum
1027 2962 1320 3017 modicum
1364 2962 1619 3019 scientia;
1680 2965 1814 3035 quis
1858 2964 2151 3034 habuerit,

503 3049 693 3106 elatus
722 3049 782 3105 in
810 3050 1167 3123 superbiam,
1222 3051 1445 3106 discere
1494 3052 1741 3107 desistat
1770 3056 1826 3107 et
1858 3052 2063 3124 legere,
2099 3058 2155 3107 et

504 3138 789 3211 paulatim
819 3156 1009 3239 eaeo,
1038 3141 1191 3237 quod
1218 3141 1365 3195 nihil
1389 3141 1435 3196 ei
1460 3141 1718 3209 additur,
1744 3141 2148 3205 subtrahatur,
2183 3174 2224 3239 ρ

502 3232 561 3283 et
591 3243 840 3282 vacuum
868 3227 1197 3298 disciplinis
1220 3235 1420 3299 peetus
1444 3236 1761 3298 remaneat,
1792 3231 2150 3301 ferrumque,

505 3315 658 3387 quod
691 3318 930 3371 acutum
962 3316 1167 3387 fuerat,
1202 3316 1503 3373 hebetetur
1535 3334 1548 3384 ;
1584 3318 1769 3373 otium
1794 3317 1949 3373 enim
1976 3324 2032 3373 et
2062 3320 2153 3374 dc-

505 3404 658 3460 sidia
688 3404 856 3477 quasi
888 3405 1157 3477 quaedam
1188 3405 1393 3478 rubigo
1421 3407 1719 3479 sapientiae
1747 3411 1853 3462 est.
1883 3406 1940 3463 Si
1974 3408 2154 3479 igitur

506 3493 640 3564 quis
693 3493 804 3559 hoc
853 3510 1067 3565 passus
1118 3493 1311 3565 fuerit,
1363 3511 1475 3549 non
1533 3496 1799 3568 desperet
1829 3496 2151 3551 remedium

506 3582 793 3650 srnitatis,
828 3583 928 3639 sed
961 3583 1132 3637 vadat
1164 3583 1236 3638 ad
1285 3583 1653 3655 magistrum,
1704 3588 1761 3639 et
1800 3601 2034 3639 rursum
2066 3584 2151 3639 in~

505 3677 772 3727 struatur
823 3672 897 3727 ab
952 3687 1039 3740 eo,
1088 3676 1142 3727 et
1192 3678 1323 3744 post
1378 3672 1632 3728 laborem
1678 3678 1734 3727 et
1777 3673 2150 3742 industriam,

505 3762 900 3833 sudoremque
933 3761 1203 3829 nimium,
1248 3760 1462 3815 valebit
1510 3761 1857 3833 sapientiam
1900 3763 2155 3834 recipere

505 3866 681 3921 quam
711 3850 1009 3905 amiserat.
1046 3850 1159 3905 Hoc
1207 3856 1313 3915 est,
1348 3851 1502 3921 quod
1556 3850 1613 3905 in
1668 3852 1899 3905 Hebraeo
1930 3852 2151 3923 signiti-

504 3936 734 3992 cantius
764 3938 1017 3993 dicitur:
1052 3962 1078 3987 ι(
1134 3940 1201 3993 Et
1250 3938 1696 3994 fortitudinibus
1752 3940 2153 3994 corroborabi-

504 4030 620 4094 tur,
660 4047 687 4073 »
726 4025 783 4080 id
837 4031 945 4097 est,
980 4026 1197 4097 labore,
1247 4032 1305 4083 et
1350 4029 1581 4098 sudore,
1630 4034 1688 4082 et
1734 4027 2047 4097 industria,
2098 4033 2156 4083 et

508 4113 855 4187 quotidiana
913 4114 1177 4187 lectione,
1239 4116 1588 4189 sapientiam
1648 4121 2055 4188 consequetur,
2102 4125 2157 4171 et

505 4203 788 4259 fortitudo
838 4203 1025 4276 ipsius
1076 4202 1314 4260 habebit
1368 4205 1524 4261 hunc
1577 4208 1771 4277 tinem,
1808 4209 1868 4259 ut
1912 4204 2157 4276 accipiat

507 4292 884 4365 sapientiam.

586 4430 740 4485 474
771 4450 799 4477 ‹‹
844 4427 901 4483 Si
953 4428 1334 4484 momorderit
1375 4444 1615 4499 serpens
1662 4427 1719 4481 in
1752 4426 2004 4497 silentio,
2042 4445 2155 4483 non

510 4522 600 4574 est
630 4515 886 4589 amplius
917 4516 1153 4572 habenti
1176 4516 1457 4588 linguam.
1491 4539 1517 4564 »
1541 4516 1799 4587 Simplex
1825 4516 1918 4572 hic
1946 4534 2156 4573 sensus
2194 4539 2237 4603 υ

510 4610 634 4661 est:
669 4605 920 4674 Serpens
950 4610 1006 4659 et
1035 4606 1325 4660 detractor
1362 4604 1619 4675 zequales
1671 4609 1829 4660 sunt.
1862 4605 2162 4668 Quomodo

509 4694 668 4750 enim
720 4693 817 4750 ille
848 4693 1071 4750 occulte
1128 4694 1402 4749 mordens
1456 4709 1741 4748 venenum
1798 4694 2041 4761 inserit;
2076 4694 2160 4750 sic

509 4782 623 4839 iste
653 4782 805 4839 clam
838 4781 1169 4853 detrahens,
1205 4781 1364 4837 virus
1413 4781 1661 4854 pectoris
1705 4782 1798 4838 sui
1830 4783 2075 4839 eﬂ'undit
2104 4785 2161 4839 in

582 4978 598 5012 ¹
636 4978 769 5048 Qui:
799 4977 1143 5048 inﬁrmatur,
1177 4985 1228 5034 et
1271 4994 1369 5047 ego
1413 4994 1544 5034 non.
1597 4976 1985 5048 Quamplurcs
2018 4995 2163 5035 mss.

513 5049 1081 5123 omittuntgmediam
1115 5055 1338 5123 partem
1381 5052 1559 5121 hujus
1607 5049 1876 5123 versiculi
1928 5057 2169 5123 prepter

513 5119 605 5193 bis
636 5121 882 5193 gepetita
911 5119 1338 5193 eadem'verba,
1373 5127 1423 5177 et
1452 5119 1547 5193 ego
1579 5139 1710 5177 non.
1753 5119 2037 5176 Man'riax.

582 5192 604 5265 ξ
636 5192 975 5265 Tres_mss.,
1013 5192 1171 5263 ligna
1199 5192 1463 5263 coner'dat,
1488 5193 1918 5265 periclitabitur,
1944 5197 2056 5247 etc.

584 5260 889 5336 §Alcuin,,
926 5269 997 5318 Et
1045 5260 1189 5320 nihil
1238 5266 1397 5321 habet
1426 5260 1459 5319 tt
1487 5260 1742 5336 serpente
1788 5267 1995 5318 minus.
2043 5269 2170 5319 Mox

516 5334 738 5403 veteres
768 5333 1007 5403 vulgati,
1042 5336 1118 5389 Ad
1150 5333 1589 5392 benedicendum
1621 5338 1812 5403 Deum,
1846 5343 1956 5390 etc.

589 5402 667 5475 {id
722 5402 1162 5460 benedireudum.
1215 5409 1365 5463 Editi
1413 5410 1637 5463 addunt
1684 5402 1872 5475 Deum,
1929 5406 2054 5475 sed,
2109 5406 2167 5460 ni

518 5470 708 5549 fallor,
743 5477 1072 5549 superflue:
1108 5479 1243 5547 quia
1275 5481 1380 5534 hnc
1415 5481 1536 5535 loco
1587 5470 1900 5533 benedicere
1940 5470 2171 5549 signiti-

518 5548 614 5600 cat
646 5544 907 5617 proximo
941 5547 1081 5599 bona
1108 5544 1370 5617 ρνιιλειινί.
1409 5552 1698 5606 ΜΑιιϊιΑκ.

587 5617 609 5650 ‘
640 5617 819 5685 Idem,
854 5618 960 5691 Nec
1004 5618 1205 5691 vulnus
1248 5636 1408 5675 suum
1441 5624 1699 5691 magistro
1747 5619 1978 5691 voluerit
2008 5622 2175 5678 conﬁ-

519 5692 621 5760 ιενὶ
649 5707 661 5760 ;
710 5689 992 5761 magister,
1046 5690 1156 5762 qui-
1190 5689 1436 5760 tinguam
1466 5689 1667 5763 ,habet,
1700 5695 1758 5746 et
1797 5690 2176 5766 cohaerenter,

2277 522 2433 577 enim
2469 523 2668 595 lingua
2700 522 2959 581 hominis
2988 524 3059 581 ad
3093 525 3531 582 benedicendum
3560 530 3607 581 et
3643 525 3702 581 ad
3727 528 3825 583 tedi-

2275 611 2604 668 ﬁcationcm
2656 613 2903 685 proximi
2957 614 3035 670 sit
3082 618 3295 680 creata,
3344 614 3438 671 ille
3477 631 3591 671 eam
3633 616 3827 686 serpenti

2273 700 2556 770 aequalem
2591 701 2745 770 facit,
2779 701 2921 756 dum
2952 701 3268 757 virtutibus
3298 701 3422 771 ejus
3471 700 3525 756 in
3565 717 3827 772 perversum

2273 788 2553 843 abutitur.
2580 789 2796 845 Aliter:
2829 790 2884 844 Si
2918 806 3093 861 quem
3125 806 3364 861 serpens
3388 790 3629 845 diabolus
3667 790 3830 846 occulte

2273 878 2671 948 momorderit,
2704 883 2760 933 et
2791 877 2949 933 nullo
2978 880 3230 944 conscio,
3263 895 3394 934 eum
3427 880 3628 949 peccati
3671 895 3829 934 veneno

2272 964 2569 1027 infecerit;
2606 967 2650 1021 si
2685 968 2930 1023 tacuerit
2960 968 3060 1037 qui
3092 984 3405 1039 percussus
3429 972 3532 1027 est.
3555 972 3719 1021 etnon
3742 982 3829 1037 ege-

2270 1054 2347 1109 rit
2376 1054 2800 1126 paenitentiam,
2834 1072 2939 1111 nec
2986 1055 3200 1110 vulnus
3241 1071 3415 1110 suum
3450 1055 3601 1110 fratri
3629 1060 3677 1109 et
3701 1054 3830 1125 magi-

2270 1147 2389 1198 stro
2458 1142 2705 1199 voluerit
2759 1144 3042 1212 confiteri,
3104 1143 3386 1215 magister
3438 1147 3493 1197 et
3557 1143 3723 1203 frater.
3766 1142 3829 1212 qui

2269 1231 2531 1305 linguam
2565 1232 2819 1287 habent‘
2849 1234 2919 1288 ad
2952 1232 3298 1302 curandum,
3334 1232 3501 1287 facile
3543 1230 3589 1286 ei
3628 1230 3832 1302 prodesse

2269 1337 2383 1375 non
2417 1326 2710 1392 poterunt.
2744 1322 2801 1377 Si
2835 1322 2989 1377 enim
3043 1321 3349 1377 erubescat
3390 1325 3646 1391 aegrotus,
3680 1318 3832 1373 vulnus

2268 1408 2495 1465 medico
2528 1409 2813 1479 conﬁteri,
2839 1410 2993 1481 quod
3023 1410 3255 1481 ignorat
3276 1409 3562 1464 medicina
3580 1424 3681 1463 non
3701 1414 3832 1463 curat.

2340 1518 2368 1547 ‹‹
2401 1498 2591 1553 Verba
2616 1500 2733 1553 oris
2766 1498 3048 1571 sapientis
3080 1498 3287 1570 gratia,
3311 1504 3369 1553 et
3400 1497 3553 1553 labia
3574 1496 3833 1567 insipientis

2266 1586 2716 1659 praacipitabunt
2758 1604 2913 1643 eum.
2954 1610 2980 1635 ››
3013 1587 3293 1653 Stultitia,
3335 1586 3385 1642 si
3418 1604 3525 1641 sua
3550 1589 3690 1640 esset
3713 1583 3833 1639 rusti-

2264 1676 2436 1731 citate
2467 1681 2762 1747 contenta,
2799 1675 2995 1731 minus
3026 1676 3249 1747 aliquid
3283 1676 3521 1732 haberet
3559 1674 3701 1730 mali.
3723 1674 3834 1728 Nune

2266 1768 2460 1819 autem
2488 1768 2691 1820 contra
2722 1764 3072 1836 sapientiam
3104 1764 3325 1819 bellum
3360 1765 3524 1837 gerit,
3550 1768 3603 1818 et
3620 1760 3833 1833 quidquid

2264 1852 2587 1925 prudentia:
2618 1854 2676 1907 in
2733 1853 2902 1908 docto
2961 1853 3083 1908 viro
3139 1852 3411 1918 viderit“,
3469 1851 3584 1907 zelo
3611 1847 3833 1905 stimulata

2264 1959 2379 1998 non
2411 1942 2635 2013 recipit.
2673 1942 2956 2013 Loquitur
2978 1942 3135 1996 enim
3167 1941 3257 1995 vir
3279 1940 3513 2013 sapiens
3536 1940 3693 1995 verba
3710 1938 3833 1993 scien-

2264 2030 2375 2096 tias,
2409 2035 2465 2086 et
2492 2031 2665 2086 verba
2697 2031 2915 2102 gratiae,
2961 2047 3088 2102 quae
3137 2029 3453 2085 utilitatem
3496 2030 3719 2101 possunt
3740 2041 3834 2098 prec

2264 2120 2400 2175 bere
2432 2120 2834 2186 audientibus,
2864 2124 2923 2175 et
2951 2136 3125 2174 aures
3157 2118 3321 2174 stulti
3345 2135 3465 2174 non
3485 2120 3564 2174 ita
3583 2116 3834 2187 suscipiunt

2265 2225 2398 2280 quae
2426 2209 2722 2278 dicuntur,
2756 2213 2823 2263 ut
2853 2208 3008 2264 dicta
3054 2215 3230 2275 sunt;
3279 2208 3385 2264 sed
3431 2224 3461 2262 e
3509 2205 3760 2263 contrario
3781 2203 3835 2256 Vl-

2265 2314 2397 2353 rum
2431 2298 2777 2369 prudentem
2812 2296 3190 2368 supplantare
3216 2301 3525 2365 conantur,
3550 2301 3604 2352 et
3622 2295 3699 2351 sui
3723 2290 3835 2347 simi-

2264 2386 2379 2442 lem
2429 2388 2636 2441 I'acere.
2691 2387 2757 2441 Et
2804 2401 3003 2441 revera
3065 2384 3468 2457 praecipitatur
3523 2383 3604 2439 vir
3650 2382 3834 2454 sapiens.

2265 2476 2500 2549 quando
2550 2475 2608 2529 in
2658 2490 2856 2530 aurem
2905 2473 3165 2546 loquitur
3212 2474 3620 2547 imprudentis,
3648 2476 3697 2527 et
3718 2469 3838 2524 verba

2264 2565 2393 2635 ejus
2419 2565 2478 2619 in
2510 2564 2819 2636 profundo,
2875 2568 2939 2618 ut
2990 2563 3073 2618 ita
3120 2563 3333 2631 dicam,
3389 2553 3615 2638 gurgite
3642 2562 3837 2634 pereunt.

2264 2652 2426 2709 Unde
2458 2654 2683 2721 beatus,
2717 2651 2815 2722 qui
2848 2652 2905 2706 in
2939 2668 3137 2707 aurem
3163 2651 3432 2724 loquitur
3456 2650 3767 2733 audientis°.

2335 2764 2363 2791 ‹‹
2398 2741 2633 2797 Initium
2667 2741 2976 2796 verborum
3018 2742 3185 2812 ejus'l
3233 2740 3593 2814 insipientia,
3622 2743 3673 2795 et
3698 2735 3837 2791 novis-

2265 2831 2484 2885 simum
2516 2829 2633 2884 oris
2665 2831 2794 2899 ejus
2823 2845 2985 2884 error
3016 2828 3329 2901 pessimus.
3363 2832 3433 2885 Et
3464 2829 3667 2885 stultus
3693 2822 3839 2881 multi-

2262 2919 2439 2990 plicat
2468 2919 2661 2973 verba.
2696 2918 2932 2988 Ignorat
2963 2917 3136 2973 homo
3180 2918 3319 2989 quid
3377 2919 3475 2983 sit,
3509 2918 3652 2989 quod
3682 2917 3837 2969 factum

2261 3012 2386 3062 est:
2419 3012 2477 3061 et
2509 3007 2662 3076 quod
2697 3007 2961 3061 futurum
3011 3012 3101 3062 est
3148 3013 3278 3078 post
3324 3023 3489 3073 eum,
3520 3006 3645 3077 quis
3672 3017 3839 3059 annun-

2265 3095 2429 3150 tiabit
2458 3096 2508 3150 ei
2530 3095 2556 3149 ‘I
2589 3118 2617 3144 ››
2648 3095 2852 3150 Adhuc
2874 3096 2924 3150 ei
2947 3097 3018 3150 de
3043 3095 3224 3151 stulto
3247 3095 3573 3167 disputatio
3597 3100 3692 3161 est,
3719 3090 3839 3159 cujus

2261 3184 2420 3240 labia
2450 3184 2816 3257 praecipitant
2847 3185 3193 3257 sapientem,
3245 3184 3367 3240 sive
3402 3185 3571 3256 juxta
3607 3182 3754 3239 aliam
3782 3179 3839 3231 in-

2261 3273 2755 3346 terpretationem,
2808 3272 3053 3330 stultum
3108 3273 3304 3346 ipsum
3360 3289 3623 3330 corruere
3661 3270 3838 3325 iaciunt.

2260 3364 2498 3420 Initium
2528 3363 2684 3417 enim
2719 3362 3006 3418 sermonis
3038 3363 3186 3433 ejus,
3223 3366 3280 3417 et
3306 3362 3446 3418 finis
3470 3360 3704 3418 stultitia
3720 3356 3842 3415 estet

2261 3469 2421 3509 error
2449 3452 2785 3524 pessimus;
2819 3452 2958 3521 sive,
3020 3456 3083 3505 ut
3139 3452 3535 3523 Symmachus
3592 3444 3838 3509 transtulit,

2262 3565 2290 3593 ‹‹
2324 3541 2634 3607 tumultus,
2669 3546 2727 3596 et
2757 3542 3022 3612 quazdam
3056 3541 3365 3596 verborum
3421 3535 3799 3599 inconstantia;
3822 3550 3839 3577 ι)

2261 3631 2403 3686 dum
2434 3647 2550 3685 non
2585 3636 2781 3685 manet
2828 3630 2886 3684 in
2938 3630 3092 3685 475
3144 3630 3456 3699 sententia,
3508 3628 3607 3684 sed
3648 3627 3783 3697 putat
3803 3621 3840 3672 in

2262 3718 2746 3791 multiplicatione
2795 3735 3133 3775 sermonum
3179 3719 3439 3789 cll‘ugere
3487 3735 3547 3773 se
3576 3730 3725 3788 posse
3750 3724 3840 3782 pec-

2262 3814 2479 3865 catum.
2514 3811 2655 3863 Cum
2708 3808 2865 3863 enim
2917 3823 3019 3862 nec
3071 3806 3503 3879 praeteritorum
3552 3799 3837 3863 meminerit,

2263 3915 2367 3953 nec
2399 3898 2595 3953 futura
2634 3902 2965 3969 cognoscat,
2998 3902 3054 3950 et
3095 3896 3149 3949 in
3204 3895 3536 3967 ignorantia
3566 3898 3619 3950 et
3648 3884 3839 3947 tenebris

2262 3986 2573 4055 volutetur,
2611 3985 2816 4039 falsam
2850 3984 2959 4040 sibi
2993 3984 3295 4040 scientiam
3328 3974 3839 4057 repromittenshin

2262 4092 2328 4131 eo
2359 4076 2617 4141 doctum,
2655 4073 2712 4127 in
2745 4090 2810 4128 eo
2843 4090 2904 4129 se
2934 4077 3100 4145 putat
3131 4089 3257 4129 esse
3288 4073 3631 4145 sapientem,
3654 4068 3696 4124 si
3723 4063 3848 4119 verba

2263 4162 2632 4235 multiplicet.
2666 4164 2861 4218 Potest
2902 4162 3011 4217 hoc
3040 4165 3097 4217 et
3129 4162 3199 4217 de
3247 4160 3539 4217 haereticis
3580 4155 3757 4228 accipi,
3782 4146 3850 4223 qui

2263 4253 2643 4325 prudentium
2674 4251 2932 4306 virorum
2964 4251 3118 4306 dicta
3150 4267 3263 4306 non
3305 4252 3585 4323 capiunt;
3617 4246 3705 4303 sed
3732 4258 3780 4297 se
3801 4236 3848 4293 ad

2265 4341 2696 4413 disputationes
2728 4340 3050 4394 contrarias
3073 4344 3495 4411 praeparantes,
3525 4343 3579 4393 et
3607 4333 3801 4391 initium
3816 4328 3853 4379 et

2266 4436 2326 4486 et
2357 4432 2533 4485 linem
2564 4429 2841 4500 loquendi
2865 4429 3139 4498 vanitate,
3165 4427 3447 4497 tumultu,
3473 4439 3657 4482 errore
3675 4414 3850 4477 convol-

2271 4522 2447 4574 vunt:
2480 4522 2536 4572 et
2564 4534 2696 4573 cum
2735 4516 2879 4572 nihil
2904 4517 3094 4572 sciant
3119 4520 3159 4587 θ,
3189 4516 3515 4588 loquuntur
3542 4514 3697 4588 plura
3723 4517 3851 4580 quam

2277 4611 2511 4663 norunt.

2343 4721 2369 4746 ‹‹
2404 4695 2594 4751 Labor
2623 4694 2937 4750 stultorum
2972 4694 3193 4766 affliget
3245 4710 3368 4759 eos,
3410 4693 3509 4766 qui
3541 4688 3775 4746 nesciunt
3796 4681 3852 4735 ire

2277 4786 2335 4840 in
2370 4784 2689 4841 civitatem.
2732 4806 2760 4832 »
2789 4784 2932 4839 Cum
2964 4782 3366 4855 superioribus
3397 4782 3569 4838 etiam
3602 4779 3697 4834 hos
3716 4776 3851 4845 junSe

2272 5000 2389 5040 non
2415 4982 2633 5054 poterit,

2348 5049 2661 5121 5V'atican'.,
2695 5051 2757 5105 in
2785 5051 2937 5107 docto
2958 5051 3154 5106 viderit
3174 5050 3397 5121 absque
3433 5049 3565 5103 viro.
3744 5104 3752 5114 ,

2346 5128 2525 5181 “Mss.
2564 5101 2765 5189 nosiri,
2821 5126 2995 5193 atque
3038 5122 3177 5178 olim
3228 5101 3458 5177 Alcuin.
3511 5129 3636 5172 cum
3672 5101 3852 5193 pring

2278 5176 2663 5264 editi—srffude
2682 5176 2871 5248 Vocatus
2898 5176 3003 5247 ῒιιέ
3030 5176 3130 5263 est,
3162 5176 3365 5248 eleuet
3411 5206 3541 5245 mox
3587 5176 3853 5239 audientem.

2280 5286 2383 5342 pro
2414 5267 2732 5342 audientis;
2766 5270 2987 5319 veteres
3017 5265 3179 5335 editi,
3212 5264 3611 5342 sapientium.“
3641 5321 3690 5342 An
3720 5308 3839 5342 dum

2353 5308 2651 5394 ΞῬειὶίιιίη.
2688 5308 2737 5405 1:
2768 5343 3055 5407 expuncta
3084 5310 3220 5391 voce
3250 5308 3389 5405 ejus,
3412 5308 3852 5407 substituitsftt‘fj:

2354 5411 2375 5444 "
2406 5392 2572 5481 Abeo
2599 5392 2857 5481 Alcuin.:
2877 5409 3127 5463 Tenebris
3150 5392 3423 5462 involutus
3441 5403 3607 5457 solum
3624 5392 3716 5448 sibi
3729 5395 3853 5439 ⁵6³⁸⁸³⁸

2281 5485 2421 5537 tiam
2460 5480 2868 5550 repromittens.

2356 5556 2375 5588 θ
2405 5523 2553 5608 Cum
2584 5551 2829 5605 Erasmo
2851 5557 2907 5606 et
2933 5551 3191 5625 \fictorio
3224 5546 3464 5625 lfalatini
3488 5545 3591 5625 (tuo
3609 5523 3851 5625 {fieri

2286 5607 2456 5681 multo
2494 5638 2703 5693 errore,
2755 5626 2865 5677 etc.
2914 5620 3164 5695 Alcuin.,
3222 5621 3355 5677 Cum
3398 5614 3564 5674 multo
3604 5612 3759 5662 εννονσ
3782 5607 3827 5648 θα

2289 5698 2529 5769 mutant,
2558 5699 2609 5752 et
2640 5710 2787 5767 eum,
2818 5697 2926 5750 etc.
