4068 6174
176 309 333 372 ιᾶ53

1194 306 1823 387 COMMENTARIUS
1859 306 1946 368 ἸΝ
1982 305 2570 369 ΕΠῧΙΑΕΞΙΑΞΤΕΝ
2581 353 2595 366 .

3412 314 3567 381 “fit

171 439 488 506 versiculos
514 456 527 493 :
562 442 663 497 aut
690 439 1035 514 generaliter
1062 442 1131 497 de
1161 441 1436 497 omnibus
1465 441 1686 507 stultis,
1711 441 1813 513 qui
1843 445 1893 508 Α
1926 445 1984 495 et
2014 444 2263 495 veterem
2298 439 2585 511 piscinam
2614 439 2905 509 averterit,
2941 440 3161 514 eligens
3203 443 3317 499 sibi
3350 446 3571 503 ﬂuenta

169 529 447 602 ignorant
483 533 681 600 Deum,
716 534 819 586 aut
848 529 1177 602 specialiter
1205 530 1276 585 de
1305 530 1589 585 haareticis
1609 530 1819 601 dispu-

172 622 256 672 tat
312 620 352 674 ¹.
387 617 538 689 Lege
567 617 869 674 Platonem
904 637 918 688 ;
945 618 1271 674 Aristotelis
1301 618 1523 673 revolve
1544 618 1816 683 ersutias,

1928 527 2223 594 Samarim,
2257 537 2312 583 et
2368 528 2628 601 gurgites
2688 530 2973 585 Damasci.
3028 533 3096 586 Et
3145 532 3302 602 dabo,
3352 534 3567 606 inquit,

1917 617 2144 687 juvenes
2170 618 2445 688 principes
2476 633 2686 681 eorum,
2730 626 2781 672 et
2838 619 3091 674 illusores
3132 620 3572 679 dominabuntur

168 708 458 761 Zenonem
517 712 575 762 et
629 708 984 763 Carneadem
1061 706 1402 779 diligentius
1458 708 1703 773 intuere,
1763 712 1821 761 et
1926 707 2002 759 eis
2032 707 2156 777 (Isa.
2189 723 2270 771 III,
2312 706 2386 775 4).
2423 706 2571 776 Lege
2621 706 2841 769 Daniel,
2896 712 2954 762 et
2999 713 3299 765 vetustum
3334 711 3561 767 dierum

168 794 449 866 probabis
476 812 677 850 verum
710 813 836 852 esse
867 798 1024 868 quod
1055 796 1289 851 dicitur.
1326 817 1353 844 ι(
1388 796 1575 850 Labor
1605 794 1817 849 stulto-

171 900 303 937 rum
336 883 558 955 al‘tliget
586 900 706 949 eos,
743 906 769 932 ››
801 884 1120 940 Veritatem
1149 884 1231 939 illi
1254 884 1492 955 quidem
1515 883 1675 937 omni
1702 888 1821 937 stu-

172 971 270 1026 dio
297 971 697 1042 quaesierunt;
740 973 841 1027 sed
873 972 1013 1043 quia
1057 989 1171 1027 non
1223 972 1558 1026 habuerunt
1586 972 1822 1039 ducem,

172 1064 230 1114 et
260 1060 538 1130 praavium
569 1059 818 1131 itineris,
850 1065 908 1116 et
939 1060 1215 1116 humanis
1245 1059 1519 1115 sensibus
1552 1059 1661 1114 rati
1684 1063 1825 1114 sunt

172 1163 236 1203 se
266 1148 760 1219 comprehendere
792 1165 962 1220 posse
1009 1148 1380 1220 sapientiam,
1423 1148 1495 1202 ad
1528 1147 1821 1203 civitatem

172 1235 418 1291 minime
461 1241 867 1307 pervenerunt,
897 1236 967 1293 de
1017 1254 1133 1308 qua
1182 1237 1239 1291 in
1290 1235 1523 1291 Psalmo
1569 1235 1819 1291 dicitur:

172 1326 421 1394 Domine,
456 1327 515 1379 in
544 1327 761 1381 civitate
791 1334 886 1381 tua
915 1328 1213 1396 imaginem
1242 1327 1485 1396 ipsorum
1531 1323 1821 1394 dissipabis

172 1413 348 1483 (Psal.
382 1430 552 1480 Lxxn,
586 1415 698 1485 20).
733 1414 949 1470 Omnes
998 1413 1156 1469 enim
1189 1412 1427 1468 umbras
1466 1416 1524 1467 et
1562 1411 1823 1466 diversas

171 1501 463 1572 imagines
493 1508 668 1572 atque
700 1518 1000 1573 personas,
1055 1518 1201 1572 quas
1248 1501 1357 1557 sibi
1392 1500 1450 1554 in
1482 1499 1659 1555 variis
1690 1500 1826 1570 dog-

174 1592 432 1646 matibus
462 1590 800 1655 induerunt,
833 1590 893 1645 in
926 1591 1070 1646 urbe
1130 1607 1238 1645 sua
1266 1589 1550 1644 Dominus
1573 1587 1824 1658 dissipa-

171 1679 280 1734 bit.
326 1680 401 1734 De
461 1696 577 1749 qua
633 1684 690 1734 et
742 1678 879 1734 alibi
911 1677 1223 1733 scribitur:
1287 1679 1558 1733 Fluminis
1592 1678 1825 1746 impetus

175 1768 425 1837 lwtiﬁcat
476 1769 750 1823 civitatem
807 1769 906 1823 Dei
936 1768 1108 1838 (Psal.
1159 1784 1307 1834 XLVI,
1339 1768 1415 1838 5).
1450 1767 1517 1820 Et
1546 1764 1606 1820 in
1638 1766 1825 1820 Evan-

172 1854 363 1927 gelio:
424 1857 543 1911 Non
596 1858 765 1929 potest
820 1858 1018 1911 civitas
1076 1855 1335 1911 abscondi
1390 1872 1559 1926 supra
1589 1862 1823 1911 montem

167 1947 355 2016 Ρολίἰα
384 1945 590 2013 (Matth.
620 1963 674 2013 ν,
728 1946 835 2014 ti).
898 1946 1048 1999 Etin
1110 1945 1295 2000 Isaia:
1330 1946 1437 2014 Ego
1502 1945 1701 1999 civitas
1724 1945 1826 2013 ﬁr-

174 2050 295 2100 ma,
323 2035 512 2089 civitas
555 2050 671 2104 qua:
719 2037 1073 2105 oppugnatur
1101 2034 1122 2066 ε
1179 2034 1305 2103 (Isa.
1365 2049 1539 2101 xxvu,
1573 2033 1662 2099 30,
1723 2047 1826 2086 sec.

178 2122 353 2191 LXX).
398 2122 693 2193 Siquidem
747 2125 895 2177 hanc
946 2122 1206 2177 veritatis
1229 2126 1287 2176 et
1334 2121 1634 2192 sapientiae
1691 2119 1828 2175 civi-

176 2215 386 2279 tatem,
418 2227 547 2265 cum
580 2212 747 2266 ﬁrma
777 2212 853 2265 sit
882 2215 938 2266 et
970 2211 1231 2278 robusta,
1276 2226 1480 2264 omnes
1512 2215 1569 2264 et
1596 2208 1827 2280 sapien-

176 2304 270 2354 tes
301 2300 495 2354 saaculi
519 2306 577 2355 et
595 2300 851 2355 haeretici
878 2299 1225 2371 impugnare
1247 2302 1555 2354 conantur.
1580 2299 1648 2352 Et
1669 2297 1827 2368 quod

176 2389 253 2443 de
286 2387 654 2460 philowphis
683 2387 962 2455 diximus,
996 2388 1104 2442 hoc
1134 2388 1290 2442 idem
1336 2387 1513 2442 etiam
1548 2387 1616 2440 de
1648 2385 1829 2441 haere—

175 2476 317 2531 ticis
359 2477 753 2547 sentiendum,
807 2477 963 2548 quod
1013 2475 1231 2531 frustra
1282 2474 1548 2530 laborent
1593 2479 1649 2530 et
1681 2473 1830 2528 allii-

180 2568 402 2637 gantur
431 2563 490 2618 in
523 2564 715 2620 studio
746 2564 1205 2635 Scripturarum,
1259 2578 1393 2616 cum
1439 2560 1744 2617 ambulent
1770 2561 1829 2615 in

177 2654 436 2724 deserto,
496 2657 553 2707 et
616 2652 904 2708 civitatem
981 2651 1238 2707 invenire
1297 2668 1412 2705 non
1442 2649 1690 2706 valeant.
1751 2650 1832 2705 De

175 2758 435 2812 quorum
471 2757 664 2796 errore
696 2745 753 2796 et
781 2740 1097 2796 Psalmista
1140 2743 1559 2795 commemorat
1591 2738 1829 2794 dicens:

170 2834 521 2887 Erraverunt
567 2832 628 2883 in
679 2830 887 2885 deserto
940 2831 1077 2885 etin
1124 2828 1386 2898 inaquoso
1416 2828 1565 2882 viam
1596 2828 1834 2881 civitatis

174 2922 234 2974 et
281 2919 643 2973 habitationis
697 2919 815 2988 ejus
871 2933 980 2973 non
1037 2916 1723 2985 invenerunt(Psal.cv1,
1755 2914 1831 2986 4).

253 3007 413 3064 478
444 3029 472 3056 ‹‹
505 3007 593 3062 Vm
627 3005 754 3071 tibi,
791 3011 966 3075 terra,
1025 3006 1194 3075 cujus
1253 3021 1351 3059 rex
1387 3003 1748 3069 adolescens,
1779 3007 1836 3059 et

174 3096 482 3171 principes
513 3095 597 3150 tui
630 3110 800 3149 mane
840 3094 1175 3149 comedunt.
1209 3094 1385 3149 Beata
1416 3097 1570 3148 terra
1596 3093 1637 3158 ³,
1665 3093 1834 3163 cujus

1929 792 2187 848 invenies
2242 793 2426 848 Deum
2508 795 2670 864 (Dan.
2754 797 2874 863 vn).

2959 796 3107 867 Lege
3162 798 3568 870 Apocalypsim

1927 882 2188 945 Joannis,
2213 888 2269 936 et
2300 888 2475 953 caput
2502 882 2814 939 Salvatoris
2843 884 3158 939 candidum
3191 889 3254 940 ut
3282 886 3496 957 nivem,
3518 892 3576 943 et

1930 968 2097 1040 quasi
2163 969 2361 1023 lanam
2421 969 2613 1024 albam
2667 970 2919 1041 reperies
2972 972 3152 1043 (Apoc.
3196 975 3258 1041 1).
3288 974 3575 1032 Jeremias

1931 1074 2165 1128 quoque
2194 1056 2333 1128 quia
2362 1057 2597 1129 sapiens
2626 1063 2771 1124 erat,
2806 1063 2862 1113 et
2890 1058 3018 1113 cani
3050 1061 3177 1130 ejus
3207 1061 3267 1117 in
3288 1063 3578 1134 sapientia

1931 1146 2372 1217 reputabuntur,
2425 1144 2769 1216 prohibetur
2803 1148 3077 1217 juvenem
3130 1165 3259 1205 esse
3288 1167 3351 1207 se
3380 1151 3576 1209 dicere

1932 1236 2149 1307 (Jerem.
2186 1236 2245 1306 ι).
2286 1234 2378 1289 Vaa
2407 1250 2543 1306 ergo
2576 1239 2739 1289 terrae
2786 1236 2959 1306 cujus
3006 1254 3104 1292 rex
3146 1242 3236 1292 est
3280 1238 3574 1306 diabolus,

1933 1323 2031 1395 qui
2089 1339 2322 1393 semper
2378 1339 2660 1378 novarum
2737 1340 2930 1379 rerum
2989 1326 3240 1396 cupidus
3296 1327 3472 1383 etiam
3514 1328 3575 1383 in

1932 1411 2251 1466 Abessalon
2282 1412 2561 1467 adversus
2588 1417 2886 1482 parentem
2910 1413 3149 1468 rebellat
3172 1430 3185 1469 :
3212 1415 3578 1486 quaajudices

1933 1504 1990 1554 et
2021 1499 2315 1570 principes
2345 1515 2445 1554 eos
2474 1499 2670 1564 habet,
2695 1500 2795 1570 qui
2828 1506 3025 1556 ament
3054 1502 3233 1572 hujus
3253 1505 3451 1561 saculi
3480 1522 3579 1560 vo-

1936 1586 2210 1658 luptates,
2231 1588 2329 1659 qui
2349 1593 2663 1657 antequam
2680 1584 2806 1643 dies
2823 1589 3575 1660 mortisadveniat,dicunt:

1937 1675 2329 1731 Manducemus
2360 1679 2409 1729 et
2442 1677 2692 1733 bibamus
2712 1693 2733 1735 ;
2758 1693 2881 1731 cras
2918 1679 3068 1732 enim
3112 1681 3416 1735 moriemur
3442 1682 3577 1751 (lsa.

1936 1780 2073 1831 XXII,
2109 1764 2217 1834 13).
2252 1769 2497 1819 Econtra
2528 1765 2697 1819 beata
2742 1770 2894 1819 terra
2940 1766 3229 1835 Ecclesiae,
3282 1769 3452 1838 cujus
3484 1786 3583 1825 rex

1936 1857 2026 1908 est
2064 1851 2331 1908 Christus
2390 1851 2570 1908 Filius
2629 1853 3017 1924 ingenuorum
3055 1872 3078 1915 ,'
3136 1856 3208 1911 de
3262 1857 3582 1927 Abraham,

1940 1943 2121 2005 Isaac,
2157 1944 2216 1994 et
2261 1940 2461 2008 Jacob,
2512 1941 2928 2012 prophetarum
2980 1959 3216 2014 quoque
3262 1948 3321 1999 et
3350 1952 3581 2002 sancto-

1936 2046 2067 2084 rum
2101 2029 2364 2083 omnium
2396 2030 2579 2100 stirpe
2608 2030 2992 2099 descendens,
3033 2033 3251 2102 quibus
3283 2043 3579 2104 peccatum

1941 2135 2053 2172 non
2085 2118 2197 2171 fuit
2226 2118 2591 2173 dominatum
2618 2136 2631 2183 ;
2664 2123 2721 2173 et
2749 2120 2821 2174 ob
2852 2119 2906 2173 id
2949 2136 3081 2175 vere
3129 2121 3363 2177 fuerunt
3392 2123 3579 2179 liberi.

1938 2207 2018 2260 Ex
2072 2205 2288 2276 quibus
2347 2212 2481 2260 nata
2538 2212 2630 2261 est
2683 2206 2859 2278 Virgo
2914 2208 3153 2262 liberior
3206 2214 3409 2265 sancta
3456 2212 3583 2269 Ma—

1938 2294 2043 2361 ria,
2124 2295 2270 2348 477
2361 2293 2590 2348 nullum
2670 2294 2893 2349 habens
2976 2296 3267 2364 fruticem,
3352 2298 3582 2355 nullum

1940 2399 2177 2455 germen
2209 2398 2277 2438 ex
2309 2382 2521 2449 latere;
2578 2386 2676 2437 sed
2738 2388 2895 2439 totus
2951 2384 3176 2440 fructus
3232 2386 3362 2456 ejus
3392 2388 3586 2459 erupit

1941 2472 1999 2526 in
2033 2471 2255 2538 ﬂorem,
2288 2470 2620 2542 loquentem
2652 2470 2710 2525 in
2761 2472 2992 2527 Cantico
3046 2473 3445 2531 canticorum:
3476 2478 3584 2547 Ego

1939 2561 2037 2629 ﬂos
2066 2560 2268 2629 campi,
2300 2567 2352 2614 et
2383 2559 2566 2614 tilium
2594 2560 2930 2615 convallium
2977 2561 3156 2633 (Cant.
3212 2580 3274 2629 ιι,
3307 2564 3382 2635 1).
3416 2564 3582 2620 Prin-

1941 2648 2099 2718 cipes
2138 2663 2371 2719 quoque
2400 2648 2527 2719 ejus
2576 2654 2715 2703 sunt
2743 2650 2990 2720 apostoli
3039 2656 3095 2706 et
3136 2668 3343 2708 omnes
3372 2654 3582 2722 sancti,

1942 2736 2039 2807 qui
2061 2752 2253 2808 regem
2274 2736 2689 2791 habentﬂlium
2705 2739 3116 2810 ingenuorum,
3140 2740 3326 2795 filium
3346 2740 3540 2797 liberie
3566 2760 3579 2809 ;

1943 2841 2056 2879 non
2096 2825 2167 2880 de
2197 2824 2409 2879 ancilla
2432 2827 2605 2897 Agar,
2654 2827 2754 2881 sed
2804 2828 2875 2883 de
2922 2829 3074 2884 Sara:
3120 2829 3384 2885 libertate
3409 2845 3581 2902 gene-

1942 2917 2157 2968 ratum.
2187 2912 2304 2968 Nec
2356 2916 2670 2969 comedunt
2728 2932 2917 2982 mane,
2978 2934 3083 2972 nec
3137 2917 3425 2975 velociter.
3458 2919 3584 2975 Non

1942 3002 2099 3057 enim
2142 3002 2199 3055 in
2229 3003 2500 3072 praesenti
2531 3004 2741 3059 saeculo
2772 3012 3042 3074 quazrunt
3076 3006 3455 3079 voluptatem,
3482 3008 3584 3063 sed

1944 3096 2204 3161 tempore
2233 3107 2338 3146 suo
2370 3092 2811 3148 manducabunt
2838 3110 2970 3148 cum
3002 3095 3404 3151 retributionis
3433 3101 3585 3151 tem-

174 3204 286 3242 rex
319 3190 458 3239 tuus
511 3184 671 3238 ﬁlius
727 3182 1138 3255 ingenuorum,
1198 3187 1255 3237 et
1314 3181 1607 3253 principes
1654 3180 1738 3236 tui
1768 3180 1826 3235 in
1859 3171 1903 3235 C
1944 3196 2054 3251 pus
2077 3179 2395 3245 advenerit,
2419 3184 2475 3234 et
2498 3181 3382 3252 manducabuntinfortitudine,
3400 3186 3584 3239 etnon

175 3282 450 3346 tempore
479 3272 815 3337 comedunt,
850 3272 908 3325 in
933 3270 1275 3327 fortitudine
1306 3275 1362 3325 et
1402 3287 1515 3325 non
1547 3270 1603 3324 in
1636 3271 1836 3325 confu-

176 3364 371 3419 sione.
409 3385 429 3409 υ
467 3362 711 3416 Videtur
741 3361 978 3433 quidem
1013 3360 1320 3432 reprobare
1353 3360 1637 3430 juvcnum
1668 3359 1832 3431 prin-

176 3453 469 3524 cipatum,
503 3459 557 3507 et
585 3450 918 3505 luxuriosos
952 3449 1184 3520 judices
1233 3448 1645 3513 condemnare,
1676 3448 1832 3518 quod

179 3545 245 3596 in
287 3541 467 3595 altero
499 3556 600 3611 per
628 3544 859 3594 aetatem
892 3537 968 3592 sit
999 3537 1233 3591 infirma
1277 3536 1581 3607 sapientia,
1614 3534 1672 3588 in
1702 3534 1835 3590 aliis

194 3629 385 3684 etiam
414 3633 639 3683 matura
670 3632 811 3682 mtas
833 3626 1056 3681 deliciis
1077 3629 1400 3680 enervetur.
1425 3625 1494 3679 Et
1513 3623 1834 3679 econtrario

182 3715 515 3789 principem
574 3716 820 3787 probare
877 3714 1046 3769 bonis
1105 3714 1388 3780 moribus,
1426 3717 1492 3777 et
1523 3710 1838 3767 liberaliter

180 3804 528 3861 institutum
556 3822 569 3871 ;
601 3808 658 3860 et
687 3820 785 3859 eos
807 3803 1039 3873 judices
1090 3801 1423 3873 praedicare,
1473 3800 1573 3872 qui
1618 3816 1836 3871 nequa-

178 3911 372 3968 quam
407 3893 758 3965 voluptatem
792 3890 1042 3964 negotiis
1091 3890 1304 3945 civium
1354 3889 1698 3961 przeferant:
1733 3890 1835 3945 sed

178 3986 326 4055 post
358 3980 610 4037 multum
643 3980 901 4036 laborem
950 3985 1004 4035 et
1050 3977 1613 4034 administrationem
1646 3978 1837 4050 reipu-

173 4072 377 4141 blica,
401 4071 597 4125 cibum
621 4086 823 4141 capere
847 4070 1014 4141 quasi
1041 4066 1384 4123 necessitate
1408 4069 1710 4139 cogantur.
1734 4067 1840 4123 Ve-

172 4177 320 4215 rum
354 4158 497 4212 mihi
522 4158 809 4212 sacratius
843 4157 983 4228 quid
1028 4158 1207 4211 latere
1256 4154 1486 4209 videtur
1534 4154 1591 4209 in
1624 4153 1835 4221 littera,

168 4248 615 4320 qnoijuvenes
666 4245 939 4300 dicantur
985 4244 1043 4298 in
1093 4243 1414 4314 Scriptura,
1470 4243 1571 4313 qui
1602 4243 1838 4299 aveteri

166 4336 530 4393 auctoritate
561 4334 917 4404 desciscunt,
950 4340 1007 4388 et
1037 4348 1183 4387 cana
1212 4336 1498 4403 praecepta
1527 4336 1837 4403 parentum

1942 3268 2002 3323 in
2034 3267 2393 3323 confusione.
2423 3268 2606 3325 Omne
2634 3269 2851 3325 bonum
2910 3272 3210 3343 prazsentis
3237 3272 3436 3328 saeculi
3467 3289 3584 3328 non

1945 3356 2096 3411 fusio
2126 3362 2234 3424 est,
2267 3357 2447 3411 futuri
2498 3362 2778 3429 perpetua
2827 3359 3123 3415 fortitudo.
3172 3360 3309 3415 Tale
3356 3361 3499 3433 quid
3528 3368 3586 3419 et

1944 3446 2003 3500 in
2038 3446 2186 3501 Isaia
2214 3446 2461 3500 dicitur:
2522 3447 2654 3501 Ecce
2707 3450 2805 3517 qui
2856 3450 3101 3503 serviunt
3154 3450 3318 3519 mihi,
3341 3453 3583 3508 mandu-

1944 3536 2227 3593 cabunt‘:
2288 3551 2378 3589 vos
2433 3543 2617 3589 autem
2679 3538 2947 3591 esurietis.
3016 3538 3083 3591 Et
3136 3537 3390 3594 iterum:
3450 3543 3585 3598 Ecce

1944 3629 2040 3699 qui
2094 3626 2339 3679 serviunt
2388 3625 2548 3689 mihi,
2608 3625 2971 3685 laetabuntur;
3027 3641 3117 3679 vos
3162 3631 3342 3681 autem
3364 3629 3588 3699 pudebit

1946 3717 2074 3787 (Isa.
2110 3730 2234 3783 va,
2277 3713 2342 3766 13
2369 3722 2419 3766 et
2444 3714 2554 3781 14).

2021 3827 2048 3855 ‹‹
2084 3803 2146 3858 ln
2179 3801 2431 3873 pigritiis
2461 3800 2867 3856 humiliabitur
2908 3804 3287 3874 contignatio,
3319 3810 3377 3862 et
3404 3808 3463 3863 in
3494 3808 3583 3865 in-

1949 3892 2221 3948 firmitate
2244 3906 2525 3945 manuum
2547 3889 2794 3944 stillabit
2814 3892 3045 3946 domus.
3072 3914 3100 3940 »
3125 3898 3342 3950 Domus
3362 3902 3585 3972 nostra,

1947 4000 2071 4055 quas
2104 3998 2237 4036 cum
2269 3984 2423 4034 statu
2470 3978 2727 4033 hominis
2776 3985 2966 4035 erecta
3009 3982 3115 4051 (At.
3149 3987 3358 4052 creata]
3392 3991 3500 4057 est,
3532 3994 3590 4045 et

1949 4070 2228 4129 habitatio
2259 4084 2435 4140 quam
2469 4067 2757 4123 habemus
2788 4068 2846 4122 in
2878 4067 3061 4139 caelis,
3093 4071 3140 4125 si
3175 4072 3324 4144 pigri
3355 4091 3585 4145 sumus,

1948 4166 2003 4217 et
2024 4160 2092 4215 ad
2128 4159 2281 4213 bona
2301 4173 2475 4229 opera
2505 4156 2808 4226 tardiores,
2834 4156 3265 4215 humiliabitur.
3298 4163 3368 4217 Et
3391 4164 3588 4220 omnis

1948 4247 2306 4320 contignatio
2337 4263 2463 4316 quae
2496 4245 2668 4300 debet
2697 4245 2929 4301 culmen
2966 4251 3196 4317 portare
3224 4249 3284 4304 in
3313 4250 3587 4319 sublime,

1949 4339 2020 4393 ad
2054 4343 2267 4393 terram
2301 4351 2598 4401 corruens,
2631 4334 3017 4389 habitatorem
3068 4352 3243 4392 suum
3275 4338 3585 4411 opprimet.

162 4427 610 4482 contemnunt:
645 4422 744 4493 qui
795 4420 1051 4493 neglecto
1102 4420 1201 4475 Dei
1252 4420 1550 4487 mandato,
1597 4420 1842 4491 cupiunt
1948 4431 2209 4496 Cumque
2240 4423 2519 4478 auxilium
2554 4439 2839 4477 manuum
2862 4424 3263 4497 virtutumque
3282 4420 3586 4500 torpuerit,

164 4518 446 4569 statuere
504 4510 843 4565 traditiones
903 4509 1231 4564 hominum.
1294 4508 1373 4562 De
1431 4508 1647 4579 quibus
1695 4512 1753 4563 et
1780 4509 1837 4564 in
1872 4530 1915 4591 ι)
1946 4528 2151 4568 omnes
2180 4511 2431 4581 desuper
2471 4515 2868 4580 tempestates,
2918 4516 2977 4568 et
3008 4512 3342 4570 nimborum
3375 4516 3447 4572 ad
3481 4533 3588 4573 nos

160 4601 336 4658 Isaia
372 4604 516 4671 (cap.
562 4598 688 4669 VIII)
742 4596 940 4653 Israeli
989 4597 1274 4653 Dominus
1324 4598 1738 4663 comminatur,
1769 4612 1836 4652 eo
1946 4600 2118 4656 turbo
2148 4598 2495 4670 prorumpit.
2529 4598 2703 4654 Porro
2726 4600 2881 4670 quod
2916 4600 2974 4654 in
3004 4602 3240 4657 homine
3271 4620 3388 4660 uno
3409 4604 3588 4662 inter-

158 4689 341 4764 quod
374 4687 628 4744 noluerit
656 4703 870 4758 aquam
892 4685 1063 4757 Siloe,
1092 4702 1219 4758 quas
1244 4683 1401 4740 vadit
1423 4701 1553 4739 cum
1581 4684 1833 4757 silentio,
1946 4689 2153 4762 pretati
2177 4703 2405 4755 sumus,
2441 4685 2652 4742 melius
2675 4692 2865 4759 potest
2885 4705 3063 4760 super
3083 4690 3341 4747 Ecclesia
3360 4692 3542 4765 accipi
3567 4711 3581 4762 ;

250 4915 325 4924 -——
358 4882 603 4938 Vanitate
635 4882 894 4948 tumultu,
923 4886 1036 4937 etc.
1078 4879 1441 4937 Corbciensis
1472 4880 1651 4935 codex
1678 4882 1837 4934 vetu-

156 4954 510 5018 stissimus,
554 4956 614 5009 Et
645 4954 808 5023 ﬁnem
838 4953 1093 5024 loquendi
1140 4955 1383 5006 vanitate
1425 4953 1759 5024 tumultuosa
1776 4955 1839 5024 et

154 5026 545 5099 impudentia,
579 5041 765 5080 errore
793 5022 1152 5099 convolvunt;
1186 5024 1331 5099 alter
1378 5023 1563 5099 etiarn
1586 5022 1833 5099 Corbei.,

152 5093 706 5171 [mpudentierrore
744 5098 1066 5152 convolvunt
1086 5093 1296 5171 {pediti
1343 5110 1476 5149 vero
1524 5094 1750 5171 Eras_m.
1782 5098 1839 5171 et

149 5164 424 5226 Marian.
491 5169 741 5222 Vanitale
815 5184 939 5222 cum
1006 5167 1177 5221 multo
1248 5180 1433 5220 errore
1488 5164 1831 5219 convolvunt.

149 5247 467 5298 ΜΑΒΤΙΑΝ.

242 5333 264 5365 ι
302 5328 561 5383 Rursum
584 5342 718 5381 cum
747 5328 952 5381 iisdem
978 5325 1150 5380 editis
1172 5323 1417 5379 Palatin.
1447 5323 1615 5378 codd.
1638 5324 1711 5378 De
1730 5324 1837 5378 ha:-

150 5401 369 5459 reticis
399 5398 884 5469 disputationibus.
918 5397 1182 5451 Vatican.
1238 5401 1315 5451 De
1342 5397 1614 5451 haereticis
1644 5395 1833 5465 dispu-
2014 5395 2035 5469 ξ’
2064 5395 2249 5469 Σεθὶ-ιε·
2280 5395 2333 5435 οι
2363 5395 2610 5469 ξ’διδλῗυηῗν
2646 5395 2791 5469 “gulf

146 5452 378 5533 illius.
411 5452 664 5541 Al'cuin.,
705 5469 1128 5541 dispulantibus.
1331 5536 1342 5541 Δ
2014 5458 2034 5489 ⁴
2064 5454 2315 5541 Ρνίοΐθηξ
2363 5453 2519 5541 hung
2569 5468 2637 5541 83f
2684 5452 2834 5541 [sala
2886 5452 3103 5541 locum"
3131 5458 3360 5541 codipes
3399 5459 3588 5516 nostri

243 5525 393 5596 3'ilta
422 5525 800 5598 retinendum
842 5557 976 5596 cum
1027 5555 1169 5595 mss.
1212 5536 1382 5608 libris
1410 5542 1586 5608 atque
1626 5537 1822 5594 editis.
1943 5543 2146 5608 omnes
2182 5525 2656 5597 praetermittunt.
2704 5525 2989 5584 Victorius
3035 5530 3218 5600 addit,
3246 5533 3398 5590 Bona
3422 5547 3582 5590 man-

140 5611 337 5679 Alibi
364 5615 557 5668 tamen
594 5610 738 5686 legit
768 5611 894 5685 ipse
917 5612 1329 5689 Hieronymus,
1356 5601 1564 5667 Civitas
1582 5624 1834 5683 queenon
1940 5601 2233 5660 ducebant.

1944 4886 2310 4958 Oppugnatur.
2342 4883 2466 4938 Vid.
2501 4882 2746 4954 epistola
2774 4885 2843 4938 30
2889 4884 2959 4958 ad
3003 4887 3258 4958 Paulam,
3291 4903 3453 4943 num.
3496 4888 3585 4945 44.

2018 4987 2083 5028 -έ
2112 4957 2315 5028 Civitas
2344 4970 2463 5028 quis
2494 4964 2867 5028 Oppugnatur.
2895 4957 2954 5010 1n
2991 4957 3103 5011 ﬁne
3132 4958 3390 5028 epistolae
3419 4960 3490 5013 30
3510 4961 3582 5017 ad

1947 5026 2187 5082 Paulam
2215 5027 2285 5079 de
2312 5026 2635 5095 Alpbabeto
2669 5027 2945 5082 Uebraico
2993 5043 3126 5082 cum
3168 5026 3456 5099 particula
3485 5048 3588 5088 ne—

1945 5100 2156 5170 gativa,
2208 5098 2342 5165 Quze
2370 5112 2497 5170 (non
2539 5105 2922 5170 oppugnaturi;
2956 5100 3094 5168 quia
3132 5098 3435 5159 contextus
3466 5119 3590 5158 ser-

1946 5168 2139 5243 monis
2188 5168 2555 5239 negationem
2607 5168 3004 5243 cxigit,__si_cut
3047 5175 3104 5223 et
3146 5170 3203 5224 in
3235 5173 3482 5243 epistola
3511 5174 3588 5232 ad

1944 5242 2468 5315 Algasiam,_quaest.
2490 5241 2768 5293 secunda.
2795 5240 2911 5296 Nisi
2934 5242 3196 5315 l‘ortepro
3214 5240 3583 5315 oppugnatur,

1946 5310 2026 5369 ibi
2059 5311 2379 5383 legendum,
2402 5310 2499 5383 sit,
2530 5325 2637 5383 non
2669 5315 3037 5380 expugnatur.
3075 5310 3355 5371 ΜΑΜῘᾹΝ.

2014 5385 2035 5417 ³
2065 5380 2249 5436 Vatic.
2280 5386 2333 5435 et
2365 5380 2610 5454 Palatio,
2646 5383 2807 5454 Beata
2840 5392 2899 5454 tu
2927 5386 3100 5454 terra,
3135 5390 3243 5440 etc.
