4046 6162
506 322 700 419 Δηδε)

1781 324 1844 384 S.
1893 317 2203 385 EUSEBil
2246 320 2712 385 HIERONYMl.

3699 320 3816 388 “56

541 455 699 529 quod
731 472 833 528 per
863 452 1277 527 negligentiam
1309 455 1640 527 principum
1674 455 1867 511 omnis
1898 456 2024 525 ejus
2056 471 2179 509 cor-
2211 455 2266 522 Α
2293 455 2558 511 bentium
2589 455 2610 489 ⁸
2639 454 2839 509 vinum
2871 456 3218 526 praeparant.
3251 451 3442 509 Omnis
3466 453 3627 525 itaque
3641 456 3820 512 viresn-

539 549 673 601 ruat
699 543 986 599 altitudo:
1034 547 1091 599 et
1130 543 1209 597 ibi
1256 543 1532 598 vitiorum
1578 543 1861 599 illecebrae
1909 543 2049 608 sint,
2083 543 2183 597 ubi

542 640 770 706 tegmen
811 638 824 669 ¹
853 632 1170 704 putabatur
1197 648 1326 686 esse
1354 633 1666 686 virtutum.

615 746 642 772 ‹‹
668 726 733 775 In
767 720 885 775 risu
920 721 1141 775 faciunt
1178 735 1390 790 panem
1421 725 1478 774 et
1532 720 1731 774 vinum
1762 722 1801 783 ³,
1855 724 1918 774 ut
1946 719 2183 790 epulen-

542 816 641 867 tur
669 811 945 866 viventes.
979 809 1048 861 Et
1103 813 1341 878 argento
1407 808 1691 862 obediunt
1736 809 1839 879 [Αἰ.
1886 807 2183 877 obediens]

543 898 759 956 omnia.
797 921 823 947 ››
871 897 1152 952 Existimo
1206 913 1271 951 ex
1312 896 1715 968 superioribus
1746 897 1997 969 pendere
2026 896 2182 966 quod

542 988 828 1060 sequitur.
864 988 923 1041 In
948 985 1183 1057 pigritia
1210 984 1366 1039 enim
1398 989 1455 1039 et
1484 985 1543 1039 in
1587 986 1851 1041 socordia
1880 984 2185 1054 magistro-

542 1093 675 1133 rum
726 1073 1027 1130 humiliari
1080 1072 1418 1143 Ecclesium,
1467 1077 1526 1129 et
1576 1073 1806 1128 culmen
1840 1073 1969 1143 ejus
1998 1071 2187 1127 conci-

541 1165 697 1231 dere,
729 1168 785 1218 et
816 1163 977 1233 tigna
1024 1161 1231 1233 perﬂui
1262 1162 1304 1228 ³,
1355 1178 1536 1233 supra
1586 1161 1983 1233 exposuimus.
2018 1160 2183 1215 Nunc

538 1268 676 1323 ergo
706 1252 775 1305 de
805 1249 1025 1305 eisdem
1056 1248 1357 1321 magistris
1407 1248 1686 1321 loquitur.
1739 1249 1806 1303 Et
1853 1242 1992 1319 quia
2021 1247 2182 1302 visus

539 1343 728 1397 fuerat
756 1354 1031 1394 accusare
1087 1354 1205 1407 eos,
1263 1354 1369 1392 cur
1396 1342 1675 1404 tacerent,
1710 1342 1766 1392 et
1800 1353 1913 1392 non
1944 1340 2183 1391 uteren-

536 1434 635 1485 tur
664 1428 854 1483 ofﬁcio
881 1426 1325 1496 magistrorum,
1358 1430 1414 1480 et
1461 1426 1721 1497 episcopi
1773 1428 1830 1480 et
1860 1424 2183 1495 presbyteri

534 1515 596 1572 in
624 1515 883 1572 Ecclesia
928 1514 1252 1579 constituti,
1284 1531 1397 1568 non
1428 1514 1758 1569 laborarent
1808 1513 1866 1566 in
1916 1527 2183 1567 sermone

536 1609 594 1660 et
647 1603 929 1671 doctrina,
989 1604 1145 1673 quod
1205 1602 1359 1657 478
1394 1606 1454 1656 et
1492 1600 1659 1655 Titus
1689 1604 2094 1655 commonetur
2121 1603 2187 1654 ut

537 1692 714 1748 faciat
744 1693 865 1762 (Tit.
904 1708 943 1757 1,
973 1692 1051 1760 5),
1084 1694 1141 1745 et
1191 1690 1494 1745 Timotheo
1542 1688 1898 1760 praecipitur,
1951 1704 2022 1742 ne
2050 1704 2182 1759 gra-

533 1781 677 1837 tiam
713 1778 990 1851 negligat,
1024 1796 1202 1850 quam
1261 1795 1362 1849 per
1406 1777 1837 1850 impositionem
1898 1792 2183 1830 manuum

534 1873 869 1941 acceperat;
903 1868 1004 1923 sed
1039 1872 1095 1921 et
1125 1867 1181 1921 in
1215 1883 1282 1920 eo
1314 1883 1376 1921 se
1422 1865 1780 1921 aestimarent
1811 1865 2179 1936 presbyteros

534 1962 592 2014 et
622 1957 945 2027 episcopos,
979 1958 1043 2009 ut
1072 1954 1355 2011 salutaria
1385 1954 1712 2025 acciperent
1744 1953 1784 2019 ‘,
1834 1958 1892 2007 et
1924 1952 2004 2006 uti
2040 1970 2176 2022 pras-

534 2050 795 2117 ceptores
826 2044 1105 2099 honorem
1136 2042 1427 2114 duplicem
1480 2046 1827 2113 quaererent,
1876 2041 1976 2112 qui
2015 2040 2175 2095 labo-

534 2134 803 2190 rantibus
831 2132 889 2185 in
947 2131 1213 2186 doctrina
1270 2134 1328 2185 et
1374 2146 1643 2185 sermone
1676 2131 1920 2185 debetur
1949 2130 1998 2200 (Ι
2031 2130 2174 2183 Tim.

536 2240 612 2291 IV,
642 2221 771 2292 it);
820 2237 975 2276 nunc
1032 2220 1322 2275 contrario
1370 2222 1611 2275 accusat
1657 2236 1756 2275 eos
1794 2218 1889 2289 qui
1924 2218 2175 2288 loquun-

531 2315 630 2367 tur
655 2310 892 2382 quidem
924 2309 982 2363 in
1014 2307 1288 2376 Ecclesia,
1321 2312 1378 2362 et
1423 2308 1634 2363 docent
1676 2306 1941 2379 populos,
1977 2306 2076 2360 sed
2110 2322 2178 2361 ea

534 2401 744 2455 docent
773 2415 898 2470 quas
932 2396 1211 2469 populum
1242 2396 1446 2452 audire
1491 2395 1753 2465 delectet,
1788 2394 1942 2466 quod
1976 2411 2177 2466 pecca-

535 2494 690 2544 tores
720 2486 916 2559 palpet
946 2485 1001 2539 in
1033 2485 1193 2551 vitio,
1226 2489 1283 2540 et
1330 2484 1609 2557 strepitus
1656 2484 1906 2540 concitet
1935 2482 2179 2538 audien-

534 2577 704 2631 tium.
762 2575 963 2629 Nonne
1018 2574 1252 2645 quando
1308 2574 1366 2627 in
1399 2572 1656 2629 Ecclesia
1684 2572 1915 2629 lascivit
1942 2571 2125 2626 oratio
2156 2570 2177 2603 ⁸

535 2665 644 2735 (At.
697 2663 935 2733 orator],
985 2668 1042 2717 ct
1088 2662 1533 2720 beatitudinem.
1584 2667 1641 2717 et
1688 2678 1868 2733 regna
1898 2659 2177 2716 ccelorum

536 2751 901 2808 multitudini
936 2748 1258 2823 pollicetur,
1306 2749 1534 2804 videtur
1573 2749 1673 2804 tibi
1706 2749 1765 2802 in
1810 2749 1931 2803 risu
1966 2764 2176 2819 panem

535 2842 744 2909 facere,
775 2844 833 2895 et
862 2840 1062 2894 vinum
1095 2840 1165 2894 ad
1200 2837 1460 2893 laetitiam
1494 2838 1736 2894 miscere
1775 2836 2179 2892 viventium“?

534 2931 662 2986 Sive
692 2929 845 3001 quod
900 2928 1013 2999 ipsi
1071 2927 1171 2999 qui
1230 2927 1458 2996 docent,
1519 2926 1774 2995 divitias,
1822 2930 1879 2981 et
1909 2925 2089 2993 cibos,
2122 2929 2179 2980 et

535 3034 674 3090 opes
701 3033 804 3090 per
859 3014 1232 3071 delectabilia
1290 3015 1582 3085 promissa
1637 3013 2023 3086 conquirant;
2059 3014 2177 3069 sive

535 3106 690 3179 quod
721 3104 991 3160 Ecclesiae
1024 3120 1252 3175 panem,
1287 3102 1388 3173 qui
1422 3104 1588 3174 panis
1620 3102 1944 3174 lugentium
1977 3107 2086 3167 est,
2122 3106 2204 3157 et‘

2295 548 2423 599 etus
2453 545 2574 615 qui,
2609 547 2673 598 ut
2700 542 2969 598 Christus
3001 542 3292 614 praecepit,
3342 542 3589 613 magister
3621 543 3820 600 Ecclesia

2294 637 2403 700 est,
2434 631 2494 687 in
2527 633 2646 687 risu
2680 635 2737 687 et
2764 630 2966 687 laetitia
3011 647 3222 702 panem
3274 631 3424 699 facit,
3463 635 3514 685 et
3551 630 3648 684 vini
3672 632 3823 701 pocula

2294 721 2591 775 ministrat
2620 721 2678 775 in
2710 720 2943 791 gaudio.
2997 721 3320 791 Argentum
3368 735 3595 791 quoque,
3634 718 3711 774 cui
3731 720 3824 776 obe-

2293 809 2465 863 diunt
2492 810 2595 877 [Αι.
2631 807 2932 877 obediens]
2961 806 3180 872 omnia,
3217 806 3467 878 quinque
3492 806 3583 861 illa
3612 807 3671 861 de
3693 807 3823 862 Evan-

2292 897 2465 968 gelio,
2497 902 2555 951 et
2578 898 2715 965 duo,
2748 901 2804 951 et
2834 913 3020 950 unum
3051 894 3485 967 patrisfamilias
3504 900 3626 950 sunt
3650 895 3824 963 talents,

2291 989 2350 1041 et
2379 986 2578 1040 decem
2610 1001 2781 1051 mare,
2814 1000 2942 1054 quae
2975 982 3159 1039 servis
3190 983 3247 1037 in
3273 982 3630 1055 negotiatione
3648 982 3826 1037 credun-

2292 1078 2389 1128 tur
2417 1073 2603 1142 (Matth
2627 1089 2755 1140 xxv,
2788 1072 2985 1143 seqq.).

2364 1185 2392 1211 ‹‹
2453 1163 2517 1216 In
2578 1164 2772 1216 mente
2831 1166 2933 1215 tua
2992 1160 3112 1232 regi
3165 1176 3236 1216 ne
3296 1159 3655 1229 maledixeris,
3711 1162 3753 1214 et
3793 1158 3829 1212 in

2292 1254 2514 1305 secreto
2544 1247 2756 1304 eubilis
2806 1248 2914 1313 tui,
2974 1266 3045 1303 ne
3104 1248 3490 1311 maledixeris,
3520 1247 3661 1301 diviti
3690 1247 3829 1313 ςΔπ

2291 1338 2429 1409 quia
2457 1337 2578 1393 avis
2617 1337 2745 1392 coeli
2789 1338 3013 1392 auferet
3058 1353 3278 1407 vocem,
3328 1343 3386 1393 et
3427 1336 3631 1391 habens
3656 1351 3830 1406 pennas,

2292 1426 2667 1481 annuntiabit
2725 1427 2963 1480 verbum
2997 1427 3036 1481 ⁸.
3074 1449 3101 1474 »ρ
3161 1426 3229 1480 Et
3278 1424 3519 1496 simplex
3563 1429 3831 1495 praeceptum

2291 1515 2539 1569 aediﬁcat
2570 1514 2912 1581 audientes;
2960 1531 3029 1569 ne
3074 1513 3161 1568 ira
3208 1519 3268 1570 et
3316 1515 3502 1569 furore
3546 1511 3779 1583 superati,
3797 1511 3833 1565 in

2293 1603 2670 1658 maledictum
2698 1602 2829 1657 etin
2858 1602 3277 1658 detractionem
3304 1618 3504 1674 regum
3520 1606 3572 1656 et
3586 1598 3834 1672 principum

2291 1707 2747 1762 prorumpamus
2771 1708 2783 1757 ;
2819 1691 2957 1761 quia
2988 1695 3190 1746 contra
3209 1706 3374 1762 spem
3396 1689 3668 1745 interdum
3690 1687 3836 1751 evenit,

2294 1784 2359 1834 ut
2387 1778 2482 1834 his
2511 1779 2726 1849 quibus
2757 1777 3193 1845 malediximus,
3226 1779 3543 1844 nuntietur,
3571 1782 3625 1833 et
3648 1776 3835 1830 incum-

2288 1883 2421 1922 mus
2443 1865 2770 1937 periculum
2793 1866 3279 1923 immoderatione
3301 1866 3530 1939 linguae.
3549 1864 3691 1931 Quod
3707 1868 3836 1918 autem

2287 1955 2409 2010 ait:
2466 1975 2486 2003 ι
2520 1955 2659 2009 Avis
2706 1955 2837 2009 cmli
2885 1956 3109 2010 auferet
3153 1972 3378 2021 vocem,
3430 1960 3486 2010 et
3532 1954 3726 2008 habens
3750 1967 3836 2022 pen-

2285 2061 2393 2100 nas
2422 2043 2802 2099 annuntiabit
2832 2044 3093 2113 verbum,
3132 2066 3157 2092 ››
3190 2043 3557 2116 hyperbolice
3586 2039 3835 2111 intelligen-

2285 2134 2449 2197 dum,
2480 2132 2772 2204 quomodo
2802 2132 3061 2187 solemus
3088 2133 3298 2202 dicere,
3331 2131 3507 2187 etiam
3546 2132 3690 2202 ipsos
3714 2127 3835 2199 parie-

2285 2226 2394 2287 tes,
2426 2221 2642 2292 quibus
2673 2220 2922 2276 consciis
2951 2219 3269 2291 loquimur,
3320 2238 3448 2292 qute
3489 2217 3744 2276 audierint
3763 2229 3836 2269 non

2286 2309 2593 2365 celaturos.
2642 2310 2751 2364 Sed
2802 2308 3011 2364 melius
3059 2315 3148 2364 est
3193 2309 3276 2364 sic
3314 2309 3518 2364 audire
3548 2308 3838 2380 praeceptum.

2288 2403 2352 2453 ut
2382 2397 2639 2452 sciamus
2668 2396 2838 2452 nobis
2868 2413 2997 2453 esse
3028 2397 3395 2464 mandatum,
3430 2413 3544 2452 non
3573 2394 3737 2451 solum
3757 2406 3841 2446 con-

2286 2492 2376 2542 tra
2395 2485 2694 2543 Christum
2716 2489 2933 2541 temere
2956 2484 3100 2540 nihil
3127 2486 3507 2556 loquendum,
3527 2500 3706 2539 verum
3724 2480 3841 2536 etiam

2285 2574 2346 2629 in
2376 2574 2605 2629 arcanis
2647 2572 2859 2637 cordis,
2903 2573 3173 2645 quamvis
3216 2574 3398 2629 variis
3448 2568 3843 2628 tribulationibus

2287 2667 2663 2731 coarctemur,
2695 2660 2837 2715 nihil
2872 2661 3311 2733 blasphemum,
3347 2661 3493 2717 nihil
3524 2660 3741 2733 impium
3765 2671 3845 2710 seu-

2284 2751 2571 2806 tiendum.
2605 2750 2674 2804 Et
2702 2749 2844 2821 quia
2873 2749 3246 2805 dilectionem
3278 2766 3461 2821 quam
3511 2748 3716 2804 Christo
3740 2741 3845 2799 exhi-

2288 2840 2517 2907 bemus,
2567 2837 2852 2892 debemus
2899 2843 2957 2893 et
3000 2837 3301 2909 proximo:
3355 2839 3555 2909 Diliges
3598 2838 3763 2908 quippe
3782 2831 3846 2885 Do-

2285 2928 2501 2981 minum
2528 2927 2701 2981 Deum
2727 2934 2901 2992 tuum,
2932 2926 3023 2980 sed
3051 2935 3107 2981 et
3133 2927 3459 2997 proximum
3488 2935 3633 2981 tuum
3660 2928 3847 2991 tanquam

2286 3018 2541 3086 teipsum,
2573 3014 2748 3070 etiam
2782 3030 2937 3070 nunc
2975 3014 3277 3085 jubemur,
3329 3031 3406 3069 ne
3456 3018 3585 3086 post
3625 3025 3786 3083 regem
3804 3006 3849 3060 de

2286 3104 2505 3160 sanctis
2538 3118 2773 3174 quoque
2831 3101 2999 3159 facile
3054 3102 3479 3171 detrahamus;
3538 3106 3592 3158 et
3643 3116 3726 3155 eos
3749 3109 3847 3167 quos

536 3210 651 3249 non
671 3193 984 3248 ridentium
1010 3191 1182 3263 (beati
1210 3189 1426 3262 quippe
1445 3190 1731 3262 lugentes,
1761 3190 2036 3261 quoniam
2062 3190 2173 3261 ipsi
2205 3178 2248 3245 C
2286 3192 2602 3247 viderimus
2624 3190 2930 3263 sapientia,
2951 3191 3211 3257 scientia,
3232 3190 3661 3260 vistutibusque
3678 3187 3848 3249 ditatus,

536 3281 831 3351 ridebunt)
863 3280 919 3334 in
956 3279 1154 3333 laetitia
1184 3279 1516 3350 gaudioque
1538 3278 1866 3333 conficiant.
1893 3279 2053 3342 Quod
2078 3296 2173 3333 au-

532 3374 649 3426 tem
684 3368 982 3439 sequitur:
1021 3370 1278 3423 Pecunias
1305 3366 1391 3422 vel
1421 3371 1644 3438 argento
1672 3366 1929 3422 obediunt
1966 3368 2171 3435 omnia,

535 3456 845 3529 dupliciter
895 3455 1336 3527 accipiendum:
1400 3456 1487 3510 vel
1521 3456 1680 3527 ipsos
1727 3456 1991 3511 doctores
2023 3460 2175 3527 post-

535 3563 711 3619 quam
768 3545 1102 3601 adulatione
1151 3542 1316 3599 ditati
1367 3543 1507 3607 sint,
1551 3561 1795 3615 regnum
1839 3545 1896 3598 in
1931 3544 2176 3616 populos

533 3650 833 3693 exercere:
868 3632 956 3689 vel
987 3637 1161 3699 certe,
1207 3633 1344 3703 quia
1392 3640 1700 3704 argentum
1757 3649 1858 3703 pro
1912 3649 2177 3688 sermone

535 3740 767 3796 semper
795 3722 1152 3793 accipiatur:
1186 3722 1425 3791 Eloquia
1480 3721 1635 3775 enim
1692 3722 1928 3787 Domini,
1961 3721 2179 3791 eloquia

535 3816 705 3879 casta,
761 3815 1055 3879 argentum
1113 3812 1238 3880 igne
1265 3809 1560 3880 probatum
1616 3818 1779 3866 terra:
1806 3811 1848 3876 ⁷,
1877 3814 2178 3880 purgatum

535 3899 843 3970 septuplum
873 3900 1043 3968 (Psal.
1087 3915 1147 3963 ιι,
1208 3899 1301 3965 7):
1354 3899 1461 3953 hoc
1507 3901 1815 3968 asseverat,
1881 3899 2034 3969 quod
2066 3898 2180 3953 elo-

537 3986 788 4057 quentiae
847 3990 905 4040 et
963 3986 1232 4053 orationi,
1292 4002 1421 4057 quas
1476 3986 1783 4041 verborum
1846 3986 1923 4041 sit
1977 3987 2179 4043 fronde

537 4074 879 4147 composita,
940 4073 1106 4129 facile
1161 4074 1372 4147 vulgus
1428 4075 1594 4130 cedat
1650 4074 1921 4147 ignobile.
1956 4075 2176 4133 Aliter:

537 4163 645 4231 Qui
674 4162 895 4218 habent
924 4163 1076 4234 apud
1109 4180 1172 4218 se
1202 4180 1507 4234 sponsum,
1543 4168 1599 4218 et
1649 4168 1953 4235 propterea
1983 4164 2180 4235 lugere

536 4252 883 4323 etjejunare
912 4251 1315 4322 prohibentur,
1368 4252 1428 4305 in
1463 4252 1585 4306 risu
1621 4251 1843 4305 faciunt
1872 4268 2104 4322 panem.
2137 4255 2181 4308 A

537 4356 654 4412 quo
682 4339 804 4395 risu
838 4347 891 4395 el
924 4339 1084 4395 Isaac
1115 4355 1324 4394 nomen
1359 4337 1600 4409 accepit.
1651 4343 1707 4393 et
1753 4338 1809 4392 in
1865 4338 2064 4395 laetitia
2096 4342 2181 4395 bi-

608 4481 624 4514 ¹
660 4480 843 4535 Palat.
878 4480 973 4535 ubi
1002 4482 1263 4550 regimen.
1301 4479 1487 4535 Vatic.
1521 4481 1785 4551 Iegimen.

2283 3280 2496 3352 lingua:
2530 3279 2907 3335 mordacitate
2940 3280 3256 3347 rodamus;
3290 3280 3437 3351 quia
3462 3277 3642 3351 angeli
3671 3274 3752 3347 qui
3771 3279 3849 3327 ter

2284 3386 2407 3425 ram
2440 3369 2823 3434 circumeunt,
2889 3371 2946 3423 et
2974 3372 3113 3423 sunt
3143 3367 3625 3424 administratorii
3653 3361 3847 3436 spiritus

2283 3457 2427 3514 etin
2480 3456 2753 3512 Zacharia
2812 3456 3180 3528 loquuntur:
3234 3457 3655 3513 Circumivimus
3679 3459 3847 3511 terram

2283 3551 2333 3602 et
2361 3562 2476 3601 ecce
2513 3547 2691 3601 omnis
2738 3547 2887 3600 terra
2937 3546 3237 3611 habitatur,
3266 3550 3320 3601 et
3348 3548 3481 3601 silet
3506 3546 3680 3614 (Zach.
3700 3559 3734 3609 ι,
3761 3538 3849 3605 tl):

2285 3636 2355 3689 ad
2388 3636 2573 3689 instar
2604 3634 2820 3695 avium,
2853 3638 3055 3689 nostra
3102 3635 3279 3689 verba
3340 3640 3399 3690 et
3446 3634 3786 3707 cogitationes
3807 3623 3853 3680 ad

2286 3722 2496 3778 coelum
2529 3722 2855 3793 perferant:
2907 3727 2964 3777 et
3020 3723 3176 3794 quod
3235 3723 3390 3779 clam
3452 3710 3855 3795 cogitamus,Dei

2286 3811 2591 3867 scientiam
2622 3827 2738 3866 non
2771 3810 2971 3866 latere.

2357 3899 2517 3972 (Cap.
2551 3898 2669 3970 ΧΙ.)
2739 3920 2765 3949 ‹‹
2800 3899 2962 3954 Mitte
3020 3916 3232 3971 panem
3286 3904 3461 3956 tuum
3519 3916 3683 3971 super
3714 3892 3858 3951 faciem

2287 4005 2452 4060 aquae
2477 4004 2489 4042 :
2511 3987 2651 4059 quia
2671 3987 2728 4041 in
2753 3987 3131 4043 multitudine
3153 3988 3388 4044 dierum
3415 3989 3665 4045 invenies
3682 3984 3860 4041 illum.»

2288 4078 2371 4132 Ad
2417 4075 2848 4148 eleemosynam
2895 4075 3257 4143 cohortatur,
3314 4079 3476 4149 quod
3521 4064 3860 4146 omnipotenti

2288 4165 2369 4221 sit
2398 4165 2684 4231 dandum,
2732 4168 2790 4219 et
2834 4164 3147 4219 indiscrete
3198 4165 3539 4222 faciendum
3585 4166 3732 4220 bene.
3759 4159 3863 4223 Ουο·

2293 4254 2466 4308 modo
2517 4253 2698 4321 enim,
2752 4252 2851 4324 qui
2885 4269 3063 4324 super
3105 4252 3331 4326 irrigua
3374 4255 3639 4331 seminat,
3673 4250 3862 4306 fructum

2291 4341 2577 4397 sementis
2631 4345 2964 4413 exspectat:
3021 4342 3103 4397 ita
3146 4343 3247 4414 qui
3331 4342 3583 4415 largitur
3606 4335 3863 4413 egentibus,

2361 4484 2382 4517 ⁵
2411 4485 2470 4537 In
2502 4482 2741 4537 Ecclesia
2776 4480 2995 4537 lascivit
3032 4484 3228 4538 oratio.
3286 4484 3460 4550 Editi,
3512 4481 3746 4550 Lasciviit
3777 4486 3861 4550 oru-

607 4551 630 4585 ¹
658 4552 722 4606 In
756 4542 1127 4625 risufaciunt
1146 4566 1351 4625 panem
1375 4560 1426 4604 et
1466 4542 1669 4625 vinum.
1707 4552 1789 4605 Ita
1820 4550 2021 4623 legunt
2049 4571 2178 4609 om-
2209 4542 2254 4607 D
2285 4558 2388 4619 tor,
2424 4554 2525 4608 sed
2559 4553 2795 4625 nullum,
2818 4553 2953 4625 ividi
3002 4554 3257 4609 codicem
3306 4571 3420 4610 ms.
3446 4542 3558 4625 'qui
3606 4569 3707 4607 non
3735 4546 3859 4618 legat,

538 4638 647 4702 nes
673 4639 818 4702 mss.
843 4623 1087 4702 “Sicque
1129 4621 1456 4702 legendum
1514 4621 1741 4702 doc-ent.
1764 4621 2182 4702 consequentia

534 4696 710 4751 verba
745 4694 805 4749 in
838 4691 1267 4749 Commentario
1299 4691 1475 4761 hujus
1505 4692 1766 4764 capituli,
1813 4691 2080 4764 quamvis
2112 4714 2181 4751 ex

535 4767 774 4823 Hebrmo
830 4769 1027 4837 postea
1088 4764 1474 4837 Hieronymus
1531 4763 1949 4835 interpretatus
1992 4766 2089 4837 sit,
2120 4770 2177 4822 in

538 4840 714 4893 risum
741 4834 958 4907 faciunt
981 4850 1204 4907 panem,
1234 4839 1341 4888 etc.
1366 4834 1656 4907 Maurum.

572 4904 922 4987 (3Ma'rtian.
978 4904 1219 4987 perplui,
1269 4904 1412 4985 satis
1462 4904 2176 4987 malc,.nost_risque.mss.

572 4952 573 4955 η
656 4948 922 4964 unum...
978 4948 1219 4987 μωμητ,
1269 4948 1412 4985 Ἴρην
1464 4948 2004 4986 ...υηυηωυηωιιυυ
2037 4948 2176 4965 κως.

539 4984 715 5053 atque
744 4986 917 5053 antea
952 4978 1123 5034 editis
1163 4975 1329 5053 libris
1387 4948 1944 5053 contradicentibus.
1986 4980 2181 5035 Ferme

538 5048 864 5123 elegantius
893 5048 1740 5123 legerat,A_lcu_inusperﬂuere.

610 5119 764 5193 -ἰ-Ει
794 5119 1213 5193 ιέρηίιφενρίῖιὶ.
1247 5119 1387 5173 Mss.
1429 5119 1829 5193 Corbeienses,
1861 5127 1911 5175 et
1936 5123 2181 5191 tegmina

535 5192 780 5261 perplui.
816 5189 1038 5247 Erasm.
1074 5189 1226 5262 ligna
1248 5191 1469 5261 per/lui,
1493 5189 1794 5262 AMAR’I‘IAN.

611 5260 649 5333 ἵ
668 5263 729 5316 Ut
756 5264 1028 5317 salutaria
1055 5260 1380 5333 acciperent.
1412 5260 1544 5315 Tria
1562 5262 1915 5331 exemplaria
1946 5279 2088 5317 mss.
2120 5267 2181 5317 ut

540 5332 755 5386 salaria
786 5339 1107 5402 occuparent.
1141 5332 1494 5387 Sorbonicus
1533 5333 1731 5399 codex,
1766 5338 1826 5387 ut
1854 5335 2179 5389 salutatoria

541 5404 866 5477 acciperent.
906 5405 1054 5477 inter
1086 5404 1191 5459 has
1221 5404 1510 5477 variantes
1544 5403 1843 5477 lectiones,
1874 5406 2178 5477 antiquam

540 5472 825 5549 librorum
845 5472 1141 5549 editorum
1166 5474 1542 5542 retinuimus,
1566 5475 1720 5549 sicut
1740 5476 1915 5533 etiam
1938 5472 2181 5549 seducu-

541 5550 683 5605 tem.
715 5548 766 5621 et
796 5545 878 5598 uti
903 5552 1270 5621 praeceptores.
1308 5563 1407 5619 pro
1458 5562 1571 5619 quo
1602 5547 1658 5601 in
1691 5548 1725 5601 3
1771 5564 1911 5605 mss.
1948 5545 2177 5621 legitur,

541 5625 590 5687 et
612 5618 757 5676 muti
782 5623 1156 5693 prwceptores,
1192 5616 1478 5677 MAIt'l‘lAN.

2293 4626 2525 4679 Lascivit
2552 4626 2744 4679 oratio.
2782 4624 3067 4679 ΜΑΜῚΑΝ.

2359 4697 2495 4777 fl‘ta
2525 4695 2762 4775 quidem
2796 4695 2957 4777 editi.
2985 4695 3205 4777 pariter
3253 4712 3318 4777 ac
3352 4712 3497 4777 mss.
3532 4693 3657 4777 libri
3684 4686 3861 4777 hqbep}

2288 4760 2676 4839 Nihilose-cius
2704 4765 2905 4820 malim
2939 4760 3244 4822 bibentium
3287 4767 3421 4839 legi,
3452 4767 3603 4839 quod
3636 4760 3782 4837 paulo
3804 4760 3863 4810 in-

2290 4837 2469 4908 ferius
2502 4852 2644 4891 mss.
2678 4852 2786 4908 ope
2827 4853 3046 4892 assero.

2358 4908 2376 4941 ⁷
2407 4907 2624 4963 Victor.
2660 4896 2795 4963 cum
2848 4908 3077 4980 Vulgat.
3130 4910 3260 4977 Igne
3295 4911 3691 4970 examinatum,
3715 4896 3861 4974 proba-

2291 4983 2405 5033 tum
2440 4987 2621 5043 terra},
2656 4985 2765 5034 etc.
3679 5045 3701 5047 _
3743 5041 3755 5047 _
3791 5036 3816 5047 Δ,

2360 5051 2380 5084 ⁸
2414 5041 2695 5105 Emendat
2743 5048 2928 5106 Vatic.
2986 5050 3306 5115 bibentium,
3368 5049 3524 5121 quod
3574 5056 3624 5103 et
3676 5041 3860 5121 Palatii]:

2289 5122 2548 5177 secunda
2578 5138 2754 5176 manu
2800 5121 3044 5189 astruit;
3097 5127 3269 5177 antea
3294 5108 3570 5194 'congruo
3598 5130 3753 5175 sensu
3776 5108 3861 5166 ϐαι

2287 5194 2607 5248 viventium.

2359 5263 2653 5318 9Palatia.
2716 5263 2882 5317 alter.
2944 5264 3085 5331 Quia
3128 5264 3370 5318 volucres
3426 5262 3671 5332 auferent
3692 5257 3859 5309 vocem:

2287 5340 2509 5389 veteres
2539 5333 2700 5398 editi,
2738 5334 2985 5389 Votucres
3014 5336 3139 5389 rceli
3163 5335 3473 5405 portabunt,
3508 5341 3609 5405 etc.

2359 5437 2426 5479 —-_
2459 5406 2601 5474 Quia
2629 5393 2747 5479 avis
2773 5407 2896 5461 caeli
2925 5393 3379 5479 auferetjocem.
3423 5393 3728 5479 Genuinatn
3751 5393 3861 5479 hggf

2286 5460 2594 5533 lectionem
2628 5460 2883 5531 retinent
2933 5460 3197 5532 nonnulli
3224 5460 3657 5533 rmanuscripti:
3688 5468 3738 5522 in
3762 5460 3858 5518 alii!

2287 5564 2402 5679 Bon
2439 5548 2582 5602 bene
2630 5546 2861 5621 legitur,
2920 5549 3168 5605 Volurces
3221 5550 3343 5606 σαειὶ
3391 5546 3670 5620 portabunt
3696 5547 3855 5594 voce».

2343 5635 2573 5679 manu.

2343 5635 2573 5683 ABTIAN.
