4046 6162
160 314 356 383 ³1157

1205 320 1831 389 COMMENTARIUS
1876 327 1952 386 IN
1994 324 2593 390 ECCLESIASTEN.

3438 327 3597 391 1158

197 471 310 509 non
337 469 588 526 granum
622 455 887 519 seminis,
930 458 1030 512 sed
1063 457 1257 530 ipsum
1289 475 1500 530 panem
1555 458 1714 529 serit,
1759 458 1841 514 fe-
1868 467 1924 533 Α
1954 475 2112 515 ream
2137 477 2150 514 :
2172 460 2251 515 ibi
2274 479 2406 517 cum
2438 464 2711 516 mortuus
2733 459 2931 528 fueris,
2965 462 3593 532 permanebis.Aliter:

194 559 334 599 nore
366 545 620 615 quodam
648 544 1197 618 multiplicationem
1240 546 1398 602 illius
1453 546 1794 619 praestolans
1824 564 1837 613 ;

189 637 247 688 et
278 649 413 688 cum
444 634 570 689 dies
590 634 797 705 judicii
830 636 1145 704 advenerit,
1176 636 1363 692 multo
1386 635 1638 708 amplius
1661 653 1836 708 quam

188 720 434 776 dederat
491 725 1008 794 recepturus'irll.
1061 726 1441 796 reperturus}.
1502 725 1721 779 Aliter:
1774 725 1837 779 In

188 824 545 881 quocunque
576 810 810 866 homine
840 810 1001 867 illam
1053 829 1267 883 aquam
1315 813 1550 877 videris,
1605 814 1676 867 de
1722 830 1840 883 qua

187 897 441 953 dicitur:
474 900 727 954 Flumina
756 899 820 955 de
870 904 1055 955 ventre
1108 901 1228 971 ejus
1291 902 1461 970 ﬂuent
1508 918 1661 971 aquee
1698 904 1840 957 vivae

188 987 367 1057 (Joan.
390 1004 494 1054 vn,
532 987 644 1058 38),
672 1004 740 1042 ne
764 992 819 1042 te
852 989 1046 1060 pigeat
1084 1005 1293 1060 ponem
1361 989 1678 1059 sapientiae,
1730 1006 1835 1060 pa-

187 1088 328 1129 nem
369 1075 801 1143 rationabilem,
842 1094 1051 1148 panem
1082 1082 1353 1149 praestare
1401 1078 1709 1133 sermonis.
1778 1077 1836 1133 Si

189 1162 348 1216 enim
408 1162 516 1218 hoc
558 1164 890 1235 frequenter
950 1164 1167 1232 feceris,
1230 1166 1391 1221 480
1448 1165 1705 1220 invenies
1783 1169 1837 1219 te

192 1268 306 1306 non
341 1251 641 1307 incassum
676 1252 1074 1308 doctrinarum
1092 1254 1304 1323 jecisse
1335 1259 1676 1309 sementem.
1699 1252 1837 1308 Tale

190 1340 332 1410 quid
363 1340 509 1394 etin
542 1340 694 1396 Isaia
723 1340 943 1395 dictum
1002 1346 1181 1412 puto:
1220 1346 1418 1397 Beatus
1471 1343 1566 1411 qui
1602 1343 1838 1397 seminat

186 1444 357 1498 super
391 1445 612 1498 aquam,
647 1429 744 1483 ubi
768 1430 857 1483 bos
886 1438 937 1484 et
985 1431 1178 1484 asinus
1226 1431 1440 1485 caleant
1469 1430 1603 1500 (lsa.
1654 1447 1835 1497 xxxu,

185 1519 303 1586 20).
335 1517 494 1581 Quod
531 1515 627 1571 ille
658 1518 937 1587 magister
962 1518 1321 1573 beatitudine
1352 1518 1569 1588 dignus
1624 1517 1835 1571 habea-

195 1610 314 1671 tur,
346 1604 440 1674 qui
462 1621 636 1675 super
655 1605 939 1676 irriguum
957 1610 1161 1677 pectus
1176 1607 1424 1660 seminet
1444 1605 1834 1672 audientium,

196 1699 317 1748 tam
349 1709 414 1747 ex
439 1692 677 1761 Judmis,
712 1710 888 1764 quam
928 1711 992 1750 ex
1041 1693 1305 1765 gentium
1353 1693 1567 1764 pepulo
1599 1709 1837 1765 congre-

194 1788 395 1854 gutum
426 1783 464 1834 ³.

263 1895 289 1919 α
328 1870 410 1924 Da
468 1873 690 1941 partem
751 1869 856 1939 [AL
904 1870 1117 1943 partes]
1167 1873 1416 1941 septem,
1475 1874 1532 1924 et
1596 1870 1834 1942 quidem

188 1963 350 2015 octo:
393 1960 532 2030 quia
571 1976 685 2013 non
717 1958 834 2013 scis
862 1959 1001 2030 quid
1037 1959 1295 2013 futurum
1318 1958 1393 2014 sit
1420 1958 1640 2013 malum
1664 1976 1840 2030 super

189 2052 432 2102 terram.
460 2069 487 2095 ››
523 2051 586 2100 Et
617 2045 675 2100 in
737 2046 1031 2101 Ezechiele
1080 2050 1302 2117 septem
1335 2050 1393 2101 et
1434 2050 1562 2100 octo
1620 2047 1838 2118 gradus

190 2136 264 2189 ad
292 2133 497 2204 templi
526 2133 800 2206 leguntur
829 2150 1138 2189 ascensum
1170 2133 1384 2201 (Επειδὴ.
1434 2152 1525 2197 xc,
1581 2135 1674 2199 26,
1728 2133 1835 2203 31).

190 2224 263 2279 Et
292 2228 425 2295 post
454 2222 712 2277 ethicam
745 2221 913 2277 illum
948 2221 1268 2292 psalmum,
1325 2221 1383 2276 id
1439 2226 1549 2286 est,
1590 2221 1840 2278 centesi-

192 2328 360 2367 mum
390 2317 658 2366 octavum
686 2311 979 2366 decimum
1008 2311 1345 2380 quindecim
1376 2309 1841 2381 graduumpsal-

192 2402 274 2456 mi
316 2406 478 2470 sunt,
512 2416 611 2471 per
640 2416 789 2471 quos
814 2400 1071 2470 primum
1106 2399 1410 2454 erudimur
1463 2397 1522 2453 in
1583 2399 1727 2470 lege,
1784 2403 1842 2454 et

192 2488 528 2561 septenario
559 2504 803 2542 numero
833 2486 1078 2559 expleto,
1112 2492 1313 2558 postea
1366 2504 1469 2558 per
1517 2488 1839 2559 ogdoadem

193 2578 264 2633 ad
293 2575 672 2648 Evangelium
706 2576 1065 2631 seandimus.
1127 2575 1466 2647 Praecipitur
1502 2592 1638 2647 ergo
1671 2579 1734 2630 ut
1780 2575 1839 2630 in

192 2671 515 2737 utrumque
552 2664 1035 2729 instrumentum,
1067 2668 1185 2719 tam
1220 2670 1383 2718 vetus
1412 2663 1634 2719 scilicet
1662 2662 1865 2734 quam'

194 2771 434 2821 novum,
469 2752 591 2825 pari
623 2754 991 2808 veneratione
1029 2753 1358 2808 credamus.
1416 2752 1605 2807 Judaei
1662 2752 1840 2806 dede—

194 2850 335 2898 runt
368 2848 589 2913 partem
612 2845 856 2913 septem,
889 2841 1188 2897 credentes
1220 2842 1473 2896 Sabbato
1497 2842 1601 2913 [AL
1626 2840 1842 2896 Sabba-

189 2932 369 3001 tum],
402 2932 505 2985 sed
537 2946 651 2986 non
684 2930 970 2985 dederunt
998 2934 1146 2997 octo,
1182 2930 1665 2985 resurrectionem
1725 2929 1839 2984 diei

194 3018 514 3075 Dominieas
545 3018 921 3089 denegantes.
956 3019 1289 3073 Econtrario
1352 3017 1627 3085 haeretici,
1686 3021 1837 3071 Mar-

193 3111 323 3165 cion
355 3113 413 3163 et
444 3106 817 3172 Manichacus,
856 3110 915 3160 et
945 3122 1149 3161 omnes
1196 3105 1297 3176 qui
1345 3110 1595 3161 veterem
1651 3106 1840 3178 legem

1869 1831 1916 1895 B

1955 548 2260 619 Propterea
2316 567 2494 622 supra
2552 549 2844 604 diximus:
2884 570 2910 598 ‹‹
2955 549 3116 604 Mitte
3166 568 3376 622 panem
3426 556 3596 607 tuum

1950 653 2126 707 super
2156 638 2359 693 faciem
2392 656 2576 710 aqum,
2612 642 2669 692 et
2713 637 2873 692 omni
2926 639 3138 709 petenti
3192 642 3247 693 te
3301 640 3533 708 tribue;
3567 663 3596 690 »

1950 725 2087 795 quia
2117 731 2171 779 et
2220 728 2405 781 nubes
2460 744 2590 780 cum
2649 726 2834 797 plenae
2888 727 3122 793 iuerint,
3175 726 3407 782 divitias
3455 745 3596 784 suas

1952 814 2295 869 mortalibus
2328 815 2677 885 largiuntur,
2709 820 2767 869 et
2806 821 2866 869 tu
2923 814 3093 885 quasi
3142 814 3393 885 lignum,
3442 818 3593 872 48!

1950 904 2218 971 quamvis
2245 903 2538 976 longaevus
2568 904 2670 967 sis,
2706 920 2820 958 non
2844 903 2958 958 eris
2989 904 3048 957 in
3098 909 3464 975 perpetuum,
3498 906 3598 960 sed

1949 990 2143 1045 subito
2177 997 2236 1045 ut
2265 997 2571 1047 ventorum
2601 994 2640 1057 ⁵,
2694 992 2775 1046 ita
2807 992 3014 1046 mortis
3063 996 3409 1063 tempestate
3458 995 3597 1049 sub-

1947 1094 2173 1142 versus,
2225 1080 2564 1151 ubicunque
2623 1079 2925 1146 cecideris,
2986 1080 3065 1134 ibi
3097 1081 3321 1151 jugiter
3368 1097 3600 1153 perma-

1949 1167 2135 1232 nebis,
2169 1168 2286 1222 sive
2319 1172 2373 1222 te
2405 1168 2659 1239 rigidum
2698 1172 2753 1222 et
2784 1172 3032 1235 trucem,
3086 1168 3206 1223 sive
3255 1169 3599 1224 clementem

1949 1259 2004 1308 et
2024 1255 2480 1325 misericordem,
2503 1257 2776 1310 ultimum
2804 1255 3351 1327 invenerittcmpus.
3375 1256 3598 1312 Aliter:

1948 1341 2170 1397 Dicitur
2196 1343 2254 1397 in
2288 1344 2542 1399 Psalmis
2569 1346 2640 1399 ad
2672 1349 2847 1399 Deum
2879 1362 2891 1397 :
2950 1345 3157 1399 Veritas
3205 1354 3296 1399 tua
3334 1361 3505 1416 usque
3531 1346 3603 1401 ad

1946 1431 2116 1484 nubes
2164 1432 2333 1501 (PsaL
2388 1450 2557 1501 xxxv,
2588 1436 2643 1499 6)
2674 1451 2686 1499 ;
2718 1438 2775 1486 et
2804 1432 2861 1486 in
2925 1433 3093 1494 Isaia,
3139 1433 3395 1503 peccanti
3446 1433 3602 1490 Deus

1947 1519 2125 1572 vinem
2173 1520 2597 1575 comminatur:
2661 1521 2931 1576 Mandabo
2987 1522 3244 1587 nubibus,
3293 1538 3362 1577 ne
3402 1522 3602 1593 pluunt

1947 1623 2109 1677 super
2135 1623 2256 1660 eam
2314 1609 2545 1662 imbrem
2581 1610 2687 1678 (Isu
2736 1626 2790 1677 v,
2834 1610 2909 1674 t3).
2970 1608 3167 1663 Nubes
3225 1608 3403 1679 igitur
3461 1615 3599 1665 sunt

1950 1694 2265 1765 prophetas,
2300 1700 2357 1749 et
2389 1697 2581 1751 omnis
2612 1697 2699 1749 vir
2756 1701 3022 1761 sanctus,
3070 1696 3171 1767 qui
3209 1712 3343 1751 cum
3399 1696 3600 1769 plures

1949 1783 2007 1836 in
2041 1784 2211 1838 corde
2249 1801 2355 1839 suo
2386 1785 2822 1856 congregavcrit
2852 1784 3215 1855 disciplinas,
3256 1789 3398 1841 tunc
3452 1785 3606 1841 vale-

1950 1870 2032 1925 bit
2065 1876 2350 1943 praecepta
2382 1870 2581 1943 pluere
2640 1872 3038 1928 doctrinarum
3102 1877 3159 1927 et
3215 1872 3444 1929 dicere:
3501 1875 3607 1929 Ex-

1946 1964 2217 2029 speetetur
2245 1962 2387 2014 sirut
2413 1961 2607 2030 pluvia
2644 1977 2826 2015 sermo
2849 1977 3024 2025 meus,
3048 1969 3098 2016 et
3125 1961 3407 2032 e/I‘undent
3447 1979 3609 2033 super

1947 2054 2151 2102 terram
2184 2049 2418 2103 imbrem
2450 2048 2622 2117 (Deut.
2656 2066 2833 2114 xxxu,
2881 2050 2967 2117 2):
3020 2049 3090 2103 ad
3143 2066 3322 2119 quam
3381 2049 3604 2106 dictum

1947 2139 2072 2190 est:
2108 2135 2305 2190 Audiat
2332 2142 2481 2190 terra
2511 2137 2674 2191 verba
2716 2138 2828 2190 oris
2876 2139 3007 2191 mei.
3058 2137 3221 2201 Quod
3264 2142 3463 2192 autem
3515 2154 3604 2192 se-

1949 2224 2187 2294 quitur:
2224 2227 2239 2258 ¹
2274 2224 2341 2278 Et
2368 2224 2417 2278 si
2449 2224 2726 2279 ceciderit
2780 2224 3008 2293 lignum
3058 2225 3129 2278 ad
3160 2229 3450 2292 austrum,
3506 2229 3608 2280 aut

1949 2312 2019 2365 ad
2052 2311 2386 2381 aquilonem
2414 2330 2426 2366 :
2461 2311 2520 2365 in
2551 2311 2745 2366 locum
2776 2312 2875 2365 ubi
2906 2310 3181 2366 ceciderit
3210 2310 3457 2383 lignum,
3521 2312 3602 2366 ibi

1949 2398 2146 2464 erit;»
2182 2398 2325 2453 illud
2356 2400 2428 2454 de
2476 2399 2742 2453 llabacuc
2798 2414 3109 2454 sumamus
3153 2399 3509 2471 exemplum,
3543 2400 3603 2455 in

1949 2503 2064 2557 quo
2096 2485 2407 2541 scribitur:
2447 2488 2582 2542 Deus
2611 2487 2679 2541 de
2720 2487 2953 2542 Thema-n
3024 2490 3203 2542 veniet
3234 2488 3468 2559 (Habac.
3518 2505 3601 2554 III,

1950 2575 2026 2646 3),
2061 2576 2217 2645 quod
2249 2574 2345 2629 alii
2378 2575 2725 2647 interpretes
2751 2576 3080 2646 ediderunt,
3118 2578 3255 2631 Deus
3292 2578 3359 2632 ab
3417 2577 3605 2632 austro

1952 2665 2126 2718 veniet
2157 2664 2196 2716 θ.
2232 2664 2300 2717 Et
2324 2669 2611 2734 quantum
2628 2680 2732 2735 ego
2766 2664 3014 2730 mstimo,
3048 2681 3280 2737 semper
3310 2666 3367 2720 in
3390 2665 3604 2720 bonam

1951 2755 2170 2823 partem
2205 2756 2402 2806 auster
2426 2751 2726 2823 accipitur.
2761 2751 2924 2806 Unde
2956 2756 3013 2807 et
3071 2753 3128 2806 in
3187 2752 3423 2808 Cantico
3470 2770 3606 2808 can-

1949 2840 2199 2894 ticorum
2255 2839 2505 2894 dicitur:
2556 2841 2823 2910 Exsurge,
2874 2841 3065 2910 aquilo
3112 2841 3294 2910 (Cant.
3346 2858 3422 2911 IV,
3487 2842 3606 2909 16),

1950 2926 2060 2982 hoc
2082 2933 2192 2991 est,
2224 2928 2430 2994 recede,
2462 2933 2518 2983 et
2546 2928 2658 2993 abi,
2689 2932 2739 2983 et
2767 2930 2911 2993 veni,
2948 2932 3157 2983 auster.
3193 2929 3442 3000 Lignum
3500 2929 3611 3000 igi-

1949 3018 2046 3069 tur
2070 3016 2222 3086 quod
2256 3016 2315 3070 in
2347 3016 2455 3071 hac
2483 3016 2599 3071 vita
2629 3017 2929 3086 corruerit,
2987 3022 3043 3072 et
3080 3016 3414 3073 conditione
3456 3034 3614 3072 mor-

1964 3102 2213 3159 talitatis
2281 3104 2455 3159 fuerit
2511 3105 2786 3175 incisum,
2835 3109 2938 3161 aut
2984 3106 3245 3176 peccavit
3292 3110 3426 3161 ante
3469 3107 3607 3161 dum

191 3199 402 3255 rabido
462 3214 559 3252 ore
615 3194 922 3265 dilaniant,
982 3195 1125 3249 dant
1179 3199 1370 3265 partes
1424 3195 1529 3265 [AL
1599 3195 1843 3267 partem]
1878 3186 1921 3253 C
1959 3195 2159 3259 staret,
2191 3192 2333 3249 etin
2370 3194 2561 3248 horna:
2584 3197 2748 3264 parte
2807 3197 3008 3264 postea
3058 3193 3291 3265 poeitur
3351 3195 3456 3265 (At.
3512 3211 3611 3265 po-

190 3292 347 3353 octo,
389 3284 778 3355 suscipientes
835 3281 1253 3354 Evangelium;
1304 3282 1403 3337 sed
1455 3284 1657 3338 eadem
1711 3299 1844 3355 sep-

186 3375 419 3432 tenario
464 3389 708 3428 numero
766 3388 880 3426 non
928 3371 1217 3441 tribuunt,
1252 3370 1439 3443 legem
1472 3375 1723 3426 veterem
1754 3388 1843 3427 re-

189 3467 476 3537 spuentes
503 3464 544 3517 ³.
579 3461 695 3515 Nos
727 3460 906 3532 igitur
940 3459 1169 3530 utrique
1198 3459 1586 3513 instrumento
1644 3460 1845 3515 creda-

194 3570 355 3611 mus.
370 3553 494 3607 Non
508 3550 663 3605 enim
690 3566 1006 3621 possumus
1020 3548 1229 3620 dignos
1247 3547 1560 3613 cruciatus,
1578 3547 1845 3619 dignam-

195 3657 331 3712 qua:
366 3656 580 3709 patriam
605 3640 731 3709 jam
766 3653 921 3691 nunc
954 3640 1146 3690 mente
1177 3634 1686 3706 comprehendere,
1720 3652 1846 3706 quae

196 3727 457 3801 reposita
503 3732 591 3782 est
631 3726 724 3780 his
790 3725 891 3796 qui
936 3729 1244 3779 versantur
1303 3723 1360 3778 in
1404 3729 1580 3779 terra.
1631 3724 1846 3779 Judaais

193 3823 377 3889 atque
408 3814 719 3880 hcereticis,
760 3831 790 3868 e
823 3813 1051 3867 duobus
1104 3812 1352 3868 alterum
1405 3814 1848 3885 denegantibus.

191 3906 421 3963 Hebraei
455 3905 536 3959 ita
565 3905 722 3959 hunc
752 3902 945 3958 locum
978 3902 1350 3973 intelligunt:
1412 3903 1480 3956 Et
1536 3904 1848 3959 sabbatum

194 4002 253 4051 et
276 3992 788 4050 circumcisionem
837 4000 1030 4046 serva:
1092 4008 1163 4045 ne
1194 3990 1242 4045 si
1283 3989 1391 4045 hoc
1438 3989 1584 4046 forte
1624 4009 1736 4049 non
1771 3994 1850 4048 fe-

194 4086 376 4151 ceris,
410 4082 776 4153 inopinatum
812 4080 913 4135 tibi
947 4068 1323 4150 superveniat
1357 4078 1601 4136 malum.

273 4196 299 4221 α
336 4171 396 4225 Si
431 4169 658 4241 repletas
692 4168 907 4224 fuerint
953 4169 1161 4231 nubes,
1218 4168 1466 4223 imbrem
1516 4185 1690 4241 super
1738 4172 1850 4224 ter-

190 4278 324 4319 ram
347 4259 669 4316 etl'undcnt.
699 4258 765 4312 Et
796 4257 845 4313 si
877 4257 1151 4312 ceciderit
1185 4255 1411 4328 lignum
1445 4258 1514 4312 ad
1557 4261 1850 4325 austrum,

189 4355 303 4405 aut
326 4349 400 4404 ad
424 4346 758 4419 aquilonem
788 4362 799 4399 :
835 4345 893 4399 in
926 4344 1119 4400 locum
1147 4346 1169 4378 ⁴
1199 4344 1298 4399 ubi
1328 4344 1599 4400 ceciderit
1627 4345 1851 4417 lignum

188 4440 281 4495 ibi
313 4437 444 4493 crit.
474 4459 501 4484 ››
533 4436 707 4490 Serva
754 4434 1030 4489 mandata
1060 4450 1187 4504 quae
1236 4433 1342 4488 tibi
1399 4434 1670 4505 superius
1716 4438 1856 4490 sunt

189 4530 512 4602 prazcepta,
548 4528 613 4579 ut
659 4524 844 4578 nubes
907 4539 1085 4594 super
1131 4528 1186 4577 te
1241 4522 1546 4577 effundant
1604 4523 1850 4577 imbrem

190 4631 404 4674 suum.
441 4612 784 4683 Ubicunque
823 4611 978 4665 enim
1013 4609 1116 4665 tibi
1168 4609 1363 4665 locum
1424 4611 1857 4682 praeparaveris,

189 4707 589 4772 futarumque
619 4701 838 4769 sedem,
873 4699 992 4755 sive
1025 4699 1097 4753 ad
1156 4704 1444 4766 austrum,
1497 4699 1616 4754 sive
1646 4699 1718 4753 ad
1754 4700 1859 4754 bo~

278 4849 506 4915 IQuam
551 4843 762 4899 dederit
814 4847 1171 4915 reperturus,
1233 4842 1587 4915 Sorbonieus
1654 4853 1864 4896 manu'

186 4913 459 4989 scriptus
516 4922 573 4971 et
602 4915 743 4970 editi
792 4921 964 4968 antea
994 4913 1128 4968 libri
1160 4913 1362 4985 legunt
1423 4914 1626 4969 eodem
1677 4929 1855 4967 sensu

187 4993 541 5060 recepturus.

266 5064 291 5095 ²
318 5060 465 5114 Tres
498 5074 641 5112 mss.
676 5058 851 5125 Quam
872 5056 1206 5126 augentibus
1258 5056 1459 5125 papula
1494 5057 1851 5126 congregato.

268 5132 510 5201 3Legem
566 5124 795 5183 veterem
845 5124 1174 5195 respiwntes.
1225 5124 1856 5201 Ambo__Corbeienses

188 5220 349 5260 mss.
389 5196 754 5255 instrumenta
797 5202 1030 5253 veterum
1063 5205 1389 5260 respuentes.
1416 5196 1699 5251 Maurum.

268 5276 293 5309 ⁸
324 5271 572 5327 Palatin.
634 5279 727 5325 aut
757 5271 818 5324 in
847 5270 1120 5340 aquilonis
1148 5269 1322 5323 locum
1353 5267 1471 5340 ubi,
1485 5272 1603 5340 etc.

270 5348 292 5380 ³
322 5345 514 5399 Subito
543 5351 603 5396 ut
631 5337 926 5395 ventorum.
966 5341 1188 5394 Erasm.
1240 5346 1298 5394 et
1355 5339 1596 5393 Marian.
1656 5337 1856 5393 incon—

190 5413 731 5493 gruenteriegunt,
772 5412 878 5468 Sed
908 5412 1090 5466 subita
1120 5413 1172 5465 si
1216 5413 1529 5479 ventorum,
1580 5412 1657 5465 ita
1705 5425 1850 5465 mor-

194 5489 298 5545 tis.
331 5493 441 5544 etc.
463 5489 745 5540 MARTIAN.

277 5561 299 5597 ⁸
325 5561 407 5616 Ab
431 5558 637 5615 eodem
670 5554 913 5612 Palatin.
946 5553 1111 5612 abest
1143 5566 1355 5610 nomen
1386 5557 1597 5610 austro.

284 5660 349 5674 —
380 5630 510 5686 Deus
538 5630 606 5685 ab
647 5636 834 5683 austro
863 5628 1059 5685 veniet.
1115 5624 1195 5691 Ex
1225 5622 1334 5679 hoc
1390 5622 1514 5679 loco
1562 5622 1849 5697 conjicere

1956 3281 2187 3350 netur]:
2225 3285 2327 3335 aut
2366 3281 2413 3335 si
2446 3279 2655 3351 dignos
2703 3291 2898 3335 austro
2951 3281 3178 3336 fructus
3229 3281 3510 3349 attulerit,
3558 3282 3616 3337 in

1953 3368 2124 3441 plaga
2146 3370 2367 3440 jacebit
2424 3368 2685 3423 australi.
2746 3369 2863 3423 Nec
2909 3374 2996 3425 est
3055 3370 3294 3441 aliquod
3351 3372 3609 3443 lignum,

1954 3457 2096 3528 quin
2153 3461 2253 3511 aut
2301 3457 2372 3511 ad
2434 3456 2765 3527 aquilonem
2815 3456 2946 3524 sit",
2996 3462 3097 3511 aut
3146 3458 3218 3513 ad
3300 3464 3596 3526 austrum,

1956 3549 2074 3604 Hoc
2106 3547 2258 3599 idem
2292 3544 2605 3616 significat,
2638 3551 2694 3597 et
2725 3544 2867 3598 illud
2895 3544 3054 3615 quod
3088 3547 3372 3615 scriptum
3406 3552 3496 3601 est
3544 3547 3605 3602 in

1956 3637 2149 3692 Isaia:
2189 3635 2383 3688 Dicam
2416 3633 2685 3702 aquiloni,
2715 3632 2911 3698 adhuc,
2959 3636 3011 3685 et
3063 3633 3277 3705 Africo,
3320 3634 3438 3688 noti
3490 3650 3617 3704 pro-

1957 3726 2144 3783 hibera
2201 3722 2331 3792 (lsai
2386 3737 2544 3786 XLIII,
2601 3720 2676 3790 6).
2711 3714 3045 3792 Numquam
3114 3720 3270 3774 enim
3320 3725 3522 3776 austro
3558 3728 3619 3778 et

1959 3809 2224 3869 orientali
2286 3812 2451 3863 vento
2507 3806 2860 3878 praecipitur,
2919 3812 2984 3860 ut
3040 3807 3371 3862 adducant:
3460 3811 3608 3881 quia

1961 3900 2114 3973 apud
2146 3896 2289 3953 alias
2318 3894 2520 3968 plagas
2552 3911 2680 3950 esse
2710 3911 2807 3949 eos
2839 3899 3080 3967 oportet,
3143 3895 3242 3967 qui
3295 3897 3367 3952 ad
3418 3898 3615 3954 orien-

1960 3995 2077 4047 tem
2108 3993 2165 4043 et
2194 3988 2457 4041 austrum
2490 3988 2690 4056 postea
2737 3984 3122 4039 deducantur.
3167 3985 3377 4056 Aquilo
3437 3986 3618 4060 igitur

1960 4079 2031 4134 ad
2074 4079 2341 4132 austrum
2374 4072 2633 4139 adducit,
2668 4076 2723 4127 et
2753 4072 2979 4127 Africus
3010 4072 3078 4128 ad
3114 4073 3397 4130 orientem
3456 4075 3618 4131 babi-

1962 4171 2175 4222 tatores
2206 4180 2364 4218 suos.
2426 4161 2537 4216 Nec
2595 4161 2751 4215 enim
2807 4166 3053 4232 possunt
3101 4161 3405 4233 proﬁcere,
3444 4163 3494 4218 si
3555 4166 3617 4220 in

1964 4252 2229 4328 pristinis
2260 4250 2499 4307 sedibus
2530 4254 2912 4320 perseverent.

2034 4367 2061 4394 ‹‹
2098 4342 2205 4410 Qui
2236 4341 2503 4396 observat
2530 4344 2792 4404 ventum,
2846 4354 2964 4395 non
3014 4339 3367 4403 scminabit;
3424 4344 3482 4396 et
3512 4342 3616 4413 qui

1962 4431 2172 4503 aspicit
2219 4431 2427 4490 nubes,
2488 4444 2603 4482 non
2661 4431 2901 4484 metet.»
2958 4427 3066 4491 Qui
3125 4428 3459 4483 considerat
3518 4431 3614 4486 cui

1888 4548 1934 4611 Β
1966 4518 2311 4581 benefaciat,
2345 4522 2547 4572 etnon
2599 4515 2759 4570 omni
2809 4515 3020 4585 patenti
3069 4531 3132 4571 se
3183 4516 3409 4588 tribuit,
3462 4534 3615 4590 saape

1973 4608 2227 4681 praeterit
2272 4623 2407 4661 eum
2437 4605 2538 4675 qui
2572 4608 2827 4659 meretur
2847 4603 3115 4675 accipere
3173 4605 3328 4676 (Luc.
3362 4623 3438 4671 v1,
3497 4608 3611 4678 30).

1971 4698 2189 4753 Aliter:
2223 4695 2328 4759 Qui
2361 4698 2588 4750 tantum
2622 4710 2687 4749 eo
2720 4699 2969 4765 tempore
3022 4694 3117 4748 Dei
3161 4694 3400 4749 verbum
3466 4712 3611 4768 pra-

1968 4840 2123 4903 licet,
2148 4838 2558 4908 Hieronymum
2581 4836 2890 4908 absolvime
2911 4852 3085 4908 suum
3110 4837 3605 4908 Commentarium

1966 4912 2027 4967 in
2058 4906 2469 4973 Ecclesiasten,
2500 4913 2812 4978 antequam
2834 4906 3239 4977 h‘nphctarum
3271 4907 3607 4964 translatio-

1968 4999 2101 5037 nem
2134 4980 2398 5035 Latinam
2452 4980 2522 5032 de
2580 4978 2816 5032 liebrzeo
2858 4980 3020 5031 .ionte
3079 4978 3248 5033 nobis
3302 4978 3603 5036 edidisset.

1963 5058 2049 5109 ΜΑ
2058 5068 2247 5108 arma.
3532 5102 3535 5107 ,

2036 5126 2056 5158 τ
2090 5123 2255 5194 Apud
2285 5120 2510 5175 Alcuin.
2543 5120 2721 5194 ferme
2743 5122 2804 5172 ut
2834 5115 3044 5172 Erasm.
3079 5135 3144 5173 ac
3194 5119 3411 5177 Victor.
3463 5125 3604 5194 quod

1965 5197 2045 5250 vet
2074 5195 2143 5249 ad
2168 5194 2479 5264 aquilonem
2507 5207 2616 5264 non
2640 5193 2737 5264 sit,
2765 5194 2859 5243 eti.

2064 5298 2101 5305 —
2132 5260 2276 5333 Quin.
2309 5266 2404 5317 aut
2458 5262 2528 5315 ad
2584 5261 2883 5333 aquilonem
2930 5260 3023 5334 sit.
3089 5260 3236 5317 Cave
3294 5278 3367 5318 ne
3412 5262 3599 5334 legas:

1964 5339 2070 5405 Qui
2100 5332 2207 5390 nan
2236 5332 2777 5407 uiliaquilonemAsit,
2811 5334 2890 5385 tut
2943 5332 3016 5407 (ut
3073 5342 3350 5388 austrum:
3383 5332 3603 5407 neque

1964 5402 2249 5477 audacius
2292 5402 2585 5477 idetrcctes
2644 5403 2810 5477 fideir
2851 5402 3110 5477 omnium
3172 5402 3598 5477 exemplarium

1963 5496 2111 5535 mss.
2152 5475 2465 5552 Editilibri
2489 5475 2573 5552 sic
2605 5473 3096 5552 mitarmt.__Quod
3130 5480 3225 5532 aut
3268 5473 3596 5552 ud'aquito-

1957 5566 2085 5609 nem
2112 5565 2222 5609 non
2248 5548 2349 5619 sit,
2374 5555 2471 5605 aut
2496 5545 2566 5607 ad
2589 5552 2839 5613 austrua.
2874 5543 3159 5605 Mauram.
