4046 6162
496 311 654 374 “59

1759 313 1825 373 S.
1872 304 2185 374 EUSEBII
2228 308 2694 373 HlERONYMl.

3655 352 3665 361 ›
3684 315 3805 389 μω

496 442 671 498 dicat.
729 441 885 496 483
944 456 1057 512 quo
1116 438 1371 513 populus
1428 441 1675 498 libenter
1730 441 2041 511 auscultat,
2101 444 2159 496 et
2185 443 2241 507 Α
2272 442 2400 496 dest
2427 440 2828 496 adolescentiae
2857 439 3181 514 frugalitas,
3215 440 3265 497 si
3293 445 3506 499 senecta
3528 443 3723 501 ducatur
3752 448 3805 511 in

496 531 756 586 secunda
787 529 1008 600 aspirat
1037 546 1181 584 aura
1210 530 1486 600 rumoris,
1528 534 1687 585 sator
1742 528 2044 602 negligens
2091 534 2149 584 et

493 618 742 690 ignavus
772 616 1030 689 agricola
1059 622 1167 673 est.
1214 619 1277 672 In
1310 618 1455 689 ipsis
1477 618 1633 673 enim
1664 619 1978 690 prosperis,
2004 617 2145 672 dum

494 706 814 774 nescimus,
875 707 1118 761 adversa
1166 710 1550 777 consurgunt.
1612 707 1724 762 Sed
1799 712 2147 778 opportune.

495 794 855 867 importune,
889 810 996 849 suo
1028 799 1227 849 tenore
1260 795 1299 861 ¹,
1332 792 1433 848 Dei
1463 809 1656 848 sermo
1692 796 1781 847 est
1839 792 2149 862 pradican-

492 884 605 939 dus
636 884 713 953 (II
738 885 871 938 Tim.
901 900 975 953 IV,
1010 883 1099 951 2):
1134 898 1239 936 nec
1288 880 1422 937 fidei
1479 885 1741 952 tempore
1788 880 2145 935 adversaria-

492 987 626 1039 rum
683 971 928 1026 nubium
961 969 1391 1025 consideranda
1419 973 1756 1040 tempestas.
1806 968 1887 1024 De
1937 985 2054 1038 qua
2085 968 2145 1022 in

490 1060 818 1115 Proverbiis
843 1059 1082 1113 dicitur:
1118 1058 1271 1112 Sicut
1296 1059 1493 1128 pluvia
1520 1057 1802 1113 vehemens
1831 1061 1881 1113 et
1904 1056 2142 1126 inu:ilis,

489 1149 571 1203 sic
601 1149 700 1218 qui
716 1147 1102 1220 derelinquunt
1129 1148 1483 1217 sapientiam,
1528 1155 1579 1200 et
1628 1147 1971 1216 impietatem
2021 1146 2143 1199 lau-

488 1236 825 1306 dant(Prov.
868 1236 1197 1301 xxvm,3el
1256 1236 1329 1305 4).
1386 1236 1618 1305 Absque
1682 1234 2145 1289 consideratione

488 1339 624 1396 ergo
651 1325 901 1379 nubium
935 1329 991 1378 et
1020 1324 1231 1379 timore
1262 1327 1591 1393 ventorum,
1626 1322 1683 1376 in
1705 1323 1913 1377 mediis
1932 1326 2146 1393 tempe-

487 1411 741 1467 statibus
801 1410 1218 1467 seminandum
1273 1415 1381 1466 est.
1415 1411 1529 1466 Nec
1585 1410 1938 1466 dicendum:
1998 1409 2143 1463 illud

484 1502 722 1572 tempus
752 1501 1153 1569 commodum,
1188 1500 1298 1555 hoc
1330 1499 1557 1569 inutile,
1610 1516 1743 1554 cum
1804 1498 2145 1570 ignoremus

487 1604 614 1659 qua
668 1588 780 1658 via,
837 1593 894 1643 et
945 1605 1070 1658 qua
1131 1587 1405 1643 voluntas
1448 1587 1526 1643 sit
1575 1586 1817 1658 spiritus
1876 1586 2147 1642 universa

485 1675 902 1748 dispensantis.

557 1785 589 1814 «
630 1764 931 1828 Quomodo
963 1781 1078 1819 non
1109 1762 1492 1836 cognoscistu
1517 1779 1644 1834 qua
1666 1762 1845 1817 sitvia
1876 1762 2141 1835 spiritus,

484 1855 543 1908 et
575 1852 726 1909 sicut
755 1870 889 1908 ossa
923 1852 979 1907 in
1013 1853 1177 1908 utero
1210 1850 1604 1923 pragnantis:
1638 1850 1722 1906 sic
1755 1851 1946 1906 nescis
1974 1868 2150 1922 opera

485 1941 606 2008 Dei,
639 1940 736 2011 qui
771 1941 908 1996 facit
936 1941 1153 1997 omnia.
1183 1962 1216 1991 ››
1258 1941 1421 1995 Sicut
1474 1940 1668 1995 nescis
1706 1939 1860 1995 viam
1905 1940 2147 2011 spiritus

483 2034 541 2085 et
601 2030 807 2084 anima
866 2029 1254 2101 ingredientis
1306 2028 1367 2083 in
1410 2027 1741 2099 parvulum,
1796 2033 1853 2080 et
1912 2028 2147 2099 ignoras

484 2118 708 2174 ossium
736 2122 793 2173 et
812 2135 1091 2173 venarum
1114 2119 1429 2175 varietates
1451 2117 1509 2170 in
1532 2122 1727 2171 ventre
1750 2116 2104 2187 pragnantis
2131 2132 2143 2170 :

484 2208 779 2279 quomodo
809 2223 877 2262 ex
906 2205 1003 2261 vili
1033 2206 1323 2261 elemento
1358 2221 1570 2277 corpus
1628 2202 1885 2259 hominis
1941 2205 2001 2258 in
2058 2205 2145 2260 di-

485 2311 685 2351 versas
716 2295 938 2366 effigies
1003 2298 1289 2365 artusque
1314 2294 1587 2357 varietur,
1606 2292 1962 2348 etdeeodem
1978 2292 2150 2346 semi-

484 2400 576 2454 ne,
611 2383 768 2439 aliud
803 2382 1104 2439 mollescat
1133 2384 1191 2436 in
1229 2381 1526 2447 carnibus,
1560 2380 1717 2434 aliud
1776 2380 2047 2434 durescat
2087 2380 2145 2434 in

488 2471 746 2539 ossibus,
782 2470 943 2525 aliud
980 2471 1035 2525 in
1069 2469 1237 2526 venis
1269 2469 1529 2541 palpitet,
1566 2473 1623 2523 et
1652 2468 1810 2522 aliud
1840 2468 2056 2539 ligetur
2086 2467 2144 2521 in

486 2560 716 2617 nervis:
745 2559 829 2614 ita
861 2558 958 2614 Dei
986 2576 1162 2630 opera
1185 2558 1341 2614 scire
1371 2572 1485 2611 non
1521 2556 1757 2628 poteris,
1818 2554 1918 2626 qui
1965 2556 2149 2611 factor

487 2653 577 2703 est
606 2647 895 2703 omnium.
929 2647 1007 2701 Ex
1037 2663 1152 2718 quo
1173 2645 1348 2700 docet
1376 2644 1666 2699 contraria
1696 2660 1810 2699 non
1860 2645 2143 2713 timenda,

487 2752 597 2791 nec
625 2739 842 2791 temere
872 2736 942 2790 de
971 2735 1156 2790 ventis
1189 2738 1248 2789 et
1280 2735 1560 2798 nubibus,
1593 2749 1739 2804 quas
1771 2749 1954 2804 supra
1999 2732 2146 2786 dixi-

487 2838 642 2889 mus,
668 2824 1059 2895 judicandum
1086 2840 1099 2877 :
1126 2832 1262 2877 cum
1297 2839 1407 2877 suo
1437 2825 1639 2876 tenore
1654 2826 1713 2875 et
1741 2837 1916 2875 cursu
1937 2821 2149 2875 debeat

485 2916 649 2968 sator
705 2928 961 2984 pergere,
1011 2916 1068 2966 et
1116 2914 1392 2967 eventum
1449 2911 1470 2943 ²
1527 2909 1759 2963 Domini
1849 2908 2146 2964 sententia

485 3016 799 3057 reservare.
841 3002 958 3055 Non
989 3001 1139 3054 enim
1195 3000 1425 3055 volentis
1480 3014 1650 3068 neque
1705 2998 1997 3063 currentis,
2056 2996 2147 3053 sed

482 3089 579 3144 Dei
605 3090 916 3144 miserentis
947 3092 1024 3143 est
1043 3091 1227 3156 (Rom.
1256 3104 1333 3153 1x,
1370 3087 1481 3154 16).

2256 528 2417 583 luxu.
2454 529 2515 583 In
2551 545 2903 600 quacunque
2933 530 3090 585 enim
3115 529 3210 586 die
3232 530 3425 601 justus
3449 533 3696 602 erraverit,
3734 551 3810 592 κθ·

2255 622 2408 672 teres
2439 633 2576 672 eum
2601 616 2848 688 justitia
2881 634 2914 671 a
2946 623 3131 674 morte
3160 617 3403 674 liberare
3431 637 3531 676 non
3581 625 3807 693 poterunt.

2256 706 2418 768 Quod
2449 705 2497 760 si
2522 707 2688 775 juxta
2733 710 3043 777 utramque
3088 705 3597 779 interpretationem
3635 725 3812 781 semper

2256 793 2629 860 benefeceris,
2663 796 2720 849 et
2754 794 2912 849 omni
2945 799 3109 849 atate
3130 795 3409 866 aqualem
3434 812 3641 852 cursum
3656 796 3815 855 habue-

2256 882 2338 937 ris
2393 881 2617 937 videbis
2667 882 2851 938 Deum
2910 883 3160 948 Patrem,
3212 882 3591 941 dulcissimam
3638 883 3812 953 lucem;

2254 969 2478 1025 videbis
2507 969 2825 1041 Christum,
2859 971 3043 1025 solem
3068 972 3333 1041 justitia.
3368 976 3528 1028 Porro
3556 973 3601 1027 si
3627 978 3675 1028 et
3699 972 3812 1035 mal-

2253 1057 2330 1112 tis
2363 1058 2532 1113 annis
2554 1058 2786 1128 vixeris,
2817 1063 2875 1114 et
2904 1060 3103 1115 omnia
3134 1060 3287 1115 bona
3315 1059 3592 1127 habueris,
3619 1060 3692 1117 vel
3710 1061 3819 1118 bona

2254 1162 2429 1216 opera
2469 1146 2839 1218 perpetraris,
2872 1151 2927 1200 et
2959 1146 3160 1203 scieris
3192 1152 3246 1203 te
3285 1164 3508 1220 semper
3555 1165 3668 1205 esse
3690 1149 3820 1203 mori-

2254 1238 2475 1299 turum,
2511 1239 2568 1289 et
2625 1240 2757 1289 ante
2817 1235 3016 1290 oculos
3075 1239 3207 1292 tuos
3255 1237 3608 1291 tenebrarum
3646 1251 3819 1309 semper

2252 1328 2514 1379 versetur
2537 1324 2860 1379 adventus:
2895 1324 3202 1395 prasentia
3227 1325 3394 1397 quasi
3444 1323 3607 1392 ﬂuxa,
3654 1323 3823 1397 fragilia

2252 1416 2309 1465 et
2354 1412 2578 1467 caduca
2639 1416 3023 1468 comtemnes.
3083 1412 3446 1485 Symnachus
3500 1414 3659 1468 finem
3695 1412 3823 1483 huius

2253 1500 2555 1554 sententia
2614 1499 2697 1553 ita
2754 1500 3170 1571 interpretatus
3220 1505 3345 1556 est:
3378 1501 3439 1556 Si
3491 1503 3640 1556 annis
3686 1501 3823 1555 multis

2252 1589 2459 1643 vixerit
2490 1588 2666 1658 homo,
2699 1593 2751 1643 et
2781 1590 3029 1644 omnibus
3061 1590 3148 1644 his
3196 1590 3412 1645 laetatus
3455 1589 3676 1661 fuerit‘,
3696 1604 3822 1644 recor-

2251 1675 2380 1732 dari
2406 1676 2557 1731 debet
2615 1680 2669 1731 et
2724 1676 2842 1731 dies
2902 1676 3013 1746 [ΑΙ.
3073 1678 3315 1748 dierum]
3360 1678 3704 1743 tenebrarum,
3730 1677 3823 1748 quia

2255 1766 2443 1821 multa
2475 1769 2654 1831 erunt,
2688 1770 2739 1819 et
2772 1766 2832 1819 in
2861 1767 3058 1835 quibus
3086 1767 3343 1820 omnibus
3375 1768 3546 1820 veniet
3598 1781 3696 1820 esse
3737 1763 3828 1820 desi-

2256 1869 2406 1908 nere.
2436 1852 2642 1907 Aliter:
2702 1852 3073 1923 Repromittit
3128 1853 3187 1907 in
3236 1852 3350 1908 alio
3401 1852 3690 1925 Scriptura
3727 1850 3828 1915 loco,

2258 1940 2412 1997 Deus
2442 1941 2687 1996 dicens:
2733 1941 2875 1995 Dabo
2917 1941 3062 1995 vobis
3114 1942 3365 2013 pluviam
3421 1947 3829 2013 temporaneama
3934 1940 3935 1979 l

2256 2030 2553 2085 serotinam
2584 2030 2771 2099 (Deut.
2805 2047 2884 2095 x1,
2908 2029 3021 2099 lli),
3060 2037 3224 2085 vetus
3292 2029 3517 2085 scilicet
3570 2030 3829 2083 Tcstametr

2258 2122 2407 2183 tum,
2440 2122 2497 2172 et
2527 2134 2762 2181 novum,
2812 2124 2869 2171 et
2927 2123 3171 2189 utroque
3228 2135 3331 2173 vos
3389 2118 3573 2173 imbre
3626 2114 3830 2187 irrigabo,

2259 2205 2421 2260 Unde
2459 2211 2512 2261 et
2544 2222 2698 2260 nunc
2729 2206 3135 2276 admonemur,
3170 2210 3235 2261 ut
3268 2208 3353 2261 sic
3387 2205 3640 2279 legamus
3686 2205 3832 2275 Legem

2256 2295 2530 2358 veterem,
2556 2308 2628 2347 ne
2658 2291 3037 2364 Evangelium
3086 2298 3537 2349 contemnamus
3566 2311 3578 2348 :
3628 2292 3703 2347 sic
3728 2306 3835 2363 que-

2258 2396 2459 2435 ramus
2491 2379 2853 2451 spiritualem
2886 2381 2942 2435 in
2984 2381 3174 2436 Veleri
3236 2384 3626 2438 Instrumento
3680 2377 3834 2435 intelli-

2257 2469 2538 2539 gentiam,
2569 2484 2640 2523 ne
2672 2468 2730 2523 in
2764 2468 3136 2540 evangelistis
3190 2475 3247 2525 et
3274 2470 3557 2543 apostolis
3610 2468 3707 2525 hoc
3750 2471 3838 2522 tan-

2256 2559 2381 2611 tum
2415 2561 2687 2628 putemus
2728 2573 2936 2612 sonare
2968 2558 3118 2627 quod
3170 2557 3403 2629 legitur.
3447 2559 3699 2630 lgnorare
3733 2553 3840 2611 enim

2259 2660 2373 2698 non
2424 2644 2482 2699 in
2516 2661 2630 2715 quo
2673 2645 2861 2717 magis
2920 2645 3162 2701 scientia
3211 2646 3383 2702 nobis
3415 2664 3449 2701 a
3482 2648 3589 2701 Deo
3621 2642 3845 2700 tribuatur

2256 2737 2313 2787 et
2332 2732 2540 2803 gratia,
2575 2733 2918 2805 felicemque
2948 2749 3082 2789 eum
3133 2750 3283 2799 esse,
3336 2735 3438 2807 qui
3492 2740 3772 2804 utrumque
3804 2729 3842 2782 in

2257 2837 2571 2876 commune
2592 2821 2919 2885 sociaverit,
2952 2826 3008 2877 et
3055 2824 3224 2893 quasi
3273 2839 3463 2878 unum
3513 2838 3709 2894 corpus
3749 2816 3841 2873 eiie-
3938 2816 3939 2861 ἲ

2257 2910 2419 2963 cerit.
2451 2910 2613 2972 Quod
2661 2910 2761 2981 qui
2806 2910 2981 2965 fuerit
3019 2917 3395 2978 consecutus,
3445 2910 3653 2967 videbit
3686 2909 3841 2968 lucem.

2255 2996 2477 3052 videbit
2507 2997 2829 3065 Christum,
2872 2998 3051 3054 solem
3074 3000 3341 3069 justitia.
3389 3000 3455 3055 Et
3485 3000 3529 3055 si
3564 2998 3717 3054 annis
3755 2991 3844 3066 plu-

2259 3085 2420 3140 ribus
2478 3085 2701 3150 vixerit,
2763 3086 2819 3141 in
2875 3104 3111 3143 summa
3167 3087 3366 3143 latitia
3424 3093 3482 3143 et
3529 3084 3845 3143 delectatione

554 3200 582 3228 «
626 3179 690 3231 In
722 3177 1008 3232 matutino
1040 3175 1273 3232 semina
1302 3190 1499 3230 semen
1528 3179 1719 3243 tuum,
1754 3178 1810 3227 et
1841 3174 1913 3228 ad
1948 3188 2147 3244 vespe-
2180 3158 2222 3225 C
2262 3173 2607 3245 versabitur,
2671 3173 2895 3229 habens
2944 3174 3249 3230 scientiam
3320 3176 3753 3248 Scripturarum,
3810 3171 3846 3223 ei

484 3281 617 3320 rum
648 3280 721 3319 ne
769 3262 1030 3318 dimittas
1079 3276 1325 3317 manum
1375 3265 1577 3315 tuam:
1622 3260 1900 3332 quoniam
1953 3261 2187 3315 nescis'

482 3352 622 3425 quid
682 3352 906 3424 placeat
926 3353 970 3418 ³,
1011 3351 1117 3405 hoc
1174 3351 1283 3415 [Αἰ.
1328 3354 1431 3404 aut
1486 3349 1637 3417 hoc],
1681 3366 1752 3403 an
1811 3348 1977 3403 illud.
2028 3348 2144 3403 Etsi

484 3444 823 3512 utrumque,
860 3440 1027 3510 quasi
1053 3452 1242 3494 unum
1283 3439 1500 3493 bonum
1534 3443 1640 3505 est,
1657 3436 1903 3492 etdulce
1920 3436 2140 3506 lumen,

483 3533 541 3585 et
579 3530 799 3584 bonum
830 3527 1015 3583 oculis
1045 3526 1245 3584 videre
1275 3526 1487 3581 solem:
1514 3525 1655 3596 quia
1685 3526 1733 3579 si
1767 3526 1938 3580 annis
1998 3525 2146 3579 mul-

480 3616 559 3672 tis
589 3617 793 3672 vixerit
822 3616 1016 3685 homo,
1051 3616 1110 3669 in
1142 3616 1424 3670 omnibus
1455 3613 1547 3668 his
1577 3613 1823 3679 laetetur,
1848 3619 1903 3669 et
1936 3616 2143 3669 memi-

481 3704 635 3760 nerit
662 3704 786 3761 dies
817 3705 1220 3768 tenebrarum,
1251 3702 1392 3774 quia
1419 3702 1685 3773 plurima
1709 3706 1901 3757 erunt.
1959 3702 2142 3757 Omne

482 3793 637 3865 quod
670 3798 980 3849 venturum
1014 3796 1121 3860 est,
1154 3791 1407 3847 vanitas.
1438 3813 1465 3838 ››
1498 3790 1579 3845 Ne
1611 3789 1795 3862 eligas
1853 3790 1946 3845 cui
1997 3791 2144 3845 bene

483 3881 703 3949 facias;
737 3882 837 3936 sed
868 3885 925 3935 et
956 3897 1089 3935 cum
1149 3879 1529 3943 benefeceris,
1594 3895 1894 3950 nunquam
1927 3895 1960 3934 a
1991 3879 2141 3935 bono

485 3985 659 4039 opere
691 3967 958 4023 desistas.
994 3967 1342 4024 Matutinam
1376 3967 1672 4037 justitiam
1721 3983 1927 4038 vesper
1984 3967 2140 4023 inve-

488 4057 632 4113 niat.
666 4058 735 4113 Et
763 4057 1020 4128 vesperis
1080 4058 1186 4129 [ΑΙ.
1234 4056 1488 4128 vesperi]
1541 4056 2002 4111 misericordiam
2054 4056 2138 4111 sol

486 4147 595 4219 [AL
624 4145 793 4216 solis]
850 4151 1014 4201 ortus
1080 4144 1434 4201 accumulet.
1494 4149 1786 4199 Incertum
1836 4150 1925 4199 est
1980 4146 2138 4200 enim

484 4236 640 4307 quod
673 4252 822 4307 opus
855 4233 1042 4305 magis
1070 4233 1296 4305 placeat
1325 4234 1461 4299 Deo,
1496 4239 1552 4287 et
1581 4250 1649 4287 ex
1669 4233 1899 4304 quotibi
1918 4234 2140 4289 fructus

486 4324 644 4381 488
666 4323 908 4394 justitia
941 4327 1317 4393 praparetur.
1352 4321 1546 4375 Potest
1603 4326 1796 4374 autem
1857 4319 2137 4385 accidere,

484 4416 678 4469 utnon
704 4429 909 4477 unum,
941 4410 1042 4466 sed
1076 4415 1395 4480 utrumque
1454 4407 1680 4479 placeat
1737 4409 1870 4463 Deo.
1932 4408 2135 4464 Aliter.

2256 3262 2445 3333 magis
2476 3262 2547 3316 ad
2602 3261 2759 3317 hunc
2817 3262 3076 3318 laborem
3123 3265 3529 3320 recordatione
3557 3265 3578 3297 ⁸
3609 3260 3765 3317 futuri
3781 3260 3846 3329 ju-

2252 3349 2389 3403 dicii
2441 3348 2866 3421 compelletur:
2928 3351 3066 3422 quia
3125 3355 3478 3423 perpetuum
3538 3350 3846 3407 tenebrarum

2253 3442 2491 3509 tempus
2522 3438 2808 3503 adveniet,
2841 3444 2900 3494 et
2929 3443 3151 3494 aterna
3193 3457 3375 3511 pmna
3436 3439 3851 3512 praparabuntur

2252 3523 2360 3587 eis,
2387 3524 2486 3594 qui
2523 3540 2636 3579 non
2672 3524 3086 3581 seminaverint
3117 3543 3288 3581 mane
3318 3534 3377 3582 et
3404 3529 3476 3583 ad
3500 3540 3789 3599 vesperam,
3811 3523 3849 3575 et

2253 3628 2626 3684 nequaquam
2658 3613 2813 3668 484
2844 3619 3165 3686 utrumque
3205 3616 3469 3672 sociaver
3486 3621 3629 3673 unt:
3686 3628 3774 3669 nec
3793 3607 3850 3663 Vi-

2252 3698 2673 3755 deruntlucem
2708 3717 2811 3756 nec
2842 3700 3044 3766 solem,
3082 3702 3236 3759 unde
3263 3702 3464 3775 ipsum
3500 3703 3694 3759 lumen
3724 3713 3849 3771 egre-

2255 3787 2415 3843 ditur
2441 3788 2549 3859 [ΑΙ.
2583 3789 2956 3861 egredietur].

2322 3876 2482 3948 (Cap.
2516 3877 2661 3948 ΧΠ.)
2719 3879 2953 3950 Laetare,
3016 3878 3361 3936 adolescens
3391 3882 3434 3949 ⁸,
3486 3882 3544 3936 in
3594 3877 3850 3952 juventam

2249 3968 2372 4035 tua,
2407 3970 2464 4020 et
2496 3966 2551 4020 in
2584 3966 2733 4021 bono
2767 3966 2843 4021 sit
2872 3984 2972 4022 cor
3001 3973 3167 4023 tuum
3204 3970 3259 4023 in
3319 3969 3535 4025 diebus
3578 3960 3849 4039 juventutis

2248 4057 2384 4118 tua,
2413 4059 2469 4108 et
2498 4053 2737 4110 ambula
2770 4055 2827 4109 in
2861 4056 2971 4110 viis
3006 4057 3195 4111 cordis
3225 4058 3333 4127 tui,
3363 4063 3423 4113 et
3453 4057 3848 4112 inintuituocu-

2248 4142 2438 4198 lorum
2469 4147 2705 4197 tuorum
2735 4144 2775 4197 ⁷.
2813 4144 2879 4198 Et
2907 4145 3053 4200 scito
3085 4144 3212 4213 hoc,
3246 4146 3384 4216 quia
3415 4163 3597 4219 super
3624 4142 3847 4199 omnibus

2251 4230 2340 4285 his
2371 4232 2621 4286 adducet
2648 4235 2702 4287 te
2735 4231 2885 4287 Deus
2918 4232 2973 4286 in
2997 4233 3313 4303 judicium.
3348 4234 3419 4289 Et
3453 4235 3662 4306 repelle
3684 4235 3804 4288 iram
3827 4241 3851 4279 α

2246 4320 2418 4374 corde
2469 4325 2586 4387 tuo,
2641 4326 2697 4375 et
2748 4321 2912 4375 aufer
2968 4320 3253 4376 malitiam
3285 4340 3318 4377 a
3350 4339 3529 4378 carne
3585 4330 3713 4377 tua:
3748 4315 3852 4389 quia

2246 4406 2641 4463 adolescentia
2672 4412 2728 4463 et
2760 4407 3011 4464 stultitia
3057 4410 3282 4465 vanitas
3329 4417 3440 4466 est.
3497 4413 3563 4466 Et
3610 4408 3851 4465 memento

488 4501 559 4558 Et
586 4502 647 4557 in
680 4500 1092 4564 adolescentia,
1126 4504 1183 4553 et
1212 4498 1277 4554 in
1305 4501 1559 4563 senecta,
1589 4513 1791 4567 aequus
1823 4496 1924 4550 tibi
1976 4496 2140 4552 labor
2172 4519 2218 4583 ί)
2245 4495 2534 4551 Creatoris
2564 4496 2648 4551 tui
2681 4496 2739 4551 in
2770 4496 2979 4552 diebus
3022 4497 3351 4568 juventutis
3400 4502 3538 4568 tua,
3586 4502 3849 4583 antequam

488 4588 580 4645 sit.
644 4588 759 4643 Nec
799 4588 999 4643 dicas:
1063 4587 1205 4641 dum
1258 4584 1449 4655 potui,
1512 4583 1789 4650 laboravi,
1850 4586 2030 4641 debeo
2077 4586 2136 4640 in

486 4679 785 4734 senectute
816 4675 1202 4748 requiescere.
1247 4672 1445 4728 Nescis
1462 4672 1615 4727 enim
1642 4676 1838 4728 utrum
1858 4673 1912 4728 in
1931 4675 2140 4746 juven-

495 4770 643 4838 tute,
668 4782 743 4821 an
775 4764 833 4820 in
867 4767 1032 4820 atate
1074 4763 1333 4833 longaeva
1364 4759 1594 4831 placeas
1650 4761 1785 4817 Deo.
1845 4762 1959 4817 Nec
2016 4780 2143 4834 pro-

561 4891 779 4949 ‘Vatic.
812 4906 909 4945 suo
939 4896 1195 4959 tempore.
1253 4882 1503 4953 Alcuin.,
1550 4886 1897 4959 Quapropter
1949 4903 2143 4958 appar.

492 4971 623 5047 tunc
650 4962 732 5018 vel
753 4956 1066 5034 importuno
1119 4962 1358 5029 tempore
1410 4956 1796 5027 przrdicandus
1845 4961 1922 5013 est
1967 4956 2143 5013 sermo

501 5036 825 5160 DatVerius
870 5103 1132 5157 videatur
1192 5096 1397 5173 legisse
1448 5098 1714 5155 Alcuin.:
1752 5099 1941 5155 Debeat
1997 5107 2146 5154 sator

499 5191 772 5299 spargere,
801 5183 850 5229 et
881 5181 1157 5230 eventum.
1193 5176 1297 5226 etc.

570 5246 592 5280 ³
668 5244 869 5299 alatin.
903 5245 1069 5309 alter,
1102 5242 1231 5315 quid
1249 5244 1370 5313 plus
1394 5243 1629 5313 placeat.

573 5316 595 5350 δ
625 5315 896 5370 Martian.
920 5318 1074 5369 laetus
1104 5312 1287 5384 fuerit
1324 5312 1526 5369 contra
1558 5331 1698 5369 mss.
1733 5312 2146 5383 editorumquc

573 5389 679 5439 utea
707 5384 990 5439 librorum
1026 5385 1219 5439 fidem.

420 5434 425 5437 _
506 5389 679 5443 antea
707 5389 990 5439 librorum
1026 5389 1219 5439 (idem.

577 5457 599 5493 ⁵
629 5454 877 5511 Polatin.
911 5458 973 5509 Et
1000 5458 1179 5525 magis
1236 5453 1392 5521 amlut
1447 5455 1517 5509 avt
1556 5454 1698 5509 hunc
1754 5454 2014 5518 laborem,
2066 5469 2148 5509 re-

505 5527 894 5589 cordationem.
910 5531 1018 5581 etc.

575 5601 597 5641 ⁸
630 5601 844 5659 {atare
870 5596 1327 5668 adolescens,_etci,
1354 5596 1417 5668 lu
1475 5595 1890 5668 antiquissimo
1949 5596 2147 5652 codice

507 5691 618 5737 ms.
651 5668 983 5734 Corbeiensi
1007 5664 1319 5739 capitulum
1348 5666 1507 5723 istud
1529 5664 1872 5725 numeratur
1898 5684 2143 5737 xxxvul;

2246 4583 2480 4639 veniant
2535 4584 2658 4640 dies
2718 4584 2949 4640 malitia
2995 4590 3051 4640 et
3100 4587 3580 4659 apprOpinquent
3634 4582 3759 4641 anni
3812 4579 3853 4633 in

2251 4671 2468 4744 quibus
2500 4672 2697 4728 dices:
2729 4673 2853 4729 Non
2885 4678 2975 4729 est
3006 4673 3145 4729 mihi
3185 4674 3243 4728 in
3279 4674 3395 4730 illis
3447 4675 3711 4731 voluntas
3732 4673 3751 4706 ⁸
3778 4666 3853 4736 [ΑΙ.

2249 4760 2535 4830 voluptas].
2572 4782 2597 4809 ι)
2653 4762 2716 4815 In
2778 4761 2883 4817 hoc
2964 4762 3241 4834 capitulo,
3317 4763 3555 4819 diversa
3634 4758 3855 4818 omnium

2252 4883 2508 4939 maxima
2537 4884 2694 4939 enim
2726 4890 2813 4940 est
2842 4885 3123 4958 distantia
3170 4886 3448 4958 antiquas
3488 4886 3640 4942 inter
3682 4878 3854 4958 Biblio-

2254 4972 2384 5010 rum
2415 4971 2716 5010 sacrorum
2775 4973 2839 5011 ac
2880 4956 3190 5011 hodiernas
3238 4952 3578 5021 divisiones,
3613 4960 3673 5011 ut
3703 4952 3853 5009 viden

2253 5032 2343 5083 est
2371 5027 2429 5081 in
2455 5027 2886 5098 Prolegomenis
2903 5028 3116 5099 nostris
3145 5028 3164 5083 Ι
3189 5029 3356 5084 Tom.
3398 5034 3682 5084 Maurus.
3714 5096 3722 5099 _
3818 5090 3826 5099 _

2328 5130 2390 5171 έ-
2416 5099 2538 5153 Duo
2576 5096 2716 5154 mﬂss.
2775 5097 3219 5171 castigatiorem
3254 5101 3486 5161 Latere,
3533 5096 3761 5171 jaceat},
3808 5096 3851 5142 ί¹³

2255 5169 2617 5224 adolescentia
2665 5177 2777 5233 tam,
2838 5164 3332 5240 quemadmodum
3380 5164 3549 5226 infra‘
3581 5169 3648 5223 ah
3698 5164 3853 5221 Iliero'

2256 5257 2431 5312 nymo
2462 5240 2623 5295 locus
2638 5241 2949 5312 recitatur.

2327 5312 2345 5345 ⁷
2373 5312 2604 5385 Addunt
2636 5310 2881 5385 Palatini
2911 5312 3227 5385 duo‘codd.
3281 5312 3412 5367 Sine
3457 5307 3850 5385 reprehensione.

2257 5382 2412 5453 quod
2445 5399 2511 5436 ex
2544 5383 2736 5437 Graco
2769 5377 3001 5453 ἄμωμος
3023 5382 3337 5437 derivatur.
3515 5377 3528 5385 ”
3742 5444 3755 5453 _
3821 5441 3830 5451 ,

2326 5455 2347 5488 ⁸
2382 5453 2494 5507 Νοη
2522 5456 2599 5507 est
2636 5453 2782 5508 mihi
2808 5442 2817 5453 ’
2840 5442 2911 5508 ίτί
2948 5454 3065 5508 illis
3120 5455 3391 5510 voluntas.
3437 5454 3700 5508 Erasmus
3742 5442 3852 5514 legit

2256 5525 2536 5599 voluptas;
2569 5524 2745 5598 idque
2777 5531 3063 5599 retentum
3088 5525 3255 5599 estin
3277 5520 3711 5599 quamplurimis
3734 5527 3848 5599 ms!-

2259 5594 2321 5650 ln
2365 5594 2598 5651 Hebraeo
2649 5594 2746 5670 est
2799 5594 3415 5670 f'gn__bbei_ihcts,quorl
3449 5594 3754 5670 voluntatem
3779 5594 3848 5639 in-

2256 5672 2651 5740 terpretantur
2673 5667 2847 5725 etiam
2882 5667 3018 5724 LXX
3048 5666 3468 5727 Translatores.
3509 5666 3760 5725 Maurus.
