4068 6174
210 364 386 426 ’1161

1233 365 1855 430 COMMENTARIUS
1900 367 1978 427 IN
2025 367 2625 430 EGCLESIASTEN.

3455 365 3638 448 41162

207 493 559 568 explanatio
589 495 719 563 fuit,
753 500 810 551 et
837 500 924 552 tot
943 513 1086 569 pene
1126 498 1448 565 sententiae,
1502 505 1642 568 quot
1682 498 1875 554 homi-
1907 501 1957 566 Α
1991 502 2075 554 nia
2109 502 2235 570 (Isa.
2269 501 2503 571 xxxvn).
2537 499 2598 555 In
2633 498 2752 553 illis
2791 497 2998 552 diebus
3025 499 3240 566 ﬂorebat
3284 497 3641 568 amygdalum

234 600 354 638 nes.
404 583 565 640 Unde
614 584 752 655 quia
796 584 1039 658 longum
1093 591 1182 641 est
1212 586 1580 656 opinationes
1621 588 1884 642 omnium

227 687 551 739 recensere,
609 679 666 728 et
711 679 1058 744 argumenta
1116 674 1332 746 quibus
1377 675 1698 731 sententias
1747 692 1886 731 suas

199 761 556 832 approbare
603 761 913 827 voluerint,
972 763 1278 835 explicare,
1341 779 1518 834 prope
1571 781 1663 819 res
1709 764 1886 818 unius

227 847 548 905 voluminis
596 854 686 905 est
731 868 743 906 :
791 852 1045 907 sufﬁciat
1095 852 1482 923 prudentibus
1522 852 1886 924 significasse

226 937 369 1008 quid
401 939 714 1007 senserint,
766 944 825 994 et
870 939 1039 1010 quasi
1073 941 1128 995 in
1173 941 1428 1012 quadam
1461 941 1618 996 brevi
1649 939 1886 1010 tabella,

228 1026 382 1081 situs
407 1027 664 1098 pinxisse
697 1033 1010 1093 terrarum,
1034 1030 1336 1101 totiusque
1365 1029 1522 1084 orbis
1552 1031 1884 1086 vastitatem

228 1119 292 1170 et
321 1115 609 1171 ambitum
637 1116 871 1187 Oceani,
896 1123 1144 1190 angusto
1169 1124 1496 1174 montrasse
1518 1118 1883 1191 compendio.

305 1203 531 1259 Hebraei
563 1205 632 1260 ad
669 1205 840 1260 Israel
873 1207 1167 1261 aestimant
1197 1206 1488 1278 pertinere
1520 1208 1882 1275 mandatum,

229 1292 326 1348 cui
358 1293 713 1366 praecipitur,
749 1299 812 1349 ut
860 1295 1090 1350 fruatur
1127 1295 1346 1350 divitiis
1382 1296 1536 1362 suis,
1568 1300 1885 1368 antequam

204 1381 283 1437 ‘ei
333 1382 685 1453 captivitatis
726 1387 958 1454 tempus
991 1384 1278 1448 adveniat,
1324 1390 1382 1440 et
1429 1385 1878 1440 adolescentiam

225 1475 529 1527 senectute
567 1477 888 1527 commutet
923 1489 934 1526 :
969 1473 1253 1545 quidquid
1286 1473 1626 1528 delectabile
1671 1474 1757 1528 vel
1779 1475 1879 1544 ju-

227 1561 514 1624 cundum,
554 1565 674 1615 tam
724 1561 908 1628 cordi,
938 1579 1115 1632 quam
1159 1562 1344 1618 oculis
1388 1561 1742 1634 apparuerit,
1793 1578 1882 1630 eo,

224 1649 371 1704 dum
405 1650 462 1703 in
503 1655 778 1720 promptu
818 1654 926 1714 est,
978 1651 1256 1706 abutatur
1307 1669 1320 1706 :
1373 1651 1454 1706 ita
1499 1656 1695 1706 tamen
1730 1657 1793 1706 ut
1822 1667 1884 1707 se

224 1737 452 1793 noverit
481 1737 542 1792 in
573 1739 1258 1809 omnibusjudicandum
1295 1756 1307 1793 :
1343 1744 1399 1793 et
1428 1744 1547 1794 tam
1578 1739 1882 1810 cogitatio-

223 1840 332 1881 nes
363 1824 572 1893 malas,
598 1843 777 1897 quam
811 1826 1084 1884 libidines
1115 1827 1320 1899 fugiat,
1353 1828 1547 1883 sciens
1569 1827 1880 1883 stultitiam

221 1913 632 1971 adolescentiae
690 1915 1021 1987 copulatam
1075 1917 1582 1988 :recordeturque
1647 1933 1883 1989 semper

222 2004 516 2059 Creatoris
541 2004 978 2076 sui,antequam
1003 2005 1128 2060 dies
1151 2005 1478 2078 Babyloniae
1510 2023 1576 2061 ac
1608 2006 1880 2061 Romanis

223 2091 577 2164 captivitatis
619 2092 951 2159 adveniant,
1002 2093 1062 2148 in
1119 2094 1338 2164 quibus
1385 2110 1497 2148 non
1563 2095 1776 2165 poterit
1807 2095 1883 2150 ha

228 2181 371 2237 bere
405 2180 758 2237 voluntatem
819 2184 858 2236 ί.
893 2183 960 2237 Et
989 2186 1177 2238 totum
1232 2183 1388 2238 hunc
1446 2182 1636 2238 locum
1693 2185 1764 2238 ab
1814 2200 1880 2239 eo

220 2270 385 2341 quod
417 2270 496 2324 ait
526 2285 538 2326 ;
575 2293 601 2320 ‹‹
637 2274 966 2342 Antequam
1001 2272 1366 2327 tenebrescat
1398 2271 1506 2338 sol,
1539 2276 1596 2326 et
1625 2271 1787 2338 luna,
1820 2277 1879 2327 ct

215 2357 428 2429 stellae,
466 2383 487 2408 ι
533 2376 718 2430 usque
766 2361 838 2415 ad
893 2375 1028 2414 eum
1076 2359 1292 2426 locum,
1346 2360 1402 2414 in
1434 2376 1547 2431 quo
1581 2361 1882 2431 Scriptura

213 2453 647 2504 commemorat
693 2466 705 2504 :
759 2471 787 2499 «
844 2449 914 2504 Et
943 2455 1308 2504 convertetur
1347 2449 1540 2520 pulvis
1570 2449 1629 2503 in
1658 2454 1877 2504 terram

213 2553 397 2592 suam
427 2538 582 2592 sicut
628 2542 772 2603 erat,
816 2544 875 2593 et
917 2537 1162 2609 spiritus
1211 2543 1529 2594 revertetur
1568 2538 1639 2592 ad
1686 2539 1882 2593 Domi-

211 2643 390 2692 num,
414 2626 514 2697 qui
567 2626 728 2682 dedit
777 2625 978 2694 illum;
1015 2649 1042 2675 n
1073 2643 1250 2698 super
1271 2631 1428 2682 statu
1453 2643 1572 2681 suae
1595 2627 1876 2682 conditio-

211 2715 316 2770 nis
359 2713 693 2787 explanant.
745 2716 878 2781 Quze
927 2715 1086 2787 quia,
1116 2720 1180 2770 ut
1219 2732 1398 2787 supra
1429 2714 1705 2782 diximus,
1739 2715 1878 2770 laci-

208 2805 392 2859 niosa
419 2805 440 2836 ²
471 2807 610 2859 sunt
637 2808 694 2859 et
724 2803 965 2875 prolixa,
998 2803 1247 2860 strictim
1281 2821 1314 2859 a
1370 2804 1540 2858 nobis
1600 2803 1878 2859 breviter-

207 2909 338 2964 que
367 2895 703 2962 tangentur.
737 2891 949 2946 Lzetare
978 2907 1114 2963 ergo
1145 2892 1203 2946 in
1237 2893 1544 2963 juventutc
1574 2893 1724 2948 485
1759 2899 1879 2960 tua,

209 2998 247 3036 ο
288 2979 488 3046 Israel,
518 2985 576 3035 et
607 2980 695 3034 fac
727 2979 824 3035 illa
861 2979 946 3035 vel
997 2980 1116 3047 illa,
1149 2981 1220 3035 de
1250 2981 1467 3052 quibus
1489 2982 1617 3052 jam
1649 2982 1872 3036 dictum

213 3071 320 3124 est
368 3073 685 3140 antequam
755 3068 1080 3140 captivitas,
1132 3071 1421 3136 adveniat,
1471 3077 1528 3126 et
1573 3089 1608 3125 ει
1650 3075 1705 3125 te
1742 3076 1880 3125 tuus

212 3158 415 3214 honor
444 3157 675 3212 recedat
717 3163 774 3212 et
820 3157 1026 3229 gloria,
1078 3164 1134 3213 et
1173 3159 1426 3228 judices,
1471 3164 1528 3214 et
1568 3159 1756 3215 sancti
1790 3158 1874 3214 tui

1996 587 2101 659 [ΑΙ.
2133 590 2504 660 amygdalus],
2537 587 2634 642 ille
2665 586 2912 642 baculus
2951 591 3009 641 et.
3060 587 3221 658 virga
3278 603 3452 658 quam
3487 586 3639 642 Jere-

1996 678 2145 731 mias
2174 677 2232 731 in
2267 678 2581 749 prophetia:
2622 695 2742 731 sua:
2771 676 2913 730 vidit
2943 676 3196 742 exordio,
3230 684 3279 729 et
3327 677 3642 746 impingitu-

1997 766 2144 820 bitur
2173 768 2397 832 locusta,
2459 766 2998 821 Nabuchodonosor
3035 781 3167 820 cum
3229 781 3335 818 suo
3365 763 3641 829 exercitu,

1996 863 2048 910 ct
2074 855 2437 926 dissipabitur
2463 857 2714 926 capparis
2746 856 2965 927 (Jerem.
2994 855 3053 922 ι),
3087 853 3346 908 amicitia
3375 853 3476 908 Dei
3507 870 3642 908 cum
3669 874 3678 876 -

1997 943 2191 999 Israel.
2227 944 2372 1009 Quid
2415 944 2526 1000 sibi
2555 949 2748 999 autem
2780 944 2915 998 velit
2943 945 3219 1014 capparis,
3253 959 3387 996 cum
3418 943 3490 996 de
3521 941 3643 996 sin-

1995 1032 2149 1103 gulis
2174 1033 2520 1104 coeperimus
2551 1033 2763 1097 dicere,
2811 1031 3042 1103 plenius
3085 1029 3490 1103 explicabitur.
3525 1029 3642 1084 Hoc

1997 1126 2191 1177 autem
2244 1126 2432 1177 totum
2476 1120 2699 1177 eveniet
2748 1119 2946 1176 Israeli
2993 1138 3005 1175 :
3059 1119 3196 1191 quia
3239 1119 3507 1174 abiturus
3555 1121 3646 1173 est

1996 1209 2170 1264 homo
2211 1210 2268 1264 in
2328 1210 2565 1264 domum
2617 1208 2958 1263 aeternitatis
3005 1225 3148 1275 suae,
3188 1211 3244 1262 et
3293 1225 3326 1261 a
3373 1205 3643 1278 praesidio

2000 1297 2091 1352 Dei
2125 1299 2146 1332 ⁸
2176 1299 2243 1353 ad
2279 1297 2531 1353 coelestia
2561 1314 2921 1364 reversurus,
2957 1313 3070 1368 quo
3120 1297 3335 1350 abunte
3367 1296 3424 1350 in
3456 1295 3646 1351 taber-

1996 1386 2268 1441 naculum
2297 1387 2908 1452 suum,circumibunt
2929 1386 2985 1439 in
3010 1385 3199 1456 platea
3232 1385 3437 1439 flentes
3470 1388 3644 1456 atque

1994 1475 2355 1546 plangentes.
2407 1479 2462 1530 et
2512 1475 2767 1530 hostium
2817 1474 3120 1530 obsidione
3156 1472 3372 1528 vallati.
3428 1473 3648 1529 Ltetare

1993 1580 2151 1635 ergo,
2185 1562 2384 1628 Israel,
2415 1562 2474 1618 in
2505 1565 2812 1634 juventute
2841 1568 2960 1628 tua,
2987 1566 3300 1632 antequam
3337 1567 3649 1632 rumpatur

1995 1651 2291 1707 funiculus
2323 1657 2656 1722 argenteus.
2708 1650 2817 1704 hoc
2848 1655 2953 1720 est,
2995 1651 3177 1704 donec
3236 1649 3422 1720 gloria
3462 1655 3649 1704 vestra

1992 1741 2292 1796 vobiscum
2324 1744 2433 1810 est,
2466 1746 2784 1812 antequam
2816 1743 3077 1794 recurrat
3117 1738 3259 1793 vitta
3306 1754 3482 1793 aurea
3510 1739 3556 1804 ⁵,
3589 1738 3646 1793 id

1991 1835 2099 1894 est,
2148 1834 2462 1900 antequam
2509 1845 2643 1884 arca
2693 1828 3022 1883 testamenti
3078 1827 3421 1881 auferatur:
3456 1827 3648 1898 prius~

1988 1934 2164 1989 quam
2198 1922 2534 1973 conteratur
2566 1917 2768 1989 hydria
2799 1917 2871 1971 ad
2904 1917 3147 1982 fontem,
3177 1921 3233 1971 et
3265 1913 3648 1970 convolvatur

1988 2011 2116 2061 rota
2139 2023 2316 2079 super
2347 2006 2560 2073 lacum,
2593 2005 2650 2060 id
2679 2010 2792 2070 est,
2828 2006 3011 2059 donec
3042 2004 3197 2059 intra
3253 2009 3458 2059 sancta
3510 2021 3645 2059 san-

1988 2101 2214 2150 ctorum
2246 2100 2530 2167 praecepta
2559 2095 2786 2166 legis,et
2808 2093 2998 2148 sancti
3032 2093 3288 2170 Spiritus
3310 2097 3399 2147 est
3427 2093 3642 2164 gratia,

1987 2190 2046 2239 et
2095 2188 2410 2254 antequam
2466 2182 2771 2237 revertaris
2830 2182 2886 2236 in
2946 2181 3324 2253 Babylonem,
3373 2181 3528 2235 unde
3580 2181 3642 2234 in

1987 2271 2205 2327 lumbis
2237 2273 2392 2327 486
2437 2287 2713 2342 egressus
2763 2286 2824 2325 es
2874 2269 3138 2336 Abrahae,
3187 2272 3242 2322 et
3291 2267 3535 2339 incipias
3587 2268 3644 2322 in

1989 2361 2403 2432 Mesopotamia
2432 2360 2673 2428 conteri,
2709 2359 2864 2413 unde
2916 2363 2971 2412 et
3011 2357 3307 2430 quondam
3349 2357 3644 2428 profectus

1988 2467 2091 2506 es:
2130 2450 2410 2520 omnique
2441 2449 2631 2520 gratia
2691 2447 3152 2520 prophetiamqua
3191 2446 3489 2518 quondam
3522 2445 3644 2500 fue-

1991 2557 2084 2594 ras
2139 2539 2482 2610 inspiratus,
2526 2542 2848 2592 revertetur
2880 2537 2949 2591 ad
2992 2537 3252 2591 datorem
3287 2552 3482 2590 suum.
3516 2536 3647 2590 Haec

1987 2628 2172 2681 Judaei
2206 2643 2392 2698 usque
2423 2626 2595 2682 hodie
2625 2627 2926 2680 disserunt
2949 2630 3006 2680 et
3035 2625 3105 2680 ad
3131 2641 3441 2696 personam
3475 2640 3645 2680 suam

1991 2715 2437 2788 intelligentiam
2472 2716 2645 2786 hujus
2680 2714 2923 2786 capituli
2955 2715 3215 2769 trahunt.

2061 2805 2176 2860 Nos
2208 2810 2402 2860 autem
2437 2805 2506 2859 ad
2539 2804 2860 2875 superioris
2913 2803 3329 2875 disputationis
3377 2803 3643 2859 ordinem

1991 2899 2362 2960 revertentes,
2395 2891 2628 2965 singula
2683 2892 3030 2948 conabimur
3071 2891 3382 2964 explanare
3415 2909 3426 2947 :
3466 2916 3486 2941 ι
3524 2892 3641 2946 La:-

1989 2987 2132 3052 tare,
2159 2982 2414 3053 juvenis,
2449 2982 2506 3036 in
2539 2981 2934 3036 adolescentia
2981 2986 3102 3046 tua,
3155 2985 3211 3035 et
3242 2981 3297 3034 in
3330 2981 3480 3035 bono
3515 2980 3590 3036 sit
3618 2981 3640 3014 ⁸

1989 3088 2086 3126 cor
2116 3077 2283 3126 tuum
2333 3072 2390 3125 in
2434 3071 2642 3126 diebus
2680 3070 3008 3140 juventutis
3060 3075 3190 3134 tuae,
3224 3075 3281 3124 et
3312 3068 3548 3124 ambula
3578 3069 3637 3123 in

1989 3160 2098 3216 viis
2125 3160 2316 3215 cordis
2347 3159 2454 3228 tui,
2483 3164 2540 3214 et
2569 3159 2627 3212 in
2662 3165 2902 3230 aspectu
2938 3157 3242 3212 oculorum
3282 3162 3536 3212 tuorum.
3571 3159 3640 3212 Et

213 3248 399 3320 (quos
447 3246 506 3300 in
555 3246 696 3311 sole,
745 3251 802 3303 et
843 3247 1005 3317 luna,
1057 3252 1116 3302 et
1155 3247 1342 3303 stellis
1373 3247 1617 3320 intelligi
1649 3247 1876 3320 volunt)
1907 3229 1948 3294 (ἶ
1988 3250 2132 3305 scito
2169 3265 2346 3320 super
2370 3249 2646 3303 omnibus
2679 3247 2790 3317 his,
2847 3247 2986 3319 quia
3024 3247 3274 3301 adducet
3303 3253 3359 3302 te
3393 3248 3541 3302 Deus
3573 3247 3633 3302 in

215 3334 588 3402 auferantur,
652 3335 979 3405 Antequam
1050 3336 1244 3391 veniat
1314 3336 1871 3405 Nabuchodonosor,
1975 3338 2292 3409 judicium.
2332 3360 2358 3386 »
2391 3337 2626 3392 Dixerat.
2665 3334 2858 3391 lucem
2892 3334 3095 3390 mundi
3138 3335 3315 3405 hujus
3344 3351 3473 3390 esse
3503 3335 3633 3390 dul-

214 3425 347 3479 sive
397 3424 564 3478 Titus
613 3423 954 3495 Vespasiani
995 3423 1153 3480 filius
1201 3426 1422 3480 accitus
1467 3443 1500 3480 a
1557 3426 1874 3498 prophetis,

211 3516 281 3568 et
309 3527 511 3567 eorum
545 3511 817 3566 vaticinia
847 3507 1273 3584 compleantur.
1313 3515 1372 3568 In
1413 3513 1510 3568 die
1540 3531 1656 3585 qua
1686 3515 1877 3586 angeli

214 3600 427 3671 templi
455 3599 729 3671 praesides
762 3601 1049 3669 recedent,
1083 3606 1140 3657 et
1169 3602 1567 3656 turbabuntur
1599 3603 1878 3659 robustis-

220 3687 370 3744 simi
398 3687 608 3760 quippe
639 3689 698 3743 in
727 3689 981 3744 exercitu
1011 3695 1133 3756 tuo,
1158 3694 1214 3744 et
1243 3689 1430 3745 otiosa
1451 3695 1623 3746 erunt
1647 3690 1878 3762 eloquia

221 3774 664 3847 magistrorum,
716 3781 774 3832 et
821 3778 1137 3850 prephetaa,
1187 3778 1288 3849 qui
1319 3780 1391 3833 de
1421 3779 1581 3834 caelis
1612 3779 1879 3835 solebant

215 3865 516 3922 visionum
581 3883 823 3922 suarum
897 3867 1096 3922 lumen
1159 3869 1438 3939 accipere,
1471 3868 1877 3925 contenebres-

214 3958 425 4012 scent:
463 3955 697 4026 quando
767 3954 1116 4011 claudentur
1162 3956 1661 4028 templijanuae,et
1683 3959 1876 4014 humi-

213 4043 466 4098 liabitur
492 4043 844 4108 Jerusalem,
870 4049 928 4099 et
957 4043 1261 4100 Chaldaeus
1282 4047 1492 4112 veniet,
1515 4046 1682 4118 quasi
1704 4051 1877 4102 cantu

213 4131 335 4204 [AL
369 4132 598 4203 cantus)
645 4131 918 4202 volucris,
965 4133 1046 4188 ita
1093 4134 1353 4189 Jeremiaa
1404 4135 1643 4191 vocibus
1676 4153 1879 4207 provo-

214 4224 398 4277 catus
448 4221 470 4255 ³
513 4222 730 4293 (Jerem.
781 4225 881 4292 ix),
931 4227 987 4277 et
1035 4222 1428 4278 conticescent
1471 4222 1601 4279 ﬁliae
1648 4224 1879 4293 cantici,

213 4312 286 4366 in
323 4307 538 4381 templo
564 4308 945 4381 psallentium
976 4310 1156 4366 chori.
1191 4311 1292 4366 illo
1325 4316 1604 4384 tempore,
1647 4314 1880 4384 quando

215 4397 532 4456 venientes
564 4398 621 4452 in
653 4398 1138 4470 Hierosolymam,
1166 4400 1274 4471 ipsi
1311 4417 1542 4471 quoque
1567 4401 1765 4457 hostes
1787 4402 1883 4457 Dei

218 4487 646 4561 pertimescent
678 4488 1172 4559 magnitudinem,
1202 4495 1258 4544 et
1289 4489 1348 4543 in
1380 4490 1469 4544 via
1509 4491 1694 4557 dubii,
1743 4496 1884 4546 Sen-

1985 3426 2305 3491 cissimam,
2331 3430 2388 3479 et
2413 3423 2593 3479 laetari
2627 3423 2841 3478 debere
2864 3422 3161 3478 hominem
3186 3422 3244 3476 in
3268 3423 3475 3478 diebus
3503 3423 3633 3477 vita:

1985 3532 2125 3582 suae,
2148 3514 2426 3584 omnique
2457 3511 2652 3568 studio
2679 3527 2918 3580 carpere
2938 3510 3296 3582 voluptatem
3325 3529 3336 3565 :
3363 3510 3634 3583 ingruere

1984 3603 2141 3658 enim
2174 3607 2399 3657 noctem
2451 3600 2657 3656 mortis
2706 3605 3002 3665 aeternam,
3055 3602 3287 3670 quando
3319 3618 3432 3656 non
3466 3601 3636 3657 liceat

1986 3691 2202 3763 perfrui
2252 3688 2641 3760 congregatis,
2701 3693 2759 3743 et
2802 3688 2972 3759 quasi
3023 3688 3314 3756 umbram,
3368 3688 3640 3744 universa

1987 3798 2112 3850 quae
2145 3779 2466 3834 habuimus
2505 3778 2876 3849 pertransire.
2930 3776 3094 3831 Nunc
3147 3793 3283 3848 ergo
3341 3777 3637 3832 hominem

1987 3870 2340 3937 cohortatur,
2373 3872 2431 3921 et
2461 3866 2601 3922 dicit
2633 3884 2645 3921 :
2682 3865 2726 3921 Ο
2757 3865 3117 3932 adolescens,
3153 3871 3469 3937 antequam
3530 3865 3638 3921 tibi

1988 3962 2255 4013 senectus
2287 3961 2344 4011 et
2383 3971 2539 4009 mors
2571 3955 2807 4023 ingruat
2839 3953 3034 4009 laetare
3094 3953 3150 4008 in
3176 3955 3486 4024 juventuto
3515 3961 3637 4027 tua,

1988 4053 2044 4102 et
2073 4045 2358 4118 quidquid
2392 4044 2496 4099 tibi
2529 4044 2701 4099 corde
2732 4044 2974 4107 bonum,
3024 4048 3261 4115 aspectu
3306 4045 3639 4114 jucundum

1988 4136 2236 4204 videtur,
2278 4149 2535 4197 assume,
2591 4133 2800 4190 fruere,
2857 4137 2923 4186 ut
2970 4130 3134 4199 libet,
3181 4133 3388 4187 mundi
3441 4133 3636 4188 rebus.

1994 4226 2248 4280 Rursum
2282 4238 2350 4276 ne
2386 4225 2686 4293 putaretur
2718 4221 2835 4276 hanc
2857 4221 3078 4288 dicens,
3109 4221 3405 4277 hominem
3437 4222 3509 4276 ad
3538 4221 3640 4276 lu-

1989 4313 2217 4368 xuriam
2251 4327 2580 4383 provocare,
2621 4314 2678 4364 et
2710 4310 2768 4364 in
2818 4307 3046 4380 Epicuri
3092 4309 3306 4382 dogma
3351 4326 3639 4377 corruere,

1991 4400 2387 4473 suspicionem
2442 4400 2589 4453 hanc
2638 4397 2900 4464 abstulit,
2964 4398 3220 4454 inferens
3256 4416 3268 4452 :
3305 4423 3332 4448 «
3368 4400 3436 4454 Et
3465 4399 3632 4467 scito,

1994 4489 2269 4562 quoniam
2295 4505 2472 4560 super
2501 4487 2778 4542 omnibus
2808 4486 2902 4542 his
2929 4487 3179 4542 adducet
3205 4493 3256 4543 te
3292 4490 3440 4544 Deus
3470 4488 3528 4544 in
3551 4489 3646 4560 ju-

219 4575 533 4634 macberib
564 4575 856 4631 interdum
886 4577 1303 4632 formidabunt.
1331 4579 1442 4633 lloc
1473 4579 1628 4634 enim
1661 4579 1884 4634 dictum
1918 4599 1965 4663 Β
1995 4578 2408 4643 dicium.»Sic,
2443 4577 2654 4648 inquit,
2678 4576 2916 4631 abutere
2942 4576 3146 4631 mundi
3175 4578 3370 4648 rebus,
3397 4582 3462 4632 ut
3492 4580 3645 4634 scias

220 4667 449 4738 putat:
505 4665 569 4718 Et
615 4664 683 4718 ab
730 4665 942 4720 excelso
1000 4666 1290 4732 timebunt,
1343 4674 1394 4722 et
1442 4667 1890 4738 formidabantin

1999 4673 2054 4722 te
2083 4667 2142 4721 iu
2176 4665 2384 4721 ultimo
2405 4665 2816 4737 judicandum.
2858 4684 2878 4711 α
2907 4665 2971 4719 Et
3001 4664 3213 4736 repelle
3244 4665 3389 4721 iram
3421 4666 3646 4722 acorde

251 4823 260 4828 ’
310 4824 326 4856 ¹
369 4821 662 4898 ΑΡιθιιίᾳυθ
712 4842 855 4882 mss.
903 4825 1250 4898 voluptatem,
1306 4824 1397 4880 hic
1456 4843 1558 4897 pro
1619 4829 1892 4882 voluntate
1999 4826 2244 4885 abeunte,
2278 4827 2386 4898 etc.

223 4893 576 4968 praeferunt.

308 4995 379 5005 ——
428 4967 634 5022 Habere
696 4967 1050 5024 voluntatem.
1080 4969 1181 5023 Hic
1204 4985 1459 5022 errorem
1483 4968 1757 5022 eumdem
1800 4985 1893 5022 ca-

216 5037 480 5120 stigavi;
516 5037 654 5109 quia
682 5055 747 5120 ex
782 5045 1051 5120 contextu
1089 5057 1253 5120 sacro
1310 5039 1670 5120 satisli‘quet
1702 5041 1891 5093 volun-

1572 5127 1888 5181 ieronymo.

215 5113 426 5183 tatem,
462 5127 577 5164 non
612 5112 944 5182 voluptatem
978 5112 1226 5183 positam
1261 5127 1388 5165 esse
1419 5112 1490 5164 ab

224 5179 538 5238 Maurus.

309 5253 331 5286 ²
353 5250 618 5306 Vatican.
667 5253 887 5324 Latiam
917 5261 1047 5307 sunt
1081 5270 1182 5324 pro
1213 5254 1499 5308 laciniosa.

311 5325 331 5357 ³
365 5327 487 5378 Duo
519 5340 689 5388 mss.,
724 5323 1028 5390 Alcuinus,
1063 5323 1434 5396 vetesresque
1465 5324 1626 5389 editi,
1657 5325 1892 5396 prophe-

228 5397 420 5452 fatus.

317 5468 338 5499 ‘
363 5464 754 5533 Martianreus,
789 5467 852 5521 ει
880 5483 912 5520 a
942 5466 1149 5534 praedio
1190 5467 1303 5520 Dei.
1362 5468 1498 5525 Mss.
1536 5485 1668 5522 vero
1710 5466 1896 5522 nostri

226 5534 472 5598 o'mnes,
499 5541 624 5590 tum
657 5536 954 5593 Alcuinus.
982 5542 1038 5589 et
1071 5537 1384 5595 Victorius.
1407 5539 1684 5607 praesidio.
1717 5556 1893 5610 quam

229 5610 554 5680 lectionem
587 5612 658 5662 ad
691 5628 890 5663 conum
929 5611 1096 5662 iidem
1141 5610 1495 5680 reponimus.
1535 5611 1660 5664 Mox
1686 5613 1897 5666 iterum

221 5678 550 5750 Alcuinus,
609 5680 720 5751 Quo
775 5681 1058 5735 habitante
1108 5682 1168 5734 in
1207 5678 1578 5737 tabernaculo
1634 5697 1758 5750 suo,
1791 5697 1896 5756 pro

570 5805 839 5874 PATIIOL.
885 5806 1107 5872 XXIII.

2073 4928 2137 4936 —
2168 4900 2212 4949 Λ
2243 4894 2448 4960 prwdio
2509 4896 2612 4948 Dei
2663 4895 2732 4948 ait
2777 4893 3042 4955 cretes/ia.
3102 4900 3209 4951 etc.
3272 4896 3649 4951 Corbeienses

2004 4985 2143 5022 mss.
2179 4966 2404 5020 codices
2453 4965 2610 5018 aliud
2634 4967 2900 5039 retinent.
2927 4969 2990 5020 Et
3017 4967 3347 5039 praesidium
3369 4971 3492 5039 ejus
3516 4969 3650 5022 Deus

2000 5039 2068 5093 ad
2099 5039 2331 5093 cazlestia
2378 5051 2711 5090 reversurus.
2767 5038 2946 5092 [idem
2997 5038 3171 5091 etiam
3219 5056 3321 5109 pro
3378 5038 3520 5094 uitta
3551 5055 3650 5093 au-

2003 5128 2114 5174 rea,
2153 5110 2352 5180 legunt
2381 5113 2823 5178 consequenter,
2857 5110 3020 5162 (Lenia
3053 5126 3224 5162 aurea
3258 5111 3542 5165 MARTIAN.

2071 5183 2092 5214 ⁵
2127 5179 2363 5236 Palatini
2399 5195 2540 5232 mss.
2576 5179 2832 5233 Recurrat
2863 5181 3009 5233 tinea
3039 5196 3230 5234 aurea.

2071 5255 2092 5287 δ
2142 5251 2358 5306 Vitiose
2406 5255 2529 5303 erat
2582 5253 2679 5304 sic.
2735 5250 3030 5305 Recitatur
3073 5267 3208 5304 vero
3269 5252 3339 5306 ab
3407 5252 3654 5307 Alcuino

2005 5340 2235 5396 quoque
2267 5322 2361 5376 hic
2392 5321 2554 5374 locus
2577 5323 2658 5396 ad
2683 5321 2838 5396 hunc
2871 5323 3108 5396 modum
3145 5339 3156 5375 :
3192 5325 3414 5392 Ltetare,
3434 5325 3656 5395 juvenis

2006 5393 2372 5450 adolésrentia
2411 5397 2524 5454 tua.
2558 5401 2607 5446 et
2638 5394 2696 5445 in
2731 5393 2866 5446 bono
2896 5395 2987 5457 sit,
3020 5399 3128 5448 etc.

2077 5498 2142 5507 -
2173 5469 2231 5520 Et
2265 5468 2320 5520 in
2351 5467 2483 5519 bono
2508 5465 2577 5516 sit
2597 5479 2688 5518 cor
2716 5472 2892 5529 tuum,
2927 5469 3036 5520 etc.
3073 5465 3222 5528 Quot
3268 5471 3460 5524 textus
3507 5467 3658 5525 Scri-

2009 5543 2194 5609 ptura;
2225 5536 2574 5609 omittantur
2603 5534 2662 5589 in
2708 5536 3003 5609 veteribus
3060 5553 3087 5589 e
3111 5538 3414 5602 iitonibus,
3449 5555 3515 5593 ex
3547 5539 3654 5594 hoc

2009 5607 2449 5682 locoiactribus
2480 5607 2977 5678 consequentibus
3009 5609 3378 5681 perspicuum
3415 5617 3551 5682 puto
3581 5609 3656 5664 le-

2010 5681 2175 5738 ctori.
2210 5679 2494 5737 Msa'rum.

3253 5808 3326 5873 37
