4068 6174
543 348 698 415 1163

539 489 667 553 tuo,
697 490 754 540 et
781 485 946 540 aufer
975 485 1248 540 militiam
1281 503 1315 541 a
1363 503 1536 542 carne
1581 491 1682 542 tua
1735 505 1746 542 :

541 575 784 643 scentia,
835 580 893 630 et
941 574 1190 630 stultitia
1234 575 1464 631 vanitas
1510 580 1618 632 est.
1673 599 1701 624 »
1748 577 1807 631 In
1842 575 1948 643 ira,
1983 591 2186 631 omnes

539 663 1006 736 perturbationes
1037 663 1216 720 animi
1249 664 1711 736 comprehendit.
1748 665 1807 718 In
1842 664 2036 719 carnis
2067 681 2186 719 ma-

538 752 683 820 litia,
719 753 1023 809 universas
1055 753 1350 825 signiﬁcat
1406 753 1665 825 corporis
1712 752 2059 824 voluptates.
2092 753 2185 808 Sic

534 857 692 914 ergo,
721 841 931 915 inquit,
963 842 1136 897 bonis
1166 840 1368 897 saculi
1402 840 1582 913 hujus
1606 842 1815 912 fruere,
1850 857 1922 896 ne
1952 846 2053 896 aut
2081 843 2185 896 de—

535 930 770 1000 siderio,
805 936 907 986 aut
931 947 1103 986 carne
1133 929 1463 1002 delinquas.
1497 930 1780 1001 Relinque
1813 929 2055 1002 antiqua
2100 930 2182 986 vi-

536 1019 870 1091 tia,quibus
903 1019 958 1074 in
992 1018 1384 1075 adolescentia
1413 1024 1515 1074 tua
1533 1019 1779 1075 vanitati
1808 1019 2184 1090 stultitiaque

539 1108 766 1165 servisti
815 1125 828 1163 :
881 1109 1020 1180 quia
1063 1109 1344 1179 juventus
1393 1108 1742 1180 insipientia
1765 1107 2035 1180 copulata
2073 1113 2180 1163 est.

536 1221 562 1245 ‹‹
597 1197 663 1252 Et
689 1202 978 1251 memento
1033 1196 1322 1252 Creatoris
1366 1197 1450 1252 tui
1503 1197 1560 1251 in
1617 1197 1826 1252 diebus
1857 1197 2183 1268 juventutis

531 1289 663 1353 tua,
697 1290 1014 1356 antequam
1046 1286 1282 1341 veniant
1323 1286 1448 1342 dies
1478 1285 1732 1356 malitia,
1775 1291 1831 1342 et
1861 1286 2181 1358 appropin-

530 1377 714 1446 quent
739 1375 897 1442 anni,
951 1374 1010 1429 in
1043 1374 1257 1446 quibus
1286 1375 1443 1430 dices
1477 1391 1489 1428 :
1525 1376 1648 1431 Non
1681 1379 1771 1430 est
1801 1375 1945 1430 mihi
1974 1375 2180 1430 volun-

528 1468 620 1518 tas
648 1463 706 1518 in
737 1463 840 1518 eis.
867 1486 893 1514 »
929 1464 1171 1536 Semper
1201 1468 1492 1520 memento
1523 1465 1856 1519 Conditoris
1879 1466 1984 1534 tui,
2011 1470 2068 1519 et
2097 1464 2181 1519 sic

527 1552 928 1607 adolescentia
969 1557 1083 1608 tua
1136 1552 1286 1608 viam
1346 1554 1608 1626 gradere,
1671 1562 1734 1608 ut
1780 1554 1928 1609 487
1977 1554 2181 1608 mortis

529 1640 748 1696 ultima
782 1640 1101 1696 recorderis
1125 1658 1136 1695 :
1164 1646 1478 1713 antequam
1500 1642 1606 1697 tibi
1636 1647 1870 1714 tempus
1887 1642 2176 1712 adveniat,

527 1747 644 1802 quo
677 1729 868 1786 tristia
897 1747 1143 1802 quaque
1173 1731 1512 1786 succedant.

607 1928 628 1956 ι
662 1911 994 1981 Antequam
1025 1909 1466 1964 obtenebrcscat
1495 1908 1605 1974 sol,
1637 1913 1694 1964 et
1737 1909 1964 1980 lumen,
1996 1913 2052 1964 et
2083 1909 2177 1965 lu-

532 2015 608 2053 na
637 2000 674 2068 ',
710 2002 767 2052 et
795 1995 996 2068 stella,
1017 2002 1072 2052 et
1105 2002 1469 2053 revertantur
1497 1997 1684 2053 nubes
1708 2002 1838 2070 post
1867 1997 2176 2070 pluviam.»

530 2088 590 2144 Si
621 2088 692 2142 de
723 2085 980 2159 generali
1029 2087 1533 2142 consummatione
1563 2087 1769 2142 mundi
1829 2087 2171 2159 accipimus,

528 2175 719 2232 verbis
753 2175 980 2230 Domini
1025 2175 1132 2231 hoc
1171 2175 1494 2248 capitulum
1534 2175 1822 2248 congruit,
1875 2176 1934 2231 in
1967 2177 2182 2247 quibus

531 2264 657 2320 ait:
691 2266 814 2320 Erit
843 2264 1129 2320 tribulatio
1155 2268 1206 2319 et
1233 2265 1490 2335 angustia
1537 2265 1557 2298 ²
1598 2266 1780 2336 qualis
1831 2281 1941 2320 non
1986 2267 2094 2336 fuit
2140 2283 2182 2336 ᾳ

526 2355 801 2427 principio
830 2361 1118 2421 creatura,
1147 2352 1238 2408 sed
1281 2369 1453 2424 neque
1478 2353 1588 2423 ﬁet.
1639 2352 1730 2408 Sol
1758 2355 1908 2408 enim
1935 2354 2179 2408 tenebre-

525 2448 652 2511 scet,
685 2445 736 2499 et
789 2443 922 2498 luna
948 2459 1058 2499 non
1089 2442 1244 2498 dabit
1274 2443 1459 2498 lumen
1491 2446 1744 2510 suum,et
1783 2443 1955 2498 stella:
1985 2444 2184 2499 cadent

525 2533 592 2588 de
619 2533 770 2601 cato,
803 2535 856 2586 et
888 2533 1112 2587 virtutes
1139 2531 1403 2588 calorum
1447 2531 1928 2588 commovebuntur
1964 2532 2175 2604 (Matth.

528 2623 702 2691 xxxv),
753 2637 880 2692 qua
911 2625 1050 2676 sunt
1089 2621 1363 2676 custodes
1409 2621 1620 2676 domus
1653 2638 1666 2676 :
1701 2619 1784 2675 ita
1815 2623 1880 2675 ut
1918 2621 2130 2676 domus
2158 2622 2179 2655 ³

524 2708 889 2782 intelligatur
935 2709 1030 2764 hic
1084 2710 1363 2778 mundus,
1420 2708 1528 2763 viri
1557 2725 1691 2764 vero
1742 2709 1937 2778 fortes,
1985 2725 2178 2765 errore

525 2798 771 2872 decepti,
805 2802 861 2854 et
890 2797 1243 2870 dissipanda
1263 2797 1561 2853 contrariae
1595 2797 1986 2854 fortitudines.
2015 2800 2176 2864 Quod

530 2887 580 2944 si
617 2886 888 2960 specialis
937 2886 1407 2959 uniuscujusque
1436 2887 1883 2958 consummatio,
1919 2888 1988 2942 ad
2047 2888 2175 2943 vita

527 2977 706 3048 hujus
738 2977 914 3032 finem
945 2976 1234 3044 refertur;
1267 2981 1326 3032 et
1365 2975 1470 3047 sol,
1503 2981 1560 3032 et
1614 2975 1775 3046 luna,
1808 2981 1865 3031 et
1889 2976 2086 3047 stellae,
2120 2982 2177 3033 et

530 3067 735 3137 nubes,
787 3070 843 3121 et
892 3065 1097 3138 pluvia
1149 3065 1200 3120 ei
1249 3081 1380 3120 esse
1407 3063 1743 3134 cessabunt,
1774 3064 1875 3136 qui
1908 3070 2174 3121 mortuus

527 3157 721 3212 fuerit.
753 3156 934 3211 Aliter
978 3172 991 3211 :
1036 3159 1269 3226 Latere,
1313 3152 1673 3221 adolescens,
1706 3171 1738 3209 ο
1779 3154 1989 3226 popule
2019 3154 2174 3210 Chri-

531 3245 740 3313 stiane,
772 3250 832 3300 et
885 3245 1075 3300 fruere
1131 3244 1302 3299 bonis
1343 3259 1472 3316 qua
1523 3261 1557 3298 a
1595 3243 1710 3298 Deo
1759 3243 1866 3298 tibi
1897 3259 2175 3300 concessa
2205 3230 2247 3296 C

533 3340 694 3402 sunt,
719 3339 778 3390 et
807 3333 868 3390 in
897 3333 990 3389 his
1021 3332 1296 3389 omnibus
1325 3333 1469 3388 scito
1488 3336 1542 3388 te
1572 3349 1606 3388 a
1634 3332 1879 3388 Domino
1903 3333 2176 3404 judican-

535 3428 696 3482 dum.
732 3425 845 3480 Nec
875 3427 1067 3496 putes,
1097 3422 1237 3494 quia
1266 3421 1490 3494 priores
1542 3420 1688 3478 rami
1737 3421 1900 3478 fracti
1933 3427 2090 3492 sunt,
2123 3428 2179 3479 et

535 3523 595 3573 tu
623 3516 878 3571 insertus
907 3529 970 3568 es
1015 3511 1074 3567 in
1106 3511 1360 3568 radicem
1410 3511 1573 3566 bona
1633 3510 1811 3581 oliva,
1857 3511 2073 3567 idcirco
2121 3516 2177 3568 te

531 3621 660 3661 esse
691 3618 1006 3670 securum;
1041 3601 1140 3657 sed
1193 3599 1358 3656 aufer
1404 3599 1550 3654 iram
1603 3617 1636 3654 a
1683 3601 1856 3655 corde
1904 3605 2025 3668 tuo,
2057 3605 2114 3656 et
2143 3619 2176 3656 a

529 3709 768 3767 corpore
797 3691 1148 3764 voluptates,
1180 3694 1236 3745 et
1277 3688 1498 3745 caeteris
1527 3687 1686 3744 vitiis
1725 3688 2018 3746 derelictis
2047 3707 2174 3746 me-

528 3788 724 3840 mento
752 3779 1040 3838 Creatoris
1059 3779 1166 3850 tui,
1190 3783 1503 3851 antequam
1528 3777 1633 3834 tibi
1666 3777 1789 3834 dies
1817 3779 2050 3835 malitia
2073 3781 2175 3836 ad-

527 3873 737 3938 veniat,
765 3875 822 3926 et
850 3867 1199 3925 insanabilis
1227 3869 1270 3935 ‘,
1314 3868 1372 3922 in
1423 3884 1540 3938 qua
1588 3867 1961 3939 peccantibus
1992 3885 2173 3940 pana

529 3959 614 4015 sol
639 3958 886 4030 justitia
922 3957 1187 4024 meridie,
1218 3961 1275 4012 et
1304 3956 1560 4012 scientia
1591 3955 1788 4013 lumen
1821 3957 2086 4025 intereat,
2117 3963 2176 4012 et

525 4047 802 4119 splendor
847 4046 1021 4116 luna,
1072 4046 1133 4100 id
1179 4049 1287 4116 est,
1343 4042 1605 4101 Ecclesia
1658 4044 2058 4116 subtrahatur,
2119 4050 2175 4101 et

529 4134 710 4192 stella
739 4135 1026 4201 occidant,
1056 4135 1127 4190 de
1155 4135 1372 4207 quibus
1401 4133 1684 4207 scriptum
1718 4138 1807 4190 est
1840 4153 1852 4190 :
1886 4137 1948 4190 In
1978 4135 2174 4206 quibus

526 4228 717 4284 lucetis
743 4227 901 4298 quasi
928 4226 1240 4280 luminaria
1269 4226 1330 4280 in
1373 4225 1579 4280 mundo
1609 4226 1879 4280 rationem
1909 4226 2034 4278 vitae
2063 4223 2170 4295 [ΑΙ.

529 4317 657 4388 vita]
708 4317 964 4372 habentes
1013 4315 1283 4387 (Philipp.
1331 4331 1392 4382 ιι,
1450 4314 1558 4384 15).
1593 4314 1662 4367 Et
1689 4311 1828 4367 alibi
1865 4327 1877 4366 :
1912 4312 2084 4367 Stella
2139 4331 2174 4368 a

525 4408 682 4462 stella
719 4406 904 4478 diﬁert
935 4407 998 4461 in
1025 4405 1205 4476 gloria
1253 4405 1274 4438 ⁶
1323 4402 1437 4474 [ΑΙ.
1481 4401 1759 4470 claritate]
1813 4401 1891 4470 (II
1907 4400 2026 4456 Cor.
2077 4419 2168 4470 xv,

526 4497 636 4568 41).
669 4497 971 4567 Antequam
1001 4501 1345 4550 revertantur
1363 4492 1532 4546 nubes
1575 4497 1692 4561 post
1715 4489 1965 4560 pluviam
2023 4505 2036 4543 :
2100 4507 2170 4547 ne

1764 357 1824 414 S.
1876 355 2184 418 EUSEBll
2229 355 2700 419 HIERONYMI.

1799 487 1936 559 quia
1985 487 2177 542 adolc-
2207 490 2261 555 Α

2206 1859 2254 1923 Β

3714 354 3834 417 1164

2363 513 2390 538 ‹‹
2426 491 2484 544 In
2520 490 2611 544 die
2643 507 2757 561 quo
2809 489 2949 545 moti
3008 489 3222 544 fuerint
3267 489 3523 544 custodes
3567 489 3760 558 domus,
3797 493 3842 545 et

2298 579 2576 649 perierint
2603 579 2705 633 viri
2741 579 3118 649 fortitudinis,
3155 602 3182 628 n
3231 579 3500 635 Custodes
3542 578 3737 647 domus,
3771 583 3846 633 aut

2295 668 2379 722 sol
2413 668 2759 740 intelligitur
2783 674 2840 724 et
2867 669 3025 739 luna,
3061 673 3116 723 et
3147 667 3404 739 reliquus
3448 672 3706 723 astrorum
3745 666 3849 720 cho-

2296 773 2417 827 rus,
2449 764 2550 812 aut
2580 757 2769 828 angeli
2831 757 2927 829 qui
2977 757 3113 812 huic
3159 757 3377 812 mundo
3423 755 3720 827 praesident.
3759 753 3848 808 Viri

2293 862 2426 900 vero
2449 846 2834 911 fortitudinis,
2865 846 2984 901 sive
3012 848 3180 916 fortes
3211 848 3252 911 ⁸,
3289 853 3350 900 ut
3382 845 3756 917 interpretatus
3785 848 3848 898 est

2295 934 2684 1006 Symmachus
2717 935 2815 1006 qui
2867 935 3157 1006 peribunt,
3217 934 3369 989 488
3428 933 3540 988 sive
3593 937 3650 986 ut
3696 931 3851 1002 Aquila

2293 1023 2416 1090 (Ad.
2447 1023 2567 1094 qui)
2598 1023 2898 1078 transtulit
2926 1024 3210 1090 errabant,
3245 1023 3531 1077 daemones
3563 1020 3849 1080 sentiuntur,

2294 1128 2326 1165 a
2357 1111 2485 1165 forti
2519 1111 2748 1166 diabolo
2785 1111 2957 1166 etiam
3010 1111 3122 1183 ipsi
3165 1111 3402 1166 tertium
3449 1109 3626 1166 sortiti
3662 1108 3851 1163 vocabu-

2292 1198 2436 1254 lum.
2493 1202 2673 1264 Quem
2728 1216 3012 1270 superans
3058 1199 3364 1267 Dominus,
3419 1202 3474 1253 et
3514 1197 3706 1269 ligans,
3731 1198 3853 1267 juxta

2292 1287 2580 1360 Evangelii
2614 1287 2950 1359 parabolam
2983 1289 3001 1322 ⁷
3033 1288 3144 1358 (Al.
3185 1288 3576 1354 sententiam),
3605 1290 3768 1340 vastat
3786 1285 3855 1339 do-

2292 1394 2454 1432 mum
2487 1378 2613 1446 ejus
2647 1378 2794 1446 (Luc.
2832 1381 2931 1446 x1).
2965 1376 3144 1432 Aliter
3177 1393 3188 1432 :
3218 1377 3505 1432 Custodes
3551 1375 3756 1440 domus,
3789 1374 3855 1445 qui

2291 1467 2360 1522 ad
2388 1483 2599 1538 corpus
2650 1467 2904 1522 hominis
2949 1467 3207 1522 referunt
3262 1469 3473 1520 cuncta
3528 1481 3646 1536 qua
3700 1462 3857 1533 scripta

2289 1559 2446 1626 sunt,
2478 1559 2670 1610 costas
2699 1554 3014 1628 significari
3048 1559 3274 1626 putant,
3303 1555 3459 1626 quod
3501 1554 3569 1609 ab
3599 1553 3727 1624 ipsis
3755 1550 3859 1605 inte-

2288 1645 2444 1700 stina
2472 1644 2781 1710 vallentur,
2817 1647 2873 1699 et
2901 1648 3022 1698 tota
3050 1644 3268 1700 ventris
3301 1643 3604 1698 mollitudo
3645 1643 3859 1697 servetur.

2290 1734 2455 1790 Viros
2484 1749 2616 1788 vero
2657 1734 2856 1799 fortes,
2899 1749 3071 1788 crura
3111 1733 3410 1788 aestimant
3442 1751 3455 1801 ;
3495 1731 3687 1796 solem,
3724 1733 3768 1784 et
3802 1725 3860 1781 lu-

2290 1839 2446 1889 nam,
2481 1827 2538 1876 ct
2567 1821 2787 1889 stellas,
2819 1823 2890 1877 ad
2923 1821 3144 1891 oculos,
3177 1837 3371 1890 aures,
3417 1837 3604 1885 nares,
3649 1823 3698 1873 et
3737 1817 3860 1871 totius

2292 1911 2503 1983 capitis
2535 1927 2746 1966 sensus
2777 1915 3071 1984 coaptant.
3107 1911 3223 1966 Hoc
3257 1915 3451 1966 autem
3496 1909 3640 1974 ideo,
3669 1905 3782 1979 quia
3804 1904 3859 1958 in~

2294 2002 2472 2056 ferius
2503 2000 2848 2056 necessitate
2879 2005 3188 2072 coguntur,
3226 2016 3344 2054 non
3377 2001 3448 2054 de
3480 1997 3689 2071 angelis
3715 2000 3761 2050 et
3787 1994 3860 2048 dae-

2293 2090 2586 2157 monibus,
2623 2089 2764 2159 sole,
2797 2094 2854 2144 et
2880 2089 3038 2159 luna,
3072 2093 3128 2144 et
3157 2088 3363 2158 stellis,
3399 2089 3500 2144 sed
3559 2088 3624 2142 de
3671 2081 3860 2140 hominis

2293 2179 2570 2236 membris
2603 2178 2927 2251 intelligere
2959 2195 3084 2250 qua
3111 2180 3467 2250 sequuntur.

2361 2292 2389 2319 ‹‹
2424 2270 2494 2324 Et
2551 2268 2865 2323 cessabunt
2923 2267 3242 2334 molentes;
3279 2268 3560 2339 quoniam
3609 2262 3861 2320 imminuta

2290 2363 2428 2413 sunt
2460 2375 2472 2412 :
2505 2361 2562 2412 et
2591 2357 3104 2412 contenebrescent
3135 2374 3262 2428 qua
3311 2355 3511 2410 vident
3543 2356 3603 2409 in
3635 2347 3862 2408 foramini-

2291 2449 2420 2502 bus.
2458 2468 2484 2495 »
2519 2445 2579 2501 In
2623 2445 3130 2501 consummatione
3173 2445 3380 2500 mundi
3432 2459 3564 2498 cum
3609 2436 3864 2511 refriguerit

2290 2537 2616 2592 multorum
2665 2534 2938 2604 Charitas,
2988 2539 3045 2589 et
3088 2532 3417 2589 imminuta
3466 2531 3674 2588 fuerint
3713 2528 3861 2586 anime

2289 2625 2726 2697 magistrorum,
2760 2640 2885 2694 qua
2921 2626 3167 2695 possunt
3197 2623 3490 2678 calestcm
3542 2621 3724 2676 cibum
3761 2631 3863 2688 pm

2288 2715 2422 2770 bere
2453 2713 2842 2778 credentibus,
2875 2711 3292 2783 translataque
3348 2712 3408 2766 in
3459 2709 3704 2766 caelestia
3731 2724 3740 2761 :
3767 2711 3861 2759 tunc

2286 2803 2567 2875 incipient
2597 2802 2654 2856 hi
2687 2801 2784 2873 qui
2817 2817 2884 2856 ex
2916 2805 3080 2873 parte
3105 2801 3162 2854 in
3196 2800 3306 2854 hoc
3352 2799 3572 2854 mundo
3619 2793 3863 2851 intueban-

2287 2899 2384 2948 tur
2413 2892 2612 2947 lumen
2642 2888 3520 2957 scientia,involuttenebris.Si
3551 2887 3697 2944 enim
3733 2877 3861 2950 Moysi

2284 2981 2501 3036 dicitur
2527 2998 2540 3035 :
2574 2985 2784 3035 Ponant
2815 2983 2864 3033 te
2893 2980 2951 3034 in
2980 2980 3257 3049 foramine
3281 2983 3459 3049 petrae
3488 2995 3506 3032 :
3539 2985 3589 3032 et
3631 2976 3702 3030 sic
3736 2976 3862 3044 poste.-

2283 3072 2437 3125 riora
2465 3086 2588 3125 mea
2629 3069 2832 3123 videbis
2881 3067 3071 3139 (Exod.
3121 3085 3319 3137 χχχιιι,
3371 3068 3465 3138 22)
3501 3084 3514 3122 :
3547 3067 3744 3138 quanto
3782 3073 3863 3114 ma-

2283 3159 2372 3232 gis
2429 3175 2796 3230 unaquaque
2841 3157 3038 3212 anima
3095 3173 3197 3228 per
3246 3157 3613 3222 foramen,et
3641 3148 3862 3223 quasdam

2285 3249 2624 3304 tenebrosae
2667 3262 2912 3301 cavenas
2990 3245 3198 3317 aspicit
3271 3245 3578 3300 veritatem
3631 3242 3642 3296 !
3692 3238 3862 3294 Aliter:

2289 3339 2422 3392 Dua
2455 3336 2739 3392 molenles
2778 3341 2938 3399 sunt,
2970 3352 3036 3390 ex
3067 3334 3282 3405 quibus
3318 3351 3500 3388 unam
3535 3329 3718 3402 recipi,
3747 3321 3863 3381 etal-

2288 3433 2469 3482 teram
2505 3425 2755 3495 relinqui
2805 3426 2846 3492 9,
2902 3423 3280 3495 Evangelium
3340 3440 3462 3478 non
3520 3424 3664 3478 tacet
3712 3410 3862 3488 (Matth.

2286 3533 2434 3585 xxnv,
2466 3516 2577 3582 41).
2613 3515 2746 3578 Quae
2801 3530 2933 3567 cum
2994 3512 3258 3567 immuta
3310 3511 3551 3580 fuerint,
3589 3513 3744 3578 atque
3781 3513 3863 3555 ces-

2286 3604 2804 3670 saverint,necesse
2828 3606 2918 3657 est
2938 3605 3002 3656 ut
3024 3617 3258 3656 ommne
3287 3599 3494 3655 lumen
3527 3593 3756 3654 scientia
3774 3587 3864 3645 aute

2286 3698 2448 3750 ratur
2501 3709 2570 3747 ex
2626 3690 2832 3746 oculis.
2891 3689 3114 3745 Aliter:
3165 3693 3406 3745 Cessare
3455 3686 3723 3743 molentes
3772 3675 3865 3750 quia

2283 3782 2608 3838 imminutae
2635 3780 2773 3847 sint,
2804 3779 2875 3834 de
2907 3778 3180 3834 dentibus
3212 3778 3439 3832 dictum
3493 3777 3704 3848 putant.
3748 3761 3863 3835 Quod

2284 3888 2417 3928 cum
2452 3875 2709 3926 extrema
2744 3872 3011 3924 senectus
3060 3867 3379 3933 advenerit,
3437 3867 3635 3922 dentes
3689 3867 3863 3932 quoque

2284 3965 2385 4016 aut
2423 3961 2774 4027 atteruntur,
2827 3961 2928 4011 aut
2975 3955 3252 4011 decidunt
3303 3971 3315 4010 :
3369 3955 3589 4026 quibus
3634 3939 3862 4024 permoliti

2282 4049 2394 4105 cibi
2429 4049 2487 4103 in
2519 4046 2710 4102 alvum
2750 4045 3252 4101 transmittuntur.
3275 4044 3691 4099 Tenebrescere
3717 4039 3860 4092 autem

2281 4138 2544 4193 videntes
2574 4136 2632 4190 in
2666 4134 3071 4200 foraminibus,
3107 4132 3308 4188 oculos
3335 4133 3690 4188 arbitrantur
3718 4116 3862 4195 ειμιοά

2282 4231 2447 4282 aetate
2477 4223 2755 4281 confectis
2785 4222 2995 4295 caliget
3043 4221 3222 4288 acies,
3261 4225 3316 4276 et
3352 4219 3603 4276 intuitus
3648 4217 3862 4272 obscure-

2283 4321 2402 4372 tur.

2355 4429 2382 4453 «
2415 4405 2483 4459 Et
2514 4401 2785 4457 claudent
2815 4400 2965 4455 ostia
3014 4400 3072 4454 in
3121 4397 3310 4471 platea
3355 4400 3414 4454 in
3466 4395 3770 4454 humilitate
3792 4402 3860 4442 vo-

2282 4493 2365 4549 cis
2390 4490 2662 4547 molentis
2693 4507 2710 4544 :
2743 4494 2799 4544 et
2828 4492 3140 4559 consurget
3169 4489 3240 4543 ad
3290 4504 3487 4543 vocem
3537 4482 3764 4542 volucris
3791 4495 3801 4545 ;
3824 4478 3860 4528 εἰ

526 4587 821 4656 propheta
854 4583 952 4655 qui
979 4583 1154 4637 corda
1183 4579 1547 4637 credentium
1579 4595 1686 4634 suo
1719 4593 1986 4634 sermone
2017 4577 2140 4634 suis
2200 4602 2246 4666 Β
2277 4582 2684 4638 obmutescent
2712 4594 2914 4633 omnes
2948 4577 3075 4631 ﬁlia
3108 4577 3410 4646 carminis,
3447 4599 3473 4624 ››
3499 4579 3634 4630 Cum
3658 4587 3749 4628 vox
3776 4579 3860 4662 φο·

523 4689 637 4746 que
667 4671 878 4744 pluviis
915 4670 1178 4742 irrigant,
1233 4674 1543 4741 postquam
1574 4672 1630 4722 te
1659 4667 1847 4723 imbre
1877 4685 1983 4724 suo
2015 4668 2167 4722 indi-

521 4778 702 4836 gnum
752 4776 879 4817 esse
931 4757 1348 4831 perspexerint,
1422 4760 1784 4813 revertantur
1843 4758 1914 4812 ad
1969 4759 2164 4814 sedem

520 4868 688 4908 suam
725 4868 736 4906 :
772 4850 842 4906 ad
873 4865 1008 4905 eum
1040 4846 1282 4917 scilicet,
1315 4864 1349 4902 a
1377 4863 1493 4918 quo
1528 4845 1693 4902 missi
1727 4851 1885 4902 sunt.

590 4979 605 5011 ¹
639 4977 822 5034 Voces
851 4979 900 5032 et
933 4977 1065 5032 luna
1097 4991 1131 5030 a
1161 4972 1422 5028 Palatino
1467 4977 1526 5029 et
1555 4971 1832 5028 Vaticano
1883 4989 2025 5028 mss.
2059 4973 2165 5028 ab-

521 5053 848 5185 suPalatia,
882 5121 1167 5176 tribulatio
1196 5133 1423 5186 magna,
1452 5125 1502 5172 et
1530 5117 1791 5184 angustia
1820 5117 1931 5168 etc.

590 5192 612 5224 ³
644 5191 787 5246 Male
819 5208 1013 5247 vocem
1073 5192 1283 5252 domus,
1335 5189 1444 5244 hoc
1495 5187 1672 5243 altero
1722 5187 1845 5240 loco
1889 5186 2169 5240 omiserat

523 5261 912 5335 Martianaus,
947 5281 1123 5335 qnam
1186 5279 1253 5317 ex
1311 5277 1453 5316 mss.
1511 5258 1756 5329 aliisque
1797 5256 1970 5312 editis
2002 5256 2168 5312 libris

522 5333 881 5388 suifecimus.

591 5404 612 5436 ‘
645 5402 802 5457 Unus
861 5403 1179 5460 Palatinus.
1233 5404 1348 5460 dies
1399 5403 1630 5458 malitia:
1686 5400 1943 5455 adveniat
1992 5401 2051 5453 in
2081 5399 2168 5453 die

512 5475 816 5545 juventutis
868 5480 974 5530 tuae
1032 5477 1380 5530 insanabilis.
1439 5474 1626 5528 Facile
1675 5488 1807 5526 vero
1865 5471 2164 5545 praeferam

526 5545 708 5603 Vatic.
735 5550 919 5618 atque
949 5545 1190 5602 alterius
1223 5545 1464 5602 Palatini
1496 5545 1829 5608 lectionem,
1887 5544 2009 5599 diu
2047 5559 2164 5598 ma-

521 5619 680 5681 litia.
713 5616 841 5672 dies
860 5619 1044 5672 veniat
1075 5617 1418 5672 insanabilis.

591 5693 610 5725 ⁵
642 5691 814 5747 Stella.
845 5709 876 5744 a
905 5692 1062 5744 stella
1095 5690 1282 5758 ali/[ert
1315 5692 1368 5742 in
1401 5689 1596 5756 θίαν-ιιι.
1631 5687 1712 5742 Ita
1743 5686 1941 5755 legunt
1963 5703 2164 5742 omnes

2278 4669 2450 4726 lentis
2500 4666 2673 4723 fuerit
2719 4665 3032 4732 infirmata,
3095 4670 3151 4719 et
3199 4666 3608 4736 magistrorum
3650 4654 3860 4715 doctrina

2276 4757 2609 4826 cessaverit,
2659 4755 2814 4810 489
2846 4758 3272 4825 consequenter
3313 4753 3623 4809 cessabunt
3650 4744 3815 4804 omnia
3846 4755 3855 4791 :

2277 4850 2428 4904 inter
2458 4863 2606 4918 qua,
2643 4849 2700 4900 et
2720 4843 2873 4900 ostia
2902 4841 3252 4898 claudentur
3304 4843 3361 4897 in
3396 4841 3602 4914 platea,
3651 4841 3707 4894 ut
3730 4833 3858 4904 juxta

2277 4971 2652 5028 mss.rodices
2673 4971 2842 5040 juxta
2861 4968 3164 5040 antiquam
3198 4967 3504 5039 Vulgatam
3539 4967 3594 5040 in
3624 4969 3854 5040 quascu-

2277 5050 2442 5117 ptum
2471 5047 2638 5117 erat:
2673 5031 2798 5095 Ἄιιά
2825 5045 2903 5117 est
2932 5031 3112 5117 gloria
3158 5031 3464 5117 solis,"a_lia
3515 5031 3852 5117 glorianlvttf,

2276 5101 2410 5184 etc"
2445 5120 2507 5169 ut
2539 5113 2712 5184 ﬁdem
2753 5101 2953 5184 nobis"
2976 5112 3126 5184 facit”
3171 5101 3465 5184 exemplar
3516 5101 3650 5184 'ms._
3684 5101 3854 5184 Gre??-

2279 5167 2549 5243 Lati’num
2581 5183 2973 5254 Epistolarum
3005 5183 3059 5236 S.
3105 5183 3262 5237 Pauli
3294 5167 3359 5236 in
3386 5184 3576 5254 nostra
3620 5167 3852 5230 Sen-Ger-

2278 5256 2543 5314 manensi
2579 5253 2932 5310 bibliotheca
2962 5269 3116 5306 nunc
3139 5257 3518 5320 asservatum,
3543 5253 3784 5322 ΜΑιι-τιεξεβ·

2345 5332 2366 5363 θ
2398 5327 2687 5400 Expungit
2717 5324 3214 5400 Palatin._vocem‘.
3264 5327 3448 5400 fortes,
3489 5315 3849 5378 substituitque

2276 5394 2544 5456 virtutes:
2583 5394 2748 5460 alter,
2781 5399 2893 5450 sive
2924 5396 3156 5459 virtutis,
3193 5394 3349 5466 legit.
3571 5465 3575 5466 ν
3631 5455 3675 5466 η
3740 5451 3749 5462 .

2347 5473 2364 5505 ⁷
2396 5477 2570 5527 Juxta
2599 5455 2883 5536 Evangelii
2911 5455 3503 5535 patratiolairi.ul‘3rasm,
3533 5465 3585 5518 et
3629 5455 3844 5512 Mariam,

2277 5545 2429 5609 iuxta
2465 5539 2756 5608 Evangelii
2779 5544 3132 5594 sententiam.
3177 5538 3458 5593 Maurus.

2266 5604 2284 5614 ”
2348 5616 2367 5649 δ
2400 5613 2543 5672 Mss.
2576 5604 2746 5668 unam
2779 5613 2920 5684 rapi,
2953 5614 3003 5667 et
3035 5610 3268 5666 alteram
3299 5607 3546 5680 relinqui.
