4046 6162
1878 138 1898 165 Ι

308 243 464 314 “89

1308 248 1937 325 COMMENTARIUS
1979 255 2061 324 IN
2106 254 2708 328 ECCLESIASTEN.

3537 255 3712 327 ’11⁸70

302 385 460 444 498
503 382 713 460 putant
741 377 972 448 animas
995 404 1130 448 cum
1152 391 1493 465 corporibus
1523 394 1657 465 seri,
1719 398 1777 451 et
1835 412 1950 451 non
1984 406 2034 469 Α
2065 411 2199 467 que,
2232 394 2319 451 vel
2354 397 2646 468 quomodo
2680 398 2899 461 factum
2948 389 3105 457 494
3134 382 3389 470 εἰίβοῖὗδ
3416 392 3705 461 voluisse:

299 492 336 532 a
366 475 507 544 Deo,
532 478 632 534 sed
656 494 689 534 a
717 495 1028 552 corporum
1057 482 1402 554 parentibus
1432 485 1699 556 generari
1722 486 1760 540 ¹.
1802 485 1947 541 Cum

297 565 461 623 enim
491 583 623 623 caro
655 575 976 626 revertatur
998 572 1054 626 in
1076 576 1313 641 terram,
1346 578 1402 628 et
1449 573 1694 645 spiritus
1751 574 1952 629 redeat

299 654 375 711 ad
399 654 605 723 Deum,
638 657 737 728 qui
771 657 933 713 dedit
955 658 1119 714 illum
1157 678 1170 727 ;
1205 660 1584 717 manifestum
1616 667 1727 729 est,
1760 662 1945 718 Deum

297 732 603 815 parentem
636 746 742 816 [Αἰ.
782 747 1387 821 patrem]animarum
1416 766 1564 817 esse,
1599 768 1712 805 non
1757 750 1945 807 homi-

290 848 426 888 nes.
461 833 599 889 Post
627 836 1076 907 descriptionem
1110 837 1379 893 interitus
1408 837 1675 909 humani,
1705 839 1949 912 pulchre

298 921 606 978 exordium
638 923 771 978 libri
805 926 894 979 sui
928 930 1212 997 repetens,
1266 927 1346 981 ait
1378 944 1391 982 :
1422 950 1449 977 «
1505 927 1746 984 Vanitas
1788 928 1947 984 vani-

294 1011 682 1078 tatum,dixit
734 1012 1131 1085 Ecclesiastes,
1180 1014 1380 1070 omnia
1431 1016 1679 1072 vanitas.
1713 1040 1740 1067 η
1800 1017 1945 1073 Cum

294 1099 459 1155 enim
491 1105 739 1156 cunctus
771 1103 1083 1159 mortalum
1114 1103 1298 1170 labor,
1329 1105 1399 1159 de
1431 1121 1545 1176 quo
1577 1105 1636 1160 in
1673 1110 1793 1161 toto
1848 1123 1946 1162 vo-

292 1187 524 1245 lumine
552 1189 915 1262 disputatum
956 1196 1064 1262 est,
1098 1192 1211 1247 huc
1266 1194 1585 1265 perveniat,
1643 1198 1707 1250 ut
1752 1211 1947 1251 rever-

293 1281 462 1333 tatur
498 1277 690 1351 pulvis
720 1279 778 1334 in
820 1284 1032 1336 terram
1087 1298 1277 1351 suam,
1311 1287 1368 1337 et
1415 1282 1611 1338 anima
1659 1282 1798 1339 illuc
1858 1300 1943 1338 re-

294 1366 454 1435 deat,
489 1368 643 1424 unde
673 1374 911 1439 sumpta
940 1374 1050 1438 est,
1083 1387 1307 1442 magnae
1338 1371 1616 1426 vanitatis
1636 1376 1725 1427 est
1756 1371 1812 1425 in
1837 1371 1945 1427 hoc

294 1456 509 1511 saeculo
538 1455 806 1512 laborare
834 1461 893 1513 et
921 1457 1065 1513 nihil
1097 1458 1406 1531 profutura
1435 1460 1801 1531 conquirere.

379 1567 405 1593 (ι
438 1545 506 1600 Et
561 1545 815 1617 amplius
867 1546 1005 1618 quia
1063 1548 1251 1603 factus
1307 1553 1397 1603 est
1445 1547 1819 1605 Ecclesiastes
1859 1566 1947 1604 sa-

301 1632 489 1705 piens,
521 1634 714 1691 adhuc
746 1636 944 1691 docuit
973 1636 1284 1692 scientiam
1316 1637 1620 1709 populum,
1666 1642 1723 1694 et
1743 1639 1946 1694 audire

296 1738 399 1778 eos
430 1723 600 1781 fecit:
628 1730 685 1779 et
715 1731 985 1780 scrutans
1007 1726 1337 1797 composuit
1363 1727 1942 1797 proverbia.Multum

292 1812 569 1883 quaesivit
597 1813 972 1870 Ecclesiastes
988 1816 1029 1879 ',
1060 1820 1127 1870 ut
1156 1814 1443 1871 inveniret
1510 1817 1686 1872 verba
1740 1817 1947 1872 volun-

289 1902 459 1967 tatis,
491 1907 548 1957 et
571 1903 851 1959 scriberet
887 1908 1037 1959 recte
1080 1904 1257 1959 verba
1303 1905 1585 1961 veritatis.
1624 1928 1651 1955 »
1705 1906 1948 1978 Sapien-

291 1991 438 2047 tiam
502 2008 620 2063 qua
677 1992 967 2064 praevertit
1021 1992 1349 2049 Salomon3
1407 2011 1579 2050 omne
1637 1993 1945 2050 hominum

290 2096 508 2153 genus,
535 2097 688 2136 nunc
710 2097 944 2152 quoque
971 2082 1030 2136 in
1055 2083 1168 2137 ﬁne
1188 2082 1561 2154 opusculisui
1622 2084 1945 2155 proﬁtetur,

293 2169 455 2242 quod
486 2186 601 2225 non
628 2170 801 2225 fuerit
824 2170 1030 2226 veteris
1051 2171 1216 2243 Legis
1238 2171 1605 2227 institutione
1618 2176 1945 2249 contentus,

290 2259 395 2315 sed
439 2259 499 2313 in
522 2259 844 2332 profundas
877 2276 938 2315 so
997 2260 1148 2316 ultro
1204 2261 1312 2332 [Αἰ.
1380 2260 1554 2329 ultra]
1605 2261 1950 2318 demerserit

288 2348 673 2421 quaestiones,
705 2349 853 2404 etad
887 2350 1215 2405 docendum
1252 2351 1555 2421 populum,
1619 2351 1943 2423 proverbia,

287 2443 350 2495 et
381 2438 690 2511 parabolas
721 2439 1114 2511 composuerit
1143 2441 1164 2472 ⁸
1193 2438 1349 2494 aliud
1378 2439 1660 2496 habentes
1707 2440 1767 2495 in
1820 2457 1944 2495 me-

291 2527 461 2584 dulla
494 2546 509 2595 ;
540 2527 697 2583 aliud
750 2528 809 2582 in
859 2528 1166 2599 superﬁcie
1220 2528 1579 2599 pollicentes.
1643 2530 1947 2585 Proverbia

290 2617 517 2691 quippe
545 2634 662 2673 non
694 2616 803 2672 hoc
834 2633 1043 2672 sonare
1073 2618 1226 2689 quod
1260 2617 1544 2689 scriptum
1601 2623 1711 2689 est,
1766 2617 1944 2674 etiam

284 2705 352 2762 in
374 2705 704 2779 Evangeliis
724 2707 1075 2778 edocemur(
1106 2705 1301 2762 Matth.
1334 2724 1457 2777 xm,
1506 2710 1557 2762 et
1626 2707 1737 2779 xv),
1790 2707 1945 2779 quod

288 2795 582 2853 Dominus
613 2794 828 2868 populo
861 2795 917 2849 in
944 2794 1234 2867 parabolis
1265 2800 1320 2850 et
1353 2796 1671 2867 proverbiis
1724 2797 1802 2851 sit
1855 2795 1942 2850 lo-

288 2890 492 2952 cutus,
550 2887 771 2940 secreto
830 2888 1025 2938 autem
1077 2883 1359 2956 apostolis
1438 2883 1773 2940 dissolverit
1853 2902 1921 2941 ea

287 2975 375 3031 Ex
408 2990 522 3045 quo
554 2972 927 3029 manifestum
959 2977 1069 3040 est,
1104 2977 1161 3027 et
1199 2973 1645 3028 Proverhiorum
1702 2973 1940 3037 librum,

285 3080 413 3120 non
444 3066 510 3117 ut
539 3060 837 3134 simplices
867 3061 1248 3127 arbitrantur,
1281 3062 1539 3132 patentia
1558 3062 1771 3118 habere
1801 3079 1943 3134 prae-

2059 487 2122 538 ut
2153 484 2309 556 quod
2334 484 2512 540 David
2547 490 2680 557 post
2707 486 3157 544 dissolutionem
3190 488 3448 561 corporis
3477 493 3535 546 et
3587 490 3711 547 ani-

2058 589 2187 639 mae,
2220 573 2291 627 ad
2323 573 2497 628 cmlos
2532 592 2831 631 recursum
2865 578 2885 612 ⁸
2915 593 2977 632 se
3000 582 3195 649 sperat
3235 595 3361 633 esse
3418 578 3706 637 visurum.

2057 661 2277 731 dicens,
2342 662 2532 718 Videbe
2584 666 2741 720 caelos
2790 665 2897 736 [AL
2944 667 3104 722 caelos
3151 666 3315 737 tuos],
3376 683 3537 739 opera
3612 667 3705 723 di-

2055 751 2295 820 gitorum
2323 754 2539 806 tuorum
2574 754 2744 820 (Psal.
2767 771 2888 822 VIII,
2947 754 3024 825 Α),
3078 754 3184 810 hoc
3242 771 3398 810 nunc
3455 755 3514 810 in
3564 773 3706 828 prm-

2058 838 2205 893 senti
2239 839 2510 895 Salomon
2549 842 2714 897 nisus
2746 842 2921 898 fuerit
2952 843 3230 911 invenire,
3288 847 3354 898 ut
3409 845 3708 914 veritatem

2057 926 2164 982 soli
2196 928 2310 983 Deo
2350 928 2665 1001 cognitam,
2729 932 2987 1003 corporis
3055 931 3266 987 vallata
3318 937 3480 1004 septo
3541 950 3709 991 mens

2056 1015 2320 1072 humana
2349 1018 2874 1090 comprehenderet
2895 1020 2937 1076 ⁷.

2128 1127 2155 1154 ‹‹
2205 1106 2396 1162 Verba
2453 1108 2809 1179 sapientum,
2873 1113 2938 1164 ut
2995 1110 3243 1178 stimuli,
3302 1115 3360 1167 et
3417 1112 3585 1183 quasi
3648 1114 3706 1167 in

2054 1193 2240 1250 altum
2272 1195 2466 1266 deﬁxi,
2489 1197 2841 1253 habentibus
2873 1198 3224 1266 caetus,data
3254 1204 3394 1255 sunt
3418 1217 3449 1255 a
3467 1205 3702 1271 pastore

2055 1301 2242 1338 uno.»
2280 1285 2362 1340 Ne
2424 1284 2721 1341 videretur
2779 1290 2910 1359 post
2957 1286 3143 1360 legem
3197 1287 3298 1344 Dei
3358 1288 3707 1345 temerarius

2055 1372 2249 1429 subito
2282 1379 2597 1445 praeceptor
2626 1391 2951 1447 erumpere,
2985 1380 3041 1432 et
3061 1376 3169 1431 sibi
3245 1376 3541 1432 vindicare
3597 1377 3706 1433 do-

2056 1460 2325 1527 ctrinam,
2357 1479 2534 1534 quam
2568 1463 2795 1536 Moyses
2834 1480 2948 1520 non
2976 1468 3095 1520 tam
3119 1481 3230 1520 sua
3259 1470 3488 1538 sponte,
3525 1482 3706 1538 quam

2056 1548 2175 1604 Deo
2238 1550 2523 1607 irascente
2553 1552 2868 1623 primurn",
2902 1552 3112 1608 dehinc
3141 1552 3464 1625 inspirante
3507 1571 3707 1610 susce-

2055 1641 2219 1709 perat
2252 1656 2264 1693 ε
2290 1638 2432 1693 dicit
2460 1640 2637 1695 verba
2653 1657 2761 1695 sua
2782 1642 2956 1697 verba
2985 1657 3114 1697 esse
3140 1642 3519 1713 sapientium,
3575 1659 3706 1715 qua:

2054 1725 2112 1781 in
2145 1725 2594 1783 similitudinem
2627 1728 3002 1785 stimulorum
3034 1730 3325 1803 corrigant
3357 1728 3706 1803 delinquen-

2059 1819 2169 1883 tes,
2204 1820 2261 1870 et
2292 1820 2487 1889 pigros
2521 1817 2855 1874 mortalium
2904 1834 3145 1890 gressus
3173 1818 3375 1875 aculeo
3407 1808 3706 1893 pungente

2059 1910 2463 1960 commoveant
2496 1924 2508 1961 :
2543 1907 2745 1979 sicque
2778 1908 2896 1963 sint
2934 1908 3105 1964 ﬁrma
3135 1909 3304 1980 quasi
3336 1908 3477 1964 clavi
3510 1910 3568 1964 in
3625 1906 3732 1965 al?

2057 1997 2183 2048 tum
2236 1992 2610 2067 solidumque
2657 1996 2875 2052 deﬁxi:
2939 2013 3044 2052 nec
3105 1998 3447 2053 auctoritate
3507 1998 3706 2066 unius,

2058 2083 2158 2137 sed
2190 2082 2434 2139 concilio
2456 2085 2655 2155 “atque
2683 2101 2971 2140 consensu
2992 2085 3408 2158 magistrorum
3440 2086 3706 2143 omnium

2059 2171 2443 2242 proferantur.
2476 2174 2544 2228 Et
2576 2190 2646 2228 ne
2675 2177 3146 2229 contemneretur
3176 2174 3440 2229 humana
3478 2161 3711 2247 sapien-

2056 2259 2213 2327 tia”,
2246 2261 2327 2316 ait
2356 2278 2484 2317 eam
2517 2262 2587 2317 ab
2611 2279 2726 2317 uno
2760 2267 2989 2334 pastore
3034 2278 3371 2319 concessam
3407 2280 3420 2319 :
3478 2263 3536 2319 id
3594 2267 3703 2333 est,

2055 2348 2192 2404 licet
2222 2349 2458 2422 plurimi
2483 2351 2978 2421 doceant,,tamen
3009 2351 3287 2407 doctrinae
3319 2356 3522 2408 auctor
3551 2369 3706 2408 unus

2054 2441 2145 2493 est
2172 2437 2535 2494 Dominus“.
2578 2439 2738 2494 Facit
2767 2438 2861 2494 hic
2891 2437 3054 2495 locus
3084 2440 3364 2496 adversus
3421 2456 3542 2507 eos,
3603 2441 3706 2513 qui

2054 2525 2238 2582 alium
2294 2527 2442 2599 legis
2494 2527 2725 2595 veteris,
2785 2526 2966 2582 alium
3038 2527 3330 2601 Evangelii
3413 2529 3709 2585 aestimant

2055 2614 2261 2681 Deum,
2295 2616 2450 2687 quod
2490 2633 2643 2670 unus
2702 2620 2900 2687 pastor
2948 2615 3259 2672 concilium
3322 2618 3704 2690 prudentium

2054 2704 2415 2760 instruxerit.
2452 2704 2773 2760 Prudentes
2799 2709 2995 2760 autem
3028 2709 3147 2760 tam
3181 2704 3479 2778 Prophetas
3537 2711 3699 2778 sunt,

2054 2808 2231 2863 quam
2263 2792 2529 2864 apostoli.
2560 2793 2747 2848 Simul
2780 2797 2837 2849 et
2865 2792 2975 2849 hoc
3005 2793 3329 2850 notandum
3378 2799 3490 2863 est,
3546 2796 3701 2868 quod

1986 2926 1998 2939 .
2053 2879 2325 2937 dicantur
2355 2882 2529 2937 verba
2559 2881 2911 2955 sapientium
2946 2898 3225 2955 pungere,
3267 2900 3380 2938 non
3439 2882 3699 2957 palpare,

2055 2987 2160 3025 nec
2212 2969 2375 3026 molli
2430 2987 2603 3025 manu
2664 2974 2969 3026 attrectare
3025 2970 3329 3027 lasciviam
3352 2973 3432 3028 "z
3464 2973 3566 3028 sed
3616 2989 3703 3027 er-

2052 3059 2319 3114 rantibus
2349 3063 2406 3114 et
2437 3060 2525 3131 (ut
2555 3076 2735 3131 supra
2765 3058 3045 3131 diximus)
3097 3059 3283 3115 tardis
3348 3059 3699 3132 poenitentiae

284 3156 485 3224 cepta,
517 3151 618 3207 sed
649 3150 819 3222 quasi
854 3151 912 3204 in
945 3155 1101 3206 terra
1130 3167 1362 3216 aurum,
1396 3151 1453 3205 in
1486 3168 1635 3207 nuce
1676 3151 1939 3221 nucleus,
1972 3141 2014 3207 C
2050 3146 2283 3204 dolores
2301 3151 2359 3203 et
2389 3146 2602 3203 vulnus
2633 3148 2891 3220 inﬁgere.
2938 3146 2998 3204 Si
3049 3148 3220 3219 cujus
3274 3148 3453 3220 igitur
3508 3165 3700 3207 sermo

287 3242 352 3298 in
415 3239 660 3296 hirsutis
724 3245 1134 3295 castanearum
1196 3239 1486 3311 eperculis
1562 3240 1942 3297 absconditus

283 3332 520 3387 fructus
548 3328 873 3401 inquiritur
904 3345 917 3382 :
952 3328 1035 3384 ita
1064 3328 1124 3382 in
1151 3326 1235 3383 eis
1267 3328 1528 3383 divinum
1559 3345 1800 3384 sensum
1859 3328 1942 3384 a1-

286 3420 415 3478 tius
457 3418 971 3491 perscrutandum.
1040 3417 1233 3488 Super
1288 3416 1409 3472 haec
1469 3416 1694 3472 addidit
1736 3434 1944 3474 causas

290 3513 656 3580 naturasque
684 3522 879 3562 rerum
914 3522 975 3562 se
1005 3505 1262 3562 voluisse
1309 3522 1676 3579 cognoscere,
1738 3510 1795 3561 et
1841 3506 1941 3562 Dei

294 3595 743 3667 dispositionem
777 3598 833 3649 et
859 3593 1269 3665 prudentiaml5
1303 3610 1522 3664 :quare
1573 3594 1943 3666 unumquod-

300 3775 305 3778 ο
374 3736 720 3809 ‘Corporum
789 3735 1108 3809 parentibus
1162 3736 1436 3807 generari.
1486 3736 1632 3809 Quia
1689 3752 1946 3809 praesens

286 3808 461 3866 locus
490 3806 1139 3879 originemlanimarum
1168 3806 1416 3878 spectat,
1479 3806 1621 3862 nihil
1676 3806 1945 3879 omittam

285 3882 367 3937 de
405 3876 1139 3936 variantibuslectionibus
1196 3876 1337 3934 mss.
1396 3879 1684 3933 codicum.
1746 3878 1945 3934 Plures

282 3952 476 4027 igitur
511 3950 734 4027 _legunt
774 3951 830 4003 in
888 3949 1195 4027 singulari,
1233 3966 1601 4027 aicorporum
1670 3955 1942 4027 parente:

286 4020 399 4081 scd
439 4020 823 4077 infra'omnes
854 4025 1189 4076 constanter
1218 4020 1469 4075 retinent
1501 4030 1782 4093 parentem
1818 4023 1945 4075 ani-

284 4110 535 4161 marum,
569 4097 625 4148 et
657 4109 771 4147 non
804 4099 1014 4161 patrem
1042 4094 1381 4158 animarum,
1430 4096 1496 4147 ut
1553 4096 1776 4149 veteres
1826 4093 1943 4148 edi-

284 4110 535 4161 marum,
569 4109 625 4148 et
657 4109 771 4147 non
824 4109 1014 4147 mtrem
1042 4112 1056 4146 ι

283 4167 487 4223 tiones
508 4164 730 4223 legunt.
765 4109 1056 4218 Alliariae.

360 4180 487 4222 mes
508 4180 560 4219 ιθ
604 4180 730 4219 unt.
765 4180 1056 4218 nuarum.

360 4267 434 4307 έ-
488 4180 632 4292 Vise
689 4234 1043 4307 Hieronymi,
1107 4237 1283 4305 atque
1375 4234 1689 4307 Augustini
1775 4233 1936 4306 ἀμοι-

287 4302 462 4367 ϐαίας
490 4305 783 4380 Epistolas
812 4302 1125 4380 deﬁrigine
1144 4302 1375 4380 animae.

356 4381 381 4415 ³
412 4375 653 4437 Iulium
671 4378 921 4450 quaesiuit
950 4377 1324 4450 Ecclesiastes.
1345 4376 1527 4431 Aliter
1584 4375 1946 4449 exemplaria

279 4451 564 4524 quaedam
597 4447 740 4512 mss,
772 4448 875 4524 ubi
910 4447 1194 4524 scriptum
1217 4447 1491 4524 legimus,
1522 4447 1945 4524 scrutans_eom-

270 4520 472 4596 ;iosuit
561 4520 851 4591 proverbia
945 4520 1142 4574 multa.
1236 4520 1502 4587 Quaesivit
1594 4521 1944 4576 Ecclesiastes

279 4594 586 4653 MAMIAN.

358 4666 381 4700 ³
414 4664 531 4731 Qua
576 4662 859 4734 prmvertit
939 4659 1216 4716 Salomon.
1305 4661 1663 4717 Sorbonicus
1743 4662 1942 4727 codex,

278 4753 405 4817 qua
421 4733 723 4817 praefertur
767 4733 1026 4813 _Salomon
1055 4749 1219 4817 super
1234 4747 1394 4817 ormne
1438 4734 1722 4788 hominum
1750 4749 1943 4817 genus;

282 4804 437 4865 éditi
480 4821 617 4860 vero
647 4804 801 4873 libri,
837 4819 944 4874 qua
979 4805 1200 4874 praeivit
1253 4804 1510 4858 Salomon
1560 4820 1720 4860 omne
1768 4805 1944 4859 homi-

284 4895 435 4936 num
460 4892 650 4949 genus.
682 4876 968 4930 Mxnrun.

285 5024 303 5030 _
362 4951 388 4986 ⁸
420 4948 520 5005 Est
549 4947 730 5030 igitur
795 4962 926 5001 vero
958 4944 1236 5030 similius,
1261 4945 1424 5030 quod.
1447 4945 1557 5030 sub
1581 4943 1819 5030 initium
1843 4945 1948 5030 hu-

270 5024 391 5096 jus
421 5015 616 5096 operis
664 5017 1050 5096 Hieronymus
1107 5015 1433 5096 observavit
1471 5016 1699 5096 librum
1758 5015 1946 5096 Eccle-

281 5086 516 5168 siasten
556 5094 776 5168 utpote.
817 5086 1107 5168 omnium,
1168 5104 1318 5168 quos
1351 5163 1358 5168 _
1391 5086 1683 5168 Salomon_
1762 5086 1945 5168 endit:

336 5158 688 5224 ostremufn,
728 5159 858 5230 ejus
902 5158 1253 5230 poenitentiae
1312 5163 1369 5212 et
1425 5158 1823 5213 conversionis
1872 5159 1944 5212 ad

336 5182 688 5224 OStremum,
728 5182 858 5230 BJUS
902 5182 1154 5230 pwmwu

286 5182 488 5293 Beum
520 5235 972 5287 monumentum
1007 5246 1154 5285 esse.

360 5308 384 5342 ⁸
416 5307 501 5361 Ita
523 5302 804 5359 Alcuinus
835 5317 1065 5373 quoque
1095 5299 1234 5355 olim
1256 5372 1262 5373 γ
1284 5299 1447 5370 legit,
1508 5304 1565 5355 ct
1628 5301 1949 5372 prmferunt

284 5394 443 5435 mss.
470 5376 583 5431 Sed
616 5378 839 5429 veteres
856 5372 1036 5435 ’editi,
1065 5372 1493 5443 providentiam.

367 5480 437 5490 —-—
468 5446 887 5515 Dispositionem
910 5452 960 5499 et
988 5442 1365 5515 prudentiam.
1401 5443 1607 5498 Melius
1638 5442 1945 5515 legeretur.

367 5480 437 5490 -·
468 5464 563 5503 υιε
604 5464 887 5501 οδιιτσηειη
910 5464 960 5499 ει
988 5464 1365 5515 prudentiam.
1401 5464 1607 5498 lVlBIlUS
1638 5464 1784 5515 leget

288 5522 348 5577 et
388 5464 817 5595 provid’entiam,
881 5518 1044 5595 quod
1094 5515 1279 5595 etiam.
1341 5514 1543 5595 legunt
1597 5516 1784 5595 editi:

288 5663 361 5724 in
389 5657 622 5721 cunctis
653 5657 1086 5731 exemplaribus
1117 5674 1262 5716 mss.
1292 5659 1578 5713 MARTIAN.

288 5529 348 5577 et
388 5529 817 5592 providentiam,
881 5529 1035 5586 quoo
1094 5529 1279 5595 etiam.
1341 5529 1543 5595 legunt
1597 5529 1784 5596 editi:
1845 5529 1951 5584 ego

286 5595 496 5647 nmen
515 5587 750 5661 reposui
778 5587 1136 5661 prudentiam
1183 5603 1341 5661 quia,
1380 5602 1464 5640 διο
1522 5592 1806 5658 scriptum
1863 5590 1953 5641 est

2052 3254 2168 3293 non
2191 3236 2421 3309 pungit,
2454 3237 2554 3292 sed
2587 3236 2958 3293 oblectationi
2989 3240 3080 3293 est
3126 3236 3531 3307 audientibus,
3590 3237 3704 3293 iste

2052 3340 2168 3380 non
2202 3329 2293 3381 est
2319 3342 2512 3381 sermo
2542 3324 2846 3397 sapientis.
2878 3324 3068 3381 Verba
3099 3323 3315 3397 quippe
3344 3324 3701 3397 sapientium

2052 3417 2117 3468 ut
2146 3413 2393 3469 stimuli.
2426 3416 2559 3479 Quae
2592 3413 2868 3485 quoniam
2903 3413 2974 3468 ad
3006 3414 3448 3469 conversionem
3497 3429 3701 3486 provo-

2051 3505 2188 3557 cant
2211 3500 2672 3573 delinquentem,
2705 3505 2761 3556 et
2815 3502 2986 3556 ﬁrma
3027 3505 3187 3569 sunt,
3239 3505 3296 3556 et
3362 3519 3397 3557 a
3453 3500 3701 3557 concilio

2053 3593 2388 3646 sanctorum
2420 3590 2574 3659 data,
2610 3594 2785 3661 atque
2811 3589 2884 3645 ah
2943 3606 3056 3645 uno
3115 3593 3349 3660 pastore
3396 3605 3698 3661 concessa,

2123 3734 2145 3767 ⁸
2174 3731 2567 3800 Martianaeus,
2598 3746 2923 3786 recursurus
2941 3748 2962 3793 ;
3004 3730 3387 3787 renuentibus
3418 3746 3562 3788 mss.
3612 3734 3700 3786 at-

2054 3808 2374 3877 queiante‘a
2403 3803 2659 3877 vulgatis
2690 3802 2880 3857 libris.

2124 3874 2470 3931 7Palatinus
2508 3871 2693 3942 'alter,
2754 3871 3254 3946 quemadmodum
3310 3876 3368 3928 et
3422 3872 3701 3946 Erasmus

2054 3946 2215 4018 legit,
2248 3954 2298 4002 et
2326 3947 2608 4018 veritatem
2634 3946 2739 4018 soli
2775 3944 2907 4018 'Deo
2959 3945 3250 4017 cognitam,
3309 3947 3552 4018 corporis
3580 3944 3701 4018 (Vi-

2054 4014 2197 4074 ctor.
2233 4016 2515 4089 praeponit
2544 4017 2736 4087 quam)
2789 4014 3197 4088 vattataisepto
3235 4014 3411 4073 meus
3458 4014 3702 4071 humana

2053 4088 2503 4154 comprehendere
2529 4104 2637 4143 non
2664 4095 2856 4159 potest.

2125 4192 2194 4201 —
2227 4162 2292 4218 Ut
2349 4161 2633 4215 veritatem
2664 4156 2785 4214 'soti
2840 4158 2944 4212 Deo
2998 4161 3294 4227 cognitam.
3362 4156 3703 4213 Erasmiana

2055 4231 2230 4303 editio
2262 4231 2526 4303 agnoscit
2559 4229 2711 4285 hanc
2740 4228 3218 4303 lectipnemetin
3243 4228 3508 4299 margins
3539 4228 3701 4301 posi-
3804 4232 3811 4238 ’

2054 4306 2174 4357 tam
2204 4298 2415 4368 habet;
2447 4301 2622 4356 istam
2653 4316 2784 4356 vero
2816 4298 3021 4355 falsam
3054 4298 3113 4355 in
3162 4298 3451 4367 contextu,
3510 4298 3565 4356 et
3610 4315 3704 4355 ve-

2056 4376 2280 4430 ritatem
2306 4374 2410 4428 soli
2463 4375 2569 4428 Deo
2621 4373 2918 4444 eoynitam,
2978 4373 3219 4444 corporis
3270 4370 3479 4444 vallata
3530 4374 3698 4444 septo,

2054 4462 2207 4501 mens
2239 4446 2487 4500 humana
2514 4442 2971 4515 comprehendere
2998 4442 3108 4498 non
3130 4447 3323 4515 potest.
3358 4443 3543 4515 Quam
3575 4442 3697 4499 Ma-

1979 4506 2020 4570 D
2053 4517 2253 4588 rianus
2285 4532 2517 4588 quoque
2550 4506 2786 4588 secutus
2818 4517 2907 4569 est
2934 4506 3175 4588 addens
3201 4506 3571 4569 solummodo
3612 4529 3702 4568 re~

2055 4587 2316 4659 lativum:
2330 4604 2515 4659 quam,
2548 4587 2604 4641 id
2627 4590 2736 4659 est,
2769 4602 2934 4659 quam
2963 4587 3224 4659 corporis,
3249 4590 3363 4641 etc.
3420 4601 3698 4659 mammis.

2125 4661 2145 4693 ⁸
2176 4630 2438 4714 ναὶὶἕαη.
2475 4633 2608 4713 dum
2642 4630 2902 4713 Palatino
2932 4630 3423 4726 secu'nda’manu,
3476 4671 3543 4711 ac
3600 4656 3699 4711 de-

2056 4747 2215 4785 mum
2251 4729 2551 4795 Alcuinus,
2588 4746 2755 4800 quam
2786 4730 2891 4800 Deo
2911 4728 3146 4800 jubente
3165 4729 3431 4800 primum,
3464 4732 3574 4783 etc.

2126 4804 2147 4837 9
2184 4802 2324 4856 Tres
2356 4819 2500 4856 mss.
2538 4798 2629 4855 hic
2658 4804 2833 4869 atque
2854 4798 3027 4865 intra,
3059 4798 3149 4854 sed
3166 4798 3430 4854 consilio.

2128 4874 2169 4907 ιο
2198 4873 2346 4926 Olim
2377 4872 2539 4938 editi,
2595 4875 2657 4927 Et
2712 4888 2782 4926 ne
2840 4874 3275 4926 contemneretur
3318 4870 3569 4924 omnium
3616 4884 3704 4923 sa-

2052 4942 2284 5015 pientia.
2319 4945 2467 4999 Tum
2501 4942 2803 5008 Alcuinus,
2838 4943 3031 5015 Tamen
3065 4941 3330 5015 doctrinae
3386 4941 3552 5011 hujus
3571 4955 3701 4994 auc-

2054 5012 2142 5071 tor
2169 5019 2246 5070 est
2296 5017 2565 5071 Dominus
2594 5031 2613 5068 :
2663 5019 2885 5068 veteres
2940 5012 3103 5082 editi,
3163 5013 3364 5067 Auctor
3420 5026 3566 5066 unus
3619 5016 3700 5079 est

2059 5092 2171 5142 etc.

2133 5158 2168 5191 “
2220 5159 2418 5212 Auctor
2467 5170 2611 5210 unus
2662 5161 2739 5209 est
2792 5154 3066 5209 Dominus.
3125 5154 3185 5208 In
3250 5151 3423 5208 editis
3507 5152 3706 5207 Tamen

2057 5229 2330 5284 doctrinae
2358 5228 2522 5299 hujus
2552 5233 2767 5299 auctor,
2827 5240 2972 5299 unus
3022 5232 3102 5299 est
3154 5224 3433 5293 Dominus,
3484 5222 3703 5299 verum

2060 5299 2183 5355 sine
2213 5300 2375 5369 hujus
2406 5295 2674 5353 absolute
2702 5295 3015 5369 legendum
3049 5297 3258 5351 docent
3274 5312 3416 5369 mss.
3450 5295 3704 5369 codices,

2063 5366 2496 5447 utnon'solum
2528 5366 3205 5447 hujusuoctrinzeauctor
3259 5367 3337 5421 sit
3378 5384 3534 5447 unus
3575 5366 3705 5447 ,Βο-

2064 5441 2300 5507 minus;
2334 5441 2431 5495 sed
2468 5437 2785 5510 cujuslibet
2824 5438 3079 5494 scientiae
3111 5456 3177 5495 ac
3218 5455 3363 5493 verae
3403 5437 3707 5499 doctrinae,

2060 5513 2198 5568 licet
2226 5511 2464 5584 plurimi
2499 5511 2617 5566 sint
2648 5510 2748 5581 qui
2779 5510 3046 5566 doceant.
3081 5526 3358 5567 summa.
3478 5578 3489 5584 _
3638 5571 3647 5579 ο

2136 5585 2177 5617 ¹²
2210 5578 2391 5651 Idem,
2424 5578 2705 5639 attrahere
2735 5583 3019 5638 lasciviam
3043 5599 3065 5647 ;
3096 5586 3152 5639 et
3210 5595 3344 5636 mox
3401 5578 3593 5633 vulnus
3623 5578 3714 5621 m-

2061 5654 2274 5729 ﬂigere.
