  <div class='ocr_page' id='page_1' title='image "/cluster/home/n/w/nwhite01/storage/ocr_20150623/23/hvd.32044052772480/593.png"; bbox 0 0 4068 6174; ppageno 0'>
   <div class='ocr_carea' id='block_1_1' title="bbox 489 289 2118 379">
    <p class='ocr_par' dir='ltr' id='par_1_1' title="bbox 489 289 2118 376">
     <span class='ocr_line' id='line_1_1' title="bbox 489 289 2118 376; baseline 0.005 -12"><span class='ocrx_word' id='word_1_1' title='bbox 489 289 639 366; x_wconf 76' lang='lat' dir='ltr'>tm</span> <span class='ocrx_word' id='word_1_2' title='bbox 1500 342 1503 349; x_wconf 69' lang='grc' dir='ltr'>ι</span> <span class='ocrx_word' id='word_1_3' title='bbox 1737 300 1802 375; x_wconf 79' lang='lat'>8.</span> <span class='ocrx_word' id='word_1_4' title='bbox 1846 304 2118 376; x_wconf 83' lang='lat' dir='ltr'>EUSEB]</span> 
     </span>
    </p>
   </div>
   <div class='ocr_carea' id='block_1_2' title="bbox 2232 289 3811 379">
    <p class='ocr_par' dir='ltr' id='par_1_2' title="bbox 2232 307 3811 379">
     <span class='ocr_line' id='line_1_2' title="bbox 2232 307 3811 379; baseline 0.003 -5"><span class='ocrx_word' id='word_1_5' title='bbox 2232 307 2649 379; x_wconf 78' lang='lat' dir='ltr'>IIERONYMI</span> <span class='ocrx_word' id='word_1_6' title='bbox 3681 308 3811 379; x_wconf 60' lang='lat' dir='ltr'>H12</span> 
     </span>
    </p>
   </div>
   <div class='ocr_carea' id='block_1_3' title="bbox 488 437 3816 524">
    <p class='ocr_par' dir='ltr' id='par_1_3' title="bbox 488 437 3816 524">
     <span class='ocr_line' id='line_1_3' title="bbox 488 437 3816 524; baseline 0.004 -29"><span class='ocrx_word' id='word_1_7' title='bbox 488 442 545 495; x_wconf 86' lang='lat' dir='ltr'>et</span> <span class='ocrx_word' id='word_1_8' title='bbox 573 437 759 497; x_wconf 88' lang='lat' dir='ltr'>solida</span> <span class='ocrx_word' id='word_1_9' title='bbox 786 439 1251 502; x_wconf 82' lang='lat' dir='ltr'>radice-fundata</span> <span class='ocrx_word' id='word_1_10' title='bbox 1297 445 1641 524; x_wconf 50' lang='lat' dir='ltr'>suun-los</span> <span class='ocrx_word' id='word_1_11' title='bbox 1692 450 1809 503; x_wconf 89' lang='lat' dir='ltr'>lIoc</span> <span class='ocrx_word' id='word_1_12' title='bbox 1865 445 2132 509; x_wconf 89' lang='lat' dir='ltr'>stimulo,</span> <span class='ocrx_word' id='word_1_13' title='bbox 2168 447 2212 512; x_wconf 79' lang='grc' dir='ltr'>Α</span> <span class='ocrx_word' id='word_1_14' title='bbox 2247 447 2346 520; x_wconf 91' lang='lat' dir='ltr'>qui</span> <span class='ocrx_word' id='word_1_15' title='bbox 2380 447 2436 505; x_wconf 91' lang='lat' dir='ltr'>in</span> <span class='ocrx_word' id='word_1_16' title='bbox 2462 446 2748 522; x_wconf 88' lang='lat' dir='ltr'>principio</span> <span class='ocrx_word' id='word_1_17' title='bbox 2777 453 2902 506; x_wconf 86' lang='lat' dir='ltr'>erat</span> <span class='ocrx_word' id='word_1_18' title='bbox 2931 446 3083 523; x_wconf 85' lang='lat' dir='ltr'>apud</span> <span class='ocrx_word' id='word_1_19' title='bbox 3116 444 3325 521; x_wconf 88' lang='lat' dir='ltr'>Deum,</span> <span class='ocrx_word' id='word_1_20' title='bbox 3354 448 3409 507; x_wconf 87' lang='lat' dir='ltr'>et</span> <span class='ocrx_word' id='word_1_21' title='bbox 3435 445 3578 507; x_wconf 87' lang='lat' dir='ltr'>Deus</span> <span class='ocrx_word' id='word_1_22' title='bbox 3599 444 3816 508; x_wconf 75' lang='lat' dir='ltr'>Verbum</span> 
     </span>
    </p>
   </div>
   <div class='ocr_carea' id='block_1_4' title="bbox 488 530 3822 610">
    <p class='ocr_par' dir='ltr' id='par_1_4' title="bbox 488 530 3822 610">
     <span class='ocr_line' id='line_1_4' title="bbox 488 530 3822 610; baseline 0.002 -24"><span class='ocrx_word' id='word_1_23' title='bbox 488 530 739 588; x_wconf 86' lang='lat' dir='ltr'>necdum</span> <span class='ocrx_word' id='word_1_24' title='bbox 768 531 1040 601; x_wconf 83' lang='lat' dir='ltr'>Paulum,</span> <span class='ocrx_word' id='word_1_25' title='bbox 1070 534 1171 591; x_wconf 89' lang='lat' dir='ltr'>sed</span> <span class='ocrx_word' id='word_1_26' title='bbox 1195 534 1387 592; x_wconf 90' lang='lat' dir='ltr'>adhuc</span> <span class='ocrx_word' id='word_1_27' title='bbox 1441 535 1682 593; x_wconf 89' lang='lat' dir='ltr'>Saulum</span> <span class='ocrx_word' id='word_1_28' title='bbox 1743 542 1883 610; x_wconf 88' lang='lat' dir='ltr'>puto</span> <span class='ocrx_word' id='word_1_29' title='bbox 1943 537 2000 591; x_wconf 90' lang='lat' dir='ltr'>in</span> <span class='ocrx_word' id='word_1_30' title='bbox 2039 534 2134 590; x_wconf 90' lang='lat' dir='ltr'>via</span> <span class='ocrx_word' id='word_1_31' title='bbox 2243 538 2419 609; x_wconf 86' lang='lat' dir='ltr'>(Joan.</span> <span class='ocrx_word' id='word_1_32' title='bbox 2454 555 2491 603; x_wconf 82' lang='grc' dir='ltr'><em>ι,</em></span> <span class='ocrx_word' id='word_1_33' title='bbox 2524 541 2601 609; x_wconf 82' lang='grc'>2),</span> <span class='ocrx_word' id='word_1_34' title='bbox 2624 555 2808 595; x_wconf 90' lang='lat' dir='ltr'>unum</span> <span class='ocrx_word' id='word_1_35' title='bbox 2840 538 3112 596; x_wconf 87' lang='lat' dir='ltr'>volumen</span> <span class='ocrx_word' id='word_1_36' title='bbox 3154 543 3244 596; x_wconf 90' lang='lat' dir='ltr'>est</span> <span class='ocrx_word' id='word_1_37' title='bbox 3273 556 3287 595; x_wconf 91' lang='lat'>:</span> <span class='ocrx_word' id='word_1_38' title='bbox 3342 543 3396 595; x_wconf 88' lang='lat' dir='ltr'>et</span> <span class='ocrx_word' id='word_1_39' title='bbox 3424 537 3822 594; x_wconf 81' lang='lat' dir='ltr'>innumerabiles</span> 
     </span>
    </p>
   </div>
   <div class='ocr_carea' id='block_1_5' title="bbox 488 620 3826 701">
    <p class='ocr_par' dir='ltr' id='par_1_5' title="bbox 488 620 3826 701">
     <span class='ocr_line' id='line_1_5' title="bbox 488 620 3826 701; baseline 0.003 -25"><span class='ocrx_word' id='word_1_40' title='bbox 488 620 825 676; x_wconf 85' lang='lat' dir='ltr'>confossum</span> <span class='ocrx_word' id='word_1_41' title='bbox 860 623 1074 679; x_wconf 89' lang='lat' dir='ltr'>erroris</span> <span class='ocrx_word' id='word_1_42' title='bbox 1107 625 1342 680; x_wconf 81' lang='lat' dir='ltr'>audisse</span> <span class='ocrx_word' id='word_1_43' title='bbox 1376 642 1389 680; x_wconf 91' lang='lat'>:</span> <span class='ocrx_word' id='word_1_44' title='bbox 1428 627 1761 681; x_wconf 85' lang='lat' dir='ltr'>Durumtibi</span> <span class='ocrx_word' id='word_1_45' title='bbox 1806 635 1886 682; x_wconf 87' lang='grc' dir='ltr'><em>ε.ςι</em></span> <span class='ocrx_word' id='word_1_46' title='bbox 1936 626 2132 681; x_wconf 84' lang='lat' dir='ltr'>adver-</span> <span class='ocrx_word' id='word_1_47' title='bbox 2238 624 2374 683; x_wconf 86' lang='lat' dir='ltr'>libri</span> <span class='ocrx_word' id='word_1_48' title='bbox 2406 644 2524 683; x_wconf 91' lang='lat' dir='ltr'>una</span> <span class='ocrx_word' id='word_1_49' title='bbox 2554 628 2875 694; x_wconf 85' lang='lat' dir='ltr'>Lex,unum</span> <span class='ocrx_word' id='word_1_50' title='bbox 2908 628 3287 701; x_wconf 90' lang='lat' dir='ltr'>Evangelium</span> <span class='ocrx_word' id='word_1_51' title='bbox 3320 627 3826 694; x_wconf 85' lang='lat' dir='ltr'>nominantur.0uod</span> 
     </span>
    </p>
   </div>
   <div class='ocr_carea' id='block_1_6' title="bbox 486 714 3828 790">
    <p class='ocr_par' dir='ltr' id='par_1_6' title="bbox 486 714 3828 790">
     <span class='ocr_line' id='line_1_6' title="bbox 486 714 3828 790; baseline 0.001 -23"><span class='ocrx_word' id='word_1_52' title='bbox 486 726 608 767; x_wconf 84' lang='lat' dir='ltr'>sum</span> <span class='ocrx_word' id='word_1_53' title='bbox 653 714 939 769; x_wconf 75' lang='lat' dir='ltr'>stimulum</span> <span class='ocrx_word' id='word_1_54' title='bbox 991 714 1327 770; x_wconf 77' lang='lat' dir='ltr'>calcitrare&#39;</span> <span class='ocrx_word' id='word_1_55' title='bbox 1388 714 1495 786; x_wconf 80' lang='lat' dir='ltr'>(Al.</span> <span class='ocrx_word' id='word_1_56' title='bbox 1568 719 1755 771; x_wconf 85' lang='lat' dir='ltr'>contra</span> <span class='ocrx_word' id='word_1_57' title='bbox 1849 717 2133 771; x_wconf 79' lang='lat' dir='ltr'>stimulum</span> <span class='ocrx_word' id='word_1_58' title='bbox 2242 716 2291 772; x_wconf 92' lang='lat' dir='ltr'>si</span> <span class='ocrx_word' id='word_1_59' title='bbox 2322 717 2551 772; x_wconf 89' lang='lat' dir='ltr'>diversa</span> <span class='ocrx_word' id='word_1_60' title='bbox 2579 721 2637 773; x_wconf 91' lang='lat' dir='ltr'>et</span> <span class='ocrx_word' id='word_1_61' title='bbox 2664 716 3059 790; x_wconf 80' lang='lat' dir='ltr'>discrepantia</span> <span class='ocrx_word' id='word_1_62' title='bbox 3089 717 3496 790; x_wconf 89' lang='lat' dir='ltr'>disputaveris,</span> <span class='ocrx_word' id='word_1_63' title='bbox 3525 720 3578 772; x_wconf 90' lang='lat' dir='ltr'>et</span> <span class='ocrx_word' id='word_1_64' title='bbox 3625 715 3828 771; x_wconf 87' lang='lat' dir='ltr'>curiosi-</span> 
     </span>
    </p>
   </div>
   <div class='ocr_carea' id='block_1_7' title="bbox 486 801 3825 878">
    <p class='ocr_par' dir='ltr' id='par_1_7' title="bbox 486 801 3825 878">
     <span class='ocr_line' id='line_1_7' title="bbox 486 801 3825 878; baseline 0.001 -21"><span class='ocrx_word' id='word_1_65' title='bbox 486 801 605 872; x_wconf 87' lang='lat' dir='ltr'>Dei]</span> <span class='ocrx_word' id='word_1_66' title='bbox 637 802 773 873; x_wconf 88' lang='lat' dir='ltr'>(Act.</span> <span class='ocrx_word' id='word_1_67' title='bbox 807 821 880 874; x_wconf 83' lang='lat' dir='ltr'>1x,</span> <span class='ocrx_word' id='word_1_68' title='bbox 913 803 991 873; x_wconf 87' lang='grc'>5).</span> <span class='ocrx_word' id='word_1_69' title='bbox 2240 808 2357 861; x_wconf 89' lang='lat' dir='ltr'>tate</span> <span class='ocrx_word' id='word_1_70' title='bbox 2378 805 2559 860; x_wconf 91' lang='lat' dir='ltr'>nimia</span> <span class='ocrx_word' id='word_1_71' title='bbox 2590 806 2705 861; x_wconf 90' lang='lat' dir='ltr'>huc</span> <span class='ocrx_word' id='word_1_72' title='bbox 2735 809 2913 878; x_wconf 87' lang='lat' dir='ltr'>atque</span> <span class='ocrx_word' id='word_1_73' title='bbox 2944 805 3084 861; x_wconf 91' lang='lat' dir='ltr'>illuc</span> <span class='ocrx_word' id='word_1_74' title='bbox 3114 806 3380 861; x_wconf 90' lang='lat' dir='ltr'>animum</span> <span class='ocrx_word' id='word_1_75' title='bbox 3409 804 3701 861; x_wconf 78' lang='lat' dir='ltr'>adduxeris</span> <span class='ocrx_word' id='word_1_76' title='bbox 3735 804 3825 875; x_wconf 83' lang='grc' dir='ltr'>[Αῑ.</span> 
     </span>
    </p>
   </div>
   <div class='ocr_carea' id='block_1_8' title="bbox 563 891 3832 965">
    <p class='ocr_par' dir='ltr' id='par_1_8' title="bbox 563 891 3832 965">
     <span class='ocr_line' id='line_1_8' title="bbox 563 891 3832 965; baseline 0 -20"><span class='ocrx_word' id='word_1_77' title='bbox 563 912 590 939; x_wconf 87' lang='grc'>‹‹</span> <span class='ocrx_word' id='word_1_78' title='bbox 623 891 693 946; x_wconf 90' lang='lat' dir='ltr'>Et</span> <span class='ocrx_word' id='word_1_79' title='bbox 713 891 969 963; x_wconf 84' lang='lat' dir='ltr'>amplius</span> <span class='ocrx_word' id='word_1_80' title='bbox 994 893 1065 947; x_wconf 86' lang='lat' dir='ltr'>ab</span> <span class='ocrx_word' id='word_1_81' title='bbox 1095 892 1208 963; x_wconf 88' lang='lat' dir='ltr'>his,</span> <span class='ocrx_word' id='word_1_82' title='bbox 1245 892 1323 948; x_wconf 81' lang='lat' dir='ltr'>fili</span> <span class='ocrx_word' id='word_1_83' title='bbox 1354 892 1455 960; x_wconf 89' lang='lat' dir='ltr'>mi,</span> <span class='ocrx_word' id='word_1_84' title='bbox 1490 910 1646 950; x_wconf 90' lang='lat' dir='ltr'>cave.</span> <span class='ocrx_word' id='word_1_85' title='bbox 1685 894 1949 950; x_wconf 83' lang='lat' dir='ltr'>Faciendi</span> <span class='ocrx_word' id='word_1_86' title='bbox 1982 893 2130 950; x_wconf 90' lang='lat' dir='ltr'>mul-</span> <span class='ocrx_word' id='word_1_87' title='bbox 2243 893 2596 965; x_wconf 83' lang='lat' dir='ltr'>deduxeris],</span> <span class='ocrx_word' id='word_1_88' title='bbox 2629 894 2805 950; x_wconf 90' lang='lat' dir='ltr'>etiam</span> <span class='ocrx_word' id='word_1_89' title='bbox 2840 894 2899 949; x_wconf 92' lang='lat' dir='ltr'>in</span> <span class='ocrx_word' id='word_1_90' title='bbox 2933 912 3049 949; x_wconf 91' lang='lat' dir='ltr'>uno</span> <span class='ocrx_word' id='word_1_91' title='bbox 3080 894 3250 960; x_wconf 91' lang='lat' dir='ltr'>libro,</span> <span class='ocrx_word' id='word_1_92' title='bbox 3306 894 3475 949; x_wconf 91' lang='lat' dir='ltr'>multi</span> <span class='ocrx_word' id='word_1_93' title='bbox 3514 892 3639 948; x_wconf 83' lang='lat' dir='ltr'>libri</span> <span class='ocrx_word' id='word_1_94' title='bbox 3703 897 3832 949; x_wconf 87' lang='lat' dir='ltr'>sunt.</span> 
     </span>
    </p>
   </div>
   <div class='ocr_carea' id='block_1_9' title="bbox 487 978 3835 1056">
    <p class='ocr_par' dir='ltr' id='par_1_9' title="bbox 487 978 3835 1056">
     <span class='ocr_line' id='line_1_9' title="bbox 487 978 3835 1056; baseline 0.001 -22"><span class='ocrx_word' id='word_1_95' title='bbox 487 982 582 1035; x_wconf 88' lang='lat' dir='ltr'>tos</span> <span class='ocrx_word' id='word_1_96' title='bbox 611 978 793 1036; x_wconf 88' lang='lat' dir='ltr'>libros</span> <span class='ocrx_word' id='word_1_97' title='bbox 825 998 939 1036; x_wconf 92' lang='lat' dir='ltr'>non</span> <span class='ocrx_word' id='word_1_98' title='bbox 972 987 1057 1037; x_wconf 91' lang='lat' dir='ltr'>est</span> <span class='ocrx_word' id='word_1_99' title='bbox 1091 982 1224 1038; x_wconf 83' lang='lat' dir='ltr'>ﬁnis</span> <span class='ocrx_word' id='word_1_100' title='bbox 1256 984 1277 1018; x_wconf 84' lang='grc'>²</span> <span class='ocrx_word' id='word_1_101' title='bbox 1305 1000 1318 1037; x_wconf 90' lang='lat'>:</span> <span class='ocrx_word' id='word_1_102' title='bbox 1390 987 1447 1037; x_wconf 90' lang='lat' dir='ltr'>et</span> <span class='ocrx_word' id='word_1_103' title='bbox 1508 984 1810 1039; x_wconf 90' lang='lat' dir='ltr'>meditatio</span> <span class='ocrx_word' id='word_1_104' title='bbox 1879 982 2133 1056; x_wconf 91' lang='lat' dir='ltr'>plurima</span> <span class='ocrx_word' id='word_1_105' title='bbox 2242 982 2405 1039; x_wconf 86' lang='lat' dir='ltr'>Unde</span> <span class='ocrx_word' id='word_1_106' title='bbox 2437 983 2656 1039; x_wconf 90' lang='lat' dir='ltr'>dictum</span> <span class='ocrx_word' id='word_1_107' title='bbox 2684 988 2773 1040; x_wconf 91' lang='lat' dir='ltr'>est</span> <span class='ocrx_word' id='word_1_108' title='bbox 2804 1000 2816 1038; x_wconf 92' lang='lat'>:</span> <span class='ocrx_word' id='word_1_109' title='bbox 2842 984 2925 1039; x_wconf 76' lang='lat' dir='ltr'>Ex</span> <span class='ocrx_word' id='word_1_110' title='bbox 2947 985 3294 1056; x_wconf 86' lang='lat' dir='ltr'>multiloquio</span> <span class='ocrx_word' id='word_1_111' title='bbox 3331 1000 3438 1039; x_wconf 82' lang='lat' dir='ltr'>non</span> <span class='ocrx_word' id='word_1_112' title='bbox 3484 983 3693 1054; x_wconf 76' lang='lat' dir='ltr'>eﬂugies</span> <span class='ocrx_word' id='word_1_113' title='bbox 3738 998 3835 1053; x_wconf 82' lang='lat' dir='ltr'>pec-</span> 
     </span>
    </p>
   </div>
   <div class='ocr_carea' id='block_1_10' title="bbox 488 1067 3838 1146">
    <p class='ocr_par' dir='ltr' id='par_1_10' title="bbox 488 1067 3838 1146">
     <span class='ocr_line' id='line_1_10' title="bbox 488 1067 3838 1146; baseline 0 -22"><span class='ocrx_word' id='word_1_114' title='bbox 488 1067 656 1125; x_wconf 89' lang='lat' dir='ltr'>labor</span> <span class='ocrx_word' id='word_1_115' title='bbox 684 1074 773 1125; x_wconf 92' lang='lat' dir='ltr'>est</span> <span class='ocrx_word' id='word_1_116' title='bbox 801 1070 1012 1126; x_wconf 91' lang='lat' dir='ltr'>carnis.</span> <span class='ocrx_word' id='word_1_117' title='bbox 1051 1093 1079 1120; x_wconf 88' lang='lat'>»</span> <span class='ocrx_word' id='word_1_118' title='bbox 1109 1071 1373 1144; x_wconf 83' lang='lat' dir='ltr'>Exceptis</span> <span class='ocrx_word' id='word_1_119' title='bbox 1406 1072 1497 1129; x_wconf 91' lang='lat' dir='ltr'>his</span> <span class='ocrx_word' id='word_1_120' title='bbox 1526 1073 1719 1128; x_wconf 84' lang='lat' dir='ltr'>verbis</span> <span class='ocrx_word' id='word_1_121' title='bbox 1741 1090 1867 1145; x_wconf 68' lang='lat' dir='ltr'>quae</span> <span class='ocrx_word' id='word_1_122' title='bbox 1899 1073 1970 1128; x_wconf 86' lang='lat' dir='ltr'>ab</span> <span class='ocrx_word' id='word_1_123' title='bbox 2016 1089 2133 1128; x_wconf 92' lang='lat' dir='ltr'>uno</span> <span class='ocrx_word' id='word_1_124' title='bbox 2238 1075 2431 1128; x_wconf 86' lang='lat' dir='ltr'>catum</span> <span class='ocrx_word' id='word_1_125' title='bbox 2460 1072 2638 1144; x_wconf 88' lang='lat' dir='ltr'>(Prov.</span> <span class='ocrx_word' id='word_1_126' title='bbox 2672 1091 2729 1141; x_wconf 91' lang='lat' dir='ltr'>x,</span> <span class='ocrx_word' id='word_1_127' title='bbox 2758 1072 2863 1145; x_wconf 87' lang='lat' dir='ltr'>l9).</span> <span class='ocrx_word' id='word_1_128' title='bbox 2897 1071 3137 1128; x_wconf 89' lang='lat' dir='ltr'>Talibus</span> <span class='ocrx_word' id='word_1_129' title='bbox 3170 1072 3348 1146; x_wconf 83' lang='lat' dir='ltr'>igitur</span> <span class='ocrx_word' id='word_1_130' title='bbox 3401 1071 3566 1126; x_wconf 88' lang='lat' dir='ltr'>libris</span> <span class='ocrx_word' id='word_1_131' title='bbox 3621 1087 3724 1126; x_wconf 92' lang='lat' dir='ltr'>nou</span> <span class='ocrx_word' id='word_1_132' title='bbox 3769 1074 3838 1125; x_wconf 85' lang='lat' dir='ltr'>est</span> 
     </span>
    </p>
   </div>
   <div class='ocr_carea' id='block_1_11' title="bbox 489 1159 3838 1233">
    <p class='ocr_par' dir='ltr' id='par_1_11' title="bbox 489 1159 3838 1233">
     <span class='ocr_line' id='line_1_11' title="bbox 489 1159 3838 1233; baseline 0.001 -20"><span class='ocrx_word' id='word_1_133' title='bbox 489 1162 723 1231; x_wconf 76' lang='lat' dir='ltr'>pastore</span> <span class='ocrx_word' id='word_1_134' title='bbox 754 1164 895 1214; x_wconf 87' lang='lat' dir='ltr'>sunt</span> <span class='ocrx_word' id='word_1_135' title='bbox 923 1161 1082 1227; x_wconf 89' lang='lat' dir='ltr'>data,</span> <span class='ocrx_word' id='word_1_136' title='bbox 1113 1166 1171 1216; x_wconf 89' lang='lat' dir='ltr'>et</span> <span class='ocrx_word' id='word_1_137' title='bbox 1217 1179 1251 1217; x_wconf 90' lang='lat' dir='ltr'>a</span> <span class='ocrx_word' id='word_1_138' title='bbox 1310 1163 1556 1218; x_wconf 90' lang='lat' dir='ltr'>concilio</span> <span class='ocrx_word' id='word_1_139' title='bbox 1610 1167 1784 1233; x_wconf 91' lang='lat' dir='ltr'>atque</span> <span class='ocrx_word' id='word_1_140' title='bbox 1842 1179 2130 1218; x_wconf 90' lang='lat' dir='ltr'>consensu</span> <span class='ocrx_word' id='word_1_141' title='bbox 2241 1161 2395 1217; x_wconf 82' lang='lat' dir='ltr'>ﬁnis.</span> <span class='ocrx_word' id='word_1_142' title='bbox 2430 1163 2652 1217; x_wconf 91' lang='lat' dir='ltr'>Bonum</span> <span class='ocrx_word' id='word_1_143' title='bbox 2685 1161 2840 1217; x_wconf 89' lang='lat' dir='ltr'>enim</span> <span class='ocrx_word' id='word_1_144' title='bbox 2872 1178 3068 1232; x_wconf 91' lang='lat' dir='ltr'>omne,</span> <span class='ocrx_word' id='word_1_145' title='bbox 3131 1166 3190 1217; x_wconf 92' lang='lat' dir='ltr'>et</span> <span class='ocrx_word' id='word_1_146' title='bbox 3242 1161 3455 1218; x_wconf 83' lang='lat' dir='ltr'>veritas</span> <span class='ocrx_word' id='word_1_147' title='bbox 3507 1160 3699 1216; x_wconf 75' lang='lat' dir='ltr'>certo‘</span> <span class='ocrx_word' id='word_1_148' title='bbox 3749 1159 3838 1215; x_wconf 84' lang='lat' dir='ltr'>ﬁne</span> 
     </span>
    </p>
   </div>
   <div class='ocr_carea' id='block_1_12' title="bbox 488 1246 3840 1323">
    <p class='ocr_par' dir='ltr' id='par_1_12' title="bbox 488 1246 3840 1323">
     <span class='ocr_line' id='line_1_12' title="bbox 488 1246 3840 1323; baseline 0.001 -22"><span class='ocrx_word' id='word_1_149' title='bbox 488 1246 733 1318; x_wconf 89' lang='lat' dir='ltr'>probata</span> <span class='ocrx_word' id='word_1_150' title='bbox 752 1248 1103 1319; x_wconf 89' lang='lat' dir='ltr'>sapientium</span> <span class='ocrx_word' id='word_1_151' title='bbox 1128 1250 1168 1321; x_wconf 82' lang='grc'>³,</span> <span class='ocrx_word' id='word_1_152' title='bbox 1204 1250 1348 1305; x_wconf 87' lang='lat' dir='ltr'>nihil</span> <span class='ocrx_word' id='word_1_153' title='bbox 1382 1252 1578 1317; x_wconf 81' lang='lat' dir='ltr'>facias,</span> <span class='ocrx_word' id='word_1_154' title='bbox 1644 1251 1788 1306; x_wconf 89' lang='lat' dir='ltr'>nihil</span> <span class='ocrx_word' id='word_1_155' title='bbox 1848 1251 1953 1306; x_wconf 85' lang='lat' dir='ltr'>tibi</span> <span class='ocrx_word' id='word_1_156' title='bbox 2010 1250 2131 1305; x_wconf 90' lang='lat' dir='ltr'>vin-</span> <span class='ocrx_word' id='word_1_157' title='bbox 2242 1250 2613 1307; x_wconf 89' lang='lat' dir='ltr'>concluditur</span> <span class='ocrx_word' id='word_1_158' title='bbox 2645 1268 2658 1306; x_wconf 91' lang='lat'>:</span> <span class='ocrx_word' id='word_1_159' title='bbox 2685 1249 2909 1307; x_wconf 90' lang='lat' dir='ltr'>malitia</span> <span class='ocrx_word' id='word_1_160' title='bbox 2937 1268 3066 1307; x_wconf 90' lang='lat' dir='ltr'>vero</span> <span class='ocrx_word' id='word_1_161' title='bbox 3099 1254 3275 1323; x_wconf 87' lang='lat' dir='ltr'>atque</span> <span class='ocrx_word' id='word_1_162' title='bbox 3334 1249 3693 1306; x_wconf 87' lang='lat' dir='ltr'>mendacium</span> <span class='ocrx_word' id='word_1_163' title='bbox 3740 1249 3840 1304; x_wconf 85' lang='lat' dir='ltr'>sine</span> 
     </span>
    </p>
   </div>
   <div class='ocr_carea' id='block_1_13' title="bbox 485 1333 3841 1413">
    <p class='ocr_par' dir='ltr' id='par_1_13' title="bbox 485 1333 3841 1413">
     <span class='ocr_line' id='line_1_13' title="bbox 485 1333 3841 1413; baseline 0 -22"><span class='ocrx_word' id='word_1_164' title='bbox 485 1333 643 1392; x_wconf 90' lang='lat' dir='ltr'>dices</span> <span class='ocrx_word' id='word_1_165' title='bbox 678 1353 690 1392; x_wconf 93' lang='lat'>:</span> <span class='ocrx_word' id='word_1_166' title='bbox 725 1338 1017 1407; x_wconf 88' lang='lat' dir='ltr'>majorum</span> <span class='ocrx_word' id='word_1_167' title='bbox 1075 1355 1318 1411; x_wconf 86' lang='lat' dir='ltr'>sequere</span> <span class='ocrx_word' id='word_1_168' title='bbox 1375 1340 1635 1412; x_wconf 80' lang='lat' dir='ltr'>vestigia,</span> <span class='ocrx_word' id='word_1_169' title='bbox 1696 1346 1753 1395; x_wconf 89' lang='lat' dir='ltr'>et</span> <span class='ocrx_word' id='word_1_170' title='bbox 1806 1341 1878 1396; x_wconf 92' lang='lat' dir='ltr'>ab</span> <span class='ocrx_word' id='word_1_171' title='bbox 1929 1356 2132 1396; x_wconf 90' lang='lat' dir='ltr'>eorum</span> <span class='ocrx_word' id='word_1_172' title='bbox 2243 1340 2358 1396; x_wconf 82' lang='lat' dir='ltr'>fine</span> <span class='ocrx_word' id='word_1_173' title='bbox 2382 1344 2538 1396; x_wconf 90' lang='lat' dir='ltr'>sunt.</span> <span class='ocrx_word' id='word_1_174' title='bbox 2573 1340 2642 1395; x_wconf 88' lang='lat' dir='ltr'>Et</span> <span class='ocrx_word' id='word_1_175' title='bbox 2671 1344 2888 1412; x_wconf 91' lang='lat' dir='ltr'>quanto</span> <span class='ocrx_word' id='word_1_176' title='bbox 2919 1339 3053 1413; x_wconf 89' lang='lat' dir='ltr'>plus</span> <span class='ocrx_word' id='word_1_177' title='bbox 3083 1340 3489 1412; x_wconf 88' lang='lat' dir='ltr'>requiruntur,</span> <span class='ocrx_word' id='word_1_178' title='bbox 3521 1341 3675 1394; x_wconf 89' lang='lat' dir='ltr'>tanto</span> <span class='ocrx_word' id='word_1_179' title='bbox 3691 1337 3841 1409; x_wconf 82' lang='lat' dir='ltr'>major</span> 
     </span>
    </p>
   </div>
   <div class='ocr_carea' id='block_1_14' title="bbox 488 1425 3841 1502">
    <p class='ocr_par' dir='ltr' id='par_1_14' title="bbox 488 1425 3841 1502">
     <span class='ocr_line' id='line_1_14' title="bbox 488 1425 3841 1502; baseline 0 -23"><span class='ocrx_word' id='word_1_180' title='bbox 488 1425 834 1482; x_wconf 84' lang='lat' dir='ltr'>auctoritate</span> <span class='ocrx_word' id='word_1_181' title='bbox 876 1445 991 1482; x_wconf 91' lang='lat' dir='ltr'>non</span> <span class='ocrx_word' id='word_1_182' title='bbox 1025 1428 2129 1502; x_wconf 82' lang='lat' dir='ltr'>discrepes.Alioqui,quserentimulta,</span> <span class='ocrx_word' id='word_1_183' title='bbox 2241 1444 2444 1485; x_wconf 91' lang='lat' dir='ltr'>eorum</span> <span class='ocrx_word' id='word_1_184' title='bbox 2494 1428 2675 1484; x_wconf 90' lang='lat' dir='ltr'>series</span> <span class='ocrx_word' id='word_1_185' title='bbox 2726 1427 3005 1484; x_wconf 90' lang='lat' dir='ltr'>nascitur.</span> <span class='ocrx_word' id='word_1_186' title='bbox 3058 1428 3247 1501; x_wconf 88' lang='lat' dir='ltr'>Super</span> <span class='ocrx_word' id='word_1_187' title='bbox 3294 1427 3403 1483; x_wconf 89' lang='lat' dir='ltr'>hac</span> <span class='ocrx_word' id='word_1_188' title='bbox 3460 1428 3566 1483; x_wconf 71' lang='lat' dir='ltr'>re3</span> <span class='ocrx_word' id='word_1_189' title='bbox 3618 1426 3841 1482; x_wconf 88' lang='lat' dir='ltr'>studium</span> 
     </span>
    </p>
   </div>
   <div class='ocr_carea' id='block_1_15' title="bbox 488 1512 3841 1590">
    <p class='ocr_par' dir='ltr' id='par_1_15' title="bbox 488 1512 3841 1590">
     <span class='ocr_line' id='line_1_15' title="bbox 488 1512 3841 1590; baseline 0.001 -23"><span class='ocrx_word' id='word_1_190' title='bbox 488 1512 758 1571; x_wconf 82' lang='lat' dir='ltr'>infinitus</span> <span class='ocrx_word' id='word_1_191' title='bbox 785 1514 1069 1572; x_wconf 90' lang='lat' dir='ltr'>librorum</span> <span class='ocrx_word' id='word_1_192' title='bbox 1106 1535 1385 1573; x_wconf 88' lang='lat' dir='ltr'>numerus</span> <span class='ocrx_word' id='word_1_193' title='bbox 1425 1523 1689 1574; x_wconf 79' lang='lat' dir='ltr'>occurret</span> <span class='ocrx_word' id='word_1_194' title='bbox 1720 1536 1733 1574; x_wconf 92' lang='lat'>:</span> <span class='ocrx_word' id='word_1_195' title='bbox 1768 1519 1867 1590; x_wconf 85' lang='lat' dir='ltr'>qui</span> <span class='ocrx_word' id='word_1_196' title='bbox 1891 1522 1949 1573; x_wconf 91' lang='lat' dir='ltr'>te</span> <span class='ocrx_word' id='word_1_197' title='bbox 1996 1534 2131 1590; x_wconf 90' lang='lat' dir='ltr'>per-</span> <span class='ocrx_word' id='word_1_198' title='bbox 2241 1522 2414 1590; x_wconf 92' lang='lat' dir='ltr'>atque</span> <span class='ocrx_word' id='word_1_199' title='bbox 2446 1516 2765 1585; x_wconf 86' lang='lat' dir='ltr'>meditatio,</span> <span class='ocrx_word' id='word_1_200' title='bbox 2807 1516 2971 1573; x_wconf 88' lang='lat' dir='ltr'>labor</span> <span class='ocrx_word' id='word_1_201' title='bbox 2990 1522 3080 1573; x_wconf 90' lang='lat' dir='ltr'>est</span> <span class='ocrx_word' id='word_1_202' title='bbox 3110 1516 3841 1587; x_wconf 85' lang='lat' dir='ltr'>carnis.Carnis,tanquam,</span> 
     </span>
    </p>
   </div>
   <div class='ocr_carea' id='block_1_16' title="bbox 487 1602 3844 1679">
    <p class='ocr_par' dir='ltr' id='par_1_16' title="bbox 487 1602 3844 1679">
     <span class='ocr_line' id='line_1_16' title="bbox 487 1602 3844 1679; baseline 0 -22"><span class='ocrx_word' id='word_1_203' title='bbox 487 1602 685 1659; x_wconf 90' lang='lat' dir='ltr'>trahat</span> <span class='ocrx_word' id='word_1_204' title='bbox 714 1603 784 1659; x_wconf 89' lang='lat' dir='ltr'>ad</span> <span class='ocrx_word' id='word_1_205' title='bbox 817 1620 1097 1671; x_wconf 86' lang='lat' dir='ltr'>errorem,</span> <span class='ocrx_word' id='word_1_206' title='bbox 1130 1610 1187 1661; x_wconf 91' lang='lat' dir='ltr'>et</span> <span class='ocrx_word' id='word_1_207' title='bbox 1217 1606 1504 1676; x_wconf 79' lang='lat' dir='ltr'>legentem</span> <span class='ocrx_word' id='word_1_208' title='bbox 1566 1608 1787 1662; x_wconf 86' lang='lat' dir='ltr'>frustra</span> <span class='ocrx_word' id='word_1_209' title='bbox 1841 1608 1946 1677; x_wconf 76' lang='lat' dir='ltr'>[AL</span> <span class='ocrx_word' id='word_1_210' title='bbox 1980 1606 2132 1661; x_wconf 80' lang='lat' dir='ltr'>addit</span> <span class='ocrx_word' id='word_1_211' title='bbox 2241 1624 2355 1662; x_wconf 91' lang='lat' dir='ltr'>non</span> <span class='ocrx_word' id='word_1_212' title='bbox 2380 1606 2641 1678; x_wconf 87' lang='lat' dir='ltr'>spiritus.</span> <span class='ocrx_word' id='word_1_213' title='bbox 2676 1606 2859 1661; x_wconf 85' lang='lat' dir='ltr'>Habet</span> <span class='ocrx_word' id='word_1_214' title='bbox 2888 1605 3180 1679; x_wconf 86' lang='lat' dir='ltr'>siquidem</span> <span class='ocrx_word' id='word_1_215' title='bbox 3239 1610 3296 1661; x_wconf 90' lang='lat' dir='ltr'>et</span> <span class='ocrx_word' id='word_1_216' title='bbox 3344 1604 3590 1678; x_wconf 86' lang='lat' dir='ltr'>spiritus</span> <span class='ocrx_word' id='word_1_217' title='bbox 3629 1604 3844 1660; x_wconf 85' lang='lat' dir='ltr'>laborem</span> 
     </span>
    </p>
   </div>
   <div class='ocr_carea' id='block_1_17' title="bbox 489 1691 3846 1768">
    <p class='ocr_par' dir='ltr' id='par_1_17' title="bbox 489 1691 3846 1768">
     <span class='ocr_line' id='line_1_17' title="bbox 489 1691 3846 1768; baseline 0 -21"><span class='ocrx_word' id='word_1_218' title='bbox 489 1691 699 1763; x_wconf 85' lang='lat' dir='ltr'>multa]</span> <span class='ocrx_word' id='word_1_219' title='bbox 732 1693 903 1749; x_wconf 84' lang='lat' dir='ltr'>faciet</span> <span class='ocrx_word' id='word_1_220' title='bbox 929 1693 1211 1750; x_wconf 90' lang='lat' dir='ltr'>laborare.</span> <span class='ocrx_word' id='word_1_221' title='bbox 1273 1694 1373 1750; x_wconf 90' lang='lat' dir='ltr'>Vel</span> <span class='ocrx_word' id='word_1_222' title='bbox 1435 1700 1587 1751; x_wconf 88' lang='lat' dir='ltr'>certe</span> <span class='ocrx_word' id='word_1_223' title='bbox 1645 1696 1813 1751; x_wconf 89' lang='lat' dir='ltr'>docet</span> <span class='ocrx_word' id='word_1_224' title='bbox 1868 1695 2131 1751; x_wconf 88' lang='lat' dir='ltr'>brevitati</span> <span class='ocrx_word' id='word_1_225' title='bbox 2240 1712 2415 1751; x_wconf 92' lang='lat' dir='ltr'>suum</span> <span class='ocrx_word' id='word_1_226' title='bbox 2440 1696 2611 1767; x_wconf 81' lang='lat' dir='ltr'>juxta</span> <span class='ocrx_word' id='word_1_227' title='bbox 2641 1694 2783 1750; x_wconf 91' lang='lat' dir='ltr'>illud</span> <span class='ocrx_word' id='word_1_228' title='bbox 2808 1695 2959 1767; x_wconf 91' lang='lat' dir='ltr'>quod</span> <span class='ocrx_word' id='word_1_229' title='bbox 2994 1696 3076 1750; x_wconf 88' lang='lat' dir='ltr'>ait</span> <span class='ocrx_word' id='word_1_230' title='bbox 3104 1694 3421 1768; x_wconf 82' lang='lat' dir='ltr'>Apostolus</span> <span class='ocrx_word' id='word_1_231' title='bbox 3456 1712 3470 1750; x_wconf 90' lang='lat'>:</span> <span class='ocrx_word' id='word_1_232' title='bbox 3505 1695 3636 1750; x_wconf 85' lang='lat' dir='ltr'>Plus</span> <span class='ocrx_word' id='word_1_233' title='bbox 3699 1701 3846 1748; x_wconf 76' lang='lat' dir='ltr'>autem</span> 
     </span>
    </p>
   </div>
   <div class='ocr_carea' id='block_1_18' title="bbox 488 1780 3845 1884">
    <p class='ocr_par' dir='ltr' id='par_1_18' title="bbox 488 1780 3845 1884">
     <span class='ocr_line' id='line_1_18' title="bbox 488 1780 3845 1884; baseline 0.001 -50"><span class='ocrx_word' id='word_1_234' title='bbox 488 1780 867 1851; x_wconf 88' lang='lat' dir='ltr'>studendum,</span> <span class='ocrx_word' id='word_1_235' title='bbox 902 1786 959 1837; x_wconf 91' lang='lat' dir='ltr'>et</span> <span class='ocrx_word' id='word_1_236' title='bbox 982 1799 1195 1839; x_wconf 87' lang='lat' dir='ltr'>sensus</span> <span class='ocrx_word' id='word_1_237' title='bbox 1234 1785 1422 1857; x_wconf 91' lang='lat' dir='ltr'>magis</span> <span class='ocrx_word' id='word_1_238' title='bbox 1444 1786 1751 1841; x_wconf 91' lang='lat' dir='ltr'>sectandos</span> <span class='ocrx_word' id='word_1_239' title='bbox 1781 1802 1909 1841; x_wconf 91' lang='lat' dir='ltr'>esse</span> <span class='ocrx_word' id='word_1_240' title='bbox 1953 1802 2130 1856; x_wconf 90' lang='lat' dir='ltr'>quam</span> <span class='ocrx_word' id='word_1_241' title='bbox 2160 1819 2208 1884; x_wconf 82' lang='lat' dir='ltr'><strong>B</strong></span> <span class='ocrx_word' id='word_1_242' title='bbox 2240 1785 2354 1840; x_wconf 88' lang='lat' dir='ltr'>illis</span> <span class='ocrx_word' id='word_1_243' title='bbox 2382 1785 2634 1840; x_wconf 83' lang='lat' dir='ltr'>omnibus</span> <span class='ocrx_word' id='word_1_244' title='bbox 2666 1784 2917 1839; x_wconf 86' lang='lat' dir='ltr'>laboravi</span> <span class='ocrx_word' id='word_1_245' title='bbox 2947 1799 3105 1884; x_wconf 45' lang='lat' dir='ltr'>:nnon</span> <span class='ocrx_word' id='word_1_246' title='bbox 3147 1788 3511 1884; x_wconf 48' lang='lat' dir='ltr'>autemmego&#39;1</span> <span class='ocrx_word' id='word_1_247' title='bbox 3564 1782 3671 1884; x_wconf 44' lang='lat' dir='ltr'>sed.</span> <span class='ocrx_word' id='word_1_248' title='bbox 3702 1786 3845 1853; x_wconf 67' lang='lat' dir='ltr'>gratus</span> 
     </span>
    </p>
   </div>
   <div class='ocr_carea' id='block_1_19' title="bbox 486 1869 3846 1945">
    <p class='ocr_par' dir='ltr' id='par_1_19' title="bbox 486 1869 3846 1945">
     <span class='ocr_line' id='line_1_19' title="bbox 486 1869 3846 1945; baseline 0 -22"><span class='ocrx_word' id='word_1_249' title='bbox 486 1869 687 1938; x_wconf 91' lang='lat' dir='ltr'>verba,</span> <span class='ocrx_word' id='word_1_250' title='bbox 720 1870 997 1926; x_wconf 90' lang='lat' dir='ltr'>adversus</span> <span class='ocrx_word' id='word_1_251' title='bbox 1028 1872 1408 1943; x_wconf 88' lang='lat' dir='ltr'>philosophos</span> <span class='ocrx_word' id='word_1_252' title='bbox 1438 1879 1497 1929; x_wconf 91' lang='lat' dir='ltr'>et</span> <span class='ocrx_word' id='word_1_253' title='bbox 1551 1873 1747 1930; x_wconf 70' lang='lat' dir='ltr'>saeculi</span> <span class='ocrx_word' id='word_1_254' title='bbox 1801 1874 1978 1944; x_wconf 85' lang='lat' dir='ltr'>hujus</span> <span class='ocrx_word' id='word_1_255' title='bbox 2030 1874 2132 1929; x_wconf 94' lang='lat' dir='ltr'>do-</span> <span class='ocrx_word' id='word_1_256' title='bbox 2160 1869 2208 1884; x_wconf 70' lang='grc'><strong><em>³³</em></strong></span> <span class='ocrx_word' id='word_1_257' title='bbox 2246 1875 2347 1929; x_wconf 92' lang='lat' dir='ltr'>Dei</span> <span class='ocrx_word' id='word_1_258' title='bbox 2374 1888 2498 1945; x_wconf 67' lang='lat' dir='ltr'>qua?</span> <span class='ocrx_word' id='word_1_259' title='bbox 2527 1889 2737 1929; x_wconf 82' lang='lat' dir='ltr'>mecum</span> <span class='ocrx_word' id='word_1_260' title='bbox 2771 1882 2850 1929; x_wconf 85' lang='lat' dir='ltr'>est</span> <span class='ocrx_word' id='word_1_261' title='bbox 2880 1874 2928 1945; x_wconf 94' lang='lat' dir='ltr'>(I</span> <span class='ocrx_word' id='word_1_262' title='bbox 2957 1871 3082 1928; x_wconf 82' lang='lat' dir='ltr'>Cor.</span> <span class='ocrx_word' id='word_1_263' title='bbox 3142 1889 3235 1943; x_wconf 82' lang='lat' dir='ltr'>xv,</span> <span class='ocrx_word' id='word_1_264' title='bbox 3298 1872 3412 1943; x_wconf 92' lang='grc'>10).</span> <span class='ocrx_word' id='word_1_265' title='bbox 3472 1872 3542 1927; x_wconf 89' lang='lat' dir='ltr'>Et</span> <span class='ocrx_word' id='word_1_266' title='bbox 3586 1869 3846 1927; x_wconf 83' lang='lat' dir='ltr'>Salvator:</span> 
     </span>
    </p>
   </div>
   <div class='ocr_carea' id='block_1_20' title="bbox 488 1959 3300 2034">
    <p class='ocr_par' dir='ltr' id='par_1_20' title="bbox 488 1959 3300 2034">
     <span class='ocr_line' id='line_1_20' title="bbox 488 1959 3300 2034; baseline 0.001 -21"><span class='ocrx_word' id='word_1_267' title='bbox 488 1962 698 2026; x_wconf 84' lang='lat' dir='ltr'>ctores,</span> <span class='ocrx_word' id='word_1_268' title='bbox 732 1959 833 2031; x_wconf 91' lang='lat' dir='ltr'>qui</span> <span class='ocrx_word' id='word_1_269' title='bbox 862 1977 1104 2016; x_wconf 90' lang='lat' dir='ltr'>suorum</span> <span class='ocrx_word' id='word_1_270' title='bbox 1138 1962 1481 2034; x_wconf 90' lang='lat' dir='ltr'>dogmatum</span> <span class='ocrx_word' id='word_1_271' title='bbox 1516 1962 1804 2019; x_wconf 88' lang='lat' dir='ltr'>falsitates</span> <span class='ocrx_word' id='word_1_272' title='bbox 1851 1966 2139 2019; x_wconf 88' lang='lat' dir='ltr'>conantur</span> <span class='ocrx_word' id='word_1_273' title='bbox 2247 1964 2513 2018; x_wconf 86' lang='lat' dir='ltr'>Laboravi</span> <span class='ocrx_word' id='word_1_274' title='bbox 2540 1963 2788 2017; x_wconf 85' lang='lat' dir='ltr'>clamans</span> <span class='ocrx_word' id='word_1_275' title='bbox 2808 1961 2977 2032; x_wconf 85' lang='lat' dir='ltr'>(Psal.</span> <span class='ocrx_word' id='word_1_276' title='bbox 3012 1978 3203 2027; x_wconf 75' lang='lat' dir='ltr'>vam,</span> <span class='ocrx_word' id='word_1_277' title='bbox 3226 1961 3300 2032; x_wconf 81' lang='grc'>4).</span> 
     </span>
    </p>
   </div>
   <div class='ocr_carea' id='block_1_21' title="bbox 491 2045 3847 2123">
    <p class='ocr_par' dir='ltr' id='par_1_21' title="bbox 491 2045 3847 2123">
     <span class='ocr_line' id='line_1_21' title="bbox 491 2045 3847 2123; baseline -0.001 -21"><span class='ocrx_word' id='word_1_278' title='bbox 491 2064 749 2104; x_wconf 90' lang='lat' dir='ltr'>asserere</span> <span class='ocrx_word' id='word_1_279' title='bbox 780 2048 1031 2105; x_wconf 83' lang='lat' dir='ltr'>vanitate</span> <span class='ocrx_word' id='word_1_280' title='bbox 1054 2068 1120 2107; x_wconf 89' lang='lat' dir='ltr'>ac</span> <span class='ocrx_word' id='word_1_281' title='bbox 1171 2050 1654 2122; x_wconf 66' lang='lat' dir='ltr'>multiplicatione</span> <span class='ocrx_word' id='word_1_282' title='bbox 1712 2052 1814 2123; x_wconf 79' lang='lat' dir='ltr'>[AL</span> <span class='ocrx_word' id='word_1_283' title='bbox 1878 2051 2138 2107; x_wconf 60' lang='lat' dir='ltr'>mult&#39;itu-</span> <span class='ocrx_word' id='word_1_284' title='bbox 2318 2075 2343 2102; x_wconf 82' lang='lat'><strong>«</strong></span> <span class='ocrx_word' id='word_1_285' title='bbox 2391 2050 2550 2107; x_wconf 85' lang='lat' dir='ltr'>Finis</span> <span class='ocrx_word' id='word_1_286' title='bbox 2581 2051 2872 2108; x_wconf 86' lang='lat' dir='ltr'>sermonis</span> <span class='ocrx_word' id='word_1_287' title='bbox 2901 2049 3057 2105; x_wconf 89' lang='lat' dir='ltr'>verbi</span> <span class='ocrx_word' id='word_1_288' title='bbox 3084 2048 3342 2105; x_wconf 86' lang='lat' dir='ltr'>universi</span> <span class='ocrx_word' id='word_1_289' title='bbox 3371 2049 3577 2105; x_wconf 91' lang='lat' dir='ltr'>auditu</span> <span class='ocrx_word' id='word_1_290' title='bbox 3604 2045 3847 2121; x_wconf 81' lang='lat' dir='ltr'>perfacilis</span> 
     </span>
    </p>
   </div>
   <div class='ocr_carea' id='block_1_22' title="bbox 490 2134 3848 2212">
    <p class='ocr_par' dir='ltr' id='par_1_22' title="bbox 490 2134 3848 2212">
     <span class='ocr_line' id='line_1_22' title="bbox 490 2134 3848 2212; baseline 0 -22"><span class='ocrx_word' id='word_1_291' title='bbox 490 2134 649 2207; x_wconf 91' lang='lat' dir='ltr'>dine]</span> <span class='ocrx_word' id='word_1_292' title='bbox 671 2152 1031 2193; x_wconf 91' lang='lat' dir='ltr'>sermonum.</span> <span class='ocrx_word' id='word_1_293' title='bbox 1076 2141 1321 2195; x_wconf 87' lang='lat' dir='ltr'>Econtra</span> <span class='ocrx_word' id='word_1_294' title='bbox 1382 2140 1683 2212; x_wconf 85' lang='lat' dir='ltr'>Scriptura</span> <span class='ocrx_word' id='word_1_295' title='bbox 1733 2139 1925 2195; x_wconf 86' lang='lat' dir='ltr'>divina</span> <span class='ocrx_word' id='word_1_296' title='bbox 1979 2140 2136 2197; x_wconf 89' lang='lat' dir='ltr'>brevi</span> <span class='ocrx_word' id='word_1_297' title='bbox 2245 2144 2334 2197; x_wconf 90' lang='lat' dir='ltr'>est</span> <span class='ocrx_word' id='word_1_298' title='bbox 2367 2157 2378 2196; x_wconf 93' lang='lat'>:</span> <span class='ocrx_word' id='word_1_299' title='bbox 2414 2140 2595 2196; x_wconf 92' lang='lat' dir='ltr'>Deum</span> <span class='ocrx_word' id='word_1_300' title='bbox 2625 2139 2789 2206; x_wconf 89' lang='lat' dir='ltr'>time,</span> <span class='ocrx_word' id='word_1_301' title='bbox 2822 2144 2879 2194; x_wconf 90' lang='lat' dir='ltr'>et</span> <span class='ocrx_word' id='word_1_302' title='bbox 2909 2138 3184 2194; x_wconf 90' lang='lat' dir='ltr'>mandata</span> <span class='ocrx_word' id='word_1_303' title='bbox 3204 2138 3333 2209; x_wconf 89' lang='lat' dir='ltr'>ejus</span> <span class='ocrx_word' id='word_1_304' title='bbox 3363 2138 3615 2194; x_wconf 86' lang='lat' dir='ltr'>custodi.</span> <span class='ocrx_word' id='word_1_305' title='bbox 3666 2136 3768 2193; x_wconf 84' lang='lat' dir='ltr'>Hoc</span> <span class='ocrx_word' id='word_1_306' title='bbox 3784 2138 3848 2191; x_wconf 86' lang='lat' dir='ltr'>est</span> 
     </span>
    </p>
   </div>
   <div class='ocr_carea' id='block_1_23' title="bbox 494 2224 3848 2301">
    <p class='ocr_par' dir='ltr' id='par_1_23' title="bbox 494 2224 3848 2301">
     <span class='ocr_line' id='line_1_23' title="bbox 494 2224 3848 2301; baseline -0 -22"><span class='ocrx_word' id='word_1_307' title='bbox 494 2224 712 2280; x_wconf 85' lang='lat' dir='ltr'>circulo</span> <span class='ocrx_word' id='word_1_308' title='bbox 743 2230 1037 2282; x_wconf 88' lang='lat' dir='ltr'>coarctata</span> <span class='ocrx_word' id='word_1_309' title='bbox 1059 2232 1229 2299; x_wconf 90' lang='lat' dir='ltr'>est,et</span> <span class='ocrx_word' id='word_1_310' title='bbox 1260 2235 1547 2301; x_wconf 89' lang='lat' dir='ltr'>quantum</span> <span class='ocrx_word' id='word_1_311' title='bbox 1581 2228 1859 2285; x_wconf 83' lang='lat' dir='ltr'>dilatatur</span> <span class='ocrx_word' id='word_1_312' title='bbox 1903 2229 1961 2284; x_wconf 92' lang='lat' dir='ltr'>in</span> <span class='ocrx_word' id='word_1_313' title='bbox 2013 2247 2137 2284; x_wconf 83' lang='lat' dir='ltr'>sen-</span> <span class='ocrx_word' id='word_1_314' title='bbox 2245 2230 2401 2285; x_wconf 91' lang='lat' dir='ltr'>enim</span> <span class='ocrx_word' id='word_1_315' title='bbox 2435 2226 2628 2283; x_wconf 91' lang='lat' dir='ltr'>omnis</span> <span class='ocrx_word' id='word_1_316' title='bbox 2656 2227 2999 2299; x_wconf 85' lang='lat' dir='ltr'>homo,quia</span> <span class='ocrx_word' id='word_1_317' title='bbox 3028 2243 3200 2282; x_wconf 89' lang='lat' dir='ltr'>omne</span> <span class='ocrx_word' id='word_1_318' title='bbox 3227 2226 3449 2282; x_wconf 87' lang='lat' dir='ltr'>factum</span> <span class='ocrx_word' id='word_1_319' title='bbox 3475 2226 3628 2282; x_wconf 88' lang='lat' dir='ltr'>Deus</span> <span class='ocrx_word' id='word_1_320' title='bbox 3644 2224 3848 2279; x_wconf 82' lang='lat' dir='ltr'>adducet</span> 
     </span>
    </p>
   </div>
   <div class='ocr_carea' id='block_1_24' title="bbox 490 2311 3845 2390">
    <p class='ocr_par' dir='ltr' id='par_1_24' title="bbox 490 2311 3845 2390">
     <span class='ocr_line' id='line_1_24' title="bbox 490 2311 3845 2390; baseline -0.001 -20"><span class='ocrx_word' id='word_1_321' title='bbox 490 2313 657 2370; x_wconf 85' lang='lat' dir='ltr'>sibus</span> <span class='ocrx_word' id='word_1_322' title='bbox 686 2317 729 2384; x_wconf 73' lang='lat'>‘,</span> <span class='ocrx_word' id='word_1_323' title='bbox 770 2319 999 2370; x_wconf 89' lang='lat' dir='ltr'>tantum</span> <span class='ocrx_word' id='word_1_324' title='bbox 1060 2317 1117 2371; x_wconf 91' lang='lat' dir='ltr'>in</span> <span class='ocrx_word' id='word_1_325' title='bbox 1177 2334 1444 2372; x_wconf 88' lang='lat' dir='ltr'>sermone</span> <span class='ocrx_word' id='word_1_326' title='bbox 1492 2318 1929 2390; x_wconf 87' lang='lat' dir='ltr'>constringitur.</span> <span class='ocrx_word' id='word_1_327' title='bbox 1991 2317 2138 2382; x_wconf 89' lang='lat' dir='ltr'>Quia</span> <span class='ocrx_word' id='word_1_328' title='bbox 2244 2315 2615 2388; x_wconf 88' lang='lat' dir='ltr'>injudicium</span> <span class='ocrx_word' id='word_1_329' title='bbox 2649 2316 2720 2369; x_wconf 92' lang='lat' dir='ltr'>de</span> <span class='ocrx_word' id='word_1_330' title='bbox 2741 2314 2899 2371; x_wconf 89' lang='lat' dir='ltr'>omni</span> <span class='ocrx_word' id='word_1_331' title='bbox 2931 2315 3294 2382; x_wconf 88' lang='lat' dir='ltr'>abscondito,</span> <span class='ocrx_word' id='word_1_332' title='bbox 3329 2314 3450 2370; x_wconf 90' lang='lat' dir='ltr'>sive</span> <span class='ocrx_word' id='word_1_333' title='bbox 3473 2315 3706 2378; x_wconf 89' lang='lat' dir='ltr'>bonum,</span> <span class='ocrx_word' id='word_1_334' title='bbox 3753 2311 3845 2367; x_wconf 84' lang='lat' dir='ltr'>sive</span> 
     </span>
    </p>
   </div>
   <div class='ocr_carea' id='block_1_25' title="bbox 490 2405 2137 2478">
    <p class='ocr_par' dir='ltr' id='par_1_25' title="bbox 490 2405 2137 2478">
     <span class='ocr_line' id='line_1_25' title="bbox 490 2405 2137 2478; baseline 0.002 -21"><span class='ocrx_word' id='word_1_335' title='bbox 490 2410 965 2460; x_wconf 89' lang='lat' dir='ltr'>consummatum</span> <span class='ocrx_word' id='word_1_336' title='bbox 999 2405 1444 2478; x_wconf 86' lang='lat' dir='ltr'>breviatumque</span> <span class='ocrx_word' id='word_1_337' title='bbox 1467 2423 1795 2462; x_wconf 89' lang='lat' dir='ltr'>sermonem</span> <span class='ocrx_word' id='word_1_338' title='bbox 1824 2406 1955 2462; x_wconf 90' lang='lat' dir='ltr'>fecit</span> <span class='ocrx_word' id='word_1_339' title='bbox 1988 2412 2137 2462; x_wconf 91' lang='lat' dir='ltr'>Deus</span> 
     </span>
    </p>
   </div>
   <div class='ocr_carea' id='block_1_26' title="bbox 488 2495 2138 2564">
    <p class='ocr_par' dir='ltr' id='par_1_26' title="bbox 488 2495 2138 2564">
     <span class='ocr_line' id='line_1_26' title="bbox 488 2495 2138 2564; baseline 0.003 -19"><span class='ocrx_word' id='word_1_340' title='bbox 488 2507 666 2562; x_wconf 88' lang='lat' dir='ltr'>super</span> <span class='ocrx_word' id='word_1_341' title='bbox 718 2498 957 2558; x_wconf 85' lang='lat' dir='ltr'>terram,</span> <span class='ocrx_word' id='word_1_342' title='bbox 1012 2498 1069 2548; x_wconf 91' lang='lat' dir='ltr'>et</span> <span class='ocrx_word' id='word_1_343' title='bbox 1119 2496 1360 2550; x_wconf 83' lang='lat' dir='ltr'>verbum</span> <span class='ocrx_word' id='word_1_344' title='bbox 1417 2495 1545 2564; x_wconf 85' lang='lat' dir='ltr'>ejus</span> <span class='ocrx_word' id='word_1_345' title='bbox 1595 2497 1765 2564; x_wconf 82' lang='lat' dir='ltr'>juxta</span> <span class='ocrx_word' id='word_1_346' title='bbox 1823 2495 1991 2550; x_wconf 89' lang='lat' dir='ltr'>estin</span> <span class='ocrx_word' id='word_1_347' title='bbox 2039 2512 2138 2551; x_wconf 86' lang='lat' dir='ltr'>ore</span> 
     </span>
    </p>
   </div>
   <div class='ocr_carea' id='block_1_27' title="bbox 490 2582 2135 2655">
    <p class='ocr_par' dir='ltr' id='par_1_27' title="bbox 490 2582 2135 2655">
     <span class='ocr_line' id='line_1_27' title="bbox 490 2582 2135 2655; baseline 0.003 -21"><span class='ocrx_word' id='word_1_348' title='bbox 490 2584 713 2647; x_wconf 89' lang='lat' dir='ltr'>nostro,</span> <span class='ocrx_word' id='word_1_349' title='bbox 738 2582 874 2636; x_wconf 88' lang='lat' dir='ltr'>etin</span> <span class='ocrx_word' id='word_1_350' title='bbox 913 2583 1085 2637; x_wconf 92' lang='lat' dir='ltr'>corde</span> <span class='ocrx_word' id='word_1_351' title='bbox 1134 2589 1333 2639; x_wconf 89' lang='lat' dir='ltr'>nostro</span> <span class='ocrx_word' id='word_1_352' title='bbox 1376 2584 1550 2655; x_wconf 80' lang='lat' dir='ltr'>(Rom.</span> <span class='ocrx_word' id='word_1_353' title='bbox 1583 2603 1635 2651; x_wconf 86' lang='lat' dir='ltr'>x,</span> <span class='ocrx_word' id='word_1_354' title='bbox 1668 2585 1740 2650; x_wconf 92' lang='lat'>8;</span> <span class='ocrx_word' id='word_1_355' title='bbox 1791 2586 1948 2640; x_wconf 82' lang='lat' dir='ltr'>Deut.</span> <span class='ocrx_word' id='word_1_356' title='bbox 2007 2602 2135 2649; x_wconf 84' lang='lat' dir='ltr'>xxx,</span> 
     </span>
    </p>
   </div>
   <div class='ocr_carea' id='block_1_28' title="bbox 492 2668 2135 2743">
    <p class='ocr_par' dir='ltr' id='par_1_28' title="bbox 492 2668 2135 2743">
     <span class='ocr_line' id='line_1_28' title="bbox 492 2668 2135 2743; baseline 0.004 -21"><span class='ocrx_word' id='word_1_357' title='bbox 492 2668 600 2738; x_wconf 78' lang='grc'>14).</span> <span class='ocrx_word' id='word_1_358' title='bbox 635 2668 861 2726; x_wconf 80' lang='lat' dir='ltr'>Aliter:</span> <span class='ocrx_word' id='word_1_359' title='bbox 898 2671 1192 2743; x_wconf 79' lang='lat' dir='ltr'>Frequens</span> <span class='ocrx_word' id='word_1_360' title='bbox 1219 2671 1408 2737; x_wconf 90' lang='lat' dir='ltr'>lectio,</span> <span class='ocrx_word' id='word_1_361' title='bbox 1450 2677 1506 2727; x_wconf 91' lang='lat' dir='ltr'>et</span> <span class='ocrx_word' id='word_1_362' title='bbox 1552 2672 1896 2743; x_wconf 90' lang='lat' dir='ltr'>quotidiana</span> <span class='ocrx_word' id='word_1_363' title='bbox 1953 2674 2135 2729; x_wconf 89' lang='lat' dir='ltr'>medi-</span> 
     </span>
    </p>
   </div>
   <div class='ocr_carea' id='block_1_29' title="bbox 489 2756 2133 2833">
    <p class='ocr_par' dir='ltr' id='par_1_29' title="bbox 489 2756 2133 2833">
     <span class='ocr_line' id='line_1_29' title="bbox 489 2756 2133 2833; baseline 0.004 -22"><span class='ocrx_word' id='word_1_364' title='bbox 489 2756 651 2825; x_wconf 88' lang='lat' dir='ltr'>tatio,</span> <span class='ocrx_word' id='word_1_365' title='bbox 684 2758 893 2813; x_wconf 72' lang='lat' dir='ltr'>animae</span> <span class='ocrx_word' id='word_1_366' title='bbox 926 2759 1073 2815; x_wconf 91' lang='lat' dir='ltr'>solet</span> <span class='ocrx_word' id='word_1_367' title='bbox 1103 2762 1291 2833; x_wconf 87' lang='lat' dir='ltr'>magis</span> <span class='ocrx_word' id='word_1_368' title='bbox 1322 2760 1487 2817; x_wconf 90' lang='lat' dir='ltr'>labor</span> <span class='ocrx_word' id='word_1_369' title='bbox 1516 2777 1644 2817; x_wconf 89' lang='lat' dir='ltr'>esse</span> <span class='ocrx_word' id='word_1_370' title='bbox 1699 2779 1876 2833; x_wconf 90' lang='lat' dir='ltr'>quam</span> <span class='ocrx_word' id='word_1_371' title='bbox 1921 2762 2133 2818; x_wconf 88' lang='lat' dir='ltr'>carnis.</span> 
     </span>
    </p>
   </div>
   <div class='ocr_carea' id='block_1_30' title="bbox 492 2847 2135 2922">
    <p class='ocr_par' dir='ltr' id='par_1_30' title="bbox 492 2847 2135 2922">
     <span class='ocr_line' id='line_1_30' title="bbox 492 2847 2135 2922; baseline 0.003 -21"><span class='ocrx_word' id='word_1_372' title='bbox 492 2847 793 2913; x_wconf 88' lang='lat' dir='ltr'>Quomodo</span> <span class='ocrx_word' id='word_1_373' title='bbox 819 2848 975 2904; x_wconf 90' lang='lat' dir='ltr'>enim</span> <span class='ocrx_word' id='word_1_374' title='bbox 1005 2849 1250 2921; x_wconf 91' lang='lat' dir='ltr'>quidqui</span> <span class='ocrx_word' id='word_1_375' title='bbox 1276 2869 1287 2903; x_wconf 84' lang='grc' dir='ltr'>ι</span> <span class='ocrx_word' id='word_1_376' title='bbox 1325 2868 1500 2906; x_wconf 89' lang='lat' dir='ltr'>manu</span> <span class='ocrx_word' id='word_1_377' title='bbox 1534 2854 1590 2905; x_wconf 91' lang='lat' dir='ltr'>et</span> <span class='ocrx_word' id='word_1_378' title='bbox 1618 2866 1857 2922; x_wconf 89' lang='lat' dir='ltr'>corpore</span> <span class='ocrx_word' id='word_1_379' title='bbox 1879 2850 1962 2920; x_wconf 86' lang='lat' dir='ltr'>ﬁt,</span> <span class='ocrx_word' id='word_1_380' title='bbox 2013 2867 2135 2906; x_wconf 88' lang='lat' dir='ltr'>ma-</span> 
     </span>
    </p>
   </div>
   <div class='ocr_carea' id='block_1_31' title="bbox 494 2937 2136 3011">
    <p class='ocr_par' dir='ltr' id='par_1_31' title="bbox 494 2937 2136 3011">
     <span class='ocr_line' id='line_1_31' title="bbox 494 2937 2136 3011; baseline 0.003 -21"><span class='ocrx_word' id='word_1_381' title='bbox 494 2952 606 2991; x_wconf 89' lang='lat' dir='ltr'>nus</span> <span class='ocrx_word' id='word_1_382' title='bbox 628 2940 683 2990; x_wconf 89' lang='lat' dir='ltr'>et</span> <span class='ocrx_word' id='word_1_383' title='bbox 723 2939 982 3009; x_wconf 88' lang='lat' dir='ltr'>corporis</span> <span class='ocrx_word' id='word_1_384' title='bbox 1040 2937 1236 2994; x_wconf 89' lang='lat' dir='ltr'>labore</span> <span class='ocrx_word' id='word_1_385' title='bbox 1289 2938 1654 3011; x_wconf 89' lang='lat' dir='ltr'>completur:</span> <span class='ocrx_word' id='word_1_386' title='bbox 1719 2939 1799 2994; x_wconf 87' lang='lat' dir='ltr'>ita</span> <span class='ocrx_word' id='word_1_387' title='bbox 1853 2940 2008 3011; x_wconf 91' lang='lat' dir='ltr'>quod</span> <span class='ocrx_word' id='word_1_388' title='bbox 2065 2940 2136 2995; x_wconf 86' lang='lat' dir='ltr'>ad</span> 
     </span>
    </p>
   </div>
   <div class='ocr_carea' id='block_1_32' title="bbox 494 3022 3849 3099">
    <p class='ocr_par' dir='ltr' id='par_1_32' title="bbox 494 3022 3849 3099">
     <span class='ocr_line' id='line_1_32' title="bbox 494 3022 3849 3099; baseline -0.001 -21"><span class='ocrx_word' id='word_1_389' title='bbox 494 3022 801 3080; x_wconf 88' lang='lat' dir='ltr'>lectionem</span> <span class='ocrx_word' id='word_1_390' title='bbox 845 3026 1113 3097; x_wconf 90' lang='lat' dir='ltr'>pertinet,</span> <span class='ocrx_word' id='word_1_391' title='bbox 1164 3027 1352 3099; x_wconf 82' lang='lat' dir='ltr'>magis</span> <span class='ocrx_word' id='word_1_392' title='bbox 1409 3027 1623 3082; x_wconf 89' lang='lat' dir='ltr'>mentis</span> <span class='ocrx_word' id='word_1_393' title='bbox 1680 3032 1768 3081; x_wconf 89' lang='lat' dir='ltr'>est</span> <span class='ocrx_word' id='word_1_394' title='bbox 1815 3026 1998 3082; x_wconf 88' lang='lat' dir='ltr'>labor.</span> <span class='ocrx_word' id='word_1_395' title='bbox 2059 3029 2138 3083; x_wconf 89' lang='lat' dir='ltr'>Ex</span> <span class='ocrx_word' id='word_1_396' title='bbox 2245 3024 2624 3081; x_wconf 87' lang='lat' dir='ltr'>Voluminum</span> <span class='ocrx_word' id='word_1_397' title='bbox 2656 3040 2901 3080; x_wconf 90' lang='lat' dir='ltr'>numero</span> <span class='ocrx_word' id='word_1_398' title='bbox 2932 3028 3261 3096; x_wconf 85' lang='lat' dir='ltr'>poneretur,</span> <span class='ocrx_word' id='word_1_399' title='bbox 3285 3026 3446 3097; x_wconf 88' lang='lat' dir='ltr'>quod</span> <span class='ocrx_word' id='word_1_400' title='bbox 3473 3030 3654 3081; x_wconf 90' lang='lat' dir='ltr'>totam</span> <span class='ocrx_word' id='word_1_401' title='bbox 3683 3023 3849 3095; x_wconf 86' lang='lat' dir='ltr'>dispu-</span> 
     </span>
    </p>
   </div>
   <div class='ocr_carea' id='block_1_33' title="bbox 495 3111 3849 3186">
    <p class='ocr_par' dir='ltr' id='par_1_33' title="bbox 495 3111 3849 3186">
     <span class='ocr_line' id='line_1_33' title="bbox 495 3111 3849 3186; baseline -0.001 -21"><span class='ocrx_word' id='word_1_402' title='bbox 495 3127 611 3182; x_wconf 90' lang='lat' dir='ltr'>quo</span> <span class='ocrx_word' id='word_1_403' title='bbox 633 3112 776 3167; x_wconf 88' lang='lat' dir='ltr'>mihi</span> <span class='ocrx_word' id='word_1_404' title='bbox 805 3113 1052 3182; x_wconf 88' lang='lat' dir='ltr'>videtur,</span> <span class='ocrx_word' id='word_1_405' title='bbox 1082 3115 1384 3186; x_wconf 82' lang='lat' dir='ltr'>superiora</span> <span class='ocrx_word' id='word_1_406' title='bbox 1409 3116 1480 3170; x_wconf 90' lang='lat' dir='ltr'>de</span> <span class='ocrx_word' id='word_1_407' title='bbox 1538 3115 1911 3171; x_wconf 80' lang='lat' dir='ltr'>multitudine</span> <span class='ocrx_word' id='word_1_408' title='bbox 1959 3116 2133 3171; x_wconf 90' lang='lat' dir='ltr'>libro-</span> <span class='ocrx_word' id='word_1_409' title='bbox 2177 3177 2211 3186; x_wconf 79' lang='lat'>_</span> <span class='ocrx_word' id='word_1_410' title='bbox 2250 3114 2529 3170; x_wconf 88' lang='lat' dir='ltr'>tationem</span> <span class='ocrx_word' id='word_1_411' title='bbox 2560 3117 2814 3181; x_wconf 90' lang='lat' dir='ltr'>suam,et</span> <span class='ocrx_word' id='word_1_412' title='bbox 2837 3128 3068 3168; x_wconf 89' lang='lat' dir='ltr'>omnem</span> <span class='ocrx_word' id='word_1_413' title='bbox 3092 3113 3425 3186; x_wconf 88' lang='lat' dir='ltr'>catalogum</span> <span class='ocrx_word' id='word_1_414' title='bbox 3458 3114 3570 3170; x_wconf 89' lang='lat' dir='ltr'>hac</span> <span class='ocrx_word' id='word_1_415' title='bbox 3589 3113 3743 3185; x_wconf 87' lang='lat' dir='ltr'>quasi</span> <span class='ocrx_word' id='word_1_416' title='bbox 3760 3111 3849 3164; x_wconf 71' lang='lat' dir='ltr'>civ:-</span> 
     </span>
    </p>
   </div>
   <div class='ocr_carea' id='block_1_34' title="bbox 497 3177 3849 3278">
    <p class='ocr_par' dir='ltr' id='par_1_34' title="bbox 497 3177 3849 3278">
     <span class='ocr_line' id='line_1_34' title="bbox 497 3177 3849 3278; baseline 0 -26"><span class='ocrx_word' id='word_1_417' title='bbox 497 3177 629 3253; x_wconf 72' lang='lat' dir='ltr'>rum</span> <span class='ocrx_word' id='word_1_418' title='bbox 676 3198 844 3254; x_wconf 89' lang='lat' dir='ltr'>aliter</span> <span class='ocrx_word' id='word_1_419' title='bbox 897 3177 1218 3267; x_wconf 68' lang='lat' dir='ltr'>sentienda,</span> <span class='ocrx_word' id='word_1_420' title='bbox 1272 3220 1448 3274; x_wconf 91' lang='lat' dir='ltr'>quam</span> <span class='ocrx_word' id='word_1_421' title='bbox 1506 3202 1768 3275; x_wconf 89' lang='lat' dir='ltr'>plerique</span> <span class='ocrx_word' id='word_1_422' title='bbox 1823 3205 2135 3260; x_wconf 70' lang='lat' dir='ltr'>mstimant.</span> <span class='ocrx_word' id='word_1_423' title='bbox 2170 3177 2213 3244; x_wconf 64' lang='grc' dir='ltr'>(ἶ</span> <span class='ocrx_word' id='word_1_424' title='bbox 2249 3198 2613 3278; x_wconf 72' lang='grc' dir='ltr'>κεφαλαιωσει</span> <span class='ocrx_word' id='word_1_425' title='bbox 2653 3177 3576 3273; x_wconf 60' lang='grc' dir='ltr'>(νεεαρὶιαιαιίοηε)οοαῖοῑανθιιὶι,</span> <span class='ocrx_word' id='word_1_426' title='bbox 3605 3177 3677 3258; x_wconf 76' lang='grc' dir='ltr'>ἐι</span> <span class='ocrx_word' id='word_1_427' title='bbox 3727 3199 3849 3255; x_wconf 84' lang='lat' dir='ltr'>dixe-</span> 
     </span>
    </p>
   </div>
   <div class='ocr_carea' id='block_1_35' title="bbox 497 3285 3849 3364">
    <p class='ocr_par' dir='ltr' id='par_1_35' title="bbox 497 3285 3849 3364">
     <span class='ocr_line' id='line_1_35' title="bbox 497 3285 3849 3364; baseline 0 -23"><span class='ocrx_word' id='word_1_428' title='bbox 497 3285 676 3341; x_wconf 88' lang='lat' dir='ltr'>Moris</span> <span class='ocrx_word' id='word_1_429' title='bbox 714 3292 804 3343; x_wconf 90' lang='lat' dir='ltr'>est</span> <span class='ocrx_word' id='word_1_430' title='bbox 861 3289 1316 3360; x_wconf 89' lang='lat' dir='ltr'>Scripturarum,</span> <span class='ocrx_word' id='word_1_431' title='bbox 1362 3291 1631 3362; x_wconf 90' lang='lat' dir='ltr'>quamvis</span> <span class='ocrx_word' id='word_1_432' title='bbox 1686 3291 1884 3363; x_wconf 86' lang='lat' dir='ltr'>plures</span> <span class='ocrx_word' id='word_1_433' title='bbox 1936 3291 2137 3361; x_wconf 91' lang='lat' dir='ltr'>libros,</span> <span class='ocrx_word' id='word_1_434' title='bbox 2247 3291 2325 3347; x_wconf 91' lang='lat' dir='ltr'>rit</span> <span class='ocrx_word' id='word_1_435' title='bbox 2354 3291 2529 3345; x_wconf 78' lang='lat' dir='ltr'>tinem</span> <span class='ocrx_word' id='word_1_436' title='bbox 2560 3306 2899 3346; x_wconf 87' lang='lat' dir='ltr'>sermonum</span> <span class='ocrx_word' id='word_1_437' title='bbox 2930 3308 3169 3346; x_wconf 90' lang='lat' dir='ltr'>suorum</span> <span class='ocrx_word' id='word_1_438' title='bbox 3192 3291 3399 3347; x_wconf 86' lang='lat' dir='ltr'>auditu</span> <span class='ocrx_word' id='word_1_439' title='bbox 3423 3309 3555 3347; x_wconf 89' lang='lat' dir='ltr'>esse</span> <span class='ocrx_word' id='word_1_440' title='bbox 3583 3287 3849 3364; x_wconf 79' lang='lat' dir='ltr'>promptis-</span> 
     </span>
    </p>
   </div>
   <div class='ocr_carea' id='block_1_36' title="bbox 496 3373 3851 3451">
    <p class='ocr_par' dir='ltr' id='par_1_36' title="bbox 496 3373 3851 3451">
     <span class='ocr_line' id='line_1_36' title="bbox 496 3373 3851 3451; baseline 0.001 -22"><span class='ocrx_word' id='word_1_441' title='bbox 496 3373 545 3429; x_wconf 90' lang='lat' dir='ltr'>si</span> <span class='ocrx_word' id='word_1_442' title='bbox 578 3373 728 3430; x_wconf 90' lang='lat' dir='ltr'>inter</span> <span class='ocrx_word' id='word_1_443' title='bbox 744 3392 805 3431; x_wconf 91' lang='lat' dir='ltr'>se</span> <span class='ocrx_word' id='word_1_444' title='bbox 839 3393 952 3431; x_wconf 89' lang='lat' dir='ltr'>nou</span> <span class='ocrx_word' id='word_1_445' title='bbox 984 3377 1338 3450; x_wconf 88' lang='lat' dir='ltr'>discsepent,</span> <span class='ocrx_word' id='word_1_446' title='bbox 1371 3384 1428 3435; x_wconf 92' lang='lat' dir='ltr'>et</span> <span class='ocrx_word' id='word_1_447' title='bbox 1456 3381 1527 3435; x_wconf 91' lang='lat' dir='ltr'>de</span> <span class='ocrx_word' id='word_1_448' title='bbox 1558 3380 1758 3435; x_wconf 92' lang='lat' dir='ltr'>eadem</span> <span class='ocrx_word' id='word_1_449' title='bbox 1788 3397 1846 3436; x_wconf 93' lang='lat' dir='ltr'>re</span> <span class='ocrx_word' id='word_1_450' title='bbox 1876 3379 2135 3437; x_wconf 89' lang='lat' dir='ltr'>scriban-</span> <span class='ocrx_word' id='word_1_451' title='bbox 2247 3378 2487 3444; x_wconf 89' lang='lat' dir='ltr'>simum,</span> <span class='ocrx_word' id='word_1_452' title='bbox 2522 3395 2625 3434; x_wconf 90' lang='lat' dir='ltr'>nec</span> <span class='ocrx_word' id='word_1_453' title='bbox 2651 3377 2870 3451; x_wconf 90' lang='lat' dir='ltr'>aliquid</span> <span class='ocrx_word' id='word_1_454' title='bbox 2904 3379 2961 3434; x_wconf 91' lang='lat' dir='ltr'>in</span> <span class='ocrx_word' id='word_1_455' title='bbox 2984 3396 3045 3436; x_wconf 91' lang='lat' dir='ltr'>se</span> <span class='ocrx_word' id='word_1_456' title='bbox 3063 3379 3279 3436; x_wconf 90' lang='lat' dir='ltr'>habere</span> <span class='ocrx_word' id='word_1_457' title='bbox 3300 3381 3647 3449; x_wconf 80' lang='lat' dir='ltr'>difﬁcile;ut</span> <span class='ocrx_word' id='word_1_458' title='bbox 3672 3378 3851 3437; x_wconf 80' lang='lat' dir='ltr'>scilicet</span> 
     </span>
    </p>
   </div>
   <div class='ocr_carea' id='block_1_37' title="bbox 492 3464 3847 3543">
    <p class='ocr_par' dir='ltr' id='par_1_37' title="bbox 492 3464 3847 3543">
     <span class='ocr_line' id='line_1_37' title="bbox 492 3464 3847 3543; baseline 0.001 -27"><span class='ocrx_word' id='word_1_459' title='bbox 492 3465 609 3531; x_wconf 91' lang='lat' dir='ltr'>tur,</span> <span class='ocrx_word' id='word_1_460' title='bbox 631 3479 811 3520; x_wconf 90' lang='lat' dir='ltr'>unum</span> <span class='ocrx_word' id='word_1_461' title='bbox 830 3464 1100 3522; x_wconf 88' lang='lat' dir='ltr'>volumen</span> <span class='ocrx_word' id='word_1_462' title='bbox 1119 3467 1338 3523; x_wconf 91' lang='lat' dir='ltr'>dicere:</span> <span class='ocrx_word' id='word_1_463' title='bbox 1365 3468 1657 3540; x_wconf 89' lang='lat' dir='ltr'>siquidem</span> <span class='ocrx_word' id='word_1_464' title='bbox 1678 3475 1735 3525; x_wconf 90' lang='lat' dir='ltr'>et</span> <span class='ocrx_word' id='word_1_465' title='bbox 1756 3470 2134 3542; x_wconf 86' lang='lat' dir='ltr'>Evangelium</span> <span class='ocrx_word' id='word_1_466' title='bbox 2245 3469 2429 3525; x_wconf 91' lang='lat' dir='ltr'>Deum</span> <span class='ocrx_word' id='word_1_467' title='bbox 2461 3467 2793 3537; x_wconf 89' lang='lat' dir='ltr'>timeamus,</span> <span class='ocrx_word' id='word_1_468' title='bbox 2826 3472 2885 3524; x_wconf 90' lang='lat' dir='ltr'>et</span> <span class='ocrx_word' id='word_1_469' title='bbox 2940 3469 3069 3541; x_wconf 91' lang='lat' dir='ltr'>ejus</span> <span class='ocrx_word' id='word_1_470' title='bbox 3113 3474 3409 3543; x_wconf 66' lang='lat' dir='ltr'>praecepta</span> <span class='ocrx_word' id='word_1_471' title='bbox 3469 3471 3761 3527; x_wconf 79' lang='lat' dir='ltr'>faciamus.</span> <span class='ocrx_word' id='word_1_472' title='bbox 3785 3465 3847 3521; x_wconf 86' lang='lat' dir='ltr'>Ad</span> 
     </span>
    </p>
   </div>
   <div class='ocr_carea' id='block_1_38' title="bbox 2247 2400 3848 2471">
    <p class='ocr_par' dir='ltr' id='par_1_38' title="bbox 2247 2400 3848 2471">
     <span class='ocr_line' id='line_1_38' title="bbox 2247 2400 3848 2471; baseline -0.005 -11"><span class='ocrx_word' id='word_1_473' title='bbox 2247 2405 2467 2460; x_wconf 90' lang='lat' dir='ltr'>malum</span> <span class='ocrx_word' id='word_1_474' title='bbox 2500 2403 2631 2459; x_wconf 83' lang='lat' dir='ltr'>sit.»</span> <span class='ocrx_word' id='word_1_475' title='bbox 2664 2403 2841 2458; x_wconf 88' lang='lat' dir='ltr'>Aiunt</span> <span class='ocrx_word' id='word_1_476' title='bbox 2872 2402 3095 2458; x_wconf 68' lang='lat' dir='ltr'>Hebrwi</span> <span class='ocrx_word' id='word_1_477' title='bbox 3122 2418 3253 2457; x_wconf 88' lang='lat' dir='ltr'>cum</span> <span class='ocrx_word' id='word_1_478' title='bbox 3278 2402 3653 2457; x_wconf 70' lang='lat' dir='ltr'>interemtera</span> <span class='ocrx_word' id='word_1_479' title='bbox 3672 2400 3848 2471; x_wconf 77' lang='lat' dir='ltr'>scripta</span> 
     </span>
    </p>
   </div>
   <div class='ocr_carea' id='block_1_39' title="bbox 2244 2489 3847 2563">
    <p class='ocr_par' dir='ltr' id='par_1_39' title="bbox 2244 2489 3847 2563">
     <span class='ocr_line' id='line_1_39' title="bbox 2244 2489 3847 2563; baseline -0.004 -14"><span class='ocrx_word' id='word_1_480' title='bbox 2244 2492 2573 2549; x_wconf 89' lang='lat' dir='ltr'>Salomonis</span> <span class='ocrx_word' id='word_1_481' title='bbox 2602 2509 2727 2563; x_wconf 67' lang='lat' dir='ltr'>quae</span> <span class='ocrx_word' id='word_1_482' title='bbox 2759 2491 3061 2562; x_wconf 71' lang='lat' dir='ltr'>antiquata</span> <span class='ocrx_word' id='word_1_483' title='bbox 3110 2495 3269 2558; x_wconf 91' lang='lat' dir='ltr'>sunt,</span> <span class='ocrx_word' id='word_1_484' title='bbox 3326 2507 3433 2546; x_wconf 88' lang='lat' dir='ltr'>nec</span> <span class='ocrx_word' id='word_1_485' title='bbox 3489 2490 3549 2545; x_wconf 92' lang='lat' dir='ltr'>in</span> <span class='ocrx_word' id='word_1_486' title='bbox 3609 2489 3847 2546; x_wconf 74' lang='lat' dir='ltr'>memoria</span> 
     </span>
    </p>
   </div>
   <div class='ocr_carea' id='block_1_40' title="bbox 2246 2577 3848 2651">
    <p class='ocr_par' dir='ltr' id='par_1_40' title="bbox 2246 2577 3848 2651">
     <span class='ocr_line' id='line_1_40' title="bbox 2246 2577 3848 2651; baseline -0.003 -14"><span class='ocrx_word' id='word_1_487' title='bbox 2246 2583 2622 2651; x_wconf 88' lang='lat' dir='ltr'>duraverunt,</span> <span class='ocrx_word' id='word_1_488' title='bbox 2655 2585 2713 2634; x_wconf 91' lang='lat' dir='ltr'>et</span> <span class='ocrx_word' id='word_1_489' title='bbox 2742 2579 2836 2634; x_wconf 91' lang='lat' dir='ltr'>hic</span> <span class='ocrx_word' id='word_1_490' title='bbox 2860 2578 3006 2635; x_wconf 81' lang='lat' dir='ltr'>liber</span> <span class='ocrx_word' id='word_1_491' title='bbox 3060 2578 3495 2635; x_wconf 85' lang='lat' dir='ltr'>oblitterandus</span> <span class='ocrx_word' id='word_1_492' title='bbox 3534 2577 3848 2640; x_wconf 78' lang='lat' dir='ltr'>videretur&quot;,</span> 
     </span>
    </p>
   </div>
   <div class='ocr_carea' id='block_1_41' title="bbox 2246 2667 3849 2743">
    <p class='ocr_par' dir='ltr' id='par_1_41' title="bbox 2246 2667 3849 2743">
     <span class='ocr_line' id='line_1_41' title="bbox 2246 2667 3849 2743; baseline -0.006 -15"><span class='ocrx_word' id='word_1_493' title='bbox 2246 2688 2313 2728; x_wconf 91' lang='lat' dir='ltr'>eo</span> <span class='ocrx_word' id='word_1_494' title='bbox 2345 2670 2500 2743; x_wconf 89' lang='lat' dir='ltr'>quod</span> <span class='ocrx_word' id='word_1_495' title='bbox 2530 2685 2708 2724; x_wconf 90' lang='lat' dir='ltr'>vanas</span> <span class='ocrx_word' id='word_1_496' title='bbox 2739 2667 2838 2723; x_wconf 92' lang='lat' dir='ltr'>Dei</span> <span class='ocrx_word' id='word_1_497' title='bbox 2874 2671 3160 2724; x_wconf 89' lang='lat' dir='ltr'>assereret</span> <span class='ocrx_word' id='word_1_498' title='bbox 3216 2671 3540 2735; x_wconf 88' lang='lat' dir='ltr'>creaturas,</span> <span class='ocrx_word' id='word_1_499' title='bbox 3593 2672 3648 2724; x_wconf 92' lang='lat' dir='ltr'>et</span> <span class='ocrx_word' id='word_1_500' title='bbox 3699 2670 3849 2722; x_wconf 89' lang='lat' dir='ltr'>totum</span> 
     </span>
    </p>
   </div>
   <div class='ocr_carea' id='block_1_42' title="bbox 2246 2755 3851 2833">
    <p class='ocr_par' dir='ltr' id='par_1_42' title="bbox 2246 2755 3851 2833">
     <span class='ocr_line' id='line_1_42' title="bbox 2246 2755 3851 2833; baseline -0.004 -17"><span class='ocrx_word' id='word_1_501' title='bbox 2246 2764 2481 2833; x_wconf 91' lang='lat' dir='ltr'>putaret</span> <span class='ocrx_word' id='word_1_502' title='bbox 2518 2775 2645 2815; x_wconf 91' lang='lat' dir='ltr'>esse</span> <span class='ocrx_word' id='word_1_503' title='bbox 2675 2774 2778 2830; x_wconf 90' lang='lat' dir='ltr'>pro</span> <span class='ocrx_word' id='word_1_504' title='bbox 2803 2756 3006 2825; x_wconf 90' lang='lat' dir='ltr'>nihilo,</span> <span class='ocrx_word' id='word_1_505' title='bbox 3039 2761 3097 2813; x_wconf 89' lang='lat' dir='ltr'>et</span> <span class='ocrx_word' id='word_1_506' title='bbox 3120 2757 3338 2825; x_wconf 88' lang='lat' dir='ltr'>cibum,</span> <span class='ocrx_word' id='word_1_507' title='bbox 3371 2761 3432 2813; x_wconf 89' lang='lat' dir='ltr'>et</span> <span class='ocrx_word' id='word_1_508' title='bbox 3462 2761 3683 2830; x_wconf 89' lang='lat' dir='ltr'>potum,</span> <span class='ocrx_word' id='word_1_509' title='bbox 3709 2760 3759 2812; x_wconf 91' lang='lat' dir='ltr'>et</span> <span class='ocrx_word' id='word_1_510' title='bbox 3781 2755 3851 2809; x_wconf 89' lang='lat' dir='ltr'>de-</span> 
     </span>
    </p>
   </div>
   <div class='ocr_carea' id='block_1_43' title="bbox 2248 2846 3849 2919">
    <p class='ocr_par' dir='ltr' id='par_1_43' title="bbox 2248 2846 3849 2919">
     <span class='ocr_line' id='line_1_43' title="bbox 2248 2846 3849 2919; baseline -0.004 -14"><span class='ocrx_word' id='word_1_511' title='bbox 2248 2848 2410 2905; x_wconf 81' lang='lat' dir='ltr'>ficias</span> <span class='ocrx_word' id='word_1_512' title='bbox 2441 2851 2813 2904; x_wconf 89' lang='lat' dir='ltr'>transeuntes</span> <span class='ocrx_word' id='word_1_513' title='bbox 2836 2846 3133 2919; x_wconf 64' lang='lat' dir='ltr'>praeferret</span> <span class='ocrx_word' id='word_1_514' title='bbox 3154 2846 3456 2917; x_wconf 90' lang='lat' dir='ltr'>omnibus,</span> <span class='ocrx_word' id='word_1_515' title='bbox 3488 2864 3557 2904; x_wconf 90' lang='lat' dir='ltr'>ex</span> <span class='ocrx_word' id='word_1_516' title='bbox 3605 2846 3707 2902; x_wconf 90' lang='lat' dir='ltr'>hoc</span> <span class='ocrx_word' id='word_1_517' title='bbox 3764 2860 3849 2900; x_wconf 90' lang='lat' dir='ltr'>uno</span> 
     </span>
    </p>
   </div>
   <div class='ocr_carea' id='block_1_44' title="bbox 2247 2936 3847 3010">
    <p class='ocr_par' dir='ltr' id='par_1_44' title="bbox 2247 2936 3847 3010">
     <span class='ocr_line' id='line_1_44' title="bbox 2247 2936 3847 3010; baseline -0.003 -17"><span class='ocrx_word' id='word_1_518' title='bbox 2247 2936 2502 3010; x_wconf 90' lang='lat' dir='ltr'>capitulo</span> <span class='ocrx_word' id='word_1_519' title='bbox 2535 2936 2822 2993; x_wconf 91' lang='lat' dir='ltr'>meruisse</span> <span class='ocrx_word' id='word_1_520' title='bbox 2853 2936 3280 3003; x_wconf 89' lang='lat' dir='ltr'>auctoritatem,</span> <span class='ocrx_word' id='word_1_521' title='bbox 3340 2940 3407 2991; x_wconf 92' lang='lat' dir='ltr'>ut</span> <span class='ocrx_word' id='word_1_522' title='bbox 3448 2937 3508 2992; x_wconf 92' lang='lat' dir='ltr'>in</span> <span class='ocrx_word' id='word_1_523' title='bbox 3565 2936 3847 2991; x_wconf 89' lang='lat' dir='ltr'>divinorum</span> 
     </span>
    </p>
   </div>
   <div class='ocr_carea' id='block_1_45' title="bbox 490 3552 3849 3628">
    <p class='ocr_par' dir='ltr' id='par_1_45' title="bbox 490 3552 3849 3628">
     <span class='ocr_line' id='line_1_45' title="bbox 490 3552 3849 3628; baseline 0.002 -22"><span class='ocrx_word' id='word_1_524' title='bbox 490 3559 546 3607; x_wconf 82' lang='lat' dir='ltr'>et</span> <span class='ocrx_word' id='word_1_525' title='bbox 598 3552 713 3608; x_wconf 64' lang='lat' dir='ltr'>Lex</span> <span class='ocrx_word' id='word_1_526' title='bbox 779 3556 1008 3610; x_wconf 82' lang='lat' dir='ltr'>Domini</span> <span class='ocrx_word' id='word_1_527' title='bbox 1066 3556 1439 3628; x_wconf 85' lang='lat' dir='ltr'>immaculata,</span> <span class='ocrx_word' id='word_1_528' title='bbox 1525 3562 1838 3614; x_wconf 79' lang='lat' dir='ltr'>convertens</span> <span class='ocrx_word' id='word_1_529' title='bbox 1917 3561 2134 3614; x_wconf 83' lang='lat' dir='ltr'>animus</span> <span class='ocrx_word' id='word_1_530' title='bbox 2242 3557 2353 3614; x_wconf 90' lang='lat' dir='ltr'>hoc</span> <span class='ocrx_word' id='word_1_531' title='bbox 2408 3558 2563 3613; x_wconf 92' lang='lat' dir='ltr'>enim</span> <span class='ocrx_word' id='word_1_532' title='bbox 2614 3560 2815 3612; x_wconf 90' lang='lat' dir='ltr'>natum</span> <span class='ocrx_word' id='word_1_533' title='bbox 2864 3573 2993 3613; x_wconf 91' lang='lat' dir='ltr'>esse</span> <span class='ocrx_word' id='word_1_534' title='bbox 3052 3556 3375 3624; x_wconf 90' lang='lat' dir='ltr'>hominem,</span> <span class='ocrx_word' id='word_1_535' title='bbox 3444 3564 3509 3615; x_wconf 88' lang='lat' dir='ltr'>ut</span> <span class='ocrx_word' id='word_1_536' title='bbox 3575 3562 3849 3616; x_wconf 84' lang='lat' dir='ltr'>creatorem</span> 
     </span>
    </p>
   </div>
   <div class='ocr_carea' id='block_1_46' title="bbox 487 3639 3846 3721">
    <p class='ocr_par' dir='ltr' id='par_1_46' title="bbox 487 3639 3846 3721">
     <span class='ocr_line' id='line_1_46' title="bbox 487 3639 3846 3721; baseline 0.001 -25"><span class='ocrx_word' id='word_1_537' title='bbox 487 3639 663 3711; x_wconf 80' lang='lat' dir='ltr'>(Psal.</span> <span class='ocrx_word' id='word_1_538' title='bbox 693 3659 849 3711; x_wconf 81' lang='lat' dir='ltr'>xvm,</span> <span class='ocrx_word' id='word_1_539' title='bbox 883 3643 959 3714; x_wconf 83' lang='lat'>8),</span> <span class='ocrx_word' id='word_1_540' title='bbox 992 3644 1371 3717; x_wconf 86' lang='lat' dir='ltr'>singulariter</span> <span class='ocrx_word' id='word_1_541' title='bbox 1391 3645 1778 3717; x_wconf 89' lang='lat' dir='ltr'>appellantur,</span> <span class='ocrx_word' id='word_1_542' title='bbox 1813 3664 1948 3702; x_wconf 93' lang='lat' dir='ltr'>cum</span> <span class='ocrx_word' id='word_1_543' title='bbox 1964 3646 2132 3720; x_wconf 93' lang='lat' dir='ltr'>plura</span> <span class='ocrx_word' id='word_1_544' title='bbox 2241 3665 2413 3705; x_wconf 90' lang='lat' dir='ltr'>suum</span> <span class='ocrx_word' id='word_1_545' title='bbox 2447 3645 2797 3718; x_wconf 88' lang='lat' dir='ltr'>intelligens,</span> <span class='ocrx_word' id='word_1_546' title='bbox 2820 3650 3129 3702; x_wconf 91' lang='lat' dir='ltr'>veneretur</span> <span class='ocrx_word' id='word_1_547' title='bbox 3158 3663 3293 3704; x_wconf 90' lang='lat' dir='ltr'>eum</span> <span class='ocrx_word' id='word_1_548' title='bbox 3356 3648 3468 3721; x_wconf 81' lang='grc' dir='ltr'>[ΑΙ.</span> <span class='ocrx_word' id='word_1_549' title='bbox 3502 3650 3657 3721; x_wconf 92' lang='lat' dir='ltr'>cum]</span> <span class='ocrx_word' id='word_1_550' title='bbox 3701 3649 3846 3709; x_wconf 89' lang='lat' dir='ltr'>metu,</span> 
     </span>
    </p>
   </div>
   <div class='ocr_carea' id='block_1_47' title="bbox 483 3729 2126 3807">
    <p class='ocr_par' dir='ltr' id='par_1_47' title="bbox 483 3729 2126 3807">
     <span class='ocr_line' id='line_1_47' title="bbox 483 3729 2126 3807; baseline 0.007 -25"><span class='ocrx_word' id='word_1_551' title='bbox 483 3729 815 3803; x_wconf 84' lang='lat' dir='ltr'>Evangelia,</span> <span class='ocrx_word' id='word_1_552' title='bbox 839 3736 896 3787; x_wconf 92' lang='lat' dir='ltr'>et</span> <span class='ocrx_word' id='word_1_553' title='bbox 929 3731 1114 3788; x_wconf 89' lang='lat' dir='ltr'>multa</span> <span class='ocrx_word' id='word_1_554' title='bbox 1144 3732 1191 3788; x_wconf 93' lang='lat' dir='ltr'>si</span> <span class='ocrx_word' id='word_1_555' title='bbox 1203 3738 1264 3788; x_wconf 91' lang='lat' dir='ltr'>nt</span> <span class='ocrx_word' id='word_1_556' title='bbox 1286 3734 1563 3789; x_wconf 92' lang='lat' dir='ltr'>mandata</span> <span class='ocrx_word' id='word_1_557' title='bbox 1584 3733 1727 3807; x_wconf 87' lang='lat' dir='ltr'>legis</span> <span class='ocrx_word' id='word_1_558' title='bbox 1758 3752 1770 3789; x_wconf 94' lang='lat'>:</span> <span class='ocrx_word' id='word_1_559' title='bbox 1805 3734 1887 3791; x_wconf 92' lang='lat' dir='ltr'>sic</span> <span class='ocrx_word' id='word_1_560' title='bbox 1917 3741 1975 3791; x_wconf 90' lang='lat' dir='ltr'>et</span> <span class='ocrx_word' id='word_1_561' title='bbox 2030 3754 2126 3793; x_wconf 91' lang='lat' dir='ltr'>vo-</span> 
     </span>
    </p>
   </div>
   <div class='ocr_carea' id='block_1_48' title="bbox 479 3816 2128 3897">
    <p class='ocr_par' dir='ltr' id='par_1_48' title="bbox 479 3816 2128 3897">
     <span class='ocr_line' id='line_1_48' title="bbox 479 3816 2128 3897; baseline 0.005 -24"><span class='ocrx_word' id='word_1_562' title='bbox 479 3816 684 3875; x_wconf 92' lang='lat' dir='ltr'>lumen</span> <span class='ocrx_word' id='word_1_563' title='bbox 714 3819 774 3874; x_wconf 89' lang='lat' dir='ltr'>in</span> <span class='ocrx_word' id='word_1_564' title='bbox 794 3820 955 3875; x_wconf 66' lang='lat' dir='ltr'>Isaias</span> <span class='ocrx_word' id='word_1_565' title='bbox 977 3838 1248 3878; x_wconf 91' lang='lat' dir='ltr'>sermone</span> <span class='ocrx_word' id='word_1_566' title='bbox 1270 3822 1591 3894; x_wconf 90' lang='lat' dir='ltr'>signatum,</span> <span class='ocrx_word' id='word_1_567' title='bbox 1617 3825 1810 3880; x_wconf 91' lang='lat' dir='ltr'>omnis</span> <span class='ocrx_word' id='word_1_568' title='bbox 1831 3826 2128 3897; x_wconf 89' lang='lat' dir='ltr'>Scriptura</span> 
     </span>
    </p>
   </div>
   <div class='ocr_carea' id='block_1_49' title="bbox 480 3906 2126 3983">
    <p class='ocr_par' dir='ltr' id='par_1_49' title="bbox 480 3906 2126 3983">
     <span class='ocr_line' id='line_1_49' title="bbox 480 3906 2126 3983; baseline 0.005 -22"><span class='ocrx_word' id='word_1_569' title='bbox 480 3906 678 3963; x_wconf 89' lang='lat' dir='ltr'>divina</span> <span class='ocrx_word' id='word_1_570' title='bbox 707 3912 797 3963; x_wconf 90' lang='lat' dir='ltr'>est</span> <span class='ocrx_word' id='word_1_571' title='bbox 825 3909 951 3981; x_wconf 86' lang='lat' dir='ltr'>(Isa.</span> <span class='ocrx_word' id='word_1_572' title='bbox 983 3910 1156 3981; x_wconf 73' lang='lat' dir='ltr'>xxix),</span> <span class='ocrx_word' id='word_1_573' title='bbox 1191 3914 1246 3967; x_wconf 87' lang='lat' dir='ltr'>et</span> <span class='ocrx_word' id='word_1_574' title='bbox 1296 3928 1410 3967; x_wconf 92' lang='lat' dir='ltr'>uno</span> <span class='ocrx_word' id='word_1_575' title='bbox 1469 3912 1721 3983; x_wconf 90' lang='lat' dir='ltr'>capitulo</span> <span class='ocrx_word' id='word_1_576' title='bbox 1777 3912 1934 3979; x_wconf 91' lang='lat' dir='ltr'>libri,</span> <span class='ocrx_word' id='word_1_577' title='bbox 1989 3915 2126 3970; x_wconf 87' lang='lat' dir='ltr'>Eze-</span> 
     </span>
    </p>
   </div>
   <div class='ocr_carea' id='block_1_50' title="bbox 480 3994 2120 4074">
    <p class='ocr_par' dir='ltr' id='par_1_50' title="bbox 480 3994 2120 4074">
     <span class='ocr_line' id='line_1_50' title="bbox 480 3994 2120 4074; baseline 0.005 -25"><span class='ocrx_word' id='word_1_578' title='bbox 480 3994 630 4050; x_wconf 91' lang='lat' dir='ltr'>chiel</span> <span class='ocrx_word' id='word_1_579' title='bbox 658 3996 1028 4070; x_wconf 91' lang='lat' dir='ltr'>Joannesque</span> <span class='ocrx_word' id='word_1_580' title='bbox 1056 4001 1599 4068; x_wconf 68' lang='lat' dir='ltr'>vcscuntur(Ez.cch.</span> <span class='ocrx_word' id='word_1_581' title='bbox 1656 4018 1755 4057; x_wconf 85' lang='lat' dir='ltr'>vm</span> <span class='ocrx_word' id='word_1_582' title='bbox 1799 4019 1813 4070; x_wconf 91' lang='lat'><strong>;</strong></span> <span class='ocrx_word' id='word_1_583' title='bbox 1845 4004 2004 4074; x_wconf 89' lang='lat' dir='ltr'>Apoc.</span> <span class='ocrx_word' id='word_1_584' title='bbox 2038 4009 2120 4073; x_wconf 85' lang='lat' dir='ltr'>x).</span> 
     </span>
    </p>
   </div>
   <div class='ocr_carea' id='block_1_51' title="bbox 480 4082 2122 4158">
    <p class='ocr_par' dir='ltr' id='par_1_51' title="bbox 480 4082 2122 4158">
     <span class='ocr_line' id='line_1_51' title="bbox 480 4082 2122 4158; baseline 0.005 -19"><span class='ocrx_word' id='word_1_585' title='bbox 480 4082 746 4140; x_wconf 89' lang='lat' dir='ltr'>Salvator</span> <span class='ocrx_word' id='word_1_586' title='bbox 775 4102 1007 4158; x_wconf 92' lang='lat' dir='ltr'>quoque</span> <span class='ocrx_word' id='word_1_587' title='bbox 1037 4088 1302 4144; x_wconf 85' lang='lat' dir='ltr'>omnium</span> <span class='ocrx_word' id='word_1_588' title='bbox 1334 4094 1485 4144; x_wconf 87' lang='lat' dir='ltr'>retro</span> <span class='ocrx_word' id='word_1_589' title='bbox 1515 4095 1852 4146; x_wconf 89' lang='lat' dir='ltr'>sanctorum</span> <span class='ocrx_word' id='word_1_590' title='bbox 1883 4091 2122 4147; x_wconf 87' lang='lat' dir='ltr'>vocibus</span> 
     </span>
    </p>
   </div>
   <div class='ocr_carea' id='block_1_52' title="bbox 475 4171 2122 4249">
    <p class='ocr_par' dir='ltr' id='par_1_52' title="bbox 475 4171 2122 4249">
     <span class='ocr_line' id='line_1_52' title="bbox 475 4171 2122 4249; baseline 0.005 -22"><span class='ocrx_word' id='word_1_591' title='bbox 475 4171 878 4244; x_wconf 89' lang='lat' dir='ltr'>prophetatus,</span> <span class='ocrx_word' id='word_1_592' title='bbox 911 4174 1035 4231; x_wconf 89' lang='lat' dir='ltr'>ait:</span> <span class='ocrx_word' id='word_1_593' title='bbox 1063 4177 1127 4231; x_wconf 86' lang='lat' dir='ltr'>In</span> <span class='ocrx_word' id='word_1_594' title='bbox 1156 4178 1394 4248; x_wconf 83' lang='lat' dir='ltr'>capitulo</span> <span class='ocrx_word' id='word_1_595' title='bbox 1452 4178 1584 4233; x_wconf 83' lang='lat' dir='ltr'>libri</span> <span class='ocrx_word' id='word_1_596' title='bbox 1625 4180 1893 4249; x_wconf 84' lang='lat' dir='ltr'>scriptum</span> <span class='ocrx_word' id='word_1_597' title='bbox 1928 4184 2011 4235; x_wconf 85' lang='lat' dir='ltr'>est</span> <span class='ocrx_word' id='word_1_598' title='bbox 2056 4180 2122 4236; x_wconf 87' lang='lat' dir='ltr'>de</span> 
     </span>
    </p>
   </div>
   <div class='ocr_carea' id='block_1_53' title="bbox 474 4260 2115 4339">
    <p class='ocr_par' dir='ltr' id='par_1_53' title="bbox 474 4260 2115 4339">
     <span class='ocr_line' id='line_1_53' title="bbox 474 4260 2115 4339; baseline 0.004 -23"><span class='ocrx_word' id='word_1_599' title='bbox 474 4276 565 4315; x_wconf 84' lang='lat' dir='ltr'>me</span> <span class='ocrx_word' id='word_1_600' title='bbox 607 4260 777 4332; x_wconf 87' lang='lat' dir='ltr'>(Psal.</span> <span class='ocrx_word' id='word_1_601' title='bbox 822 4280 1011 4329; x_wconf 78' lang='lat' dir='ltr'>xxxiv,</span> <span class='ocrx_word' id='word_1_602' title='bbox 1068 4266 1143 4336; x_wconf 85' lang='lat'>9).</span> <span class='ocrx_word' id='word_1_603' title='bbox 1198 4265 1374 4320; x_wconf 80' lang='lat' dir='ltr'>Juxta</span> <span class='ocrx_word' id='word_1_604' title='bbox 1431 4265 1587 4322; x_wconf 92' lang='lat' dir='ltr'>hunc</span> <span class='ocrx_word' id='word_1_605' title='bbox 1647 4267 1830 4339; x_wconf 89' lang='lat' dir='ltr'>igitur</span> <span class='ocrx_word' id='word_1_606' title='bbox 1876 4284 2115 4323; x_wconf 87' lang='lat' dir='ltr'>sensum</span> 
     </span>
    </p>
   </div>
   <div class='ocr_carea' id='block_1_54' title="bbox 473 4351 2116 4426">
    <p class='ocr_par' dir='ltr' id='par_1_54' title="bbox 473 4351 2116 4426">
     <span class='ocr_line' id='line_1_54' title="bbox 473 4351 2116 4426; baseline 0.004 -21"><span class='ocrx_word' id='word_1_607' title='bbox 473 4351 629 4406; x_wconf 71' lang='lat'>496</span> <span class='ocrx_word' id='word_1_608' title='bbox 662 4351 913 4407; x_wconf 90' lang='lat' dir='ltr'>arbitror</span> <span class='ocrx_word' id='word_1_609' title='bbox 962 4370 1116 4409; x_wconf 90' lang='lat' dir='ltr'>nunc</span> <span class='ocrx_word' id='word_1_610' title='bbox 1173 4358 1550 4426; x_wconf 73' lang='lat' dir='ltr'>praeceptum,</span> <span class='ocrx_word' id='word_1_611' title='bbox 1608 4372 1679 4410; x_wconf 90' lang='lat' dir='ltr'>ne</span> <span class='ocrx_word' id='word_1_612' title='bbox 1735 4355 1934 4426; x_wconf 87' lang='lat' dir='ltr'>plures</span> <span class='ocrx_word' id='word_1_613' title='bbox 1982 4356 2116 4412; x_wconf 90' lang='lat' dir='ltr'>libri</span> 
     </span>
    </p>
   </div>
   <div class='ocr_carea' id='block_1_55' title="bbox 473 4437 2109 4517">
    <p class='ocr_par' dir='ltr' id='par_1_55' title="bbox 473 4437 2109 4517">
     <span class='ocr_line' id='line_1_55' title="bbox 473 4437 2109 4517; baseline 0.004 -25"><span class='ocrx_word' id='word_1_614' title='bbox 473 4437 634 4493; x_wconf 82' lang='lat' dir='ltr'>ﬁant.</span> <span class='ocrx_word' id='word_1_615' title='bbox 664 4439 956 4513; x_wconf 88' lang='lat' dir='ltr'>Quidquid</span> <span class='ocrx_word' id='word_1_616' title='bbox 989 4442 1145 4498; x_wconf 89' lang='lat' dir='ltr'>enim</span> <span class='ocrx_word' id='word_1_617' title='bbox 1177 4443 1411 4512; x_wconf 80' lang='lat' dir='ltr'>dixeris,</span> <span class='ocrx_word' id='word_1_618' title='bbox 1445 4443 1493 4498; x_wconf 93' lang='lat' dir='ltr'>si</span> <span class='ocrx_word' id='word_1_619' title='bbox 1526 4443 1597 4497; x_wconf 92' lang='lat' dir='ltr'>ad</span> <span class='ocrx_word' id='word_1_620' title='bbox 1636 4460 1771 4498; x_wconf 87' lang='lat' dir='ltr'>eum</span> <span class='ocrx_word' id='word_1_621' title='bbox 1807 4444 2109 4517; x_wconf 81' lang='lat' dir='ltr'>referatur,</span> 
     </span>
    </p>
   </div>
   <div class='ocr_carea' id='block_1_56' title="bbox 2239 3736 3845 3811">
    <p class='ocr_par' dir='ltr' id='par_1_56' title="bbox 2239 3736 3845 3811">
     <span class='ocr_line' id='line_1_56' title="bbox 2239 3736 3845 3811; baseline -0.003 -19"><span class='ocrx_word' id='word_1_622' title='bbox 2239 3742 2297 3793; x_wconf 89' lang='lat' dir='ltr'>et</span> <span class='ocrx_word' id='word_1_623' title='bbox 2325 3736 2563 3803; x_wconf 91' lang='lat' dir='ltr'>honore,</span> <span class='ocrx_word' id='word_1_624' title='bbox 2594 3737 2651 3789; x_wconf 84' lang='lat' dir='ltr'>et</span> <span class='ocrx_word' id='word_1_625' title='bbox 2679 3750 2851 3806; x_wconf 90' lang='lat' dir='ltr'>opere</span> <span class='ocrx_word' id='word_1_626' title='bbox 2905 3736 3337 3793; x_wconf 89' lang='lat' dir='ltr'>mandatorum.</span> <span class='ocrx_word' id='word_1_627' title='bbox 3400 3738 3699 3811; x_wconf 81' lang='lat' dir='ltr'>siquidem</span> <span class='ocrx_word' id='word_1_628' title='bbox 3742 3747 3845 3789; x_wconf 87' lang='lat' dir='ltr'>cum</span> 
     </span>
    </p>
   </div>
   <div class='ocr_carea' id='block_1_57' title="bbox 2231 3823 3843 3899">
    <p class='ocr_par' dir='ltr' id='par_1_57' title="bbox 2231 3823 3843 3899">
     <span class='ocr_line' id='line_1_57' title="bbox 2231 3823 3843 3899; baseline -0.002 -19"><span class='ocrx_word' id='word_1_629' title='bbox 2231 3824 2439 3897; x_wconf 91' lang='lat' dir='ltr'>judicii</span> <span class='ocrx_word' id='word_1_630' title='bbox 2467 3829 2700 3895; x_wconf 90' lang='lat' dir='ltr'>tempus</span> <span class='ocrx_word' id='word_1_631' title='bbox 2732 3823 3051 3891; x_wconf 88' lang='lat' dir='ltr'>advenerit,</span> <span class='ocrx_word' id='word_1_632' title='bbox 3075 3825 3361 3897; x_wconf 90' lang='lat' dir='ltr'>quidquid</span> <span class='ocrx_word' id='word_1_633' title='bbox 3393 3844 3429 3883; x_wconf 87' lang='lat' dir='ltr'>a</span> <span class='ocrx_word' id='word_1_634' title='bbox 3460 3827 3628 3883; x_wconf 88' lang='lat' dir='ltr'>nobis</span> <span class='ocrx_word' id='word_1_635' title='bbox 3654 3829 3843 3899; x_wconf 88' lang='lat' dir='ltr'>gestum</span> 
     </span>
    </p>
   </div>
   <div class='ocr_carea' id='block_1_58' title="bbox 2237 3912 3842 3988">
    <p class='ocr_par' dir='ltr' id='par_1_58' title="bbox 2237 3912 3842 3988">
     <span class='ocr_line' id='line_1_58' title="bbox 2237 3912 3842 3988; baseline -0.002 -18"><span class='ocrx_word' id='word_1_636' title='bbox 2237 3919 2346 3981; x_wconf 89' lang='lat' dir='ltr'>est,</span> <span class='ocrx_word' id='word_1_637' title='bbox 2380 3918 2534 3969; x_wconf 85' lang='lat' dir='ltr'>stare</span> <span class='ocrx_word' id='word_1_638' title='bbox 2565 3913 2713 3967; x_wconf 69' lang='lat'>491</span> <span class='ocrx_word' id='word_1_639' title='bbox 2741 3912 2852 3967; x_wconf 88' lang='lat' dir='ltr'>sub</span> <span class='ocrx_word' id='word_1_640' title='bbox 2878 3912 3101 3985; x_wconf 88' lang='lat' dir='ltr'>judice,</span> <span class='ocrx_word' id='word_1_641' title='bbox 3136 3920 3193 3969; x_wconf 91' lang='lat' dir='ltr'>et</span> <span class='ocrx_word' id='word_1_642' title='bbox 3257 3915 3578 3988; x_wconf 89' lang='lat' dir='ltr'>ancipitem</span> <span class='ocrx_word' id='word_1_643' title='bbox 3633 3913 3724 3969; x_wconf 91' lang='lat' dir='ltr'>diu</span> <span class='ocrx_word' id='word_1_644' title='bbox 3771 3926 3842 3966; x_wconf 76' lang='lat' dir='ltr'>ex-</span> 
     </span>
    </p>
   </div>
   <div class='ocr_carea' id='block_1_59' title="bbox 2232 3999 3839 4077">
    <p class='ocr_par' dir='ltr' id='par_1_59' title="bbox 2232 3999 3839 4077">
     <span class='ocr_line' id='line_1_59' title="bbox 2232 3999 3839 4077; baseline -0.002 -19"><span class='ocrx_word' id='word_1_645' title='bbox 2232 4000 2535 4075; x_wconf 67' lang='lat' dir='ltr'>spectare8</span> <span class='ocrx_word' id='word_1_646' title='bbox 2563 3999 2934 4070; x_wconf 84' lang='lat' dir='ltr'>sententiam,</span> <span class='ocrx_word' id='word_1_647' title='bbox 2970 4005 3028 4055; x_wconf 89' lang='lat' dir='ltr'>et</span> <span class='ocrx_word' id='word_1_648' title='bbox 3079 4018 3569 4077; x_wconf 89' lang='lat' dir='ltr'>unumquemque</span> <span class='ocrx_word' id='word_1_649' title='bbox 3626 4001 3839 4072; x_wconf 82' lang='lat' dir='ltr'>recipere</span> 
     </span>
    </p>
   </div>
   <div class='ocr_carea' id='block_1_60' title="bbox 2231 4085 3838 4165">
    <p class='ocr_par' dir='ltr' id='par_1_60' title="bbox 2231 4085 3838 4165">
     <span class='ocr_line' id='line_1_60' title="bbox 2231 4085 3838 4165; baseline -0.002 -18"><span class='ocrx_word' id='word_1_650' title='bbox 2231 4108 2334 4163; x_wconf 87' lang='lat' dir='ltr'>pro</span> <span class='ocrx_word' id='word_1_651' title='bbox 2365 4105 2537 4162; x_wconf 90' lang='lat' dir='ltr'>opere</span> <span class='ocrx_word' id='word_1_652' title='bbox 2567 4105 2697 4154; x_wconf 88' lang='lat' dir='ltr'>suo,</span> <span class='ocrx_word' id='word_1_653' title='bbox 2730 4088 2849 4143; x_wconf 90' lang='lat' dir='ltr'>sive</span> <span class='ocrx_word' id='word_1_654' title='bbox 2881 4087 3017 4145; x_wconf 90' lang='lat' dir='ltr'>mali</span> <span class='ocrx_word' id='word_1_655' title='bbox 3050 4091 3187 4163; x_wconf 91' lang='lat' dir='ltr'>quid</span> <span class='ocrx_word' id='word_1_656' title='bbox 3219 4093 3491 4165; x_wconf 86' lang='lat' dir='ltr'>gesserit,</span> <span class='ocrx_word' id='word_1_657' title='bbox 3544 4093 3660 4149; x_wconf 89' lang='lat' dir='ltr'>sive</span> <span class='ocrx_word' id='word_1_658' title='bbox 3710 4085 3838 4145; x_wconf 86' lang='lat' dir='ltr'>boni.</span> 
     </span>
    </p>
   </div>
   <div class='ocr_carea' id='block_1_61' title="bbox 2230 4177 3837 4251">
    <p class='ocr_par' dir='ltr' id='par_1_61' title="bbox 2230 4177 3837 4251">
     <span class='ocr_line' id='line_1_61' title="bbox 2230 4177 3837 4251; baseline -0.002 -17"><span class='ocrx_word' id='word_1_659' title='bbox 2230 4179 2337 4234; x_wconf 91' lang='lat' dir='ltr'>Pro</span> <span class='ocrx_word' id='word_1_660' title='bbox 2368 4195 2434 4234; x_wconf 93' lang='lat' dir='ltr'>eo</span> <span class='ocrx_word' id='word_1_661' title='bbox 2466 4181 2662 4233; x_wconf 89' lang='lat' dir='ltr'>autem</span> <span class='ocrx_word' id='word_1_662' title='bbox 2693 4177 2849 4248; x_wconf 90' lang='lat' dir='ltr'>quod</span> <span class='ocrx_word' id='word_1_663' title='bbox 2881 4194 2988 4233; x_wconf 90' lang='lat' dir='ltr'>nos</span> <span class='ocrx_word' id='word_1_664' title='bbox 3018 4180 3331 4251; x_wconf 90' lang='lat' dir='ltr'>posuimus</span> <span class='ocrx_word' id='word_1_665' title='bbox 3365 4199 3376 4237; x_wconf 89' lang='lat'>:</span> <span class='ocrx_word' id='word_1_666' title='bbox 3439 4184 3516 4239; x_wconf 90' lang='lat' dir='ltr'>De</span> <span class='ocrx_word' id='word_1_667' title='bbox 3556 4181 3699 4238; x_wconf 87' lang='lat' dir='ltr'>omni</span> <span class='ocrx_word' id='word_1_668' title='bbox 3741 4178 3837 4233; x_wconf 76' lang='lat' dir='ltr'>abs-</span> 
     </span>
    </p>
   </div>
   <div class='ocr_carea' id='block_1_62' title="bbox 2225 4264 3837 4342">
    <p class='ocr_par' dir='ltr' id='par_1_62' title="bbox 2225 4264 3837 4342">
     <span class='ocr_line' id='line_1_62' title="bbox 2225 4264 3837 4342; baseline -0.004 -19"><span class='ocrx_word' id='word_1_669' title='bbox 2225 4268 2471 4334; x_wconf 83' lang='lat' dir='ltr'>condito,</span> <span class='ocrx_word' id='word_1_670' title='bbox 2493 4267 2608 4321; x_wconf 87' lang='lat' dir='ltr'>sive</span> <span class='ocrx_word' id='word_1_671' title='bbox 2637 4266 2858 4335; x_wconf 87' lang='lat' dir='ltr'>bonum,</span> <span class='ocrx_word' id='word_1_672' title='bbox 2906 4267 3024 4322; x_wconf 86' lang='lat' dir='ltr'>sive</span> <span class='ocrx_word' id='word_1_673' title='bbox 3078 4269 3289 4324; x_wconf 89' lang='lat' dir='ltr'>malum</span> <span class='ocrx_word' id='word_1_674' title='bbox 3347 4272 3443 4338; x_wconf 83' lang='lat' dir='ltr'>sit,</span> <span class='ocrx_word' id='word_1_675' title='bbox 3495 4264 3837 4342; x_wconf 83' lang='lat' dir='ltr'>Symmachus</span> 
     </span>
    </p>
   </div>
   <div class='ocr_carea' id='block_1_63' title="bbox 2224 4352 3840 4428">
    <p class='ocr_par' dir='ltr' id='par_1_63' title="bbox 2224 4352 3840 4428">
     <span class='ocr_line' id='line_1_63' title="bbox 2224 4352 3840 4428; baseline -0.002 -15"><span class='ocrx_word' id='word_1_676' title='bbox 2224 4361 2282 4412; x_wconf 90' lang='lat' dir='ltr'>et</span> <span class='ocrx_word' id='word_1_677' title='bbox 2310 4354 2691 4428; x_wconf 88' lang='lat' dir='ltr'>Septuaginta</span> <span class='ocrx_word' id='word_1_678' title='bbox 2722 4352 3081 4426; x_wconf 89' lang='lat' dir='ltr'>interpretati</span> <span class='ocrx_word' id='word_1_679' title='bbox 3123 4362 3284 4426; x_wconf 89' lang='lat' dir='ltr'>sunt,</span> <span class='ocrx_word' id='word_1_680' title='bbox 3319 4359 3385 4414; x_wconf 88' lang='lat' dir='ltr'>de</span> <span class='ocrx_word' id='word_1_681' title='bbox 3440 4360 3594 4415; x_wconf 84' lang='lat' dir='ltr'>omni</span> <span class='ocrx_word' id='word_1_682' title='bbox 3641 4363 3840 4414; x_wconf 66' lang='lat' dir='ltr'><em>W</em></span> 
     </span>
    </p>
   </div>
   <div class='ocr_carea' id='block_1_64' title="bbox 2218 4440 3836 4521">
    <p class='ocr_par' dir='ltr' id='par_1_64' title="bbox 2218 4440 3836 4521">
     <span class='ocr_line' id='line_1_64' title="bbox 2218 4440 3836 4521; baseline -0.003 -21"><span class='ocrx_word' id='word_1_683' title='bbox 2218 4449 2311 4517; x_wconf 85' lang='lat' dir='ltr'>pta</span> <span class='ocrx_word' id='word_1_684' title='bbox 2343 4447 2362 4480; x_wconf 82' lang='grc'><strong><em>⁸</em></strong></span> <span class='ocrx_word' id='word_1_685' title='bbox 2392 4443 2479 4499; x_wconf 90' lang='lat' dir='ltr'>vel</span> <span class='ocrx_word' id='word_1_686' title='bbox 2511 4447 2667 4499; x_wconf 89' lang='lat' dir='ltr'>certe</span> <span class='ocrx_word' id='word_1_687' title='bbox 2695 4442 2764 4497; x_wconf 82' lang='lat' dir='ltr'>de</span> <span class='ocrx_word' id='word_1_688' title='bbox 2807 4445 2961 4498; x_wconf 84' lang='lat' dir='ltr'>omni</span> <span class='ocrx_word' id='word_1_689' title='bbox 3020 4446 3301 4518; x_wconf 80' lang='lat' dir='ltr'>ignorata,</span> <span class='ocrx_word' id='word_1_690' title='bbox 3364 4449 3522 4521; x_wconf 88' lang='lat' dir='ltr'>quod</span> <span class='ocrx_word' id='word_1_691' title='bbox 3571 4446 3735 4503; x_wconf 82' lang='lat' dir='ltr'>etiam</span> <span class='ocrx_word' id='word_1_692' title='bbox 3781 4440 3836 4495; x_wconf 87' lang='lat' dir='ltr'>de</span> 
     </span>
    </p>
   </div>
   <div class='ocr_carea' id='block_1_65' title="bbox 541 4547 3832 4643">
    <p class='ocr_par' dir='ltr' id='par_1_65' title="bbox 541 4547 3832 4643">
     <span class='ocr_line' id='line_1_65' title="bbox 541 4547 3832 4643; baseline 0 -26"><span class='ocrx_word' id='word_1_693' title='bbox 541 4565 799 4643; x_wconf 73' lang='lat' dir='ltr'>&#39;Durum</span> <span class='ocrx_word' id='word_1_694' title='bbox 840 4567 1070 4643; x_wconf 73' lang='lat' dir='ltr'>tibi__c§t</span> <span class='ocrx_word' id='word_1_695' title='bbox 1126 4566 1411 4643; x_wconf 66' lang='lat' dir='ltr'>adversum</span> <span class='ocrx_word' id='word_1_696' title='bbox 1465 4568 1755 4643; x_wconf 73' lang='lat' dir='ltr'>stimulum</span> <span class='ocrx_word' id='word_1_697' title='bbox 1801 4569 2109 4643; x_wconf 83' lang='lat' dir='ltr'>calcitrare.</span> <span class='ocrx_word' id='word_1_698' title='bbox 2146 4547 2190 4610; x_wconf 82' lang='lat' dir='ltr'>D</span> <span class='ocrx_word' id='word_1_699' title='bbox 2291 4568 2597 4643; x_wconf 74' lang='lat' dir='ltr'>7_Hujusce</span> <span class='ocrx_word' id='word_1_700' title='bbox 2628 4564 2711 4643; x_wconf 79' lang='lat' dir='ltr'>rei</span> <span class='ocrx_word' id='word_1_701' title='bbox 2738 4565 3528 4643; x_wconf 75' lang='lat' dir='ltr'>testimoniaapudJudaeos</span> <span class='ocrx_word' id='word_1_702' title='bbox 3550 4568 3832 4643; x_wconf 79' lang='lat' dir='ltr'>scriptores</span> 
     </span>
    </p>
   </div>
   <div class='ocr_carea' id='block_1_66' title="bbox 469 4633 2114 4697">
    <p class='ocr_par' dir='ltr' id='par_1_66' title="bbox 469 4633 2114 4697">
     <span class='ocr_line' id='line_1_66' title="bbox 469 4633 2114 4697; baseline 0.005 -9"><span class='ocrx_word' id='word_1_703' title='bbox 469 4633 533 4688; x_wconf 88' lang='lat' dir='ltr'>In</span> <span class='ocrx_word' id='word_1_704' title='bbox 566 4634 857 4691; x_wconf 88' lang='lat' dir='ltr'>veteribus</span> <span class='ocrx_word' id='word_1_705' title='bbox 898 4636 1256 4692; x_wconf 88' lang='lat' dir='ltr'>editionibus</span> <span class='ocrx_word' id='word_1_706' title='bbox 1289 4656 1307 4692; x_wconf 88' lang='lat'>:</span> <span class='ocrx_word' id='word_1_707' title='bbox 1350 4640 1559 4693; x_wconf 88' lang='lat' dir='ltr'>Durum</span> <span class='ocrx_word' id='word_1_708' title='bbox 1590 4640 1694 4694; x_wconf 85' lang='lat' dir='ltr'>tibi</span> <span class='ocrx_word' id='word_1_709' title='bbox 1715 4648 1797 4694; x_wconf 84' lang='lat' dir='ltr'>est</span> <span class='ocrx_word' id='word_1_710' title='bbox 1821 4642 2114 4697; x_wconf 79' lang='lat' dir='ltr'>calcitrare</span> 
     </span>
    </p>
   </div>
   <div class='ocr_carea' id='block_1_67' title="bbox 463 4708 1414 4764">
    <p class='ocr_par' dir='ltr' id='par_1_67' title="bbox 463 4708 1414 4764">
     <span class='ocr_line' id='line_1_67' title="bbox 463 4708 1414 4764; baseline 0.003 -4"><span class='ocrx_word' id='word_1_711' title='bbox 463 4711 657 4761; x_wconf 83' lang='lat' dir='ltr'>contra</span> <span class='ocrx_word' id='word_1_712' title='bbox 684 4708 971 4763; x_wconf 80' lang='lat' dir='ltr'>stimulum</span> <span class='ocrx_word' id='word_1_713' title='bbox 992 4708 1106 4764; x_wconf 89' lang='lat' dir='ltr'>Dei.</span> <span class='ocrx_word' id='word_1_714' title='bbox 1138 4726 1414 4764; x_wconf 67' lang='lat' dir='ltr'>marum.</span> 
     </span>
    </p>
   </div>
   <div class='ocr_carea' id='block_1_68' title="bbox 534 4777 2109 4853">
    <p class='ocr_par' dir='ltr' id='par_1_68' title="bbox 534 4777 2109 4853">
     <span class='ocr_line' id='line_1_68' title="bbox 534 4777 2109 4853; baseline 0.006 -22"><span class='ocrx_word' id='word_1_715' title='bbox 534 4777 895 4853; x_wconf 57' lang='lat' dir='ltr'>?Yictorius,</span> <span class='ocrx_word' id='word_1_716' title='bbox 943 4781 1201 4836; x_wconf 77' lang='lat' dir='ltr'>Faciendi</span> <span class='ocrx_word' id='word_1_717' title='bbox 1259 4782 1457 4836; x_wconf 84' lang='lat' dir='ltr'>multos</span> <span class='ocrx_word' id='word_1_718' title='bbox 1511 4780 1697 4849; x_wconf 86' lang='lat' dir='ltr'>libros,</span> <span class='ocrx_word' id='word_1_719' title='bbox 1755 4782 1950 4853; x_wconf 84' lang='lat' dir='ltr'>quibus</span> <span class='ocrx_word' id='word_1_720' title='bbox 1999 4801 2109 4840; x_wconf 90' lang='lat' dir='ltr'>non</span> 
     </span>
    </p>
   </div>
   <div class='ocr_carea' id='block_1_69' title="bbox 461 4851 857 4920">
    <p class='ocr_par' dir='ltr' id='par_1_69' title="bbox 461 4851 857 4920">
     <span class='ocr_line' id='line_1_69' title="bbox 461 4851 857 4920; baseline 0.003 -16"><span class='ocrx_word' id='word_1_721' title='bbox 461 4852 540 4904; x_wconf 76' lang='lat' dir='ltr'>est</span> <span class='ocrx_word' id='word_1_722' title='bbox 566 4851 716 4920; x_wconf 81' lang='lat' dir='ltr'>ﬁnis,</span> <span class='ocrx_word' id='word_1_723' title='bbox 750 4855 857 4905; x_wconf 89' lang='lat' dir='ltr'>etc.</span> 
     </span>
    </p>
   </div>
   <div class='ocr_carea' id='block_1_70' title="bbox 530 4921 2107 4992">
    <p class='ocr_par' dir='ltr' id='par_1_70' title="bbox 530 4921 2107 4992">
     <span class='ocr_line' id='line_1_70' title="bbox 530 4921 2107 4992; baseline 0.003 -15"><span class='ocrx_word' id='word_1_724' title='bbox 530 4921 553 4954; x_wconf 82' lang='grc'>³</span> <span class='ocrx_word' id='word_1_725' title='bbox 582 4924 862 4977; x_wconf 83' lang='lat' dir='ltr'>Consensu</span> <span class='ocrx_word' id='word_1_726' title='bbox 887 4923 1120 4992; x_wconf 84' lang='lat' dir='ltr'>probata</span> <span class='ocrx_word' id='word_1_727' title='bbox 1148 4924 1504 4992; x_wconf 81' lang='lat' dir='ltr'>sapientium.</span> <span class='ocrx_word' id='word_1_728' title='bbox 1564 4923 1940 4980; x_wconf 89' lang='lat' dir='ltr'>Corbeienses</span> <span class='ocrx_word' id='word_1_729' title='bbox 1988 4941 2107 4981; x_wconf 89' lang='lat' dir='ltr'>ma-</span> 
     </span>
    </p>
   </div>
   <div class='ocr_carea' id='block_1_71' title="bbox 462 4993 2103 5066">
    <p class='ocr_par' dir='ltr' id='par_1_71' title="bbox 462 4993 2103 5066">
     <span class='ocr_line' id='line_1_71' title="bbox 462 4993 2103 5066; baseline 0.003 -20"><span class='ocrx_word' id='word_1_730' title='bbox 462 4993 745 5066; x_wconf 91' lang='lat' dir='ltr'>nuscripti</span> <span class='ocrx_word' id='word_1_731' title='bbox 779 4993 858 5049; x_wconf 87' lang='lat' dir='ltr'>ita</span> <span class='ocrx_word' id='word_1_732' title='bbox 888 4993 1091 5065; x_wconf 74' lang='lat' dir='ltr'>legunt</span> <span class='ocrx_word' id='word_1_733' title='bbox 1122 5013 1135 5063; x_wconf 93' lang='lat'><strong>;</strong></span> <span class='ocrx_word' id='word_1_734' title='bbox 1169 4995 1269 5050; x_wconf 90' lang='lat' dir='ltr'>alii</span> <span class='ocrx_word' id='word_1_735' title='bbox 1331 5011 1463 5050; x_wconf 90' lang='lat' dir='ltr'>cum</span> <span class='ocrx_word' id='word_1_736' title='bbox 1515 4994 1707 5061; x_wconf 88' lang='lat' dir='ltr'>editis,</span> <span class='ocrx_word' id='word_1_737' title='bbox 1752 4996 1971 5066; x_wconf 82' lang='lat' dir='ltr'>prolatu</span> <span class='ocrx_word' id='word_1_738' title='bbox 2015 5013 2103 5051; x_wconf 88' lang='lat' dir='ltr'>sa-</span> 
     </span>
    </p>
   </div>
   <div class='ocr_carea' id='block_1_72' title="bbox 453 5066 1067 5133">
    <p class='ocr_par' dir='ltr' id='par_1_72' title="bbox 453 5066 1067 5133">
     <span class='ocr_line' id='line_1_72' title="bbox 453 5066 1067 5133; baseline 0.007 -16"><span class='ocrx_word' id='word_1_739' title='bbox 453 5066 750 5133; x_wconf 84' lang='lat' dir='ltr'>pientium.</span> <span class='ocrx_word' id='word_1_740' title='bbox 783 5070 1067 5121; x_wconf 75' lang='lat' dir='ltr'>MARTIAN.</span> 
     </span>
    </p>
   </div>
   <div class='ocr_carea' id='block_1_73' title="bbox 531 5136 2104 5208">
    <p class='ocr_par' dir='ltr' id='par_1_73' title="bbox 531 5136 2104 5208">
     <span class='ocr_line' id='line_1_73' title="bbox 531 5136 2104 5208; baseline 0.002 -19"><span class='ocrx_word' id='word_1_741' title='bbox 531 5136 553 5167; x_wconf 81' lang='lat'><strong>‘</strong></span> <span class='ocrx_word' id='word_1_742' title='bbox 582 5137 860 5208; x_wconf 78' lang='lat' dir='ltr'>Dilutatur</span> <span class='ocrx_word' id='word_1_743' title='bbox 892 5140 950 5192; x_wconf 84' lang='lat' dir='ltr'>in</span> <span class='ocrx_word' id='word_1_744' title='bbox 974 5138 1239 5193; x_wconf 83' lang='lat' dir='ltr'>sensibus.</span> <span class='ocrx_word' id='word_1_745' title='bbox 1302 5136 1699 5208; x_wconf 84' lang='lat' dir='ltr'>Manuscripta</span> <span class='ocrx_word' id='word_1_746' title='bbox 1752 5136 2104 5208; x_wconf 88' lang='lat' dir='ltr'>exemplaria</span> 
     </span>
    </p>
   </div>
   <div class='ocr_carea' id='block_1_74' title="bbox 461 5207 2099 5285">
    <p class='ocr_par' dir='ltr' id='par_1_74' title="bbox 461 5207 2099 5285">
     <span class='ocr_line' id='line_1_74' title="bbox 461 5207 2099 5285; baseline 0.004 -28"><span class='ocrx_word' id='word_1_747' title='bbox 461 5207 917 5285; x_wconf 71' lang='lat' dir='ltr'>quamplurima,</span> <span class='ocrx_word' id='word_1_748' title='bbox 950 5209 1219 5285; x_wconf 55' lang='lat' dir='ltr'>dita-tatur</span> <span class='ocrx_word' id='word_1_749' title='bbox 1248 5211 1305 5285; x_wconf 76' lang='lat' dir='ltr'>in</span> <span class='ocrx_word' id='word_1_750' title='bbox 1334 5207 1635 5285; x_wconf 69' lang='lat' dir='ltr'>sententiis.</span> <span class='ocrx_word' id='word_1_751' title='bbox 1671 5209 1836 5285; x_wconf 84' lang='lat' dir='ltr'>Apud</span> <span class='ocrx_word' id='word_1_752' title='bbox 1872 5207 2099 5265; x_wconf 84' lang='lat' dir='ltr'>Tertul-</span> 
     </span>
    </p>
   </div>
   <div class='ocr_carea' id='block_1_75' title="bbox 459 5273 2097 5344">
    <p class='ocr_par' dir='ltr' id='par_1_75' title="bbox 459 5273 2097 5344">
     <span class='ocr_line' id='line_1_75' title="bbox 459 5273 2097 5344; baseline 0.004 -17"><span class='ocrx_word' id='word_1_753' title='bbox 459 5273 680 5331; x_wconf 83' lang='lat' dir='ltr'>lianum</span> <span class='ocrx_word' id='word_1_754' title='bbox 709 5278 779 5332; x_wconf 91' lang='lat' dir='ltr'>de</span> <span class='ocrx_word' id='word_1_755' title='bbox 810 5273 1084 5335; x_wconf 85' lang='lat' dir='ltr'>Oratione</span> <span class='ocrx_word' id='word_1_756' title='bbox 1114 5281 1415 5335; x_wconf 82' lang='lat' dir='ltr'>Dominira</span> <span class='ocrx_word' id='word_1_757' title='bbox 1443 5280 1675 5344; x_wconf 90' lang='lat' dir='ltr'>dicitur,</span> <span class='ocrx_word' id='word_1_758' title='bbox 1700 5273 1747 5333; x_wconf 77' lang='lat' dir='ltr'>si</span> <span class='ocrx_word' id='word_1_759' title='bbox 1778 5280 1919 5334; x_wconf 88' lang='lat' dir='ltr'>bene</span> <span class='ocrx_word' id='word_1_760' title='bbox 1977 5296 2097 5333; x_wconf 87' lang='lat' dir='ltr'>me-</span> 
     </span>
    </p>
   </div>
   <div class='ocr_carea' id='block_1_76' title="bbox 458 5344 2095 5422">
    <p class='ocr_par' dir='ltr' id='par_1_76' title="bbox 458 5344 2095 5422">
     <span class='ocr_line' id='line_1_76' title="bbox 458 5344 2095 5422; baseline 0.004 -24"><span class='ocrx_word' id='word_1_761' title='bbox 458 5344 626 5422; x_wconf 73' lang='lat' dir='ltr'>mini,</span> <span class='ocrx_word' id='word_1_762' title='bbox 652 5358 916 5422; x_wconf 79' lang='lat' dir='ltr'>quantum</span> <span class='ocrx_word' id='word_1_763' title='bbox 946 5354 1364 5422; x_wconf 67' lang='lat' dir='ltr'>constringitur</span> <span class='ocrx_word' id='word_1_764' title='bbox 1410 5352 1584 5406; x_wconf 80' lang='lat' dir='ltr'>verbis</span> <span class='ocrx_word' id='word_1_765' title='bbox 1623 5354 1834 5405; x_wconf 72' lang='lat' dir='ltr'>tantum</span> <span class='ocrx_word' id='word_1_766' title='bbox 1890 5351 2095 5422; x_wconf 77' lang='lat' dir='ltr'>cli/fun-</span> 
     </span>
    </p>
   </div>
   <div class='ocr_carea' id='block_1_77' title="bbox 455 5416 1227 5477">
    <p class='ocr_par' dir='ltr' id='par_1_77' title="bbox 455 5416 1227 5477">
     <span class='ocr_line' id='line_1_77' title="bbox 455 5416 1227 5477; baseline 0.005 -4"><span class='ocrx_word' id='word_1_767' title='bbox 455 5416 535 5473; x_wconf 85' lang='lat' dir='ltr'>dit</span> <span class='ocrx_word' id='word_1_768' title='bbox 552 5433 622 5471; x_wconf 89' lang='lat' dir='ltr'>ur</span> <span class='ocrx_word' id='word_1_769' title='bbox 640 5416 904 5474; x_wconf 66' lang='lat' dir='ltr'>stmsibus.</span> <span class='ocrx_word' id='word_1_770' title='bbox 943 5416 1227 5477; x_wconf 72' lang='lat' dir='ltr'>MARTIAN.</span> 
     </span>
    </p>
   </div>
   <div class='ocr_carea' id='block_1_78' title="bbox 526 5488 2093 5559">
    <p class='ocr_par' dir='ltr' id='par_1_78' title="bbox 526 5488 2093 5559">
     <span class='ocr_line' id='line_1_78' title="bbox 526 5488 2093 5559; baseline 0.003 -16"><span class='ocrx_word' id='word_1_771' title='bbox 526 5489 548 5523; x_wconf 79' lang='grc'><strong><em>⁵</em></strong></span> <span class='ocrx_word' id='word_1_772' title='bbox 569 5488 750 5544; x_wconf 89' lang='lat' dir='ltr'>Penes</span> <span class='ocrx_word' id='word_1_773' title='bbox 781 5491 1105 5558; x_wconf 88' lang='lat' dir='ltr'>Alcuinum,</span> <span class='ocrx_word' id='word_1_774' title='bbox 1137 5495 1347 5549; x_wconf 87' lang='lat' dir='ltr'>Bonum</span> <span class='ocrx_word' id='word_1_775' title='bbox 1376 5495 1527 5549; x_wconf 84' lang='lat' dir='ltr'>enim</span> <span class='ocrx_word' id='word_1_776' title='bbox 1562 5511 1575 5559; x_wconf 90' lang='lat'><strong>;</strong></span> <span class='ocrx_word' id='word_1_777' title='bbox 1634 5497 1686 5547; x_wconf 86' lang='lat' dir='ltr'>et</span> <span class='ocrx_word' id='word_1_778' title='bbox 1735 5492 1911 5547; x_wconf 81' lang='lat' dir='ltr'>omnis</span> <span class='ocrx_word' id='word_1_779' title='bbox 1954 5495 2093 5549; x_wconf 86' lang='lat' dir='ltr'>veri-</span> 
     </span>
    </p>
   </div>
   <div class='ocr_carea' id='block_1_79' title="bbox 450 5565 854 5625">
    <p class='ocr_par' dir='ltr' id='par_1_79' title="bbox 450 5565 854 5625">
     <span class='ocr_line' id='line_1_79' title="bbox 450 5565 854 5625; baseline 0 -8"><span class='ocrx_word' id='word_1_780' title='bbox 450 5565 535 5617; x_wconf 87' lang='lat' dir='ltr'>tas</span> <span class='ocrx_word' id='word_1_781' title='bbox 552 5568 716 5625; x_wconf 87' lang='lat' dir='ltr'>certo,</span> <span class='ocrx_word' id='word_1_782' title='bbox 747 5568 854 5617; x_wconf 87' lang='lat' dir='ltr'>etc.</span> 
     </span>
    </p>
   </div>
   <div class='ocr_carea' id='block_1_80' title="bbox 2221 4636 3832 4714">
    <p class='ocr_par' dir='ltr' id='par_1_80' title="bbox 2221 4636 3832 4714">
     <span class='ocr_line' id='line_1_80' title="bbox 2221 4636 3832 4714; baseline -0.002 -19"><span class='ocrx_word' id='word_1_783' title='bbox 2221 4636 2496 4711; x_wconf 82' lang='lat' dir='ltr'>antiquos</span> <span class='ocrx_word' id='word_1_784' title='bbox 2529 4636 2781 4714; x_wconf 89' lang='lat' dir='ltr'>reperire</span> <span class='ocrx_word' id='word_1_785' title='bbox 2810 4640 2917 4714; x_wconf 78' lang='lat' dir='ltr'>est.</span> <span class='ocrx_word' id='word_1_786' title='bbox 2954 4638 3024 4714; x_wconf 23' lang='lat' dir='ltr'>In,</span> <span class='ocrx_word' id='word_1_787' title='bbox 3047 4636 3195 4697; x_wconf 75' lang='lat' dir='ltr'>libro</span> <span class='ocrx_word' id='word_1_788' title='bbox 3250 4641 3606 4714; x_wconf 84' lang='lat' dir='ltr'>Schabbath,</span> 
     </span>
    </p>
   </div>
   <div class='ocr_carea' id='block_1_81' title="bbox 2219 4707 3830 4833">
    <p class='ocr_par' dir='ltr' id='par_1_81' title="bbox 2219 4707 3830 4833">
     <span class='ocr_line' id='line_1_81' title="bbox 2219 4707 3830 4833; baseline -0.001 -67"><span class='ocrx_word' id='word_1_789' title='bbox 2219 4707 2415 4767; x_wconf 72' lang='lat' dir='ltr'>verunt</span> <span class='ocrx_word' id='word_1_790' title='bbox 2468 4712 2748 4790; x_wconf 67' lang='lat' dir='ltr'>sapientes</span> <span class='ocrx_word' id='word_1_791' title='bbox 2794 4707 3120 4767; x_wconf 79' lang='lat' dir='ltr'>abscondere</span> <span class='ocrx_word' id='word_1_792' title='bbox 3162 4714 3368 4769; x_wconf 86' lang='lat' dir='ltr'>librum</span> <span class='ocrx_word' id='word_1_793' title='bbox 3423 4710 3688 4794; x_wconf 80' lang='lat' dir='ltr'>Koheleth,</span> <span class='ocrx_word' id='word_1_794' title='bbox 3724 4707 3830 4833; x_wconf 38' lang='lat' dir='ltr'>alia</span> 
     </span>
     <span class='ocr_line' id='line_1_82' title="bbox 2219 4781 3826 4833; baseline -0.001 0"><span class='ocrx_word' id='word_1_795' title='bbox 2219 4782 2381 4833; x_wconf 82' lang='lat' dir='ltr'>verba</span> <span class='ocrx_word' id='word_1_796' title='bbox 2409 4782 2526 4833; x_wconf 80' lang='lat' dir='ltr'>eius</span> <span class='ocrx_word' id='word_1_797' title='bbox 2545 4796 2601 4833; x_wconf 86' lang='lat' dir='ltr'>se</span> <span class='ocrx_word' id='word_1_798' title='bbox 2630 4794 2865 4833; x_wconf 71' lang='lat' dir='ltr'>invicem</span> <span class='ocrx_word' id='word_1_799' title='bbox 2879 4790 3144 4833; x_wconf 78' lang='lat' dir='ltr'>evertunt.</span> <span class='ocrx_word' id='word_1_800' title='bbox 3181 4785 3247 4833; x_wconf 83' lang='lat' dir='ltr'>Et</span> <span class='ocrx_word' id='word_1_801' title='bbox 3286 4785 3344 4833; x_wconf 88' lang='lat' dir='ltr'>in</span> <span class='ocrx_word' id='word_1_802' title='bbox 3407 4781 3688 4833; x_wconf 75' lang='lat' dir='ltr'>Mldrasch</span> <span class='ocrx_word' id='word_1_803' title='bbox 3780 4792 3826 4830; x_wconf 88' lang='lat' dir='ltr'>o-</span> 
     </span>
    </p>
   </div>
   <div class='ocr_carea' id='block_1_82' title="bbox 2218 4780 3826 4853">
    <p class='ocr_par' dir='ltr' id='par_1_82' title="bbox 2218 4780 3826 4853">
     <span class='ocr_line' id='line_1_83' title="bbox 2218 4780 3826 4853; baseline -0.002 -15"><span class='ocrx_word' id='word_1_804' title='bbox 2218 4782 2381 4838; x_wconf 84' lang='lat' dir='ltr'>verba</span> <span class='ocrx_word' id='word_1_805' title='bbox 2409 4780 2865 4853; x_wconf 8' lang='lat' dir='ltr'>ejus’seginvicem</span> <span class='ocrx_word' id='word_1_806' title='bbox 2879 4790 3144 4840; x_wconf 83' lang='lat' dir='ltr'>evertunt.</span> <span class='ocrx_word' id='word_1_807' title='bbox 3181 4785 3247 4840; x_wconf 89' lang='lat' dir='ltr'>Et</span> <span class='ocrx_word' id='word_1_808' title='bbox 3286 4785 3345 4840; x_wconf 91' lang='lat' dir='ltr'>in</span> <span class='ocrx_word' id='word_1_809' title='bbox 3407 4780 3826 4853; x_wconf 71' lang='lat' dir='ltr'>Midrasch_l_(0-</span> 
     </span>
    </p>
   </div>
   <div class='ocr_carea' id='block_1_83' title="bbox 2218 4848 3828 4923">
    <p class='ocr_par' dir='ltr' id='par_1_83' title="bbox 2218 4848 3828 4923">
     <span class='ocr_line' id='line_1_84' title="bbox 2218 4848 3828 4923; baseline -0.004 -14"><span class='ocrx_word' id='word_1_810' title='bbox 2218 4848 2446 4923; x_wconf 60' lang='lat' dir='ltr'>heleth,</span> <span class='ocrx_word' id='word_1_811' title='bbox 2474 4851 2617 4923; x_wconf 88' lang='lat' dir='ltr'>quod</span> <span class='ocrx_word' id='word_1_812' title='bbox 2645 4851 2962 4905; x_wconf 78' lang='lat' dir='ltr'>invenirent</span> <span class='ocrx_word' id='word_1_813' title='bbox 2991 4855 3071 4909; x_wconf 88' lang='lat' dir='ltr'>ibi</span> <span class='ocrx_word' id='word_1_814' title='bbox 3097 4856 3259 4910; x_wconf 83' lang='lat' dir='ltr'>verba</span> <span class='ocrx_word' id='word_1_815' title='bbox 3289 4856 3618 4911; x_wconf 79' lang='lat' dir='ltr'>inclinantia</span> <span class='ocrx_word' id='word_1_816' title='bbox 3644 4850 3717 4906; x_wconf 84' lang='lat' dir='ltr'>ad</span> <span class='ocrx_word' id='word_1_817' title='bbox 3738 4848 3828 4903; x_wconf 61' lang='lat' dir='ltr'>h3-</span> 
     </span>
    </p>
   </div>
   <div class='ocr_carea' id='block_1_84' title="bbox 2215 4922 3823 5010">
    <p class='ocr_par' dir='ltr' id='par_1_84' title="bbox 2215 4922 3823 5010">
     <span class='ocr_line' id='line_1_85' title="bbox 2215 4922 3823 5010; baseline -0.001 -30"><span class='ocrx_word' id='word_1_818' title='bbox 2215 4928 2401 5010; x_wconf 65' lang='lat' dir='ltr'>resim.</span> <span class='ocrx_word' id='word_1_819' title='bbox 2435 4922 2650 5010; x_wconf 74' lang='lat' dir='ltr'>Verum</span> <span class='ocrx_word' id='word_1_820' title='bbox 2683 4936 2806 5010; x_wconf 44' lang='lat' dir='ltr'>non.</span> <span class='ocrx_word' id='word_1_821' title='bbox 2829 4922 3017 5010; x_wconf 41' lang='lat' dir='ltr'>euhoe</span> <span class='ocrx_word' id='word_1_822' title='bbox 3049 4942 3157 4982; x_wconf 88' lang='lat' dir='ltr'>uno</span> <span class='ocrx_word' id='word_1_823' title='bbox 3211 4927 3452 5010; x_wconf 67' lang='lat' dir='ltr'>capitulo</span> <span class='ocrx_word' id='word_1_824' title='bbox 3489 4930 3823 5010; x_wconf 38' lang='lat' dir='ltr'>postes-mf-</span> 
     </span>
    </p>
   </div>
   <div class='ocr_carea' id='block_1_85' title="bbox 2216 4995 3818 5065">
    <p class='ocr_par' dir='ltr' id='par_1_85' title="bbox 2216 4995 3818 5065">
     <span class='ocr_line' id='line_1_86' title="bbox 2216 4995 3818 5065; baseline 0.001 -15"><span class='ocrx_word' id='word_1_825' title='bbox 2216 4996 2333 5051; x_wconf 90' lang='lat' dir='ltr'>ruit</span> <span class='ocrx_word' id='word_1_826' title='bbox 2356 4996 2510 5065; x_wconf 92' lang='lat' dir='ltr'>apud</span> <span class='ocrx_word' id='word_1_827' title='bbox 2544 5011 2643 5051; x_wconf 90' lang='lat' dir='ltr'>eos</span> <span class='ocrx_word' id='word_1_828' title='bbox 2681 4995 3109 5065; x_wconf 81' lang='lat' dir='ltr'>auctoritatem,</span> <span class='ocrx_word' id='word_1_829' title='bbox 3146 4999 3245 5053; x_wconf 92' lang='lat' dir='ltr'>sed</span> <span class='ocrx_word' id='word_1_830' title='bbox 3274 4995 3365 5055; x_wconf 59' lang='lat' dir='ltr'>&#39;ex</span> <span class='ocrx_word' id='word_1_831' title='bbox 3416 4995 3601 5065; x_wconf 87' lang='lat' dir='ltr'>primo</span> <span class='ocrx_word' id='word_1_832' title='bbox 3653 4995 3818 5065; x_wconf 62' lang='lat' dir='ltr'>etiam,</span> 
     </span>
    </p>
   </div>
   <div class='ocr_carea' id='block_1_86' title="bbox 2214 5060 3821 5139">
    <p class='ocr_par' dir='ltr' id='par_1_86' title="bbox 2214 5060 3821 5139">
     <span class='ocr_line' id='line_1_87' title="bbox 2214 5060 3821 5139; baseline 0.001 -19"><span class='ocrx_word' id='word_1_833' title='bbox 2214 5084 2361 5124; x_wconf 90' lang='lat' dir='ltr'>vers.</span> <span class='ocrx_word' id='word_1_834' title='bbox 2389 5060 2423 5121; x_wconf 86' lang='lat'>3</span> <span class='ocrx_word' id='word_1_835' title='bbox 2457 5084 2469 5122; x_wconf 92' lang='lat'>:</span> <span class='ocrx_word' id='word_1_836' title='bbox 2505 5067 2668 5135; x_wconf 86' lang='lat' dir='ltr'>Quia,</span> <span class='ocrx_word' id='word_1_837' title='bbox 2700 5063 2998 5139; x_wconf 85' lang='lat' dir='ltr'>inquiunt,</span> <span class='ocrx_word' id='word_1_838' title='bbox 3033 5060 3284 5125; x_wconf 42' lang='lat' dir='ltr'>in&#39;initio</span> <span class='ocrx_word' id='word_1_839' title='bbox 3315 5079 3367 5126; x_wconf 89' lang='grc' dir='ltr'>ει</span> <span class='ocrx_word' id='word_1_840' title='bbox 3394 5060 3503 5139; x_wconf 76' lang='lat' dir='ltr'>[ine</span> <span class='ocrx_word' id='word_1_841' title='bbox 3530 5069 3661 5139; x_wconf 76' lang='lat' dir='ltr'>ejus,</span> <span class='ocrx_word' id='word_1_842' title='bbox 3686 5060 3821 5118; x_wconf 72' lang='grc' dir='ltr'><em>υενὸα</em></span> 
     </span>
    </p>
   </div>
   <div class='ocr_carea' id='block_1_87' title="bbox 2212 5140 3607 5221">
    <p class='ocr_par' dir='ltr' id='par_1_87' title="bbox 2212 5140 3607 5221">
     <span class='ocr_line' id='line_1_88' title="bbox 2212 5140 3607 5221; baseline 0 -28"><span class='ocrx_word' id='word_1_843' title='bbox 2212 5140 2370 5221; x_wconf 68' lang='lat' dir='ltr'>Legis</span> <span class='ocrx_word' id='word_1_844' title='bbox 2401 5148 2707 5221; x_wconf 66' lang='lat' dir='ltr'>occurrant.</span> <span class='ocrx_word' id='word_1_845' title='bbox 2768 5212 2778 5221; x_wconf 35' lang='grc' dir='ltr'>ι</span> <span class='ocrx_word' id='word_1_846' title='bbox 3158 5213 3168 5221; x_wconf 36' lang='grc'><strong><em>²</em></strong></span> <span class='ocrx_word' id='word_1_847' title='bbox 3214 5212 3244 5221; x_wconf 82' lang='lat'>__</span> <span class='ocrx_word' id='word_1_848' title='bbox 3401 5213 3431 5221; x_wconf 78' lang='lat'><strong><em>_</em></strong></span> <span class='ocrx_word' id='word_1_849' title='bbox 3537 5212 3546 5221; x_wconf 40' lang='lat'><em>.</em></span> <span class='ocrx_word' id='word_1_850' title='bbox 3598 5211 3607 5220; x_wconf 38' lang='lat'><strong><em>.</em></strong></span> 
     </span>
    </p>
   </div>
   <div class='ocr_carea' id='block_1_88' title="bbox 2280 5210 3813 5285">
    <p class='ocr_par' dir='ltr' id='par_1_88' title="bbox 2280 5210 3813 5285">
     <span class='ocr_line' id='line_1_89' title="bbox 2280 5210 3813 5285; baseline 0.001 -21"><span class='ocrx_word' id='word_1_851' title='bbox 2280 5210 2569 5282; x_wconf 71' lang='lat' dir='ltr'>8Legerat</span> <span class='ocrx_word' id='word_1_852' title='bbox 2612 5212 2871 5285; x_wconf 11' lang='lat' dir='ltr'>,Alcuin.,</span> <span class='ocrx_word' id='word_1_853' title='bbox 2931 5220 2983 5267; x_wconf 86' lang='lat' dir='ltr'>ct</span> <span class='ocrx_word' id='word_1_854' title='bbox 3036 5212 3335 5285; x_wconf 81' lang='lat' dir='ltr'>ancipitem</span> <span class='ocrx_word' id='word_1_855' title='bbox 3391 5211 3607 5267; x_wconf 82' lang='lat' dir='ltr'>Domini</span> <span class='ocrx_word' id='word_1_856' title='bbox 3653 5216 3813 5273; x_wconf 63' lang='grc' dir='ltr'><em>σπρε-</em></span> 
     </span>
    </p>
   </div>
   <div class='ocr_carea' id='block_1_89' title="bbox 2208 5284 2727 5337">
    <p class='ocr_par' dir='ltr' id='par_1_89' title="bbox 2208 5284 2727 5337">
     <span class='ocr_line' id='line_1_90' title="bbox 2208 5284 2727 5337; baseline 0.006 -3"><span class='ocrx_word' id='word_1_857' title='bbox 2208 5286 2359 5336; x_wconf 83' lang='lat' dir='ltr'>ctare</span> <span class='ocrx_word' id='word_1_858' title='bbox 2378 5284 2727 5337; x_wconf 80' lang='lat' dir='ltr'>sententiam.</span> 
     </span>
    </p>
   </div>
   <div class='ocr_carea' id='block_1_90' title="bbox 2278 5346 3809 5424">
    <p class='ocr_par' dir='ltr' id='par_1_90' title="bbox 2278 5346 3809 5424">
     <span class='ocr_line' id='line_1_91' title="bbox 2278 5346 3809 5424; baseline -0.008 -17"><span class='ocrx_word' id='word_1_859' title='bbox 2278 5354 2300 5386; x_wconf 84' lang='grc'>⁹</span> <span class='ocrx_word' id='word_1_860' title='bbox 2329 5354 2511 5407; x_wconf 90' lang='lat' dir='ltr'>Antea</span> <span class='ocrx_word' id='word_1_861' title='bbox 2542 5352 2737 5409; x_wconf 89' lang='lat' dir='ltr'>minus</span> <span class='ocrx_word' id='word_1_862' title='bbox 2769 5359 2920 5409; x_wconf 90' lang='lat' dir='ltr'>recte</span> <span class='ocrx_word' id='word_1_863' title='bbox 2948 5353 3246 5409; x_wconf 88' lang='lat' dir='ltr'>obtinebat</span> <span class='ocrx_word' id='word_1_864' title='bbox 3275 5357 3588 5424; x_wconf 74' lang='lat' dir='ltr'>contemptu.</span> <span class='ocrx_word' id='word_1_865' title='bbox 3642 5346 3809 5399; x_wconf 85' lang='lat' dir='ltr'>Verte-</span> 
     </span>
    </p>
   </div>
   <div class='ocr_carea' id='block_1_91' title="bbox 2206 5422 3806 5494">
    <p class='ocr_par' dir='ltr' id='par_1_91' title="bbox 2206 5422 3806 5494">
     <span class='ocr_line' id='line_1_92' title="bbox 2206 5422 3806 5494; baseline -0.005 -17"><span class='ocrx_word' id='word_1_866' title='bbox 2206 5428 2346 5494; x_wconf 84' lang='lat' dir='ltr'>runt</span> <span class='ocrx_word' id='word_1_867' title='bbox 2376 5430 2570 5478; x_wconf 86' lang='lat' dir='ltr'>autem</span> <span class='ocrx_word' id='word_1_868' title='bbox 2606 5424 2876 5494; x_wconf 90' lang='lat' dir='ltr'>adjectivi</span> <span class='ocrx_word' id='word_1_869' title='bbox 2918 5426 3106 5482; x_wconf 85' lang='lat' dir='ltr'>forma</span> <span class='ocrx_word' id='word_1_870' title='bbox 3145 5425 3307 5491; x_wconf 85' lang='lat' dir='ltr'>LXX,</span> <span class='ocrx_word' id='word_1_871' title='bbox 3341 5423 3392 5479; x_wconf 79' lang='grc' dir='ltr'>ἐν</span> <span class='ocrx_word' id='word_1_872' title='bbox 3420 5422 3604 5494; x_wconf 49' lang='lat' dir='ltr'>xciv-rb</span> <span class='ocrx_word' id='word_1_873' title='bbox 3627 5431 3806 5488; x_wconf 78' lang='grc' dir='ltr'>παρεω-</span> 
     </span>
    </p>
   </div>
   <div class='ocr_carea' id='block_1_92' title="bbox 2204 5492 3804 5643">
    <p class='ocr_par' dir='ltr' id='par_1_92' title="bbox 2204 5492 3804 5643">
     <span class='ocr_line' id='line_1_93' title="bbox 2207 5492 3804 5572; baseline -0.001 -24"><span class='ocrx_word' id='word_1_874' title='bbox 2207 5493 2448 5567; x_wconf 82' lang='grc' dir='ltr'>ραμὲνῳ,</span> <span class='ocrx_word' id='word_1_875' title='bbox 2482 5496 2541 5549; x_wconf 92' lang='lat' dir='ltr'>in</span> <span class='ocrx_word' id='word_1_876' title='bbox 2568 5492 2720 5550; x_wconf 70' lang='lat' dir='ltr'>omni</span> <span class='ocrx_word' id='word_1_877' title='bbox 2765 5512 2824 5551; x_wconf 88' lang='lat' dir='ltr'>re</span> <span class='ocrx_word' id='word_1_878' title='bbox 2853 5513 2957 5568; x_wconf 85' lang='lat' dir='ltr'>que</span> <span class='ocrx_word' id='word_1_879' title='bbox 3011 5499 3425 5552; x_wconf 76' lang='lat' dir='ltr'>contemnitur:</span> <span class='ocrx_word' id='word_1_880' title='bbox 3471 5500 3527 5551; x_wconf 92' lang='lat' dir='ltr'>et</span> <span class='ocrx_word' id='word_1_881' title='bbox 3580 5492 3804 5572; x_wconf 62' lang='lat' dir='ltr'>Symma-</span> 
     </span>
     <span class='ocr_line' id='line_1_94' title="bbox 2204 5549 3803 5643; baseline -0.003 -23"><span class='ocrx_word' id='word_1_882' title='bbox 2204 5564 2374 5643; x_wconf 67' lang='lat' dir='ltr'>chus,</span> <span class='ocrx_word' id='word_1_883' title='bbox 2435 5565 2557 5643; x_wconf 78' lang='grc' dir='ltr'>περὶ</span> <span class='ocrx_word' id='word_1_884' title='bbox 2625 5566 2825 5627; x_wconf 78' lang='grc' dir='ltr'>παντὸς</span> <span class='ocrx_word' id='word_1_885' title='bbox 2881 5568 3299 5643; x_wconf 73' lang='grc' dir='ltr'>παροραθὲντος,</span> <span class='ocrx_word' id='word_1_886' title='bbox 3349 5568 3413 5624; x_wconf 81' lang='lat' dir='ltr'>de</span> <span class='ocrx_word' id='word_1_887' title='bbox 3489 5578 3625 5622; x_wconf 83' lang='lat' dir='ltr'>0mm</span> <span class='ocrx_word' id='word_1_888' title='bbox 3683 5549 3803 5628; x_wconf 71' lang='grc' dir='ltr'>(1ηοά</span> 
     </span>
    </p>
   </div>
   <div class='ocr_carea' id='block_1_93' title="bbox 517 5634 2732 5708">
    <p class='ocr_par' dir='ltr' id='par_1_93' title="bbox 517 5634 2732 5708">
     <span class='ocr_line' id='line_1_95' title="bbox 517 5634 2732 5708; baseline 0.003 -20"><span class='ocrx_word' id='word_1_889' title='bbox 517 5634 539 5668; x_wconf 85' lang='grc'>⁶</span> <span class='ocrx_word' id='word_1_890' title='bbox 564 5636 743 5708; x_wconf 81' lang='lat' dir='ltr'>Super</span> <span class='ocrx_word' id='word_1_891' title='bbox 770 5634 871 5691; x_wconf 84' lang='lat' dir='ltr'>huc</span> <span class='ocrx_word' id='word_1_892' title='bbox 892 5651 970 5689; x_wconf 83' lang='lat' dir='ltr'>re.</span> <span class='ocrx_word' id='word_1_893' title='bbox 1017 5636 1078 5689; x_wconf 90' lang='lat' dir='ltr'>In</span> <span class='ocrx_word' id='word_1_894' title='bbox 1109 5634 1283 5691; x_wconf 91' lang='lat' dir='ltr'>editis</span> <span class='ocrx_word' id='word_1_895' title='bbox 1303 5642 1358 5691; x_wconf 90' lang='lat' dir='ltr'>et</span> <span class='ocrx_word' id='word_1_896' title='bbox 1389 5635 1612 5706; x_wconf 89' lang='lat' dir='ltr'>aliquot</span> <span class='ocrx_word' id='word_1_897' title='bbox 1654 5650 1823 5703; x_wconf 91' lang='lat' dir='ltr'>mss.,</span> <span class='ocrx_word' id='word_1_898' title='bbox 1893 5636 2003 5690; x_wconf 79' lang='lat' dir='ltr'>tiae</span> <span class='ocrx_word' id='word_1_899' title='bbox 2032 5637 2093 5691; x_wconf 91' lang='lat' dir='ltr'>in</span> <span class='ocrx_word' id='word_1_900' title='bbox 2198 5638 2376 5708; x_wconf 85' lang='lat' dir='ltr'>fuerit</span> <span class='ocrx_word' id='word_1_901' title='bbox 2405 5634 2732 5707; x_wconf 79' lang='lat' dir='ltr'>neglectum.</span> 
     </span>
    </p>
   </div>
   <div class='ocr_carea' id='block_1_94' title="bbox 444 5708 1251 5779">
    <p class='ocr_par' dir='ltr' id='par_1_94' title="bbox 444 5708 1251 5779">
     <span class='ocr_line' id='line_1_96' title="bbox 444 5708 1251 5779; baseline -0.002 -17"><span class='ocrx_word' id='word_1_902' title='bbox 444 5720 505 5763; x_wconf 81' lang='lat' dir='ltr'>re</span> <span class='ocrx_word' id='word_1_903' title='bbox 532 5708 799 5779; x_wconf 82' lang='lat' dir='ltr'>studium,</span> <span class='ocrx_word' id='word_1_904' title='bbox 832 5711 942 5765; x_wconf 89' lang='lat' dir='ltr'>etc.</span> <span class='ocrx_word' id='word_1_905' title='bbox 965 5708 1251 5763; x_wconf 63' lang='lat' dir='ltr'>Msarun.</span> 
     </span>
    </p>
   </div>
  </div>
