4046 6162
251 309 408 375 H73
1117 318 1619 387 TRANSLATIO
1663 321 1934 389 HOMIL.
1981 322 2301 391 ORlGEN.
2346 322 2425 391 ῙΝ
2469 320 2777 394 CANTIC.
3496 326 3653 397 1474

243 449 434 543 otioso
471 449 683 543 verbo,
736 453 793 509 et
822 470 936 510 non
998 452 1316 527 voluntate,
1385 459 1485 514 sed
1531 458 1891 532 ignoratione
1920 462 1975 530 Α
2005 462 2114 535 40).
2147 462 2248 520 Vel
2283 468 2456 535 certe,
2490 464 2629 538 quia
2691 463 2882 523 adhuc
2904 460 3080 527 homo
3105 466 3216 543 est,
3282 458 3343 528 et
3394 467 3648 529 necdum

238 540 492 613 prolato,
524 542 807 598 reddituri
867 543 1057 600 simus
1085 545 1370 602 rationem
1436 547 1495 603 in
1539 549 1632 605 die
1655 550 1888 622 judicii.
1918 594 1927 599 .
2003 569 2215 609 nomen
2251 553 2345 610 Dei
2377 555 2619 627 accepit,
2652 554 2803 612 hanc
2836 556 3014 614 habet
3053 540 3336 617 rationem
3367 561 3647 619 substan-

230 630 459 686 Aliter:
495 630 641 696 Quia
667 631 844 687 timor
907 650 1206 690 servorum
1237 640 1345 706 est,
1413 642 1469 692 ot
1500 640 1749 710 perfecta
1795 640 1888 696 di-
2001 641 2092 697 tia:
2124 659 2262 713 suae,
2298 647 2364 698 ut
2394 643 2451 698 in
2485 659 2724 716 corpore
2749 645 2976 718 positus
3007 646 3189 703 Deum
3252 649 3473 706 timeat.
3501 650 3647 716 Quia

229 718 412 775 lectio
443 719 599 776 foras
627 720 807 775 mittit
868 721 1143 778 timorem
1176 724 1222 795 (l
1282 728 1437 782 Joan.
1471 745 1548 793 ιν,
1582 729 1691 800 18),
1723 733 1781 785 et
1827 729 1887 784 in
1999 747 2170 787 omne
2197 731 2437 802 factum,
2507 732 2565 787 id
2642 738 2750 801 est,
2793 750 3000 790 omnes
3063 735 3333 793 homines
3396 738 3647 795 adducet

228 808 543 881 Scriptura
607 809 805 866 divina
841 814 960 867 tam
1002 812 1411 885 insipientium
1436 818 1474 887 ί,
1507 819 1659 875 498
1708 836 1887 891 quam
1998 824 2151 877 Deus
2181 820 2239 876 in
2271 821 2559 890 iudicium
2592 839 2771 895 super
2794 823 3109 893 universis,
3129 841 3258 897 quae
3275 825 3444 883 aliter
3467 844 3644 899 quam

225 899 625 971 perfectorum
651 900 865 971 duplex
890 902 1217 973 appellatus
1247 909 1336 960 est
1364 910 1554 963 metus
1581 923 1594 962 :
1630 925 1785 963 nunc
1818 909 1887 964 de
1997 910 2070 966 ab
2101 925 2167 966 eo
2220 910 2507 982 disposita
2571 915 2712 967 sunt
2745 916 2801 967 et
2829 911 3005 978 dicta,
3072 919 3404 983 senserunt,
3436 915 3555 972 sive
3582 915 3644 971 in

225 992 646 1045 consummato
676 988 736 1044 in
765 990 1074 1047 virtutibus
1101 997 1257 1049 metu
1319 993 1433 1049 dici
1465 1000 1627 1066 puto,
1681 1013 1886 1053 secun-
1997 999 2146 1055 hanc
2213 1002 2457 1071 partem,
2527 1000 2646 1056 sive
2674 1000 2735 1055 in
2766 999 2952 1057 illam.
3023 1002 3109 1058 Vae
3138 1003 3355 1076 quippe
3424 1004 3512 1060 his
3549 1006 3648 1077 qui

228 1078 378 1134 dum
406 1077 552 1133 illud
578 1095 592 1133 :
623 1078 777 1134 Nihil
807 1078 953 1136 deest
980 1083 1294 1140 timentibus
1323 1101 1451 1139 eum
1482 1087 1651 1153 (Psal.
1682 1104 1884 1155 χχχιιι,
1995 1087 2185 1144 dicunt
2213 1087 2431 1144 malum
2460 1089 2678 1154 bonum,
2709 1097 2759 1144 et
2788 1089 2988 1145 bonum
3039 1090 3261 1148 malum
3289 1092 3413 1164 (Isa.
3446 1110 3500 1165 v,
3531 1093 3644 1165 20).

307 1260 487 1343 'l'am
546 1261 1064 1343 incipientium,eto_.
1132 1263 1337 1343 ἔνι-ονε
1383 1263 1580 1343 inepto
1617 1270 1678 1343 et
1743 1266 1884 1343 insi-
1996 1267 2073 1343 sit
2124 1267 2564 1343 aliquis‘timor
2629 1269 2862 1343 divinus
2891 1268 2949 1343 in
3000 1269 3455 1343 insipientibus,
3523 1271 3644 1343 sive

224 1329 417 1416 pienti
461 1329 733 1416 positum
758 1332 1011 1416 legimus
1038 1333 1096 1388 in
1132 1334 1353 1389 Erasm.
1377 1341 1461 1416 ‘et‘
1486 1329 1731 1393 Marian.
1765 1339 1884 1416 edi:
1994 1339 2193 1416 impiis
2226 1329 2587 1416 Hominibus,
2623 1357 2771 1411 quos
2838 1329 3181 1414 insipientes
3212 1329 3466 1416 appellat
3488 1342 3641 1399 Scri-

223 1402 411 1472 tione,
464 1405 578 1458 tam
619 1402 1006 1475 insipientium
1052 1422 1218 1477 quam
1263 1409 1658 1477 perfectorum;
1714 1410 1881 1481 quasi
1996 1402 2171 1482 ptura
2200 1427 2387 1467 sacra.
2423 1402 2709 1467 lii/lamis.

981 1614 3643 1649 22m

930 1816 1053 1915 S.
1140 1818 1360 1920 nu
1381 1819 1821 1920 SHB“
1920 1820 2945 1921 HIEBONYMI

1368 2071 1933 2134 STRIDONENSIS
1974 2071 2499 2134 PRESBYTERI.

576 2298 1414 2448 INTEllPIiETATIO
1503 2301 2183 2449 IIOMILIARUM
2281 2301 2719 2449 DUABUM
2810 2300 3303 2449 ORIGENIS

1334 2613 1434 2675 IN
1470 2613 1918 2702 ΟΑΝΤΙΟΠΜ
1950 2613 2525 2688 CANTICORUM,

1599 3015 2266 3104 PROLOGUS.

1119 3386 1456 3442 499-509
1494 3402 1826 3442 ssnrssmo
1866 3401 2028 3440 psam
2065 3399 2294 3440 οΑΜΑεο
2332 3397 2728 3439 ιιιιιιῑοιιιηωε.

292 3587 575 3658 Origenes,
605 3603 729 3642 cum
754 3588 815 3641 in.
844 3586 1058 3642 ceeteris
1088 3585 1249 3639 libris
1278 3599 1462 3639 omnes
1492 3583 1701 3653 vicerit,
1735 3583 1795 3637 in
1823 3580 2047 3635 Cantica
2074 3580 2417 3635 canticorum
2436 3580 2555 3650 ipse
2582 3593 2638 3632 se
2664 3577 2816 3631 vicit.
2850 3579 2996 3631 Nam
3047 3575 3228 3632 decem
3264 3577 3633 3633 voluminibus

207 3678 521 3749 explicitis,
553 3693 673 3749 quae
704 3676 779 3730 ad
810 3676 1009 3746 viginti
1028 3689 1195 3744 usque
1223 3688 1477 3728 versuum
1508 3672 1696 3726 millia
1754 3685 1897 3742 pene
1922 3669 2270 3765 perveniunt,
2336 3668 2583 3765 primum
2613 3664 3001 3765 Septuagintd
3038 3665 3382 3765 Interpretes,
3429 3665 3633 3761 deinde

207 3765 480 3837 Aquilam
499 3774 553 3821 et
580 3763 973 3836 Symmachum
1004 3765 1053 3817 et
1090 3760 1529 3826 Theodotionem,
1562 3762 1613 3815 et
1640 3760 1714 3815 ad
1740 3766 2045 3814 extremum
2074 3756 2324 3827 quintam
2353 3753 2646 3809 editionem
2675 3770 2840 3823 quam
2869 3756 2926 3809 in
2968 3755 3118 3809 Actio
3148 3754 3330 3808 littore
3357 3754 3632 3809 invenisse

203 3871 277 3911 se
306 3854 522 3921 scribit,
551 3855 637 3909 ita
665 3853 956 3924 magniﬁce
986 3860 1275 3923 aperteque
1299 3851 1577 3918 disseruit,
1609 3854 1671 3904 ut
1698 3847 1826 3904 inde
1852 3846 1995 3902 mihi
2017 3846 2271 3902 videatur
2300 3845 2359 3899 in
2390 3859 2450 3899 eo
2478 3843 2803 3915 completum
2830 3859 2943 3899 esse
2969 3841 3112 3915 quod
3139 3842 3345 3898 dicitur
3370 3857 3384 3896 :
3408 3845 3635 3899 «Intro-

199 3945 385 4001 duxit
413 3960 501 4000 me
530 3960 628 3999 rex
655 3944 716 3998 in
744 3943 1055 3997 cubiculum
1081 3957 1242 3996 suum
1274 3942 1310 3993 ¹.
1348 3963 1375 3988 ››
1406 3942 1593 4011 Itaque
1621 3940 1718 3994 illo
1748 3953 1908 4010 opere
1935 3936 2317 4008 praetermisso,
2349 3933 2480 4003 quia
2498 3932 2737 4002 ingentis
2754 3934 2831 3986 est
2851 3933 2971 3999 otii,
2995 3930 3199 3987 laboris
3212 3932 3265 3985 et
3292 3938 3628 4003 sumptuum,

199 4037 407 4090 tantas
438 4048 544 4102 res,
578 4036 841 4102 tanquam
870 4030 1098 4101 dignum
1126 4031 1187 4084 in
1218 4030 1479 4084 Latinum
1509 4028 1816 4100 transferre
1843 4041 2164 4095 sermonem,
2196 4024 2289 4077 hos
2316 4022 2450 4077 duos
2476 4024 2759 4088 tractatus,
2803 4037 2935 4093 quos
2982 4023 3043 4076 in
3088 4036 3295 4077 morem
3322 4020 3635 4093 quotidiani

193 4123 427 4195 eloquii
450 4122 698 4193 parvulis
763 4120 944 4176 adhuc
973 4119 1299 4175 lactentibus
1356 4119 1676 4189 composuit,
1706 4116 1942 4188 ﬁdeliter
1995 4114 2171 4183 magis
2195 4128 2361 4210 quam
2388 4118 2587 4210 ornate
2608 4200 2619 4210 I
2643 4111 3033 4182 interpretatus
3060 4126 3208 4210 sum,
3272 4114 3499 4210 gustum
3528 4110 3632 4165 tibi

193 4227 483 4269 sensuum
510 4211 650 4282 ejus,
684 4227 791 4265 non
821 4210 1000 4266 cibum
1026 4210 1275 4281 o/ferens.
1310 4209 1383 4264 Tu
1400 4207 1807 4263 animadvertas
1832 4205 2026 4276 quanti
2053 4206 2167 4260 sint
2196 4202 2297 4258 illa
2326 4200 2658 4258 aestimanda
2684 4214 2810 4272 qum
2836 4216 3042 4270 magna
3069 4208 3218 4270 sunt,
3248 4214 3374 4255 cum
3400 4200 3482 4254 sic
3506 4214 3632 4270 pos-

192 4303 327 4359 sint
347 4301 572 4373 placere
601 4314 726 4372 quae
749 4315 920 4370 parva
949 4306 1098 4354 sunt.

284 4470 302 4505 ⁸
336 4468 509 4538 Cant,
544 4486 581 4541 1,
615 4474 670 4526 3.
