4046 6162
500 314 657 386 1176

1753 329 1817 395 S.
1866 331 2173 398 EUSEBII
2220 331 2687 398 HIERONYMII.

3680 337 3805 404 il“

3388 511 3390 513 .
3747 512 3750 514 ν

1639 724 2734 887 ΟΒΙΕΕΝΙδ

1056 1047 1210 1170 ΙΝ
1311 1048 2148 1181 CANTICUM
2246 1049 3324 1185 CANTICOBUM

1483 1328 2150 1423 HOMILIA
2255 1330 2727 1427 PRIMA
2778 1332 2898 1394 “‘3‘

553 1772 696 1830 501
718 1775 1017 1840 Quomodo
1035 1775 1348 1834 didicimus
1362 1794 1465 1851 per
1479 1778 1674 1836 Mosen
1694 1779 1960 1851 quaedam
1974 1792 2134 1834 essse
2163 1773 2219 1842 Α
2247 1779 2508 1848 fortitudo
2536 1796 2677 1847 mea,
2708 1789 2762 1837 et
2782 1781 3062 1854 refugium
3079 1796 3280 1852 meum,
3302 1789 3354 1838 et
3373 1780 3629 1838 liberator
3642 1781 3828 1836 nicas“.

481 1879 596 1918 non
629 1863 817 1919 solum
842 1871 1063 1936 sancta,
1097 1868 1196 1923 sed
1229 1873 1285 1923 et
1305 1868 1518 1925 Sancta
1548 1875 1904 1936 sanctorum,
1930 1873 1986 1925 et
2011 1867 2126 1924 alia

479 1968 598 2007 non
622 1956 848 2008 tantum
864 1955 1137 2024 Sabbata,
1159 1957 1258 2012 sed
1278 1962 1333 2012 et
1347 1958 1600 2013 Sabbata
1611 1958 1990 2013 sabbatorum
2011 1975 2023 2023 ;
2039 1957 2123 2011 sic

479 2058 635 2096 nunc
667 2043 948 2099 docemur
1011 2045 1300 2101 scribente
1357 2047 1666 2103 Salomone
1697 2063 1824 2103 esse
1857 2047 2124 2119 quaedam

479 2147 596 2186 non
636 2130 826 2187 solum
887 2133 1131 2204 cantica,
1193 2136 1290 2190 sed
1349 2140 1404 2191 et
1444 2137 1682 2192 Cantica
1736 2137 2120 2192 canticorum.

478 2219 689 2276 Beatus
720 2222 956 2292 quidem
983 2223 1031 2278 is
1062 2225 1158 2296 qui
1182 2225 1511 2296 ingreditur
1536 2231 1755 2293 sancta,
1781 2227 1879 2281 sed
1907 2225 2127 2280 beatior

478 2309 579 2380 qui
611 2309 938 2381 ingreditur
967 2312 1179 2368 Sancta
1209 2319 1562 2370 sanctorum.
1604 2316 1809 2371 Beatus
1859 2315 1960 2386 qui
1992 2315 2126 2369 sab-

478 2397 617 2454 bata
646 2400 991 2467 sabbatizat,
1025 2403 1124 2456 sed
1158 2403 1378 2458 beatior
1407 2404 1506 2475 qui
1550 2403 1873 2459 sabbatizat
1914 2403 2124 2458 sabba-

477 2491 676 2543 torum
708 2489 983 2545 Sabbata.
1019 2492 1227 2546 Beatus
1259 2493 1531 2549 similiter
1567 2498 1624 2548 et
1652 2493 1700 2548 is
1725 2493 1822 2564 qui
1857 2490 2128 2562 intelligit

478 2577 707 2632 cantica
766 2583 821 2632 et
852 2579 1009 2634 canit
1037 2597 1142 2636 ea:
1181 2598 1350 2637 nemo
1382 2584 1597 2654 quippe
1631 2581 1742 2637 nisi
1774 2582 1830 2636 in
1857 2580 2128 2636 solemni-

478 2664 700 2721 tatibus
769 2669 960 2722 canit:
1033 2671 1133 2724 sed
1206 2670 1392 2726 multo
1442 2671 1664 2727 beatior
1702 2670 1800 2725 ille
1840 2671 1937 2742 qui
1972 2669 2127 2724 canit

479 2753 718 2810 Cantica
746 2757 1127 2813 canticorum.
1164 2760 1231 2813 Et
1261 2759 1411 2815 sicut
1453 2761 1501 2815 is
1533 2761 1630 2832 qui
1702 2759 2027 2832 ingreditur
2066 2757 2124 2811 in

479 2843 712 2910 Sancta,
749 2845 1015 2916 pluribus
1049 2848 1240 2904 adhuc
1273 2848 1512 2922 indiget,
1579 2855 1642 2904 ut
1672 2847 1858 2903 valeat
1889 2847 2126 2901 introire

481 2931 543 2986 in
573 2933 781 2990 Sancta
846 2935 1185 2992 Sanctorum
1215 2956 1228 3004 ;
1261 2943 1319 2993 et
1351 2939 1448 3009 qui
1510 2939 1829 2994 Sabbatum
1876 2936 2127 2992 celebrat

482 3022 636 3092 quod
665 3039 697 3078 a
729 3026 972 3080 Domino
1008 3027 1218 3098 populo
1248 3029 1631 3082 constitutum
1661 3032 1770 3093 est,
1813 3025 1997 3080 multa
2023 3024 2124 3078 ad-

2233 1866 2692 1926 Perveniendum
2726 1870 2830 1926 tibi
2863 1875 2952 1926 est
2981 1870 3052 1926 ad
3073 1870 3307 1935 Isaiam,
3330 1877 3391 1925 ut
3411 1886 3542 1925 cum
3565 1867 3658 1924 illo
3681 1867 3828 1924 dicas:

2236 1955 2474 2014 Cantabo
2495 1962 2770 2016 canticum
2799 1961 3004 2016 dilecto
3035 1960 3110 2031 (4)
3141 1961 3321 2016 vinem
3351 1973 3490 2016 mea
3551 1960 3613 2014 δ’.
3653 1959 3830 2019 Etcum

2233 2046 2506 2103 universa
2533 2049 2858 2117 transieris,
2891 2051 2958 2104 ad
3004 2047 3212 2104 altiora
3233 2048 3583 2114 conscende,
3607 2050 3668 2102 ut
3687 2046 3833 2117 possit

2233 2135 2432 2191 anima
2452 2137 2660 2193 decora
2680 2155 2813 2193 cum
2838 2155 3076 2209 sponse,
3098 2142 3155 2193 et
3177 2137 3286 2193 hoc
3349 2154 3561 2193 canere
3575 2137 3831 2192 Canticum

2234 2225 2618 2281 canticorum.
2653 2228 2763 2282 Sed
2796 2231 2940 2298 quot
2970 2243 3041 2282 ex
3064 2227 3330 2298 personis
3355 2229 3601 2291 constet,
3623 2224 3832 2304 incertus

2235 2331 2388 2368 sum.
2421 2316 2736 2372 Orantibus
2767 2320 2963 2371 autem
2995 2315 3180 2379 vobis,
3211 2321 3268 2370 et
3298 2314 3592 2370 revelante
3613 2313 3829 2377 Domino,

2235 2408 2489 2473 quatuor
2519 2404 2660 2459 mihi
2693 2404 2751 2460 in
2784 2405 2876 2460 his
2908 2404 3105 2460 videor
3131 2404 3428 2458 invenisse
3473 2417 3751 2474 personas,
3777 2402 3832 2452 vi-

2235 2507 2365 2546 rum
2397 2497 2453 2547 et
2481 2510 2780 2565 sponsam,
2814 2510 2947 2548 cum
2981 2509 3198 2564 sponsa
3227 2491 3708 2559 adolescentulas,
3733 2505 3832 2544 cum

2234 2595 2451 2650 sponso
2483 2581 2772 2638 sodalium
2803 2597 3027 2654 greges.
3079 2579 3206 2636 Alia
3252 2580 3538 2635 dicuntur
3579 2598 3611 2634 a
3649 2593 3836 2650 sponsa,

2237 2668 2352 2724 alia
2410 2687 2444 2725 a
2481 2688 2721 2742 sponso,
2753 2671 3037 2726 nonnulla
3069 2688 3102 2725 a
3132 2670 3494 2740 juvenculis,
3528 2669 3769 2742 quadam
3817 2681 3839 2719 ι

2235 2758 2536 2814 sodalibus
2603 2761 2824 2830 sponsi.
2894 2760 3230 2832 Congruum
3291 2760 3515 2831 quippe
3572 2763 3658 2814 est
3716 2755 3833 2810 utin

2236 2847 2456 2918 nuptiis
2479 2848 3469 2904 adolescentularumsitmultitudo
3491 2864 3622 2903 cum
3641 2859 3834 2918 sponsa,

2227 2937 2512 3006 juvenum
2545 2939 2715 2992 turba
2749 2955 2879 2992 cum
2941 2954 3176 3009 sponso,
3210 2937 3331 2991 haec
3363 2937 3565 2992 omnia
3596 2935 3704 2991 noli
3731 2931 3836 2987 foris

2234 3041 2511 3096 quaerere,
2546 3026 2660 3081 noli
2691 3032 2852 3082 extra
2887 3044 2986 3082 eos
3018 3027 3115 3097 qui
3149 3026 3564 3096 praedicatione
3592 3019 3837 3095 Evangelii

483 3108 599 3164 huc
631 3113 959 3167 necessaria
1014 3114 1209 3180 habet,
1281 3121 1342 3170 ut
1373 3120 1508 3187 agat
1570 3116 1824 3170 Sabbata
1853 3115 2123 3169 sabbato-
2157 3141 2204 3206 Β
2235 3113 2438 3170 salvati
2457 3121 2615 3170 sunt.
2645 3115 2943 3171 Christum
2967 3109 3837 3206 sponsumintellige,Ecclesiam

483 3213 656 3265 rum;
706 3200 907 3254 eodem
942 3202 1112 3257 modo
1177 3203 1415 3258 difﬁcile
1448 3203 1731 3274 reperitur
1796 3203 1895 3273 qui
1925 3201 2124 3256 omnia
2157 3200 2197 3206 ⁷
2233 3221 2511 3276 sponsam
2543 3205 2667 3260 sine
2727 3204 2957 3260 macula
2985 3211 3042 3259 et
3109 3220 3272 3276 ruga,
3308 3203 3381 3258 de
3449 3220 3569 3275 qua
3598 3202 3836 3273 scriptum

467 3301 594 3355 qun
635 3285 693 3340 in
735 3287 1051 3359 Scripturis
1082 3292 1456 3346 continentur
1521 3293 1746 3348 cantica
1777 3309 2116 3364 peragrans,

463 3372 654 3429 valeat
693 3377 1002 3433 ascendere
1043 3380 1112 3433 ad
1192 3381 1424 3436 Cantica
1463 3381 1844 3437 canticorum.
1909 3383 2112 3452 Egredi

462 3466 690 3533 oportet
718 3480 784 3519 ex
815 3465 1074 3538 .Egypto,
1144 3473 1199 3522 et
1229 3485 1530 3541 egressum
1567 3472 1636 3526 de
1702 3475 1856 3525 terra
1885 3470 2112 3542 Egypti

460 3553 812 3623 pertransire
847 3572 1006 3610 mare
1038 3557 1321 3630 Rubrum,
1358 3563 1422 3613 ut
1461 3560 1650 3631 possis
1690 3560 1947 3631 primum
1972 3577 2109 3615 can-

457 3640 639 3697 ticum
673 3659 898 3714 canere,
932 3645 1133 3700 dicens
1161 3663 1174 3699 :
1211 3647 1499 3703 Cantemus
1563 3651 1809 3714 Domino,
1877 3649 2112 3717 gloriose

453 3732 605 3786 enim
634 3734 1026 3803 magniﬁcatus
1056 3739 1167 3791 est'
1201 3737 1264 3790 ³⁸.
1293 3738 1660 3794 Licetautem
1679 3738 1937 3810 primum
1957 3738 2109 3793 dixe-

456 3819 537 3876 ris
570 3822 890 3890 canticum,
927 3825 1117 3880 adhuc
1188 3825 1360 3896 longe
1403 3844 1465 3883 es
1495 3845 1529 3882 a
1593 3827 1828 3883 Cantico
1859 3827 2104 3882 cantico-

455 3925 610 3964 rum.
654 3910 1001 3968 Peramhula
1033 3918 1245 3970 terram
1279 3917 1488 3971 deserti
1533 3915 1890 3986 spiritaliter,
1923 3917 2104 3971 donec

453 3997 652 4053 venias
683 3999 753 4053 ad
788 4003 1029 4071 puteum
1061 4021 1233 4073 quem
1267 4004 1535 4060 foderunt
1567 4021 1749 4077 reges,
1794 4011 1856 4060 ut
1904 4005 1981 4058 ibi
2011 4021 2101 4060 se-

455 4086 714 4141 cundum
758 4089 1047 4144 canticum
1080 4108 1276 4148 canas.
1315 4093 1567 4148 Poslbmc
1633 4093 1759 4149 veni
1803 4094 1870 4148 ad
1913 4093 2101 4148 vicina

455 4179 688 4246 sanctae,
724 4180 885 4231 terrae
917 4183 981 4234 ut
1011 4197 1188 4251 super
1217 4181 1489 4237 Jordanis
1523 4182 1708 4253 ripam
1744 4182 2100 4237 constitutus

455 4269 653 4321 cantes
693 4267 981 4322 canticum
1027 4268 1191 4340 Mosi,
1237 4271 1474 4326 dicens:
1518 4271 1758 4338 Attende,
1790 4269 2013 4337 ca'lum,
2048 4278 2098 4325 et

453 4353 665 4425 loquar,
699 4364 749 4410 et
809 4357 998 4412 audiat
1030 4366 1176 4413 terra
1239 4361 1401 4414 verba
1428 4362 1539 4416 oris
1591 4363 1701 4414 mei
1729 4361 1789 4414 3°.
1843 4364 2094 4414 Rursum

452 4441 632 4500 habes
663 4447 1056 4500 necessarium
1088 4452 1151 4502 ut
1183 4448 1419 4517 milites,
1449 4454 1504 4504 et
1569 4455 1784 4504 terram
1833 4457 2094 4504 sanctam

2229 3299 2352 3350 est:
2391 3297 2452 3351 Ut
2481 3295 2756 3351 exhiberet
2783 3296 2894 3350 sibi
2935 3295 3230 3363 gloriosam
3277 3295 3588 3350 Ecclesium
3629 3308 3727 3348 non
3763 3289 3836 3342 ha-

2227 3383 2437 3439 bentem
2463 3385 2741 3440 maculam
2802 3398 2976 3455 neque
3021 3398 3215 3452 rugam
3265 3386 3364 3436 aut
3440 3382 3656 3452 aliquid
3681 3393 3832 3434 eorum

2221 3473 2313 3528 sed
2342 3481 2403 3528 ut
2465 3475 2538 3528 sit
2559 3481 2744 3528 sancta
2772 3480 2826 3528 et
2891 3472 3247 3526 immaculata
3275 3471 3340 3526 ‘3.
3413 3475 3528 3526 Eos
3576 3486 3702 3524 vero
3758 3463 3834 3536 qui

2221 3578 2356 3617 cum
2387 3562 2506 3617 sint
2535 3561 2755 3624 ﬁdeles,
2790 3577 2902 3615 non
2926 3564 3065 3615 sunt
3089 3563 3282 3614 tamen
3308 3557 3649 3614 istiusmodi
3670 3553 3834 3628 quales

2221 3667 2413 3706 sermo
2445 3652 2718 3723 praefatus
2751 3653 2859 3714 est,
2907 3649 3007 3704 sed
3045 3649 3216 3718 juxta
3264 3648 3515 3703 modum
3559 3646 3829 3718 quemdam

2217 3739 2412 3811 adepti
2442 3740 2711 3794 videntur
2736 3737 3005 3803 salutem,
3039 3737 3441 3792 animadverte
3501 3733 3830 3792 credentium

2214 3829 2443 3885 animas
2473 3833 2531 3884 et
2560 3825 3023 3883 adolescentulas
3050 3842 3178 3881 esse
3191 3842 3325 3880 cum
3350 3842 3595 3896 sponsa.
3619 3819 3832 3894 Angelos

2211 3934 2368 3984 vero,
2399 3923 2457 3973 et
2495 3934 2593 3972 eos
2630 3917 2727 3989 qui
2772 3918 3156 3987 pervenerunt
3196 3914 3253 3966 in
3285 3913 3483 3968 virum
3525 3913 3835 3985 perfectumr

2211 4006 2472 4079 intelligo
2499 4007 2650 4061 viros
2681 4022 2814 4061 cum
2847 4020 3084 4076 sponso.
3113 4002 3251 4057 Inde
3273 4001 3462 4074 igitur
3489 4002 3634 4058 mihi
3679 3998 3834 4055 viden-

2209 4098 2307 4151 tur
2332 4101 2583 4166 quatuor
2611 4094 2866 4157 ordines,
2902 4107 3084 4146 unum
3115 4095 3173 4146 et
3206 4107 3406 4162 unam,
3463 4092 3612 4146 duos
3659 4090 3830 4144 choros

2209 4183 2360 4239 inter
2388 4200 2448 4240 se
2479 4183 2875 4247 concinentes,
2905 4195 3181 4251 sponsam
3233 4194 3446 4234 canere
3472 4195 3608 4234 cum
3653 4178 3822 4248 juven-

2207 4272 2378 4339 culis,
2410 4287 2696 4344 sponsum
2723 4285 2928 4324 canere
2960 4285 3094 4323 cum
3126 4266 3321 4322 sociis.
3359 4268 3428 4322 Et
3462 4284 3599 4323 cum
3633 4268 3730 4321 hoc
3763 4262 3832 4316 ine

2206 4360 2517 4423 tellexeris,
2553 4358 2688 4414 audi
2719 4357 3022 4414 Canticum
3056 4355 3444 4421 canticorum,
3470 4361 3529 4410 et
3549 4355 3746 4410 festina
3762 4350 3826 4404 in-

2208 4448 2468 4521 telligere
2496 4447 2640 4503 illud
2675 4453 2732 4503 et
2763 4463 2894 4501 cum
2929 4461 3145 4516 sponsa
3175 4444 3366 4499 dicere
3397 4459 3469 4499 ea
3491 4461 3620 4516 quae
3645 4453 3828 4514 sponsa

450 4529 785 4588 haereditate
819 4534 1139 4604 possideas,
1173 4502 1228 4591 et
1249 4502 1498 4608 apistibi
1526 4502 1850 4609 prophetat,
1884 4502 2098 4609 etapis
2129 4502 2171 4568 Ο
2497 4502 2701 4591 audias
2733 4552 2859 4606 qua:
2925 4502 3147 4588 audivit
3174 4538 3231 4587 et
3294 4502 3539 4604 sponsa.
3573 4532 3632 4589 Si
3661 4502 3824 4584 autem

447 4619 786 4690 tejudicet:
822 4621 1087 4680 Debbora
1118 4626 1331 4696 quippe
1360 4626 1489 4697 apis
1539 4627 1988 4698 interpretatur:
2037 4631 2099 4680 ut

447 4709 640 4780 possis
669 4714 726 4765 et
754 4709 895 4766 illud
925 4729 1179 4778 carnem,
1217 4715 1370 4784 quod
1395 4715 1451 4768 in
1476 4713 1622 4770 libro
1641 4715 1914 4771 Judicum
1957 4732 2094 4771 con-

445 4799 666 4856 tinetur
686 4801 749 4866 ιο,
783 4799 1026 4856 edicere.
1060 4803 1145 4856 Ad
1173 4803 1504 4874 Regnorum
1528 4805 1802 4876 deinceps
1823 4803 2092 4860 volumen

445 4890 771 4945 ascendens
797 4890 925 4947 veni
959 4892 1029 4946 ad
1062 4892 1355 4947 canticum
1380 4893 1612 4964 quando
1644 4893 1822 4949 David
1847 4894 1992 4966 fugit
2022 4895 2092 4948 de

445 4975 718 5032 manibus
744 4979 1007 5033 omnium
1043 4978 1412 5036 inimicorum
1445 4997 1684 5036 suorum
1718 4990 1773 5037 et
1801 4984 1871 5038 de
1913 5000 2090 5039 manu

450 5059 606 5135 Saul,
676 5069 733 5120 et
792 5067 974 5124 dixit:
1044 5070 1306 5125 Dominus
1334 5070 1743 5140 ﬁrmamentum
1806 5089 2007 5140 mcum,
2039 5079 2091 5128 et

2209 4644 2323 4683 non
2357 4625 2614 4696 potueris
2643 4625 2832 4679 dicere
2858 4639 2991 4678 cum
3025 4637 3242 4694 sponsa
3271 4637 3401 4692 qua
3426 4622 3598 4691 dixit,
3630 4623 3723 4675 aut
3747 4632 3828 4672 au-

2205 4716 2333 4772 dias
2363 4731 2430 4771 ea
2460 4731 2588 4785 qua:
2648 4713 2805 4768 dicta
2833 4715 2973 4766 sunt
3036 4726 3284 4781 sponsae,
3320 4710 3537 4765 festina
3600 4709 3681 4764 vel
3717 4719 3826 4761 cum

2204 4804 2402 4878 sponsi
2434 4802 2733 4858 sodalibus
2767 4800 2908 4856 fieri.
2943 4800 3118 4854 Porro
3150 4798 3198 4854 si
3229 4802 3285 4853 et
3313 4798 3432 4854 illis
3493 4797 3724 4853 inferior
3758 4810 3827 4860 es,

2202 4899 2326 4950 esto
2358 4909 2491 4948 cum
2523 4888 2996 4955 adolescentulis,
3066 4904 3191 4958 quae
3223 4887 3280 4941 in
3349 4903 3584 4958 sponsa
3628 4881 3821 4940 deliciis

2201 4985 2658 5039 commorantur.
2696 4982 2789 5032 Hae
2823 4978 3040 5049 quippe
3069 4976 3128 5030 in
3161 4976 3267 5031 hoc
3297 4974 3470 5043 libro,
3520 4973 3708 5031 fabula
3734 4987 3815 5043 pa-

2200 5074 2359 5143 riter,
2392 5075 2449 5126 et
2477 5067 2857 5142 epithalamio
2884 5071 3024 5121 sunt
3061 5081 3320 5137 personas
3345 5081 3358 5119 :
3391 5081 3462 5119 ex
3492 5080 3604 5136 quo
3626 5069 3679 5118 et
3703 5075 3821 5133 gen-

460 5210 532 5246 -”°
599 5213 772 5271 Exod.
839 5237 929 5288 xv,
1002 5219 1052 5274 Ι.
1083 5221 1128 5255 ⁸⁹
1192 5221 1358 5277 Deut.
1427 5239 1600 5293 χχχιι,
1637 5224 1683 5277 1.
1716 5224 1978 5280 θοιῖυᾱίο.
2014 5242 2067 5280 ν.

2222 5224 2268 5280 [Ι
2304 5224 2442 5295 Reg.
2506 5237 2644 5288 xxu,
2678 5219 2730 5274 2.
2797 5218 2839 5252 ’δ’
2874 5218 2982 5272 Isa.
3051 5232 3104 5282 v,
3136 5220 3188 5272 1.
3258 5216 3302 5249 ⁴³
3333 5213 3544 5286 Ephes.
3586 5232 3638 5279 ν,
3668 5211 3749 5265 27.

475 5489 484 5499 ⁸
516 5418 909 5499 (1:3)9tillutiu
941 5428 1078 5499 sunt
1108 5425 1193 5479 hae
1227 5424 1481 5499 homiliae
1515 5445 1647 5483 cum
1682 5446 1822 5484 mss.
1861 5431 1882 5484 1
1921 5429 2094 5485 abba-

445 5489 538 5544 tia:
569 5491 627 5545 S.
662 5488 810 5542 Petri
845 5492 914 5545 de
947 5493 1268 5550 Selincurte
1297 5498 1519 5553 ordinis
1551 5500 2097 5556 Prmsmonstraten-

444 5563 548 5642 gis,
587 5563 609 5618 1
655 5559 909 5642 ecclesiis
939 5563 1289 5642 cathedralis
1320 5568 1741 5642 Laudunensis,
1779 5573 1799 5628 Ι
1858 5573 2095 5642 Majoris

445 5632 804 5697 Mo'nasterii,
848 5632 864 5686 l
905 5635 1242 5689 monasterii
1275 5641 1600 5695 Beccensis.

2280 5430 2354 5499 (4)
2388 5428 2482 5483 Sic
2511 5426 2687 5480 habet
2717 5423 2897 5499 codex
2927 5419 3416 5499 $elincurtian_us._
3449 5411 3813 5499 Laudunepsis

2207 5483 2440 5554 vero/de
2504 5495 2883 5564 Turonensis,
2918 5493 3192 5548 dilectum.
3263 5492 3418 5547 Libri
3451 5495 3615 5546 antea
3671 5483 3806 5546 editi.

2205 5570 2446 5629 dilectw'
