4046 6162
225 255 383 320 “77

1107 253 1608 323 TRANSLATIO
1652 239 1924 321 HOMIL.
1959 253 2276 320 ORIGEN.
2322 249 2401 320 ΙΝ
2445 255 2752 322 CANTIC.

3472 235 3628 324 me

226 391 358 450 tiles
389 389 500 449 sibi
517 387 960 466 epithalamium
981 391 1432 464 vindicarunt,et
1455 392 1626 449 istius
1646 391 1876 466 generis
1906 390 1959 461 Α
1990 390 2160 448 modo
2191 395 2281 449 est
2311 392 2550 465 quidam
2579 390 2831 450 carnalis
2862 390 3048 467 cibus,
3079 395 3135 450 et
3164 390 3316 452 alius
3347 392 3627 468 spiritalis

225 497 466 539 carmen
498 486 873 554 assumptum
900 487 989 540 est
1005 482 1565 556 (5).Epitbalamium
1585 482 1872 556 siquidem

221 569 534 628 Canticum
591 572 975 628 canticorum.
1026 572 1287 627 Primum
1357 590 1574 644 sponsa
1624 577 1768 640 orat,
1821 577 1877 628 et

221 661 431 718 statim
462 660 522 715 in
556 661 768 717 mediis
788 661 1059 733 precibus
1081 661 1512 717 auditur.Videt
1533 667 1873 733 praesentem

221 749 704 823 sponsum,videt
734 748 1207 805 adolescentulas
1237 767 1342 805 suo
1367 749 1664 805 comitatui
1697 767 1872 822 copu-

220 837 397 895 latas.
429 838 648 894 Deinde
678 839 986 910 respondet
1007 855 1057 893 ei
1089 854 1344 910 sponsus
1377 855 1390 893 :
1424 843 1480 893 et
1511 845 1644 911 post
1673 838 1873 910 sponsi

219 925 477 999 eloquia,
510 927 652 980 dum
682 925 784 982 ille
814 944 916 998 pro
949 929 1076 998 ejus
1107 927 1324 998 patitur
1373 927 1584 993 salute,
1633 945 1876 999 respon-

220 1016 366 1073 dent
411 1013 662 1083 sodales,
696 1015 880 1071 donec
911 1032 1164 1086 sponsus
1195 1016 1273 1070 sit
1318 1015 1378 1070 in
1428 1016 1794 1083 recubitu,et
1842 1034 1876 1072 a

222 1105 502 1178 passione
531 1109 870 1176 consurgat,
904 1121 965 1160 se
995 1105 1263 1177 quaedam
1287 1122 1515 1176 sponsis
1532 1111 1875 1161 ornamenta

222 1194 513 1250 facturos.
1279 1185 1288 1194 ”

297 1283 537 1340 502-4
565 1284 620 1338 2.
652 1281 866 1338 Verum
909 1282 1035 1353 jam
1066 1282 1196 1354 ipsa
1223 1282 1397 1338 verba
1421 1284 1691 1354 ponenda
1715 1288 1873 1354 sunt,

222 1372 288 1428 in
320 1372 543 1444 quibus
572 1371 738 1443 prius
764 1387 875 1427 vox
922 1387 1149 1442 sponsae
1199 1372 1566 1443 deprecantis
1616 1372 1872 1428 auditur.

221 1461 387 1534 (Cap.
420 1476 462 1531 ι,
494 1476 644 1516 vers.
679 1462 703 1514 1
743 1461 782 1531 :)
814 1459 1097 1515 Gsculetur
1124 1477 1210 1516 me
1239 1461 1418 1516 osculo
1446 1463 1558 1516 oris
1586 1463 1695 1516 sui.
1730 1463 1876 1527 Quo-

226 1567 364 1606 rum
393 1550 499 1605 iste
527 1553 619 1605 est
649 1551 1202 1620 sensuszQuousque
1223 1566 1477 1622 sponsus
1501 1565 1666 1605 meus
1691 1550 1878 1604 mittit

229 1637 431 1695 oscula
455 1655 556 1710 per
583 1638 1012 1708 Mosem,mittit
1032 1637 1234 1694 oscula
1256 1655 1358 1710 per
1379 1639 1691 1710 prophetas
1713 1639 1773 1694 PJ
1780 1656 1875 1694 am

225 1728 413 1801 ipsius
444 1728 616 1799 cupio
639 1743 740 1782 ora
761 1727 1254 1799 contingere,ipse
1274 1726 1617 1799 veniat-,ipse
1639 1729 1876 1783 descen-
1909 1767 1956 1831 Β

217 1817 492 1872 dat.0rat
511 1816 692 1889 igitur
712 1821 912 1888 sponsi
933 1816 1248 1883 Patrem,et
1277 1817 1418 1872 dicit
1450 1817 1520 1871 ad
1540 1834 1672 1872 eum
1699 1817 1879 1873 :Oscu-

213 1907 363 1963 letur
391 1922 478 1961 me
504 1915 684 1961 oscuto
709 1907 819 1960 oris
837 1907 944 1959 sui.
975 1905 1044 1959 Et
1077 1906 1172 1976 qui
1191 1926 1205 1954 ι
1239 1905 1373 1960 talis
1391 1911 1480 1961 est
1507 1906 1876 1978 utcomplea-

212 1999 319 2051 tur
351 2011 531 2067 super
559 2010 685 2049 eam
719 1993 1120 2065 propheticum
1155 1992 1299 2048 iilud
1353 1994 1410 2047 in
1452 2011 1568 2065 quo
1616 1994 1829 2049 dicitur
1862 2010 1874 2047 :

218 2083 420 2140 Adhuc
447 2083 780 2153 teloque-nte
825 2081 1057 2136 dicam:
1114 2083 1243 2137 Ecce
1289 2083 1483 2138 adsum
1531 2101 1548 2136 :
1597 2099 1875 2154 sponsam

215 2172 431 2245 tponsi
467 2172 630 2227 Pater
657 2171 915 2234 exaudit.
952 2170 1129 2225 mittit
1164 2171 1372 2226 Filium
1419 2188 1612 2226 suum.
1661 2171 1879 2227 Videns

212 2260 326 2317 illa
355 2277 491 2316 eum
519 2261 689 2329 cujus
718 2259 1141 2331 deprecabatur
1170 2261 1505 2330 adventum,
1563 2276 1734 2314 orare
1773 2261 1874 2314 de-

221 2349 402 2416 stitit,
457 2354 514 2404 et
552 2349 623 2404 ad
663 2363 797 2403 eum
830 2348 1100 2402 cominus
1157 2347 1436 2416 loquitur,
1494 2347 1679 2418 (Vers.
1737 2349 1878 2418 1-2.)

223 2440 505 2508 Quoniam
540 2438 679 2492 bona
707 2437 876 2492 ubera
905 2446 1000 2492 tua
1027 2453 1191 2507 super
1239 2439 1449 2503 vinum,
1501 2441 1550 2491 et
1596 2437 1727 2492 odor
1777 2454 1877 2492 un-

217 2532 562 2601 guentorum
595 2532 817 2582 tuorum
861 2543 1025 2597 super
1067 2527 1254 2581 omnia
1291 2530 1560 2581 aromata.
1616 2527 1880 2598 Sponsus

216 2615 414 2690 igitur
443 2615 714 2670 Christus
765 2614 984 2670 missus
1036 2632 1068 2669 a
1118 2615 1282 2669 Patre
1339 2615 1496 2670 venit
1545 2619 1758 2670 unctus
1806 2617 1912 2670 ad'

219 2721 534 2776 sponsam,
587 2707 645 2758 et
681 2702 897 2757 dicitur
943 2704 1011 2757 ad
1065 2721 1198 2758 eum
1236 2719 1247 2757 :
1285 2704 1542 2758 Dilexisti
1577 2705 1878 2776 justitiam,

212 2799 282 2851 et
310 2793 481 2848 odisti
511 2794 884 2864 iniquitatem,
918 2801 1202 2863 propterea
1234 2795 1400 2848 unxit
1442 2801 1491 2848 te
1543 2798 1701 2860 Deus,
1744 2795 1881 2849 Deus

213 2893 356 2940 tuus
407 2884 522 2938 oleo
580 2883 970 2937 exsultationis
1021 2899 1138 2953 prae
1184 2883 1542 2953 participibus
1591 2884 1701 2936 tuis
1721 2883 1784 2936 ιδ.
1819 2883 1877 2937 Si

213 2988 324 3028 me
369 2970 624 3043 tetigerit
673 2987 926 3042 sponsus
975 2976 1032 3026 et
1078 2986 1183 3041 ego
1231 2971 1366 3025 boni
1415 2970 1608 3026 odoris
1653 2987 1772 3038 ero,
1823 2977 1881 3026 et

211 3076 332 3133 ego
363 3060 538 3114 liniar
561 3060 898 3130 unguentis,
930 3065 984 3114 et
1016 3059 1086 3114 ad
1103 3076 1195 3114 me
1219 3076 1404 3131 usque
1425 3062 1553 3127 ejus
1578 3065 1878 3130 unguenta

1983 488 2040 538 et
2071 482 2183 537 alia
2214 483 2406 538 carnis
2455 484 2634 554 potio,
2683 482 2796 538 alia
2837 482 3079 556 spiritus
3121 483 3204 539 sic
3252 489 3342 541 est
3388 483 3624 557 quidam

1985 588 2149 627 amor
2179 571 2371 628 carnis
2404 590 2438 627 a
2467 574 2681 628 Satana
2702 573 3120 643 veniens,alius
3142 591 3305 630 amor
3329 575 3572 648 spiritus
3594 592 3628 630 a

1983 659 2100 714 Deo
2131 661 2432 716 exordium
2465 661 2772 734 habens,et
2810 663 2956 718 beno
2989 667 3179 735 potest
3209 665 3437 721 duobus
3467 682 3626 722 amo-

1984 748 2147 804 ribus
2180 750 2480 821 possideri.
2515 752 2573 806 Si
2607 752 2799 806 carnis
2831 757 3058 807 amator
3085 770 3166 808 es.
3201 770 3455 809 amorem
3507 755 3625 826 spi-

1985 836 2133 892 ritus
2160 855 2271 892 non
2305 839 2484 910 capis.
2519 840 2578 895 Si
2598 840 2796 895 omnia
2827 841 3148 912 corporalla
3170 844 3627 914 despexisti,non

1985 926 2113 982 dico
2146 944 2380 983 carnem
2412 934 2516 984 aut
2545 931 2894 1001 sanguinem
2928 932 3026 986 sed
3061 935 3368 1003 argentum
3409 937 3466 987 et
3496 949 3627 1003 pos-

1984 1017 2299 1083 sessiones,
2332 1019 2434 1073 sed
2466 1019 2653 1088 ipsam
2685 1023 2868 1074 teram
2904 1019 3215 1091 ipsumque
3247 1020 3477 1088 coelum,
3508 1021 3630 1077 haec

1985 1102 2199 1175 quippe
2232 1106 2670 1176 pertransibunt
2707 1124 2718 1161 :
2755 1107 2803 1161 si
2835 1106 2948 1163 ista
2978 1111 3174 1163 omnia
3203 1109 3627 1182 contempsisti.

1984 1196 2042 1247 et
2071 1193 2141 1247 ad
2175 1192 2404 1248 nullum
2437 1194 2647 1250 horum
2683 1195 2881 1250 anima
2905 1200 3004 1251 tua
3032 1197 3288 1268 obligata
3308 1201 3416 1269 est,
3442 1215 3630 1271 neque

1985 1296 2282 1352 quoquam
2313 1283 2585 1338 vitiorum
2631 1300 2828 1339 amore
2858 1285 3144 1352 retineris,
3178 1291 3341 1358 potes
3371 1303 3629 1343 amorem

1985 1385 2190 1440 capere
2239 1369 2581 1441 spiritalem.
2635 1373 2719 1427 Ita
2768 1372 2945 1428 locuti
2991 1391 3198 1430 sumus
3264 1375 3398 1447 quia
3443 1377 3633 1433 evenit

1986 1458 2233 1524 occasio,
2275 1463 2338 1514 ut
2371 1461 2440 1515 de
2483 1477 2681 1516 amore
2731 1461 2977 1533 spiritali
3032 1463 3230 1535 aliqua
3269 1464 3624 1522 diceremus.

1986 1547 2232 1619 Expedit
2261 1553 2455 1604 autem
2490 1550 2658 1605 nobis
2708 1550 3042 1606 Salomonis
3082 1553 3375 1608 custodire
3423 1570 3632 1625 prace-

1987 1640 2175 1708 ptum,
2210 1644 2266 1692 et
2298 1639 2484 1709 magis
2515 1639 2674 1695 illius
2706 1641 2804 1711 qui
2856 1658 2959 1712 per
3007 1641 3380 1696 Salomonem
3432 1642 3635 1715 loque-

1987 1725 2178 1792 batur,
2213 1727 2284 1782 de
2314 1729 2601 1800 sapientia
2629 1729 2706 1784 ita
2755 1730 2954 1784 dicens
2984 1747 2996 1785 :
3024 1731 3162 1785 Ama
3213 1731 3392 1797 illam,
3443 1735 3494 1788 et
3523 1748 3634 1787 ser-

1987 1815 2133 1870 vabit
2165 1820 2214 1871 te
2244 1836 2265 1881 ;
2293 1819 2571 1871 circumda
2616 1819 2796 1886 illam,
2854 1824 2905 1874 et
2952 1820 3224 1875 exaltabit
3274 1829 3326 1875 te
3364 1838 3382 1882 ;
3433 1827 3640 1895 honora

1989 1903 2166 1971 illam,
2201 1913 2260 1960 ut
2288 1915 2338 1960 te
2376 1909 2738 1978 amplectatur
2785 1907 2849 1961 ‘3.
2913 1909 3012 1964 Est
3058 1908 3298 1980 quidam
3355 1909 3637 1981 spiritalis

1989 1993 2312 2064 amplexus,
2344 1998 2518 2064 atque
2548 1995 2774 2050 utinam
2805 1997 3106 2069 contingat
3140 2002 3201 2052 ut
3235 2014 3423 2053 meam
3455 2015 3636 2070 spon-

1988 2097 2116 2137 sam
2147 2082 2365 2136 arctius
2395 2083 2470 2153 (6)
2504 2085 2702 2154 sponsi
2748 2084 3056 2155 amplexus
3109 2085 3390 2155 includat,
3419 2092 3484 2141 ut
3530 2079 3636 2158 ego

1989 2186 2220 2243 quoque
2246 2173 2462 2241 possim
2495 2173 2684 2227 dicere
2731 2173 2883 2243 quod
2931 2190 2988 2226 ιη
3037 2174 3242 2228 eodem
3297 2173 3445 2229 libro
3492 2175 3634 2230 scri-

1988 2263 2154 2329 ptum
2185 2265 2274 2314 est
2306 2277 2318 2313 :
2355 2259 2590 2315 Sinistra
2632 2263 2747 2331 ejus
2778 2261 2878 2320 sub
2924 2264 3104 2332 capite
3156 2279 3296 2327 meo,
3347 2268 3397 2318 et
3445 2263 3637 2320 dextra

1988 2348 2143 2403 illius
2174 2349 2585 2417 amplexabitur
2613 2366 2698 2404 me
2726 2352 2788 2403 ‘9.

2060 2439 2110 2490 3.
2147 2437 2431 2493 Osculetur
2458 2455 2545 2493 me
2575 2455 2712 2510 ergo
2759 2440 2939 2494 osculo
2985 2440 3096 2494 oris
3143 2441 3256 2493 sui.
3311 2439 3487 2496 Moris
3547 2446 3638 2497 est

1989 2525 2429 2596 Scriptururum
2473 2526 2882 2598 imperativum
2935 2528 3176 2583 modum
3228 2545 3331 2599 pro
3379 2531 3636 2601 optativa

1988 2631 2223 2686 ponere,
2261 2619 2324 2670 ut
2354 2615 2430 2670 ibi
2473 2633 2484 2671 :
2519 2618 2688 2670 Pater
2716 2620 2902 2670 noster
2933 2617 3030 2687 qui
3057 2619 3133 2671 est
3167 2618 3225 2671 iu
3245 2618 3418 2687 caelis,
3440 2619 3638 2674 sancti-

1987 2701 2180 2771 ﬁcetur
2207 2719 2403 2759 nomen
2445 2709 2602 2758 tuum
2633 2703 2698 2772 ⁵ο,
2754 2721 2856 2775 pro
2906 2703 3132 2760 Utinam
3188 2706 3633 2775 sanctificatur;

1988 2798 2042 2846 et
2075 2808 2231 2847 nunc
2263 2793 2316 2845 in
2354 2793 2620 2863 presenti
2657 2809 2669 2846 :
2708 2793 2988 2848 Osculetur
3016 2811 3100 2848 me
3135 2795 3330 2849 osculo
3368 2797 3486 2850 oris
3523 2797 3633 2862 sui,

1988 2896 2092 2951 pro
2130 2897 2196 2935 eo
2229 2882 2382 2952 quod
2415 2888 2525 2947 est,
2560 2883 2793 2936 Utinam
2828 2882 3140 2937 osculetur.
3167 2883 3384 2939 Deinde
3411 2884 3636 2956 conspi-

1988 2969 2065 3024 cit
2095 2986 2402 3040 sponsum.
2435 2972 2607 3026 Venit
2627 2970 2925 3026 delibutus
2947 2972 3266 3044 unguentis
3301 2990 3314 3027 :
3343 2990 3447 3028 nec
3469 2972 3642 3030 aliter

1987 3058 2058 3112 ad
2093 3076 2369 3129 sponsam
2405 3065 2628 3130 poterat
2660 3060 2876 3124 venire,
2913 3077 3015 3114 nec
3048 3061 3288 3116 decebat
3327 3061 3494 3117 aliter
3526 3062 3636 3118 Pa-

211 3131 589 3224 pervenient,
615 3155 679 3203 ut
708 3149 927 3220 possim
949 3165 1082 3203 cum
1105 3148 1380 3219 Apostolo
1403 3149 1594 3205 dicere
1628 3167 1640 3204 :
1674 3149 1880 3205 Christi
1909 3131 1951 3197 Ο
1989 3148 2138 3200 trem
2171 3148 2242 3201 ad
2268 3149 2505 3219 nuptias
2541 3147 2746 3202 Filium
2771 3148 3285 3204 destinare.Variis
3311 3168 3445 3205 eum
3469 3151 3636 3205 unxit

217 3239 402 3294 bonus
433 3237 566 3293 odor
592 3253 778 3291 sumus
809 3239 867 3291 in
899 3238 1055 3291 omni
1099 3237 1211 3292 loco
1240 3238 1302 3291 ⁸³.
1337 3237 1452 3293 Nos
1492 3243 1687 3293 autem
1741 3254 1874 3292 cum

212 3329 350 3384 haec
373 3326 926 3392 audivimus,adhuc
949 3327 1202 3399 peccatis
1218 3327 1487 3397 vitiisque
1511 3327 1877 3394 fcetemus,de

216 3416 444 3489 quibus
459 3416 740 3488 propheta
761 3415 1045 3485 paenitens
1065 3415 1344 3487 loquitur:
1368 3417 1770 3472 Putrueruntet
1787 3431 1878 3470 cor

220 3512 408 3577 rupta
433 3513 564 3560 sunt
590 3507 870 3560 cicatrices
898 3520 1037 3562 mea?
1065 3522 1095 3558 a
1125 3507 1270 3575 facie
1288 3506 1628 3575 insipientia
1654 3521 1788 3559 mea:
1810 3506 1872 3558 “.

221 3593 538 3649 Peccatum
570 3593 769 3648 odoris
799 3598 887 3648 est
914 3594 1124 3663 putidi,
1157 3595 1343 3648 virtus
1367 3595 1555 3665 spirat
1575 3598 1877 3664 unguenta

223 3697 477 3754 quorum
505 3687 674 3753 typos
707 3681 962 3752 reperies
993 3683 1052 3735 in
1087 3683 1298 3738 Exodo.
1335 3682 1602 3738 Invenies
1643 3698 1877 3754 quoque

217 3768 307 3825 ibi
353 3775 600 3838 stacten,
642 3769 888 3842 onycha,
940 3770 1282 3840 galbanum,
1346 3777 1404 3826 et
1453 3769 1698 3842 reliqua.
1745 3771 1875 3825 Haec

211 3859 468 3932 quidem
500 3859 573 3914 ad
608 3859 915 3913 incensum
943 3876 955 3914 :
990 3859 1200 3914 deinde
1229 3860 1298 3914 ad
1325 3875 1471 3929 Opus
1501 3859 1875 3930 unguentarii

208 3948 384 4004 varia
412 3951 733 4002 sumuntur
765 3954 1065 4019 unguenta
1099 3965 1111 4002 :
1147 3948 1205 4002 in
1237 3947 1454 4018 quibus
1512 3956 1602 4003 est
1656 3947 1876 4003 nardus

207 4040 276 4094 et
313 4041 521 4093 stacte.
555 4037 625 4092 Et
655 4036 810 4091 Deus
843 4037 944 4108 qui
978 4037 1111 4092 fecit
1141 4035 1343 4091 caelum
1393 4041 1449 4092 et
1506 4042 1746 4104 terram,
1797 4035 1875 4090 lc-

207 4127 426 4200 quitur
454 4125 526 4179 ad
560 4128 780 4188 Mosen,
827 4125 1034 4180 dicens
1067 4143 1080 4180 :
1113 4127 1220 4196 Ego
1272 4126 1499 4197 implevi
1543 4142 1630 4181 eos
1677 4127 1874 4197 spiritu

204 4215 520 4287 sapientia?
546 4217 598 4269 et
638 4215 968 4279 intellectus,
1021 4219 1079 4268 ut
1122 4216 1337 4284 faciant
1380 4231 1542 4286 opera
1590 4217 1730 4270 artis
1772 4233 1878 4270 un-

201 4306 535 4375 guentariae
561 4304 642 4357 ‘7:
676 4306 733 4358 et
763 4303 1188 4374 unguentarios
1224 4303 1377 4359 Deus
1409 4303 1733 4359 docet.Haac
1766 4305 1876 4359 nisi

203 4390 567 4464 spiritaliter
595 4390 1020 4462 intelligantur,
1055 4408 1249 4446 nonne
1282 4391 1490 4447 fabulis
1535 4399 1674 4447 sunt
1715 4396 1741 4447 Ρ
1764 4393 1877 4448 nisi

203 4480 446 4551 aliquid
469 4479 726 4535 habeant
755 4481 986 4545 secreti,
1019 4497 1210 4536 nonne
1240 4481 1481 4552 indigna
1532 4486 1673 4535 sunt
1707 4483 1816 4537 lieo
1848 4482 1876 4536 ‘2
1910 4501 1954 4564 ι)

202 4571 468 4627 Necesse
497 4574 586 4625 est
616 4568 793 4641 igitur
825 4575 958 4624 eum
991 4568 1089 4640 qui
1139 4571 1342 4625 audire
1390 4570 1722 4641 Scripturas
1753 4570 1873 4642 spi-

198 4656 510 4715 ritualiter
538 4658 718 4723 novit,
753 4663 856 4713 aut
884 4658 984 4728 qui
1016 4663 1170 4713 certe
1194 4675 1306 4713 non
1344 4658 1523 4728 novit,
1555 4664 1612 4714 et
1641 4657 1874 4714 deside-

202 4751 307 4804 rat
331 4763 534 4812 nosse,
597 4746 754 4801 omni
791 4745 988 4801 labore
1030 4747 1400 4814 contendere,
1435 4752 1500 4802 ut
1546 4765 1660 4802 non
1705 4748 1877 4817 juxta

203 4850 456 4892 carnem
489 4839 548 4889 et
577 4835 926 4907 sanguinem
959 4841 1354 4902 conversetur,
1389 4852 1504 4907 quo
1555 4836 1743 4906 possit
1782 4837 1875 4891 di-

201 4939 372 4998 gnus
414 4923 540 4978 fieri
592 4922 946 4994 spiritalium
998 4928 1377 4988 secretorum,
1429 4928 1484 4978 et
1539 4928 1604 4978 ut
1650 4922 1872 4995 aliquid

201 5011 540 5068 audentius
565 5011 782 5074 dicam,
814 5009 1064 5081 spiritali
1098 5012 1368 5082 cupidine
1411 5011 1496 5067 vel
1550 5028 1748 5066 amore
1779 5029 1874 5068 ac-

199 5101 507 5158 cendatur
541 5119 555 5167 ;
589 5100 884 5173 siquidem
916 5105 1006 5155 est
1034 5105 1090 5155 et
1119 5101 1403 5171 spiritatis
1433 5102 1698 5156 amor.Et
1729 5118 1872 5172 quo-

286 5201 332 5234 “
364 5194 518 5260 Psal.
554 5215 703 5262 κων,
737 5199 791 5253 8.
819 5198 864 5232 “
895 5199 943 5252 Il
973 5200 1104 5253 Cor.
1139 5216 1199 5266 η,
1234 5199 1319 5254 l5.
1397 5201 1441 5233 ⁸⁸
1470 5198 1622 5255 Psal.
1650 5217 1861 5265 xxxvu,

2025 5197 2067 5232 ⁸⁷
2099 5199 2271 5254 Exod.
2332 5215 2483 5266 xxxx,
2545 5199 2597 5250 3.

199 5288 277 5332 ιι.
308 5273 365 5325 6.
403 5271 447 5305 ⁵⁰
479 5270 683 5325 Matth.
720 5287 796 5336 v1,
830 5272 884 5325 9.

287 5386 323 5439 5
379 5384 572 5440 Codex
633 5383 934 5452 Beccensis
994 5401 1006 5438 :
1067 5385 1195 5442 Haec
1272 5387 1471 5456 quippe
1544 5387 1873 5452 fabulantur

200 5459 428 5529 pari-ter
469 5461 529 5529 et
575 5457 1000 5527 epithalamium
1050 5471 1211 5529 suum
1265 5461 1585 5527 personant.
1641 5458 1724 5513 Ex
1772 5459 1870 5512 hoc

199 5527 402 5601 pelles
426 5527 537 5584 sibi
555 5529 984 5597 epithalamium
1005 5527 1438 5595 vindicarunt,et
1468 5529 1626 5584 istius
1656 5531 1870 5599 generis

198 5603 620 5656 sacramentum
649 5608 991 5670 assumptum
1020 5603 1116 5654 est.

291 5669 366 5743 (6)
399 5670 565 5743 Msa,
595 5669 1019 5728 arctius.’Libb.
1051 5670 1214 5742 edit.,
1246 5671 1436 5729 altior.

1987 3235 2326 3306 unguentis,
2403 3237 2538 3291 fecit
2586 3237 2751 3292 illum
2801 3236 3119 3293 Christum.
3175 3239 3344 3294 Venit
3388 3237 3648 3294 diversis

1986 3323 2264 3378 oder-ibus
2296 3325 2549 3396 spirans,
2583 3331 2637 3381 et
2669 3327 2853 3396 audit,
2888 3329 3018 3398 quia
3051 3328 3190 3383 bona
3221 3328 3384 3384 ubera
3416 3337 3510 3383 tua
3538 3345 3631 3383 su-

1979 3428 2083 3483 per
2113 3415 2318 3467 vinum.
2353 3415 2618 3485 Congrue
2651 3433 2844 3471 sermo
2872 3416 3106 3470 divinus
3137 3432 3316 3470 unam
3346 3417 3637 3472 eamdem-

1988 3515 2098 3571 que
2131 3517 2248 3554 rem
2279 3517 2380 3571 pro
2409 3501 2668 3556 locorum
2702 3502 2985 3573 qualitate
3031 3502 3282 3557 diversis
3336 3502 3634 3558 vocabulis

1986 3594 2306 3658 nuncupat.
2341 3589 2583 3652 Quando
2632 3589 2823 3644 hostia
2855 3591 3093 3644 oti‘ertur
3141 3589 3200 3643 in
3235 3589 3382 3659 lege,
3428 3594 3485 3644 et
3511 3589 3635 3644 vult

1986 3676 2349 3732 intellectum
2400 3678 2723 3741 ostendere,
2797 3676 3200 3748 pectusculum
3243 3676 3633 3747 separationis

1986 3767 2200 3821 affatur
2229 3768 2325 3837 (7).
2359 3767 2600 3832 Quando
2624 3784 2754 3821 vero
2777 3766 3065 3821 recumbit
3084 3765 3300 3836 aliquis
3329 3782 3464 3820 cum
3493 3765 3632 3823 Jesu

1986 3866 2043 3910 et
2073 3873 2356 3911 sensuum
2389 3858 2516 3926 ejus
2547 3853 2960 3910 communione
2999 3853 3339 3925 perfruitur,
3389 3871 3504 3909 non
3536 3871 3632 3926 pe-

1986 3943 2317 3998 ctusculum
2370 3952 2431 3998 ut
2489 3961 2698 4015 supra,
2760 3944 2859 3998 sed
2918 3948 3118 4014 pectus
3175 3943 3492 4015 alloquitur
3533 3944 3631 4016 (8).

1989 4032 2164 4088 Porro
2196 4049 2327 4086 cum
2362 4049 2576 4103 sponsa
2609 4031 2870 4104 loquitur
2900 4033 2970 4088 ad
3003 4049 3310 4104 sponsum,
3343 4032 3482 4104 quia
3524 4050 3632 4088 nu-

1989 4121 2165 4193 ptiale
2198 4137 2430 4176 carmen
2464 4119 2780 4190 inducitur,
2817 4138 2930 4176 non
2982 4121 3409 4192 pectusculum,
3463 4126 3528 4177 ut
3576 4121 3634 4176 in

1989 4209 2274 4264 sacriﬁcio
2306 4228 2319 4273 ;
2359 4226 2471 4264 non
2510 4215 2729 4280 pectus,
2762 4215 2825 4264 ut
2855 4210 2911 4264 in
2945 4211 3164 4264 Joanne
3186 4209 3474 4282 discipulo
3502 4210 3633 4276 ;sed

1989 4303 2054 4353 ut
2094 4299 2273 4353 ubera
2322 4299 2606 4363 nominat,
2658 4299 2906 4353 dicens:
2944 4299 3086 4367 Quia
3137 4299 3280 4353 dona
3327 4298 3492 4354 ubera
3543 4303 3637 4354 tua

1986 4403 2152 4457 super
2184 4389 2389 4442 vinum.
2426 4388 2805 4442 Communica
2835 4392 2902 4442 ut
2930 4404 3147 4459 sponsa
3176 4404 3308 4441 cum
3359 4387 3636 4442 sensibus

1987 4477 2211 4548 sponsi,
2261 4483 2319 4531 et
2366 4476 2518 4531 scias
2568 4477 2706 4548 quia
2774 4477 3068 4531 inebriant
3110 4485 3283 4548 alque
3339 4475 3638 4532 laetificant

1985 4564 2322 4620 istiusmodi
2353 4566 2971 4637 cogitatus.Quomodo
3001 4570 3194 4620 autem
3230 4565 3380 4621 calix
3402 4565 3635 4621 Domini

1983 4653 2285 4709 inebrians
2344 4670 2522 4724 quam
2581 4656 2842 4725 optimus
2897 4659 3005 4724 est,
3061 4655 3144 4709 sic
3195 4655 3375 4709 ubera
3431 4655 3632 4726 sponsi

1986 4742 2144 4798 omni
2179 4741 2420 4796 meliora
2452 4747 2590 4798 sunt
2621 4743 2772 4798 vino.
2807 4745 2947 4811 Quia
2979 4744 3116 4798 bona
3142 4743 3309 4798 ubera
3340 4747 3438 4797 tua
3468 4759 3633 4814 super

1961 4832 2191 4887 pinum.
2232 4833 2290 4884 ln
2325 4832 2533 4887 mediis
2568 4832 2840 4904 precibus
2872 4832 2942 4886 ad
2975 4848 3258 4902 sponsum
3293 4832 3464 4885 verba
3492 4847 3633 4886 con-

1985 4920 2148 4976 vertii
2185 4936 2196 4973 :
2234 4921 2296 4974 Et
2325 4919 2461 4975 odor
2490 4925 2894 4990 unguentorum
2953 4930 3172 4974 tuor-um
3229 4935 3394 4991 super
3446 4921 3637 4976 omnia

1983 5012 2253 5064 aromata.
2287 5013 2413 5064 Non
2450 5010 2693 5075 uno,sed
2729 5009 3006 5063 omnibus
3037 5025 3320 5080 sponsum
3355 5009 3635 5065 venitun-

1985 5105 2114 5155 ctus
2148 5100 2465 5172 unguentis
2496 5100 2595 5169 (9).
2629 5099 2688 5152 Si
2724 5104 2920 5154 autem
2953 5105 3008 5152 et
3037 5099 3109 5152 ad
3143 5115 3332 5154 meam
3374 5099 3635 5156 animam

2688 5198 2730 5230 ιθ
2791 5197 2954 5251 Prov.
3011 5214 3087 5261 IV,
3149 5199 3205 5262 7,
3261 5199 3314 5249 8.
3376 5197 3420 5232 ‘9
3466 5197 3631 5265 Cant,

2050 5387 2127 5453 (7)
2161 5384 2640 5454 Selincurtianus
2659 5387 2717 5437 et
2746 5383 3072 5450 Beccensis,
3103 5385 3353 5454 o/fertur.

2053 5457 2130 5526 (8)
2165 5455 2346 5510 Iidem
2385 5471 2553 5523 mss.,
2585 5453 2879 5526 eloquitur.

2051 5529 2126 5595 (9)
2159 5527 2350 5582 Codex
2382 5526 2686 5581 Beccensis
2723 5545 2735 5582 :
2769 5544 2879 5582 non
2927 5544 3052 5596 uno,
3087 5528 3179 5585 sed
3223 5528 3477 5583 omnibus
3532 5537 3633 5577 nos

1980 5602 2176 5654 unctus
2209 5601 2324 5655 vult
2355 5601 2495 5670 ungi
2520 5601 2828 5669 unguentis.
