4068 6174
203 329 357 407 “Si

1079 333 1583 405 TRANSLATIO
1625 333 1902 403 HOMIL.
1935 333 2252 400 ORIGEN.
2299 332 2377 400 ΙΝ
2422 330 2727 401 CANTIC.

3450 335 3607 402 “82

199 468 618 546 praestolantur
647 468 983 541 adventum,
1011 467 1153 527 late
1199 470 1553 529 concinnat:
1588 471 1842 529 Exsulta-
1873 477 1928 540 Α
1957 471 2108 530 hanc
2128 475 2388 529 nostram
2410 470 2823 545 rEthiopissam
2848 466 3310 546 transmigravit.
3341 469 3605 528 Murmu-

202 561 383 623 bimus
411 565 464 618 et
493 559 768 617 lwtabitur
812 561 874 616 in
931 567 1004 617 te.
1064 564 1173 617 Pro
1223 578 1449 634 sponsae
1497 563 1848 636 perfectione
1958 565 2045 617 ret
2084 563 2273 616 Aaron
2327 561 2723 617 sacerdotium
2769 560 3131 629 Judaaorum,
3184 566 3513 617 murmurat
3549 566 3608 617 et

199 648 498 711 laetantur.
528 650 653 707 Non
682 654 773 705 est
792 649 1087 706 aemulatio
1111 650 1168 705 in
1187 650 1521 707 virtutibus.
1544 653 1722 707 Amor
1740 650 1850 706 iste

201 740 487 807 mundus,
521 755 685 795 amor
714 737 821 794 isle
851 738 978 793 sine
1024 738 1162 793 vitio
1211 743 1318 794 est.
1359 740 1771 796 Exsultabimus
1798 745 1852 795 et

204 829 521 887 tctabimur
575 830 637 883 in
692 831 761 883 te.
823 828 1127 897 Diligemus
1182 828 1349 884 ubera
1402 832 1518 885 tua.
1575 828 1678 885 Illa
1723 846 1852 901 quas

204 919 398 989 major
425 921 534 988 est,
560 917 684 987 jam
734 920 971 972 tuorum
1022 916 1267 972 uberum
1318 916 1466 973 lacte
1514 918 1851 990 perfruitur,

202 1012 264 1065 et
280 1006 544 1080 loquitur
563 1005 865 1061 exsultans
888 1021 902 1061 :
926 1007 1079 1061 Bona
1100 1007 1329 1061 uberum
1347 1011 1441 1062 tua
1456 1024 1621 1079 super
1638 1010 1851 1063 vinum.

202 1100 341 1154 Iste
366 1112 498 1152 vere
529 1112 659 1167 quas
693 1093 1142 1150 exsultationem
1174 1100 1231 1150 et
1271 1094 1532 1151 laetitiam
1565 1097 1853 1159 deferunt,

207 1182 658 1242 adolescentulas
702 1183 919 1255 quippe
960 1190 1119 1250 sunt,
1168 1184 1440 1240 deferunt
1486 1185 1854 1250 charitatem,

207 1278 270 1332 et
295 1273 537 1329 dicunt:
588 1272 997 1329 Exsultabimus
1042 1281 1093 1327 et
1140 1272 1449 1329 lwlubimur
1496 1276 1556 1330 in
1602 1278 1673 1331 te.
1710 1275 1854 1329 Dili-

201 1379 394 1435 gemus
424 1362 596 1418 ubera
624 1370 720 1416 tua
748 1376 914 1432 super
942 1362 1153 1415 vinum.
1187 1360 1531 1434 Diligemus,
1556 1362 1855 1435 inquiunt,

207 1468 325 1508 non
358 1450 684 1523 diligimus.
754 1448 968 1504 Deinde
1026 1449 1352 1521 loquuntur
1406 1451 1477 1506 ad
1536 1468 1852 1523 sponsam:

202 1541 457 1613 Equilas
503 1540 705 1595 dilexit
759 1540 829 1594 te.
887 1538 1112 1593 Laudat
1167 1555 1467 1611 sponsam,
1529 1556 1740 1595 nomen
1775 1538 1856 1594 illi

203 1628 502 1702 mquitatis
523 1645 557 1683 a
580 1628 832 1701 prepriis
853 1626 1169 1683 virtutibus
1190 1628 1574 1700 imponentes.
1609 1631 1859 1700 {Equites

202 1719 405 1777 dilexit
436 1722 508 1774 te.

1960 649 2142 706 Maria
2171 666 2469 722 synagoga
2496 667 2695 706 eorum
2724 667 2737 704 :
2771 651 2998 723 Moyses
3029 650 3099 705 de
3145 648 3609 706 murmuratione

1962 755 2078 796 non
2111 742 2296 805 curat,
2320 742 2480 795 amat
2499 738 2916 812 [Ethiopissam
2941 755 3131 807 suam,
3157 738 3228 793 de
3250 754 3365 811 qua
3386 743 3444 795 et
3467 738 3608 795 alibi

1962 827 2177 884 dicitur
2207 845 2309 900 per
2336 828 2680 900 prephetam
2707 846 2720 884 :
2754 828 2829 883 Ab
2852 830 3114 883 extremis
3141 828 3441 898 ﬂuminum
3472 828 3609 900 affe-

1962 919 2085 973 rent
2114 917 2315 971 hostias
2343 917 2407 970 ⁸³.
2452 917 2522 971 Et
2549 932 2784 972 rursum
2814 933 2826 971 :
2865 918 3137 988 zEthiOpia
3165 918 3467 988 praeveniet
3495 933 3611 972 ma-

1962 1022 2068 1061 nus
2097 1006 2214 1077 ejus
2244 1006 2348 1061 Deo
2377 1006 2440 1060 ⁸³.
2476 1004 2721 1060 Pulchre
2752 1004 3097 1077 praeveniet;
3127 1005 3422 1076 quomodo
3452 1004 3609 1060 enim

1962 1093 2024 1150 in
2054 1094 2367 1163 Evangelio
2401 1093 2613 1150 mulier
2641 1093 2742 1149 illa
2770 1111 2898 1165 qum
2931 1094 3217 1165 sanguine
3247 1094 3481 1159 ﬂuebat,
3515 1110 3615 1149 ar--

1965 1183 2345 1256 chisynagogi
2368 1182 2547 1238 filiam
2571 1183 2871 1238 curatione
2916 1184 3191 1255 praevenit
3210 1183 3274 1247 “,
3294 1183 3378 1238 sic
3396 1183 3614 1238 x‘Ethio-

1966 1273 2063 1345 pia
2093 1272 2272 1328 Israel
2304 1276 2620 1345 aegrotante
2649 1275 2852 1327 sanata
2881 1277 2989 1327 est.
3041 1273 3270 1327 Illorum
3297 1271 3494 1327 delicto
3522 1288 3612 1327 sa-

1966 1362 2054 1417 lus
2080 1363 2335 1432 gentibus
2371 1363 2521 1432 facta
2566 1369 2644 1416 est
2686 1360 2758 1416 ad
2799 1360 3174 1416 aemulandum
3215 1377 3303 1416 eos
3350 1361 3414 1415 ⁸⁵.
3448 1360 3617 1432 Nigra

1963 1466 2085 1506 sum
2117 1454 2168 1505 et
2193 1451 2450 1521 speciosa,
2484 1449 2622 1519 ﬁliae
2650 1450 3022 1505 Hierusalem.
3051 1453 3119 1504 Et
3150 1452 3233 1517 tu,
3268 1448 3617 1505 ecclesiasti-

1966 1555 2036 1595 ea
2056 1537 2273 1603 anima,
2307 1538 2377 1594 ad
2413 1538 2564 1594 tilias
2591 1538 2953 1595 Hierusalem
2974 1543 3242 1595 converte
3264 1552 3617 1609 sermonem,

1966 1633 2024 1683 et
2052 1627 2184 1683 dic:
2216 1626 2306 1683 Me
2340 1627 2472 1699 plus
2520 1631 2681 1683 amat
2727 1644 3003 1699 sponsus,
3060 1644 3152 1683 me
3204 1628 3393 1699 magis
3426 1626 3620 1699 diligit

1968 1733 2146 1789 quam
2181 1732 2301 1785 vos,
2336 1733 2464 1788 qua:
2499 1716 2703 1771 multae
2734 1716 2866 1771 lilia;
2898 1715 3282 1772 Hierusalem.
3332 1716 3447 1771 Vos
3480 1714 3617 1770 foris

281 1806 763 1865 5|06.Rursum
783 1806 855 1861 ad
879 1805 1349 1862 adolescentulus
1369 1823 1593 1878 sponsa
1616 1824 1857 1880 respon-
1888 1840 1937 1906 Β
1969 1805 2160 1871 statis,
2178 1811 2235 1860 et
2250 1823 2527 1877 sponsam
2551 1805 2891 1861 cubiculum
2913 1804 3123 1861 videtis
3142 1805 3483 1861 intrantem.
3513 1804 3621 1860 Ne-

208 1897 312 1954 det
338 1900 512 1967 (vers.
544 1896 601 1962 5,
639 1894 733 1966 6):
767 1895 935 1967 Nigra
955 1911 1099 1962 sum,
1129 1904 1179 1951 et
1205 1898 1467 1967 speciosa,
1495 1897 1627 1966 ﬁlim
1657 1898 1858 1952 Hieru-

203 1986 408 2051 salem,
468 1987 527 2040 ut
585 1985 941 2039 tabernacula
998 1982 1192 2051 Cedar,
1245 1988 1306 2039 ut
1329 1984 1497 2054 pelles
1529 1985 1858 2051 Salomonis,

208 2078 297 2132 Ne
324 2074 629 2130 intuemini
654 2088 761 2139 me,
806 2073 935 2144 quia
961 2087 1063 2145 ego
1092 2089 1216 2127 sum
1261 2072 1568 2145 denigrata,
1600 2076 1861 2145 quoniam

212 2163 460 2235 despexit
484 2177 569 2217 me
598 2162 699 2218 sol.
734 2160 1011 2234 Speciosa
1041 2161 1281 2233 quidem
1305 2166 1412 2229 est,
1431 2167 1491 2217 et
1543 2179 1860 2234 possumus

209 2250 475 2308 invenire
506 2250 802 2321 quomodo
846 2249 1112 2320 speciosa
1142 2249 1219 2303 sit
1249 2266 1501 2321 sponsa;
1544 2251 1861 2323 quaerimus

209 2342 413 2395 autem
445 2339 738 2411 quomodo
769 2338 938 2411 nigra
964 2342 1019 2393 et
1051 2338 1178 2394 sine
1207 2339 1456 2394 candore
1488 2340 1566 2394 sit
1597 2339 1858 2412 pulchra,

205 2427 621 2485 Pcenitentiam
653 2427 772 2500 egit
800 2444 833 2481 a
862 2426 1136 2499 peccatis,
1169 2427 1423 2499 speciem
1452 2428 1501 2483 ei
1534 2427 1745 2501 largita
1774 2434 1863 2483 est

207 2516 538 2585 conversio,
571 2521 628 2572 et
658 2516 786 2571 ideo
816 2515 1073 2587 speciosa
1096 2521 1383 2572 cantatur.
1409 2519 1555 2583 Quia
1575 2535 1706 2573 vero
1736 2535 1866 2573 ncc-

208 2607 361 2663 dum
392 2605 659 2661 omnium
688 2609 1059 2677 peccatorum
1100 2605 1271 2660 sorde
1314 2610 1580 2677 purgata,
1615 2608 1863 2662 necdum

205 2694 338 2753 lota
373 2698 463 2752 est
512 2694 570 2750 in
601 2694 810 2765 salute,
835 2692 1002 2766 nigra
1048 2693 1263 2749 dicitur
1299 2695 1399 2750 sed
1430 2694 1489 2749 in
1521 2700 1646 2751 atro
1677 2695 1866 2751 colore

208 2801 334 2842 non
368 2788 688 2856 permanet.
726 2784 925 2854 Itaque
977 2783 1230 2838 candida
1270 2784 1506 2855 quando
1537 2785 1608 2840 ad
1644 2786 1865 2857 majora

213 2872 546 2946 consurgit,
580 2876 790 2927 etcum
814 2873 886 2927 ab
908 2870 1233 2927 humilibus
1255 2871 1462 2945 incipit
1487 2873 1557 2928 ad
1586 2872 1705 2929 alta
1728 2891 1863 2930 con-

210 2962 519 3030 scendere,
555 2960 884 3032 diciturque
914 2960 986 3015 de
1015 2977 1119 3016 ea:
1155 2961 1285 3029 Quae
1314 2968 1395 3017 est
1422 2963 1655 3034 istaquae
1678 2979 1864 3020 ascen-

210 3051 303 3107 dit
331 3050 585 3107 dealbata
612 3050 677 3103 ⁸9.
710 3049 779 3104 Et
809 3066 925 3120 quo
960 3049 1332 3106 manifestius
1380 3050 1489 3106 hoc
1520 3052 1863 3124 mysterium

212 3139 612 3206 describatur,
644 3155 759 3193 non
782 3138 881 3206 ait,
910 3142 971 3193 ut
989 3138 1050 3194 in
1072 3139 1367 3211 plerisque
1386 3141 1704 3207 codicibus,
1729 3140 1866 3213 legi-

1968 1912 2062 1952 mo
2079 1894 2310 1951 dubitet
2330 1896 2558 1967 nigram
2579 1902 2845 1951 vocatam
2868 1911 2997 1951 esse
3019 1895 3359 1950 formosam.
3384 1893 3493 1960 Qui
3511 1909 3621 1949 nos

1967 2000 2196 2049 sumus,
2233 1988 2296 2039 ut
2324 2000 2748 2057 cognoscamus
2791 1984 2998 2049 Deum,
3047 1988 3113 2039 ut
3139 1982 3378 2039 Cantica
3407 1981 3622 2038 cantici

1968 2072 2372 2146 praedicamus,
2399 2077 2462 2127 ut
2487 2073 2560 2128 ab
2582 2071 2883 2145 [Ethiopiae
2905 2071 3143 2139 finibus,
3171 2076 3237 2128 ut
3258 2072 3331 2128 ab
3363 2074 3623 2127 extremo

1968 2165 2133 2218 terra:
2155 2161 2487 2217 venerimus
2509 2161 2857 2233 sapientiam
2879 2160 2997 2217 veri
3020 2161 3223 2216 audire
3244 2159 3575 2216 Salomonis
3596 2159 3625 2214 ‘t

1971 2249 2040 2305 Et
2066 2249 2301 2321 quando
2330 2248 2646 2305 Salvatoris
2693 2267 2802 2305 vox
2844 2248 3167 2304 intonantis
3211 2248 3487 2303 auditur:
3522 2249 3623 2303 Re-

1968 2341 2103 2411 gina
2133 2339 2319 2395 Austri
2371 2341 2546 2394 veniet
2590 2341 2654 2393 in
2685 2338 2983 2409 judicium,
3031 2342 3085 2393 et
3111 2336 3498 2393 condemnabit
3527 2336 3623 2394 ho-

1968 2430 2144 2483 mines
2175 2430 2546 2496 generationis
2578 2428 2760 2499 hujus,
2812 2428 2943 2498 quia
2990 2428 3138 2483 venit
3167 2444 3203 2481 a
3229 2427 3431 2497 ﬁnibus
3462 2434 3627 2483 terra?

1972 2517 2173 2573 audire
2201 2518 2534 2588 sapientiam
2562 2518 2891 2588 Salomonis,
2924 2520 2974 2573 et
3019 2532 3137 2572 ecce
3166 2515 3298 2588 plus
3327 2532 3493 2587 quam
3525 2515 3626 2571 Sa-

1972 2607 2154 2663 lomon
2183 2606 2273 2662 hic
2302 2608 2347 2642 ⁶⁶
2369 2625 2388 2661 .·
2419 2606 2556 2662 audi
2608 2606 2857 2679 mystica
2904 2623 3030 2677 quas
3080 2606 3372 2661 dicantur.
3408 2605 3626 2676 Regina

1972 2695 2171 2751 Austri
2205 2695 2362 2751 venit
2392 2713 2426 2751 a
2456 2694 2673 2750 finibus
2705 2700 2869 2751 terras
2901 2693 3177 2761 Ecclesia,
3201 2697 3259 2749 et
3275 2693 3629 2749 condemnat

1973 2783 2246 2841 homines
2277 2784 2671 2857 generationis
2701 2784 2901 2855 hujus.
2936 2784 2993 2839 id
3025 2783 3368 2839 estJudazos
3390 2781 3551 2838 carni
3571 2785 3630 2838 et

1974 2873 2250 2945 sanguini
2281 2873 2525 2929 deditos.
2563 2873 2738 2929 Venit
2766 2891 2799 2928 a
2831 2872 3047 2928 ﬁnibus
3099 2876 3266 2928 terrae
3299 2871 3502 2927 audire
3528 2887 3621 2927 sa-

1975 2960 2256 3033 pientiam
2290 2961 2639 3033 Salomonis,
2673 2977 2789 3016 non
2822 2960 2982 3016 illius
3012 2960 3112 3032 qui
3163 2960 3220 3015 in
3252 2960 3625 3015 Testamento

1974 3050 2166 3106 Veteri
2200 3051 2568 3123 prmdicatur,
2602 3050 2701 3106 sed
2726 3050 2905 3121 hujus
2925 3048 3023 3122 qui
3050 3050 3106 3104 in
3133 3048 3438 3121 Evangelio
3461 3048 3627 3104 Salo-

1978 3156 2151 3195 mone
2182 3143 2370 3209 major
2399 3145 2510 3196 est.
2543 3141 2714 3209 Nigra
2742 3156 2870 3194 sum
2898 3147 2948 3195 et
2974 3140 3237 3210 speciosa,
3259 3139 3402 3209 ﬁliae
3429 3139 3624 3194 Hieru-

209 3234 354 3287 tur:
388 3230 592 3285 Innixa
621 3243 787 3299 super
813 3209 1332 3298 fratruelemsuum,
1367 3229 1422 3284 id
1456 3238 1565 3298 est,
1588 3209 1865 3305 émo'c‘qpt-
1896 3209 1939 3275 (ἶ
1976 3230 2169 3294 salem,
2221 3232 2385 3297 nigra
2439 3230 2587 3285 velut
2641 3209 3009 3284 tabernacula
3058 3227 3248 3291 Cedar,
3292 3228 3535 3298 speciosa
3564 3229 3625 3281 ut

212 3318 420 3389 ζομένη
450 3316 541 3370 ἐπὶ
569 3315 659 3369 τὸν
695 3311 1017 3392 ἀδελφιδοῦν
1047 3314 1236 3385 αὐτῆς,
1269 3318 1370 3372 sed
1402 3317 1858 3393 ἐπιστηριζομὲνη

210 3405 297 3461 ἑνὶ
325 3425 387 3459 το
418 3404 615 3473 στῆθος
644 3402 807 3457 αὐτοῦ
845 3404 901 3459 id
932 3411 1043 3471 est,
1070 3421 1236 3477 super
1286 3410 1473 3476 pectus
1509 3408 1624 3478 ejus
1653 3424 1862 3463 recum-

210 3495 368 3562 bens,
402 3492 918 3567 signiﬁcanterque
948 3494 1020 3549 de
1053 3494 1251 3549 anima
1272 3511 1500 3565 sponsa:
1522 3499 1580 3550 et
1596 3511 1866 3552 sermone

211 3583 453 3651 dicitur,
485 3599 664 3654 super
692 3586 897 3654 pectus
917 3581 1078 3638 illius
1100 3583 1466 3650 recumbens,
1490 3584 1628 3656 quia
1650 3585 1865 3657 princi-

213 3671 354 3745 pale
380 3671 460 3727 ibi
488 3671 683 3727 cordis
713 3675 803 3727 est
827 3670 1035 3726 nostri.
1069 3671 1231 3727 Unde
1262 3688 1296 3725 a
1345 3672 1679 3729 carnalibus
1711 3690 1866 3730 rece-

218 3760 429 3816 dentes
444 3758 728 3833 spiritalia
748 3759 964 3815 sentire
982 3760 1284 3831 debemus,
1304 3765 1362 3815 et
1382 3760 1704 3833 intelligere
1722 3762 1869 3817 mul-

218 3851 284 3904 to
314 3846 524 3903 melius
552 3864 682 3903 esse
710 3848 795 3903 sic
825 3864 1043 3916 amare,
1093 3863 1272 3919 quam
1320 3866 1517 3905 amare
1564 3850 1865 3907 desistere.

212 3935 499 3993 Ascendit
521 3936 703 4009 igitur
732 3937 1079 3992 recumbens
1127 3954 1306 4009 super
1335 3944 1540 4009 pectus
1574 3940 1868 3997 fratruelis

215 4025 312 4082 sui
340 4042 354 4081 :
389 4028 447 4081 et
474 4041 602 4097 quae
636 4041 790 4080 nunc
822 4025 879 4079 in
912 4025 1146 4081 exordio
1178 4026 1389 4081 cantici
1424 4027 1590 4099 nigra
1612 4028 1865 4099 ponitur,

210 4115 277 4171 in
309 4112 678 4186 epithalamii
708 4113 822 4169 line
853 4114 924 4169 de
943 4131 1014 4169 ea
1029 4119 1336 4171 cantatur:
1364 4117 1497 4184 Quae
1515 4126 1594 4172 est
1626 4120 1730 4173 ista
1750 4136 1869 4189 qua:

207 4203 460 4260 ascendit
485 4203 743 4259 dealbata
770 4204 817 4239 ⁶⁰
834 4202 862 4257 ?
886 4202 1282 4260 Intelleximus
1306 4206 1598 4277 quomodo
1619 4210 1677 4262 et
1702 4207 1870 4281 nigra

206 4296 276 4349 et
301 4292 562 4349 formosa
591 4292 668 4349 sit
697 4308 934 4364 sponsa.
976 4292 1036 4348 Si
1087 4298 1286 4349 autem
1336 4298 1394 4349 et
1440 4300 1501 4350 tu
1536 4312 1648 4351 non
1679 4297 1869 4368 egeris

206 4380 648 4454 pmnitentiam,
679 4397 815 4437 cave
845 4398 917 4437 ne
948 4382 1147 4437 anima
1192 4387 1292 4438 tua
1339 4383 1506 4456 nigra
1556 4384 1784 4440 dicatur
1811 4390 1867 4441 et

203 4470 428 4541 turpis,
462 4474 520 4526 et
549 4468 769 4541 duplici
803 4469 1061 4526 fceditate
1090 4471 1385 4543 turperis:
1438 4472 1603 4545 nigra
1633 4476 1869 4545 propter

1972 3317 2149 3389 pelles
2180 3318 2506 3374 Salomonis.
2544 3320 2675 3389 Ipsa
2702 3334 2934 3388 quaque
2966 3316 3205 3372 nomina
3237 3332 3371 3370 cum
3394 3332 3624 3388 sponsae

1975 3405 2181 3463 decore
2203 3407 2574 3463 conveniunt.
2598 3407 2778 3462 Aiunt
2803 3406 3025 3462 Hebrmi
3046 3405 3230 3461 Cedar
3251 3403 3623 3476 interpretari

1973 3496 2267 3563 tenebras,
2304 3496 2469 3569 nigra
2497 3512 2629 3551 sum
2658 3512 2795 3568 ergo
2827 3499 2891 3550 ut
2921 3492 3303 3550 tabernacula
3330 3494 3532 3564 Cedar,
3561 3496 3628 3549 ut

1977 3583 2312 3655 Ethiopes;
2363 3588 2628 3656 speciosa
2669 3588 2735 3638 ut
2782 3582 2963 3653 pelles
3009 3580 3336 3636 Salomonis
3381 3598 3530 3651 quas
3559 3597 3627 3636 eo

1973 3676 2238 3745 tempore
2257 3672 2314 3727 in
2328 3670 2689 3728 tabernaculi
2708 3676 3050 3726 ornamento
3070 3668 3418 3741 composuit,
3434 3685 3629 3740 quan-

1977 3760 2052 3816 do
2082 3760 2371 3831 templum
2403 3775 2636 3816 summo
2669 3759 2863 3814 studio
2884 3763 2940 3814 et
2960 3758 3157 3813 labore
3180 3757 3496 3812 fabricatus
3518 3761 3627 3812 est.

1979 3849 2149 3905 Dives
2179 3848 2395 3920 quippe
2425 3847 2720 3917 Salomon,
2754 3853 2812 3902 et
2838 3847 2897 3902 in
2944 3846 3103 3901 omni
3157 3844 3447 3917 sapientia
3470 3844 3631 3900 illius

1979 3954 2151 3993 nemo
2187 3937 2482 4009 praecessit
2512 3935 2698 3991 illum.
2732 3937 2912 4005 Nigra
2958 3951 3079 3989 sum
3107 3936 3160 3989 ei
3187 3935 3448 4005 speciosa,
3491 3934 3631 4004 ﬁliae

1985 4027 2348 4093 Hierusalem,
2381 4030 2441 4081 ut
2469 4024 2831 4080 tabernacula
2876 4022 3067 4089 Cedar,
3098 4029 3160 4078 ut
3184 4023 3352 4094 pelles
3384 4022 3629 4079 Salomo-

1977 4116 2087 4171 nis.
2118 4120 2201 4172 Ne
2230 4115 2567 4170 intueamini
2594 4130 2700 4179 me,
2732 4115 2863 4185 quia
2891 4129 2985 4184 ego
3018 4128 3140 4166 sum
3169 4112 3481 4181 denigrata.
3516 4111 3624 4167 Sa-

1977 4204 2193 4261 tisfecit
2220 4204 2292 4260 de
2321 4203 2553 4276 nigrore
2583 4219 2711 4272 suo,
2745 4208 2803 4257 et
2830 4217 2935 4273 per
2963 4200 3369 4272 paenitentiam
3401 4199 3471 4254 ad
3504 4215 3624 4255 me-

1978 4293 2124 4349 liora
2148 4310 2425 4348 conversa
2472 4290 2786 4347 annuntiat
2831 4307 2894 4346 se
2937 4288 3168 4345 filiabus
3202 4288 3374 4343 Israel
3404 4287 3629 4359 nigram

1978 4382 2214 4454 quidem
2248 4398 2397 4446 esse,
2432 4380 2527 4436 sed
2567 4378 2893 4452 pulchram,
2929 4378 3251 4434 secundum
3275 4376 3429 4449 quod
3454 4392 3627 4448 supe-

1977 4470 2103 4527 rius
2133 4468 2536 4543 exposuimus,
2569 4472 2626 4523 et
2654 4467 2832 4522 dicit:
2866 4468 2943 4523 Ne
2986 4466 3323 4521 intueamini
3359 4480 3465 4530 me,
3498 4466 3630 4536 quia

202 4563 452 4632 peccata
483 4558 795 4631 praeterita,
820 4558 1013 4630 turpis
1061 4564 1298 4631 propter
1344 4559 1452 4615 hoc
1500 4560 1640 4632 quia
1669 4561 1727 4615 in
1757 4562 1867 4617 eis-
1900 4580 1944 4644 Ι)
1975 4574 2072 4630 ego
2102 4575 2225 4614 sum
2259 4559 2567 4628 denigrata.
2601 4556 2703 4627 Ne,
2754 4554 2964 4628 inquit,
3015 4551 3385 4644 admiremini
3417 4551 3630 4644 coloris

204 4647 349 4704 dem
381 4646 544 4703 vitiis
574 4662 935 4719 perseveras.
968 4646 1029 4702 Si
1059 4664 1194 4703 vero
1225 4647 1626 4720 pcenitentiam
1652 4650 1861 4722 egeris,

204 4736 385 4809 nigra
412 4735 526 4792 erit
554 4735 755 4792 anima
786 4740 890 4792 tua
922 4740 1155 4809 propter
1195 4737 1440 4809 antiqua
1469 4736 1697 4809 delicta,
1732 4755 1862 4810 pro-

200 4830 341 4899 pter
359 4824 759 4897 paenitentiam
775 4840 909 4880 vero
927 4824 1167 4881 habebit
1182 4825 1428 4897 aliquid,
1462 4831 1527 4881 ut
1547 4827 1628 4882 ita
1648 4827 1861 4897 dicam,

200 4912 527 4985 Ethiopici
560 4912 807 4968 decoris.
840 4913 910 4969 Et
939 4913 1079 4985 quia
1107 4913 1288 4970 semel
1322 4914 1650 4987 zEthiopem
1675 4914 1861 4970 nomi-

200 5000 367 5071 navi,
401 4998 530 5056 volo
562 5003 768 5055 testem
798 5000 1161 5072 Scriptorum
1194 5019 1372 5073 super
1397 5002 1555 5057 hunc
1584 5003 1864 5059 advocare

198 5104 569 5146 sermonem.
594 5090 778 5144 Aaron
800 5092 857 5144 et
879 5088 1063 5145 Maria
1083 5096 1458 5146 murmurant
1472 5090 1613 5162 quia
1635 5091 1862 5163 Moyses

194 5176 630 5250 Ethiopissam
688 5177 867 5233 habet
924 5195 1161 5234 uxorem
1216 5180 1281 5235 ⁸³,
1338 5180 1407 5235 Et
1444 5196 1600 5235 nunc
1633 5179 1862 5251 Moyses

191 5265 629 5338 Ethiopissam
660 5266 823 5322 ducit
853 5283 1090 5324 uxorem
1118 5285 1131 5324 :
1166 5268 1459 5340 siquidem
1507 5268 1598 5323 lex
1628 5268 1757 5338 ejus
1787 5270 1859 5324 ad

1974 4663 2103 4703 esse
2136 4663 2227 4702 me
2253 4646 2407 4715 tetri,
2442 4644 2528 4701 sol
2560 4645 2821 4715 despexit
2852 4660 2964 4701 me.
3008 4642 3185 4698 Pleno
3217 4642 3436 4715 quippe
3466 4642 3629 4697 radio

1972 4733 2034 4791 in
2062 4751 2153 4791 me
2182 4733 2427 4790 luminis
2456 4734 2548 4790 sui
2580 4732 2771 4805 fulgor
2798 4732 3010 4798 illuxit,
3044 4738 3109 4787 ut
3135 4732 3267 4802 ejus
3297 4730 3409 4786 sim
3435 4729 3629 4787 calore

1972 4824 2218 4879 fuscata.
2251 4823 2451 4894 Neque
2478 4821 2637 4877 enim
2667 4828 2732 4876 ut
2772 4821 3068 4886 decuerat,
3104 4825 3167 4874 ut
3197 4816 3340 4875 solis
3369 4816 3628 4890 dignitas

1971 4912 2298 4984 expetebat,
2331 4910 2491 4966 illius
2520 4910 2580 4965 in
2629 4926 2733 4983 me,
2768 4909 2965 4965 lumen
2997 4907 3193 4979 excepi
3234 4907 3349 4978 (12)
3378 4922 3391 4961 :
3423 4906 3627 4962 Delicta

1970 5018 2159 5059 eorum
2186 5002 2338 5057 salus
2379 5001 2633 5072 gentibus
2679 5002 2823 5071 farta
2865 5006 2942 5054 est
2972 5000 3015 5033 ⁶“¹
3040 5015 3062 5060 ;
3092 5000 3144 5052 et
3174 5013 3368 5052 rursus
3393 5014 3406 5052 :
3439 5000 3626 5053 Incre-

1968 5091 2202 5147 dulitale
2256 5091 2505 5159 gentium
2558 5089 2788 5144 scientia
2831 5088 3024 5143 Israel.
3070 5084 3259 5141 Habes
3305 5087 3627 5157 utrumque

1971 5180 2127 5253 apud
2157 5177 2524 5251 Apostolum.

2038 5271 2095 5323 7.
2127 5268 2293 5324 Vers.
2326 5270 2386 5324 6.
2430 5267 2563 5322 Filii
2595 5268 2790 5321 matris
2841 5280 2975 5320 mea:
3015 5270 3404 5337 pugnaverunt
3432 5262 3625 5319 adver-

277 5421 324 5455 ⁸⁹
347 5419 514 5476 Cant.
547 5434 669 5488 vm,
727 5419 783 5475 5.
844 5419 890 5454 ⁸ο
944 5419 1091 5475 Cant
1143 5436 1264 5475 VIII.
1294 5421 1353 5475 5.
1431 5422 1473 5455 ⁶¹
1506 5421 1678 5476 Num.
1712 5438 1812 5489 xu,
1844 5418 1898 5475 l.
1942 5418 2095 5477 Psal.
2130 5436 2300 5484 LXXII,
2361 5418 2452 5486 l0,
2510 5418 2555 5452 ⁸³
2621 5417 2770 5474 Psal.
2842 5434 3037 5486 vam,
3073 5417 3163 5473 31.
3228 5418 3274 5451 ⁶⁴
3304 5414 3510 5472 Matth.
3543 5431 3622 5471 1x.

189 5494 247 5530 “
283 5492 453 5548 Rom.
514 5506 596 5559 χι,
652 5489 741 5545 Η.
802 5490 847 5525 ⁸⁸
877 5489 1083 5546 Matth.
1117 5508 1216 5562 χιι,
1251 5492 1340 5547 tl.
1371 5491 1415 5526 ‘7
1448 5492 1614 5548 Rom.
1648 5510 1725 5563 x1,
1764 5493 1847 5548 tl.

356 5658 464 5731 (12)
495 5657 663 5727 Mss.,
696 5659 899 5731 excepi.
930 5657 1097 5715 Libb.
1138 5659 1301 5732 edit.,
1335 5662 1537 5732 accepi.
