4046 6162
554 322 710 393 UE!

1786 322 1852 390 8.
1894 320 2202 392 EUSEBII
2242 322 2710 394 HIERONYMI.

3718 324 3834 393 HN

546 480 673 520 sum
702 476 808 520 me.
849 459 1352 520 Considerandum
1401 461 1693 536 quomodo
1745 478 1961 535 sponsa
1992 460 2185 518 dicat:
2220 465 2267 529 Α
2299 462 2367 518 Et
2394 461 2534 535 quia
2563 462 2813 519 aliorum
2860 459 3139 521 erubesco
3191 464 3472 539 aspectus,
3496 457 3665 522 faciem
3687 478 3833 522 meam

546 553 687 611 Filii
743 553 941 609 matris
991 567 1124 608 mea
1187 557 1574 625 pugnaverunt
1631 551 1919 607 adversum
1974 566 2062 605 me
2092 575 2106 615 ς
2136 556 2193 605 et

547 643 784 715 quando
814 642 1090 699 adversus
1110 659 1237 697 eam
1264 643 1505 697 fratrum
1533 658 1729 714 pugna
1749 640 2023 696 surrexit.
2048 638 2191 694 Vide

548 731 793 788 Paulum
838 731 1106 787 Ecclesia;
1153 734 1605 803 persecutorem,
1638 735 1693 786 et
1723 728 2013 802 intelliges
2045 744 2187 799 quo-

547 821 717 877 modo
757 820 914 876 filius
946 820 1150 875 matris
1174 820 1301 890 ejus
1334 819 1676 891 pugnaverit
1705 819 2010 874 adversum
2036 832 2185 872 eam.

543 910 948 967 Persecutores
980 907 1246 964 Ecclesiae
1276 911 1520 980 egerunt
1549 906 1972 978 pmnitentiam,
2006 909 2062 959 et
2091 906 2188 959 ad-

538 998 779 1054 versarii
810 998 937 1068 ejus
960 1014 1192 1051 rursum
1216 997 1287 1052 ad
1311 996 1528 1052 sororis
1563 996 1733 1068 signa
1755 995 2015 1051 conservi
2040 1011 2182 1066 prm-

539 1088 879 1143 dicaverunt
902 1088 1073 1141 [idem
1107 1103 1284 1158 quam
1318 1092 1450 1141 ante
1482 1086 1882 1142 destruebant.
1916 1085 2035 1141 Hoc
2056 1100 2184 1157 pro-

536 1176 766 1249 phetico
798 1175 1009 1248 spiritu
1040 1193 1258 1247 sponsa
1302 1192 1458 1231 nunc
1489 1180 1751 1243 cantans,
1785 1176 1899 1230 ait:
1940 1175 2185 1229 Dimica-

536 1272 727 1320 verunt
782 1267 843 1319 in
895 1280 1003 1331 me,
1052 1267 1354 1336 posuerunt
1406 1280 1493 1319 me
1550 1264 1821 1319 custodem
1869 1264 1929 1317 in
1987 1263 2180 1317 vineis.

536 1355 760 1409 Vineam
812 1370 995 1409 meum
1050 1371 1161 1410 non
1214 1353 1503 1409 custodivi.
1567 1355 1681 1425 Ego
1742 1351 2014 1421 Ecclesia,
2075 1368 2182 1424 ego

530 1460 769 1515 sponsa,
803 1460 908 1515 ego
941 1443 1068 1499 sine
1102 1442 1350 1510 macula,
1383 1442 1769 1514 plurimarum
1819 1444 2015 1496 custos
2046 1456 2179 1495 sum

532 1532 722 1604 posita
748 1532 1051 1588 vinearum
1084 1550 1117 1588 a
1149 1532 1285 1587 filiis
1316 1531 1520 1587 matris
1547 1548 1710 1596 meae,
1742 1530 1839 1602 qui
1864 1535 2066 1585 contra
2089 1545 2181 1585 me

529 1619 845 1691 aliquando
878 1625 1298 1693 pugnaverant.
1332 1623 1456 1686 Qua
1504 1620 1893 1675 sollicitudine
1924 1635 2181 1690 curaque

528 1708 818 1777 districta,
838 1710 979 1764 dum
997 1709 1091 1780 plu
1103 1709 1468 1764 rescustodio
1490 1709 1708 1776 vineas,
1734 1708 1962 1763 vineam
1988 1723 2178 1763 meam

530 1812 644 1852 non
677 1797 917 1853 servavi.
953 1796 1213 1869 Intelligo
1246 1797 1352 1852 hoc
1381 1798 1451 1852 de
1485 1797 1680 1867 Paulo,
1705 1796 1897 1852 etalio
1921 1813 2178 1868 quocun-

529 1902 642 1957 que
663 1890 1023 1954 sanctorum,
1043 1886 1143 1957 qui
1166 1902 1269 1958 pro
1292 1886 1552 1941 omnium
1569 1884 1844 1941 sitsalute
1860 1884 2174 1952 sollicitus;

526 1980 584 2029 et
613 1974 837 2030 videbis
868 1975 1160 2046 quomodo
1190 1974 1416 2029 vineam
1468 1991 1635 2029 suam
1669 1991 1781 2029 non
1815 1974 2174 2039 custodiens,

527 2062 776 2120 aliorum
809 2064 1001 2119 vineta
1030 2063 1321 2119 custodiat
1341 2081 1360 2125 .·
1404 2064 1696 2135 quomodo
1728 2063 1901 2119 etiam
1937 2067 1999 2117 ut
2030 2061 2175 2117 alios

528 2150 873 2219 lucrifaciat,
923 2151 1047 2223 ipse
1094 2153 1153 2207 in
1199 2151 1550 2223 quibusdem
1601 2154 1818 2206 damna
1847 2150 2172 2207 sustineat:

526 2241 740 2296 etenim
773 2258 906 2296 cum
940 2240 1113 2296 fuerit
1144 2240 1290 2295 liber
1331 2258 1398 2296 ex
1428 2239 1722 2306 omnibus,
1756 2240 2015 2311 seipsum
2050 2256 2173 2294 ser-

527 2349 665 2387 vum
701 2331 851 2399 fecit,
887 2337 953 2386 ut
981 2348 1186 2387 omnes
1239 2331 1643 2387 lucrifaceret:
1693 2332 1886 2386 Factus
1913 2347 2053 2395 sum,
2086 2329 2173 2384 in-

526 2419 672 2493 quit,
723 2421 977 2491 in/irmus
1030 2422 1290 2490 inﬁrmis,
1339 2421 1543 2476 Juda‘is
1565 2420 1804 2484 Judazus,
1838 2421 1927 2475 his
1954 2422 2050 2491 qui
2076 2420 2174 2473 sub

529 2510 649 2581 lege
692 2519 869 2578 erant,
931 2512 1088 2581 quasi
1128 2512 1228 2566 sub
1271 2513 1388 2578 lege
1410 2511 1474 2575 ⁸⁸,
1506 2514 1562 2565 et
1590 2514 1827 2575 caetera;
1861 2510 2169 2580 dicatque:

528 2601 753 2655 Vineam
781 2616 958 2656 meum
989 2615 1098 2655 non
1128 2598 1410 2655 custodivi.
1445 2597 1661 2653 Deinde
1691 2597 1975 2670 conspicit
1998 2613 2174 2668 spon-

526 2705 682 2757 sum,
713 2689 811 2759 qui
844 2693 1190 2759 conspectus
1221 2688 1503 2744 abscedit.
1534 2688 1605 2742 Et
1632 2688 1964 2758 frequenter
1984 2686 2090 2743 hoc
2115 2688 2172 2741 in

529 2781 650 2833 toto
680 2777 938 2833 carmine
989 2777 1145 2843 facit,
1196 2777 1350 2848 quod
1402 2776 1514 2831 nisi
1566 2775 1698 2846 quis
1744 2776 1866 2847 ipse
1896 2775 2170 2847 patiatur,

527 2883 643 2922 non
686 2871 875 2940 potest
904 2864 1246 2937 intelligere.
1281 2866 1461 2937 Saepe,
1496 2865 1650 2920 Deus
1678 2864 1843 2920 testis
1864 2867 1975 2930 est,
1998 2881 2172 2934 spon-

525 2974 659 3013 sum
679 2956 820 3011 mibi
847 2957 1155 3011 adventare
1179 2954 1473 3025 conspexi,
1497 2958 1554 3009 et
1575 2970 1803 3008 mecum
1827 2970 1954 3009 esse
1973 2970 2174 3025 quam-

525 3044 847 3117 plurimum
874 3063 888 3113 ;
922 3062 1036 3116 quo
1067 3043 1262 3100 subito
1294 3043 1613 3107 recedente,
1650 3043 1908 3098 invenire
1927 3060 2042 3098 non
2070 3059 2172 3113 po-

523 3135 606 3189 tui
639 3135 794 3205 quod
844 3134 1198 3205 quaerebam.
1251 3132 1473 3187 Rursus
1520 3131 1701 3202 igitur
1747 3132 2014 3187 desidero
2044 3133 2173 3201 ejus

2301 554 2476 623 atque
2542 568 2644 608 ora
2701 569 2835 609 mox
2889 559 3196 627 contegere
3255 552 3478 625 incipio.
3525 553 3644 610 Sum
3678 552 3840 627 quippe

2299 656 2519 712 sponsa
2575 640 2853 708 formosa,
2911 649 2969 697 et
3023 641 3156 697 aliis
3214 643 3426 697 nudam
3479 642 3654 697 faciem
3699 634 3838 698 meum

2302 745 2415 784 non
2440 730 2826 797 ostendo,nisi
2861 730 2965 785 tibi
2998 730 3106 787 soli
3130 748 3301 803 quem
3326 731 3843 803 jampridemdeoscu-

2298 817 2417 872 lata
2446 834 2600 874 sum.
2664 821 2952 875 Annuntia
2995 820 3140 875 mihi
3168 836 3328 891 quem
3355 821 3537 875 dilexit
3561 822 3719 875 anima
3742 836 3841 887 nua,

2295 906 2391 971 ubi
2414 910 2614 978 pascis,
2648 908 2743 962 ubi
2773 911 2935 963 cubas
2966 910 3023 963 in
3055 909 3305 978 meridie,
3337 910 3601 980 nequando
3622 908 3845 977 ﬁamsicul

2293 1005 2540 1067 cooperta
2569 1013 2733 1068 super
2761 1014 2947 1069 greges
2991 999 3267 1054 sodalium
3310 1006 3537 1054 tuorum.
3567 998 3631 1052 Ut
3655 998 3745 1053 ista
3766 1014 3842 1053 non

2295 1084 2501 1156 patiar,
2538 1090 2602 1141 ut
2632 1103 2745 1141 non
2777 1087 2915 1141 {iam
2945 1093 3237 1159 cooperta,
3264 1092 3330 1142 ut
3359 1104 3456 1142 ora
3476 1103 3579 1141 non
3595 1094 3843 1157 conlegam,

2294 1178 2351 1229 et
2379 1174 2451 1229 ad
2482 1174 2628 1231 alios
2667 1192 2855 1247 usque
2886 1177 3247 1248 perveniens,
3281 1175 3548 1248 incipiam
3596 1174 3790 1231 forsitan
3810 1178 3845 1229 et

2293 1279 2391 1319 eos
2420 1280 2619 1319 amare
2648 1281 2793 1334 quos
2825 1265 3020 1320 nescio
3047 1282 3060 1332 ;
3093 1264 3307 1320 idcirco
3352 1262 3617 1318 annuntia
3643 1261 3759 1317 mihi
3780 1260 3846 1315 ubi

2292 1356 2349 1408 te
2379 1369 2633 1425 quaeram
2665 1358 2722 1409 et
2749 1353 3042 1410 inveniam
3073 1353 3131 1409 in
3183 1352 3441 1418 meridie,
3502 1369 3566 1408 ne
3611 1352 3732 1406 forte
3755 1351 3848 1405 tiam

2292 1441 2460 1514 quasi
2491 1446 2761 1513 cooperta
2790 1459 2968 1515 super
2996 1457 3203 1515 greges
3233 1440 3521 1497 soladium
3548 1445 3766 1496 tuorum.

2360 1531 2414 1585 9.
2484 1530 2743 1587 Posthaac
2784 1532 2959 1588 verba
3006 1547 3262 1603 sponsus
3303 1531 3356 1586 ei
3386 1530 3798 1586 communicatur
3816 1534 3850 1581 et

2289 1618 2465 1675 dicit:
2499 1625 2617 1675 Aut
2645 1637 2928 1692 cognosce
2983 1620 3355 1692 temetipsum
3390 1620 3648 1690 quoniam
3674 1617 3850 1687 regiae:

2289 1725 2525 1779 sponsa,
2559 1714 2617 1765 et
2644 1709 2918 1779 formosa,
2946 1714 3002 1764 et
3032 1726 3065 1763 a
3096 1724 3189 1763 me
3236 1709 3390 1763 facta
3430 1708 3693 1772 formosa;
3721 1703 3851 1774 siqui-

2287 1798 2420 1853 dem
2469 1814 2575 1869 ego
2623 1797 2767 1853 mihi
2810 1796 3048 1853 exhibui
3095 1797 3414 1868 gloriosam
3444 1794 3745 1863 Ecclesium,
3774 1808 3852 1847 non

2285 1885 2598 1942 habentem
2630 1886 2945 1954 maculam,
2978 1903 3167 1957 neque
3192 1901 3400 1958 rugam
3430 1886 3492 1939 5°.
3525 1885 3590 1939 Et
3608 1880 3854 1952 scito,quia

2286 1974 2332 2031 si
2366 1978 2422 2031 te
2447 1993 2561 2031 non
2583 1975 2941 2048 cognoveris,
2965 1979 3022 2030 et
3045 1979 3203 2029 luam
3228 1974 3431 2030 scieris
3453 1972 3853 2045 dignitatem,pa-

2286 2063 2447 2120 tieris
2514 2064 2635 2120 bzec
2688 2082 2814 2136 quae
2863 2069 3216 2136 sequuntur.
3275 2065 3550 2128 Quaenam
3597 2061 3698 2116 ista
3728 2056 3853 2114 sunt?

2283 2154 2467 2227 (Vers.
2503 2154 2582 2226 8.)
2614 2154 2673 2208 Si
2701 2170 2806 2209 non
2839 2155 3149 2224 cognoveris
3182 2154 3542 2224 temetipsum,
3573 2147 3853 2222 opulchrain

2283 2244 2631 2309 mulieribus,
2662 2244 2926 2311 egredere
2954 2247 3013 2297 tu
3046 2244 3101 2297 in
3136 2243 3379 2311 vestigiis
3424 2256 3656 2312 gregum,
3681 2240 3724 2293 et
3744 2246 3855 2308 pum

2285 2349 2401 2388 non
2431 2349 2637 2405 greges
2673 2333 2891 2401 ovium,
2944 2348 3061 2387 non
3120 2346 3430 2403 agnorum,
3482 2331 3578 2385 sed
3611 2328 3856 2382 hzdosluo:

2285 2422 2510 2477 Statuet
2536 2420 2756 2493 quippe
2787 2437 2922 2476 oves
2951 2437 2985 2475 a
3014 2420 3253 2485 dextris,
3285 2424 3345 2474 et
3376 2438 3411 2474 ιι
3439 2416 3681 2474 sinistris
3700 2414 3856 2469 haedos.

2283 2512 2344 2567 Si
2371 2527 2482 2566 non
2509 2512 2824 2579 coynoveris
2853 2511 3212 2580 temetipsum,
3257 2525 3287 2564 ο
3331 2508 3565 2578 pulchra
3594 2509 3647 2561 in
3673 2503 3860 2559 mulieri-

2284 2601 2458 2666 ribus,
2489 2600 2746 2668 egredere
2774 2604 2835 2655 tu
2861 2601 2919 2654 in
2950 2599 3195 2666 vestigiis
3222 2613 3474 2669 gregum,
3506 2600 3557 2651 et
3580 2609 3723 2666 pasce
3736 2589 3860 2645 haedo:

2282 2694 2405 2744 (uos
2434 2690 2493 2743 in
2524 2688 2893 2743 tabernaculis
2919 2695 3225 2758 pastorum.
3282 2686 3346 2742 In
3403 2683 3677 2757 vestigiis,
3705 2678 3859 2751 inquit.

2285 2782 2582 2849 pastorum
2615 2776 2934 2831 novissima
2963 2778 3088 2846 fies,
3123 2784 3243 2830 non
3268 2775 3427 2830 inter
3469 2790 3620 2837 oves,
3646 2771 3731 2827 sed
3756 2769 3860 2822 inter

2283 2866 2481 2923 haedos
2510 2872 2664 2936 tuos,
2694 2883 2830 2920 cum
2861 2866 3076 2937 quibus
3125 2865 3401 2919 habitans
3424 2880 3539 2919 non
3569 2850 3758 2934 poteris
3781 2871 3861 2911 me-

2282 2973 2440 3022 cum,
2472 2955 2523 3010 id
2557 2960 2649 3011 est
2677 2971 2807 3010 cum
2832 2955 2984 3010 bono
3020 2958 3248 3024 pastore
3276 2969 3428 3008 esse.

2355 3048 2441 3100 10.
2476 3044 2641 3099 Vers.
2681 3046 2739 3099 9.
2780 3046 3061 3115 Equitatui
3096 3058 3217 3097 meo
3249 3045 3307 3096 in
3337 3042 3594 3097 curribus
3623 3034 3863 3094 Pharaoni:

2279 3135 2588 3190 assimilavi
2615 3140 2688 3203 te,
2720 3136 2903 3188 amica
2931 3149 3070 3187 mea.
3102 3131 3160 3187 Si
3193 3132 3281 3187 vis
3304 3130 3862 3203 intelligere,osponsa.
3962 3136 3963 3195 ἦ

523 3222 860 3288 adventum,
905 3227 964 3276 et
1010 3236 1431 3290 nonnunquam
1480 3218 1690 3275 iterum
1731 3219 1925 3282 venit;
1953 3223 2171 3274 etcum
2204 3214 2247 3280 C
2284 3222 2575 3293 quomodo
2604 3220 2752 3275 scire
2783 3224 2838 3275 te
2869 3221 3103 3285 debeas,
3144 3234 3432 3290 cognosce
3475 3218 3568 3273 cui
3610 3223 3661 3272 te
3687 3226 3862 3283 compa-
3962 3240 3963 3243 η

520 3309 873 3381 apparuerit,
906 3308 1170 3380 meisque
1201 3308 1475 3363 manibus
1498 3307 1669 3363 fuerit
1690 3309 2170 3380 comprehensus,

523 3413 759 3453 rursum
808 3396 1078 3463 elabitur,
1119 3401 1176 3452 et
1210 3413 1345 3451 cum
1378 3397 1550 3452 fuerit
1579 3397 1837 3469 elapsus,
1871 3415 2106 3453 rursum
2138 3414 2170 3452 a

526 3503 619 3542 me
648 3486 988 3558 inquiritur,
1020 3490 1076 3541 et
1104 3484 1213 3541 hoc
1244 3485 1446 3541 crebro
1469 3485 1623 3549 facit,
1647 3487 1830 3542 donec
1854 3485 2019 3541 illum
2043 3502 2171 3541 vero

524 3580 774 3643 teneam,
805 3579 863 3632 et
891 3575 1199 3631 ascendam
1235 3573 1437 3629 innixa
1475 3574 1590 3646 (l3)
1623 3590 1799 3647 super
1834 3574 2169 3630 fratruelem

524 3682 749 3723 meum.

532 3802 537 3805 .
598 3755 883 3812 bII-18
915 3757 969 3810 8.
1001 3754 1163 3810 Vers.
1194 3755 1250 3808 7.
1279 3754 1564 3809 Annuntiu
1611 3754 1755 3808 mihi
1791 3768 1948 3825 quem
1975 3752 2172 3808 dilexit

522 3847 718 3901 anima
746 3860 886 3911 mea,
918 3845 1016 3899 ubi
1059 3846 1258 3915 pascis,
1306 3844 1404 3898 ubi
1447 3843 1612 3898 cubas
1660 3844 1720 3897 in
1761 3842 2013 3897 meridie.
2047 3842 2171 3897 Non

523 3951 719 4005 quaero
736 3932 846 3989 alia
865 3934 1385 4005 tempora,quando
1404 3948 1700 4003 vespere,q
1712 3931 1900 3986 uando
1913 3931 2172 3985 diluculo

524 4022 758 4093 quando
789 4020 847 4074 in
879 4019 1021 4075 solis
1050 4019 1236 4090 pascis
1266 4020 1532 4074 occubitu
1561 4036 1574 4086 ;
1630 4018 1771 4072 illud
1818 4023 2049 4089 tempus
2082 4034 2171 4071 in-

525 4112 716 4184 quiro,
751 4109 985 4181 quando
1018 4108 1257 4163 ﬂorente
1304 4107 1418 4173 die,
1467 4107 1700 4179 quando
1752 4105 1924 4177 plena
1954 4105 2082 4161 luce
2114 4105 2171 4160 in

528 4199 854 4272 majestatis
884 4203 997 4253 tum
1048 4196 1357 4268 splendore
1399 4195 1669 4251 versaris.
1720 4197 2003 4250 Annumia
2033 4194 2177 4250 mihi

525 4305 684 4361 quem
712 4288 914 4343 dilexit
960 4287 1148 4341 anima
1193 4301 1339 4350 mea,
1391 4285 1487 4339 ubi
1526 4285 1725 4355 pascis,
1777 4283 1873 4338 ubi
1918 4285 2085 4338 rubas
2115 4285 2173 4338 in

524 4378 778 4434 meridie.
810 4374 1132 4446 Diligenter
1175 4374 1418 4430 observa
1465 4374 1566 4429 ubi
1607 4372 1908 4427 meridiem
1944 4372 2172 4440 legeris.

529 4468 700 4539 Apud
729 4463 947 4537 Joseph
981 4464 1222 4518 meridie
1255 4465 1464 4517 fratres
1514 4462 1827 4533 prandium
1860 4461 2174 4517 celebrant.

2280 3308 2549 3374 raverim,
2581 3313 2641 3363 et
2667 3311 2805 3362 tunc
2834 3308 3058 3363 videbis
3087 3306 3263 3362 talem
3295 3311 3351 3361 te
3381 3323 3515 3363 esse
3555 3322 3672 3377 qua:
3698 3296 3864 3358 turbari

2280 3413 2395 3452 non
2426 3397 2660 3463 debeas,
2695 3413 2829 3452 cum
2882 3402 3043 3450 tuam
3092 3394 3347 3467 speciem
3399 3391 3738 3468 cognoveris.
3762 3386 3864 3467 Quid

2279 3491 2370 3542 est
2396 3485 2610 3558 igitur:
2644 3485 2930 3556 Equitatui
2952 3500 3070 3539 meo
3112 3485 3169 3538 in
3213 3485 3475 3539 curribus
3505 3480 3783 3539 Pharaoni:
3807 3492 3868 3529 αε-

2277 3575 2525 3631 similavi
2554 3574 2651 3630 te?
2694 3573 2826 3629 Seio
2875 3573 3149 3644 equidem
3195 3587 3483 3642 sponsum
3534 3569 3786 3644 propheta
3808 3564 3866 3618 di-
3962 3564 3963 3644 ξ

2280 3669 2483 3720 cente:
2519 3665 2580 3717 Et
2610 3664 2873 3734 equilatio
2900 3662 3016 3733 ejus
3044 3662 3195 3716 salus
3222 3662 3280 3715 ⁷ο.
3333 3660 3673 3717 Assimilata
3697 3674 3750 3712 es
3773 3667 3867 3722 ergo

2280 3753 2564 3825 equitatui
2590 3769 2720 3807 meo
2752 3752 2808 3805 in
2839 3751 3110 3806 curribus
3134 3750 3474 3806 Pharaonis.
3500 3752 3769 3815 Quantum
3792 3742 3897 3795 dit--

2281 3842 2366 3898 fer
2392 3841 2691 3914 equitatus
2722 3856 2892 3895 meus
2938 3839 3039 3909 qui
3067 3855 3198 3894 sum
3230 3838 3543 3905 Dominus,
3574 3844 3631 3893 et
3656 3837 3868 3901 demergo

2279 3931 2339 3986 in
2364 3930 2639 3985 ﬂuctibus
2661 3928 3045 3996 Pharaonem,
3069 3932 3126 3982 et
3146 3925 3420 3982 cristatus
3444 3926 3532 3982 vel
3553 3928 3766 3997 aurigas
3790 3920 3868 3987 (lbi

2281 4021 2412 4089 ejus
2441 4024 2499 4074 et
2526 4034 2866 4074 ascensores
2930 4018 3058 4087 ejus
3121 4022 3177 4071 et
3223 4032 3411 4086 equos
3442 4021 3500 4071 et
3529 4031 3725 4072 currus
3750 4011 3871 4082 ejus:

2283 4113 2590 4180 quantum,
2626 4107 2891 4177 inquam,
2925 4106 3119 4160 differt
3148 4104 3451 4176 equitatus
3485 4121 3646 4160 meus
3674 4104 3738 4158 ab
3754 4096 3875 4169 equis
3962 4132 3963 4135 η

2284 4195 2626 4261 Pharaonis,
2686 4200 2846 4249 tanto
2901 4192 3112 4249 meliur
3168 4209 3230 4249 es
3280 4193 3562 4249 omnibus
3592 4190 3797 4248 ﬁliabus
3819 4190 3877 4247 tu.

2284 4303 2519 4359 sponsa,
2554 4290 2613 4339 tu
2650 4283 3048 4340 ecclesiastica
3077 4282 3294 4343 anima.
3328 4283 3610 4339 omnibus
3631 4276 3878 4336 animabus
3962 4322 3963 4325 η

2284 4391 2414 4446 quae
2459 4390 2571 4429 non
2625 4377 2763 4428 sunt
2792 4371 3218 4427 ecclesiasticae.
3250 4371 3438 4443 Igitur
3469 4372 3517 4427 si
3550 4362 3881 4426 ecclesiastica
3962 4364 3963 4371 ‘

2286 4464 2486 4519 anima
2516 4479 2600 4526 es,
2633 4461 2911 4517 omnibus
2942 4460 3255 4515 animabus
3285 4477 3349 4515 es
3386 4460 3629 4516 melior:
3660 4458 3705 4513 si
3733 4462 3880 4511 nones
3962 4496 3963 4499 η

527 4555 727 4627 Angcli
777 4553 1020 4609 meridie
1066 4552 1306 4608 Abrahae
1355 4550 1763 4622 suscipiuntur
1813 4551 2088 4622 hospitio,
2122 4557 2180 4607 et
2210 4583 2254 4647 ο
2294 4549 2518 4619 melior,
2551 4566 2665 4604 non
2706 4565 2769 4604 es
2797 4546 3215 4603 ecclesiastica.
3266 4549 3561 4619 Equitatui
3584 4560 3694 4601 meo
3722 4545 3881 4647 inpii“

528 4648 738 4700 caetera
766 4641 1127 4698 istiusmodi.
1172 4640 1393 4708 Quaere,
1443 4644 1501 4695 et
1529 4639 1788 4695 invenies
1817 4640 2177 4711 Scripturam

529 4732 786 4789 divinam
827 4748 942 4785 non
993 4732 1209 4785 frustra
1255 4745 1358 4784 seu
1409 4727 1650 4783 fortuita
1698 4744 2195 4807 unumquemque:

528 4832 814 4894 usurpare
844 4835 1195 4876 sermonem.
1229 4818 1370 4883 Quis
1399 4821 1576 4888 putas
1603 4820 1690 4870 est
1722 4815 1936 4887 dignus
1956 4834 1986 4871 e
2010 4786 2179 4887 [loliis

527 4918 595 4969 ut
623 4914 693 4967 ad
730 4909 1032 4967 meridiem
1067 4923 1252 4979 usque
1284 4904 1599 4978 perveniat,
1648 4909 1706 4959 ct
1747 4903 1939 4960 videat
1962 4906 2059 4960 ubi
2086 4924 2178 4976 pa-

531 5006 674 5071 scat,
708 5001 836 5057 ubit
865 4999 1038 5055 cubet
1068 5013 1321 5069 sponsus
1341 4995 1369 5050 ?
1392 4995 1676 5049 Annuntiu
1697 4995 1837 5049 mihi
1856 5010 2013 5064 quem
2034 4984 2176 5049 dile-

528 5092 614 5143 xit
642 5092 834 5146 anima
888 5104 1029 5155 mea,
1090 5087 1186 5142 ubi
1235 5085 1433 5158 pascis,
1491 5084 1588 5138 ubi
1640 5082 1807 5137 cubas
1833 5084 1890 5137 in
1921 5082 2174 5139 meridie.

532 5176 655 5231 Nisi
684 5179 841 5233 enim
874 5183 935 5233 tu
963 5176 1103 5232 mihi
1128 5173 1590 5239 annuntiaveris,
1613 5171 1828 5243 incipio
1849 5172 2181 5227 errabunda

529 5263 758 5332 jactari,
789 5270 847 5321 et
875 5267 1016 5323 dum
1039 5271 1095 5321 te
1114 5280 1330 5338 quaero,
1354 5262 1413 5317 in
1439 5261 1686 5318 aliorum
1712 5276 1917 5331 greges
1943 5260 2177 5318 incurro

2285 4638 2435 4693 ribus
2465 4638 2779 4692 Pharaonis
2808 4636 3129 4692 assimilan
3158 4638 3232 4702 te,
3268 4636 3532 4707 proxima
3558 4650 3694 4689 mea.
3718 4624 3881 4687 Deinde

2285 4724 2785 4799 pulchritudinem
2820 4741 3050 4796 sponsa:
3096 4724 3348 4796 spiritali
3397 4739 3599 4779 amore
3641 4712 3875 4777 describit.

2284 4815 2473 4885 (Vers.
2537 4813 2648 4885 l0.)
2707 4812 2872 4869 Genu:
2929 4817 3036 4867 tuae
3090 4819 3150 4867 ut
3205 4815 3467 4868 turturis.
3530 4811 3740 4867 Faciem
3768 4803 3880 4861 illius

2285 4904 2506 4972 laudat,
2526 4908 2579 4958 et
2591 4919 2894 4974 genarum,
2913 4902 3122 4957 rubore
3136 4900 3658 4971 suceenditurUS).
3676 4886 3878 4950 Pulchri

2285 4994 2428 5049 tudo
2459 4992 2677 5064 quippe
2708 4990 3023 5045 mulierum
3054 4990 3114 5045 in
3156 4991 3324 5062 genis
3346 4991 3563 5045 dicitur
3581 5004 3702 5045 esse
3719 4993 3880 5056 quam-

2286 5082 2560 5156 plurima.
2586 5083 2669 5136 Ita
2686 5084 2743 5136 et
2767 5096 2873 5134 nos
2895 5078 3396 5151 pulchritudinem
3419 5079 3627 5133 animas
3647 5068 3879 5156 intelliga-

2289 5151 2421 5227 mus
2453 5171 2512 5225 in
2544 5168 2730 5242 genis.
2768 5168 2945 5223 Labio
2979 5182 3113 5222 vero
3164 5168 3314 5237 ejus,
3345 5172 3401 5222 et
3430 5166 3686 5238 linguam
3713 5151 3880 5242 intelli:

2288 5237 2576 5332 gentiam“
2606 5256 2998 5329 praedicimus.
3060 5255 3275 5311 Collum
3331 5260 3491 5310 tuum
3525 5237 3583 5308 ut
3608 5248 3803 5307 monile.
3830 5237 3881 5293 υι

603 5378 647 5411 ³⁸
680 5378 701 5434 Ι
731 5380 859 5434 Cor.
896 5394 978 5445 Ix,
1012 5382 1100 5435 20.
1134 5382 1226 5451 21,
1256 5383 1346 5450 22,
1377 5379 1423 5413 ⁶⁹
1453 5376 1599 5448 Eph.
1632 5391 1687 5442 v,
1720 5378 1811 5431 27.
1859 5376 2103 5431 7°Abac.
2128 5394 2214 5444 ιιι,
2244 5377 2300 5431 8.

570 5506 573 5509 ’
605 5503 716 5644 ἓΙΒ)
749 5502 912 5567 Mss.,
944 5504 1163 5558 innixa.
1197 5505 1361 5559 Libb.
1396 5504 1559 5568 edit.,
1605 5504 1859 5556 innixus.

636 5574 723 5642 14)
758 5573 846 5629 Vel
884 5576 1129 5643 aurigas.
1164 5576 1463 5630 Omittitur
1515 5575 1577 5630 in
1608 5573 1749 5627 libb.
1784 5573 1849 5628 ed

608 5572 723 5655 (lii)
758 5573 846 5629 Vel
884 5576 1129 5643 aurigas.
1164 5576 1463 5630 Omittitur
1515 5575 1577 5630 in
1608 5573 1749 5627 libb.
1784 5572 1977 5638 editis,
2010 5573 2183 5629 resti-

534 5650 723 5707 tuitur
752 5661 783 5701 e
814 5660 958 5699 mss.

2364 5500 2479 5571 (15)
2530 5499 2718 5554 Codex
2776 5495 3100 5565 Beccensis,
3166 5496 3538 5553 succenditur.
3599 5479 3871 5549 Libb.edii.

2290 5571 2674 5645 profunditur.
