4068 6174
204 360 366 420 “85

1086 350 1581 422 TRANSLATIO'
1624 347 1896 421 HOMIL.
1937 356 2253 423 omcsN.
2299 363 2376 422 IN
2423 356 2730 426 CANTIC.

3457 364 3611 433 ΗΕΒ

197 494 618 548 ornamentum
649 490 805 562 quod
837 481 988 546 solet
1014 489 1312 563 virginum
1333 491 1481 548 collo
1503 493 1775 564 pendere,
1795 495 1854 548 et
1877 492 1934 560 Α
1962 494 2208 550 recubitu
2237 512 2334 551 suo
2363 500 2476 565 est;
2509 497 2591 552 ait
2655 498 2826 569 (vers.
2856 498 2943 571 12)
2969 517 2981 555 :
3030 501 3245 557 Nardus
3300 520 3425 559 mea
3461 504 3611 587 dedit

194 583 581 652 nuncupatur
610 577 895 654 ὁρμίσκος,
954 578 1036 634 ita
1055 579 1182 635 sine
1207 580 1315 636 hoc
1344 581 1548 637 decore
1578 584 1635 637 et
1682 585 1851 637 tuum

196 671 401 743 ipsum
433 668 649 724 collum
672 672 760 723 est
778 672 1208 724 ornamentum.
1236 669 1493 724 Posthaec
1518 670 1578 723 tit
1598 686 1854 741 sponsus

195 761 261 815 in
293 757 583 814 recubitu.
618 756 921 829 Requievit
950 762 1016 813 ut
1043 757 1153 827 leo,
1187 762 1253 812 ut
1280 757 1513 813 catulus
1546 758 1729 814 leonis
1745 760 1851 814 ob-

194 846 504 913 dormivit,
539 850 602 901 ut
632 847 909 918 deinceps
934 846 1120 918 possit
1141 847 1342 902 audire
1369 864 1382 902 :
1408 848 1543 915 Quis
1569 848 1853 902 suseitabit

197 953 328 993 eum
352 933 445 990 7‘?
475 937 597 1000 Quo
623 933 860 989 interim
927 934 1253 990 dormiente
1295 940 1580 1006 apparent
1622 953 1850 1008 sponsas

200 1026 405 1099 sponsi
438 1023 672 1078 solades
703 1023 916 1094 angeli,
950 1027 1006 1077 et
1035 1023 1129 1078 his
1158 1040 1285 1078 eam
1318 1024 1690 1079 sermonibus
1721 1041 1853 1079 con-

196 1115 491 1171 solantur.
524 1112 640 1167 Nos
670 1112 776 1165 tibi
800 1128 977 1166 aurea
1002 1116 1349 1167 ornamenta
1379 1112 1565 1167 facere
1586 1129 1701 1167 non
1727 1130 1853 1184 pos-

196 1219 412 1259 sumus
440 1220 453 1260 :
486 1218 598 1256 non
632 1199 788 1255 enim
816 1204 935 1255 tam
966 1200 1179 1256 divites
1211 1217 1419 1256 sumus
1483 1205 1547 1254 ut
1596 1218 1851 1272 sponsus

206 1298 367 1359 tuus,
400 1290 500 1362 qui
533 1305 778 1344 aureum
812 1289 916 1342 tibi
950 1288 1166 1344 monile
1192 1288 1619 1361 largiatur.Nos
1641 1289 1849 1344 simili-

197 1381 467 1436 tudinem
501 1378 630 1434 auri
660 1377 961 1445 facie'nus,
996 1395 1108 1433 non
1140 1377 1428 1433 habemus
1450 1395 1680 1433 aurum.
1700 1378 1770 1433 Et
1790 1379 1849 1434 in

200 1471 313 1525 hoc
338 1484 572 1541 quoque
604 1466 921 1521 lii-tandum
953 1471 1062 1536 est,
1094 1466 1141 1521 si
1176 1465 1597 1522 similitudines
1627 1466 1773 1537 auri,
1799 1467 1850 1523 si

194 1561 479 1631 stigmata
508 1557 793 1611 faciamus
823 1555 1269 1626 argenti.(Vers.
1303 1556 1414 1626 li.)
1445 1554 1852 1610 Similitudines

194 1651 329 1704 auri
355 1648 622 1719 faciemus
650 1645 755 1699 tibi
809 1658 932 1698 cum
961 1644 1310 1712 stigmatibus
1376 1646 1612 1715 argenti,
1648 1660 1850 1698 verum

196 1756 317 1793 non
350 1737 508 1791 omni
542 1742 818 1805 tempore,
852 1733 951 1787 sed
985 1732 1169 1786 donec
1199 1748 1453 1803 sponsus
1484 1736 1623 1786 tuus
1649 1737 1854 1804 surgat

197 1845 235 1882 Β.
264 1826 486 1882 cubitu.
521 1823 666 1877 Cum
698 1822 855 1876 enim
883 1820 978 1876 ille
995 1820 1330 1891 surrexerit,
1352 1821 1592 1891 ipsetibi
1613 1838 1847 1889 aurum,

197 1915 327 1987 ipse
356 1911 526 1967 faciet
553 1912 885 1981 argentum,
912 1907 1037 1979 ipse
1068 1911 1228 1962 tuam
1276 1911 1531 1963 mentem
1583 1923 1853 1962 sensum-
1884 1874 1931 1938 Β

200 2019 318 2076 que
348 1999 663 2066 decorabit,
697 2002 755 2053 et
783 1996 899 2052 eris
965 2013 1095 2051 vere
1124 1996 1284 2051 dives
1351 1996 1412 2051 in
1448 1996 1647 2067 sponsi
1679 1996 1854 2051 domo

198 2107 419 2164 sponsa
446 2090 703 2144 formosa
723 2087 859 2159 (l6),
893 2085 986 2140 cui
1015 2090 1105 2141 est
1135 2084 1322 2157 gloria
1351 2085 1409 2140 in
1439 2087 1647 2141 szecula
1676 2102 1854 2140 saecu-

197 2179 415 2236 lorum.
450 2185 657 2233 Amen.

666 2291 949 2349 514-Ιῦ
991 2291 1287 2346 HOMILIA
1320 2292 1389 2347 ΙΙ.

192 2390 279 2443 Ab
307 2402 366 2441 eo
393 2386 510 2441 loco
537 2384 595 2439 in
628 2398 732 2453 quo
760 2383 1020 2452 scriptum
1049 2388 1163 2453 est:
1222 2380 1451 2435 Nardus
1506 2396 1634 2435 mea
1694 2380 1856 2435 dedit

272 2459 507 2513 odorem
555 2452 727 2509 suum
757 2471 770 2521 ;
830 2468 1000 2523 usque
1028 2452 1099 2506 ad
1128 2468 1255 2507 eum
1284 2453 1461 2507 locum
1493 2454 1550 2507 in
1583 2468 1687 2522 quo
1733 2453 1849 2507 ait:

274 2529 421 2593 Quia
476 2543 584 2583 vox
644 2530 745 2581 tua
783 2525 1000 2589 suavis,
1068 2527 1125 2578 et
1164 2525 1353 2579 forma
1390 2528 1492 2578 tua
1529 2524 1758 2591 decora,
1799 2531 1854 2578 et

272 2604 489 2655 rwtera.

274 2721 489 2771 Omnes
530 2713 738 2768 animas
807 2710 1091 2767 motiones
1159 2709 1557 2766 universitatis
1587 2710 1855 2766 conditor

195 2807 360 2863 Deus
390 2802 605 2860 creavit
636 2802 707 2856 ad
743 2801 997 2855 bonum:
1033 2801 1133 2855 sed
1163 2817 1266 2871 pro
1298 2817 1407 2855 usu
1440 2804 1638 2855 nostro
1665 2800 1732 2854 ﬁt
1753 2817 1854 2855 saa-

197 2911 276 2967 pe
304 2898 369 2949 ut
397 2909 491 2948 res
521 2908 647 2963 qua:
677 2891 839 2945 bona:
870 2892 1008 2943 sunt
1037 2906 1140 2961 per
1171 2893 1465 2953 naturam,
1525 2889 1665 2943 dum
1699 2888 1852 2944 male

198 2983 299 3039 his
331 2982 652 3049 abutimur,
696 2994 802 3034 nos
840 2978 911 3033 ad
954 2982 1189 3049 peccata
1227 2977 1539 3033 deducant.
1586 2979 1743 3034 Unus
1782 2979 1854 3034 de

198 3072 415 3127 animai
449 3069 704 3124 motibus
759 3083 925 3121 amor
951 3071 1059 3133 est,
1128 3066 1280 3137 quod
1316 3066 1461 3121 bene
1527 3066 1749 3122 utimur
1778 3068 1849 3122 ad

198 3160 549 3225 amandum,
583 3157 633 3212 si
699 3155 1046 3228 sapientiam
1095 3171 1364 3210 amemus
1430 3160 1489 3211 et
1527 3155 1849 3213 veritatem.

1960 583 2175 639 odorem
2201 601 2383 639 suum.
2448 587 2758 642 Fasciculus
2784 590 2951 658 guttae
2978 590 3267 659 fratruelis
3324 609 3472 648 meus
3502 583 3609 649 mi-

1961 671 2039 741 hi,
2073 674 2133 725 in
2164 674 2348 728 medio
2395 675 2623 729 uberum
2666 691 2911 730 meorum
2931 676 3317 736 demorabitur.
3353 684 3603 747 Quomo-

1960 760 2034 815 do
2064 760 2242 832 igitur
2269 762 2603 832 aptahimus
2632 763 2682 818 ei
2713 764 2769 818 id
2839 766 2994 836 quod
3065 769 3361 838 praecessit
3394 787 3408 826 :
3436 771 3611 826 Donec

1960 865 2066 904 rex
2085 852 2145 905 in
2174 852 2417 906 recubitu
2444 869 2541 908 suo
2606 858 2703 917 est,
2754 853 2811 908 id
2843 856 2998 922 quod
3053 858 3358 929 sequitur:
3389 861 3610 916 NarJus

1958 954 2082 993 mea
2109 939 2258 994 dedit
2286 941 2501 996 odorem
2556 958 2738 997 suum.
2808 943 3091 1015 Loquitur
3139 947 3512 1019 Evangelium
3540 950 3608 1016 ⁷⁵,

1962 1027 2100 1097 quia
2128 1029 2286 1083 venit
2316 1030 2525 1086 mulier
2544 1031 2769 1087 habens
2792 1032 3152 1091 alabastrum
3178 1038 3460 1108 unguenti
3478 1056 3610 1093 uar-

1961 1116 2017 1170 di
2062 1116 2251 1187 pistici
2287 1119 2543 1190 pretiosi,
2576 1137 2690 1175 non
2718 1120 2815 1175 illa
2838 1124 3145 1193 peccatrix,
3168 1126 3267 1180 sed
3293 1130 3514 1192 sancta,
3540 1129 3610 1183 de

1961 1221 2077 1277 qua
2100 1222 2254 1260 nunc
2294 1206 2438 1261 mihi
2469 1224 2661 1263 sermo
2691 1214 2797 1264 cst.
2832 1210 2961 1265 Scio
3029 1212 3246 1285 quippe
3276 1214 3488 1271 Lucam
3538 1216 3609 1271 de

1961 1294 2297 1366 peccatrice,
2331 1294 2663 1351 Matthaeum
2696 1313 2827 1352 vero
2867 1306 2923 1353 et
2943 1299 3227 1355 Joannem
3251 1306 3306 1356 et
3345 1307 3605 1360 Marcum

1962 1399 2074 1436 non
2107 1383 2177 1438 de
2218 1384 2535 1454 peccatriee
2566 1384 2668 1439 illa
2697 1385 2933 1442 dixisse.
2967 1388 3135 1443 Venit
3165 1406 3301 1461 ergo
3335 1408 3448 1446 non
3474 1409 3607 1465 pec-

1960 1471 2165 1537 catrix,
2190 1473 2286 1526 sed
2317 1480 2532 1541 sancta,
2556 1474 2727 1542 cujus
2755 1491 2967 1529 nomen
2990 1492 3225 1547 quoque
3248 1477 3502 1535 Joannes
3526 1478 3606 1535 in4

1960 1561 2162 1614 seruit.
2200 1560 2381 1615 Maria
2412 1562 2626 1632 quippe
2657 1569 2783 1616 erat
2834 1564 3055 1619 habens
3103 1564 3461 1623 alabastrum
3508 1587 3609 1623 un-

1962 1648 2161 1719 guenti
2194 1648 2357 1702 nardi
2402 1649 2590 1720 pistici
2627 1650 2883 1721 pretiosi,
2916 1656 2974 1706 et
3002 1653 3205 1708 effudit
3235 1671 3413 1727 super
3435 1664 3611 1728 caput

1961 1736 2120 1792 Jesu.
2156 1737 2373 1792 Deinde
2396 1755 2573 1809 super
2598 1738 2705 1793 hoc
2730 1739 3172 1811 indignantibus
3194 1759 3310 1798 non
3334 1744 3610 1800 omnibus

1964 1825 2292 1897 discipulis,
2334 1826 2434 1881 sed
2465 1827 2618 1882 Juda
2649 1827 2772 1883 solo
2804 1828 3029 1885 dicente
3054 1847 3067 1885 :
3091 1832 3278 1887 Potuit
3301 1836 3613 1889 venundxri

1963 1915 2061 1970 hoc
2090 1917 2338 1970 trecentis
2367 1915 2613 1971 denariis
2658 1921 2708 1972 et
2736 1918 2862 1973 dari
2897 1921 3339 1990 pauperibus“,-
3372 1940 3612 1996 respon-

1965 2000 2052 2055 dit
2083 2002 2354 2073 Magister
2383 2007 2559 2074 atque
2588 2003 2850 2059 Salvator
2878 2022 2889 2059 :
2926 2004 3149 2078 Semper
3161 2026 3431 2081 pauperes
3451 2011 3612 2067 habe-

1966 2090 2089 2144 bitis
2115 2091 2410 2158 vobiscum,
2442 2109 2531 2145 me
2558 2097 2744 2147 autem
2774 2109 2884 2147 non
2911 2111 3130 2165 semper
3147 2098 3211 2152 ⁷⁷.
3263 2101 3612 2156 Praeveniens

1964 2178 2162 2250 quippe
2186 2179 2305 2235 haec
2332 2182 2389 2234 in
2439 2181 2586 2236 diem
2629 2183 2933 2252 sepultura?
2963 2200 3103 2241 mea?
3146 2188 3293 2255 fecit.
3342 2187 3463 2244 Ideo
3492 2188 3614 2243 ubi;

1963 2283 2175 2338 cunque
2196 2268 2557 2338 pra’dicatum
2582 2272 2754 2341 fuerit
2782 2273 3136 2342 Evangelium
3182 2275 3353 2346 istud,
3403 2277 3614 2332 dicetur

1965 2358 2015 2411 et
2035 2356 2175 2426 quod
2201 2358 2330 2427 fecit
2359 2357 2476 2413 haec
2503 2360 2565 2413 in
2583 2362 2905 2415 memoriam
2934 2363 3069 2432 ejus.
3092 2363 3155 2418 ⁷⁸.
3184 2364 3241 2417 In
3269 2365 3454 2436 figura
3475 2382 3612 2438 ergo

1964 2446 2136 2500 istius
2167 2462 2294 2517 qua:
2326 2463 2478 2501 nunc
2512 2448 2806 2518 loquitur:
2839 2450 3054 2505 Nardus
3072 2469 3191 2507 mea
3221 2452 3369 2508 dedit
3389 2454 3613 2510 odorem

1962 2551 2145 2604 suum,
2214 2533 2314 2590 illa
2379 2553 2556 2607 super
2620 2542 2795 2608 caput
2833 2540 3064 2594 Domini
3130 2541 3279 2597 fudit
3343 2544 3610 2615 unguené

1964 2628 2129 2677 tum:
2163 2628 2220 2679 et
2248 2629 2309 2679 tu
2343 2641 2575 2696 quoque
2606 2642 2839 2683 assume
2873 2630 3142 2694 nardum.
3192 2635 3256 2686 ut
3294 2632 3608 2705 postquam

1964 2712 2299 2783 eaputJesu
2332 2713 2495 2768 suavi
2528 2714 2703 2769 odore
2726 2716 3074 2787 perfoderis,
3109 2719 3302 2790 possis
3334 2720 3610 2777 audacter

1964 2800 2162 2857 elfari:
2196 2802 2407 2857 Nardus
2468 2818 2587 2858 mea
2617 2803 2776 2860 dedit
2837 2805 3053 2860 odorem
3089 2823 3269 2875 suum,
3304 2814 3359 2864 et
3399 2827 3432 2864 a
3472 2813 3611 2866 Jesu

1966 2889 2323 2962 reciprocum
2356 2891 2556 2946 audire
2588 2908 2940 2960 sermonem,
2965 2896 3101 2966 quia
3130 2898 3451 2968 ubicunque
3468 2914 3612 2969 prac-

1961 2979 2201 3033 dicatum
2228 2982 2395 3049 fuerit
2424 2981 2523 3035 hoc
2554 2982 2911 3049 Evangetium
2945 2984 3000 3037 in
3034 2991 3139 3039 toto
3205 2987 3433 3054 mundo,
3462 2986 3612 3041 direJ

1963 3072 2054 3123 tur
2081 3076 2132 3123 et
2162 3068 2302 3140 quod
2328 3070 2457 3139 fecit
2488 3069 2605 3124 haec
2633 3071 2693 3124 in
2719 3073 3046 3127 memoriam
3073 3073 3209 3144 ejus.
3245 3076 3334 3129 Tu
3376 3092 3612 3147 quoque

1964 3158 2156 3227 facito,
2187 3156 2247 3212 in
2298 3157 2585 3213 universis
2649 3159 2924 3230 gentibus
2994 3162 3326 3232 przedicato.
3363 3165 3605 3230 Quando

193 3249 438 3322 quando
469 3264 601 3303 vero
633 3262 797 3301 amor
818 3250 1017 3299 noster
1044 3244 1101 3298 in
1145 3245 1342 3315 pejora
1364 3246 1667 3315 corruerit,
1696 3263 1849 3302 ama-
1880 3231 1923 3300 C
1960 3251 2152 3303 autem
2184 3246 2293 3301 hoc
2335 3245 2556 3302 facies?
2585 3248 2642 3303 Si
2675 3248 2862 3303 factus
2893 3249 3071 3305 fueris
3105 3256 3168 3305 ut
3194 3252 3528 3323 Apostolus,
3555 3246 3613 3307 et

191 3355 335 3395 mus
365 3352 600 3393 carnem
632 3339 688 3390 et
715 3333 1086 3405 sanguinem.
1121 3332 1204 3387 Tu
1239 3332 1416 3404 igitur
1447 3339 1509 3388 ut
1548 3334 1849 3406 spiritalis,

193 3427 338 3484 audi
378 3423 726 3498 spiritaliter
762 3422 1050 3477 amatoria
1085 3421 1261 3476 verba
1298 3421 1542 3489 cantari,
1584 3427 1641 3478 et
1696 3422 1855 3478 disce

198 3522 432 3573 motum
466 3514 676 3569 anima:
702 3517 836 3580 tum,
869 3516 927 3567 et
957 3510 1242 3566 naturalis
1273 3510 1491 3566 amoris
1515 3511 1852 3567 incendium

196 3606 276 3662 ad
310 3604 551 3659 meliora
581 3602 917 3671 transferre,
952 3601 1277 3655 secundum
1301 3598 1444 3654 illud
1473 3616 1485 3654 :
1510 3602 1643 3654 Ama
1676 3602 1853 3670 illam,

201 3703 264 3750 et
290 3694 522 3749 servabit
552 3697 623 3761 te,
692 3690 973 3746 circumda
1006 3691 1182 3757 illam,
1235 3693 1288 3743 et
1317 3690 1587 3744 exaltabit
1654 3691 1721 3746 τ’.
1770 3691 1855 3745 Vi-

198 3785 278 3849 ri,
313 3781 527 3850 diligite
551 3782 758 3837 Uxores
785 3783 1013 3848 vestras,
1048 3778 1131 3833 ait
1163 3778 1560 3849 Apostolus",
1604 3779 1706 3834 sed
1738 3796 1853 3834 non

198 3873 365 3928 stetit
392 3870 452 3926 in
484 3887 551 3925 eo
581 3870 734 3941 quod
783 3869 1041 3922 dixerat:
1093 3868 1213 3922 Viri
1258 3867 1472 3938 diligite
1523 3884 1717 3924 uxores
1768 3886 1855 3925 ve-

197 3965 383 4017 stras:
416 3976 618 4016 verum
668 3958 865 4014 sciens
886 3971 1015 4012 esse
1062 3954 1429 4012 dilectionem
1477 3957 1735 4014 virorum
1797 3958 1857 4013 in

201 4049 462 4125 propriis
493 4063 726 4119 quoque
750 4045 1027 4100 uxoribus
1057 4043 1450 4114 inhonestam,
1506 4046 1698 4103 sciens
1728 4063 1858 4103 esse

201 4138 539 4213 placentem
567 4136 703 4204 Deo,
736 4134 933 4190 docuit
980 4133 1273 4203 quomodo
1303 4133 1410 4188 viri
1482 4152 1689 4192 uxores
1718 4153 1858 4194 suas

198 4243 407 4284 amare
435 4225 733 4290 deberent,
764 4223 1059 4279 inferens:
1101 4223 1235 4289 Viri,
1274 4221 1491 4292 diligite
1536 4239 1732 4280 uxores
1760 4242 1857 4281 ve-

196 4321 368 4385 stras,
398 4315 541 4369 sicut
570 4316 621 4369 et
671 4314 916 4369 Christus
963 4312 1279 4366 Ecclesium.
1331 4312 1401 4366 Et
1446 4311 1553 4367 hoc
1618 4312 1855 4385 quidem

193 4406 265 4460 in
298 4403 578 4476 procemio
608 4418 809 4458 eorum
842 4417 969 4472 qua:
998 4404 1200 4472 postea
1225 4399 1567 4456 disserenda
1596 4407 1736 4458 sunt
1764 4403 1853 4458 di-

194 4510 419 4550 xxmus.

1964 3335 2217 3391 dixeris:
2251 3335 2455 3390 Christi
2480 3336 2649 3392 bonus
2695 3338 2826 3393 odor
2862 3355 3052 3394 sumus
3096 3340 3157 3394 in
3204 3342 3359 3395 omni
3404 3342 3521 3398 loco
3553 3344 3611 3396 in

1964 3428 2049 3481 his
2078 3427 2174 3497 qui
2198 3428 2507 3493 salvantur,
2541 3431 2590 3481 et
2612 3428 2670 3481 in
2696 3430 2782 3482 his
2812 3431 2909 3500 qui
2931 3434 3163 3500 pereunt
3182 3431 3266 3492 7°;
3298 3428 3455 3486 bona
3481 3448 3613 3503 0pc-

1965 3532 2029 3569 ra
2060 3520 2158 3568 tua
2188 3516 2407 3569 nardus
2439 3520 2597 3569 sunt.
2629 3516 2685 3569 Si
2706 3510 2850 3571 vero
2878 3519 3226 3589 peccaveris,
3260 3525 3495 3590 peccata
3533 3526 3613 3575 te-‘

1962 3607 2051 3659 tro
2083 3603 2257 3658 odore
2288 3603 2666 3669 redolebunt;
2700 3604 2838 3659 dicit
2869 3606 3085 3677 quippe
3105 3607 3425 3677 pmnitens:
3461 3610 3613 3664 Comi

1960 3695 2289 3764 putruerunt
2313 3695 2364 3746 et
2392 3696 2665 3762 corruptae
2700 3700 2828 3747 sunt
2872 3695 3156 3748 cicatrices
3204 3710 3341 3751 mea:
3393 3712 3425 3749 a
3471 3697 3614 3767 [acie

1964 3781 2307 3852 insipientia
2334 3795 2473 3836 mea:
2527 3781 2590 3834 ⁸ο.
2620 3781 2743 3836 Non
2776 3782 2846 3835 de
2880 3782 3060 3835 nardo
3128 3783 3494 3854 propositum
3525 3789 3611 3840 est

1967 3886 2121 3926 nunc
2152 3868 2393 3940 Spiritui
2427 3873 2627 3923 saneto
2666 3868 2875 3933 dicere,
2944 3885 3133 3941 neque
3197 3870 3267 3926 de
3305 3870 3415 3926 hoc
3456 3874 3613 3943 quod

1965 3957 2150 4013 oculis
2190 3957 2488 4011 intuemur
2515 3956 2872 4027 evangelista
2901 3958 3103 4013 scribit
3145 3965 3465 4032 unguento,
3508 3962 3610 4016 sed

1965 4047 2036 4101 de
2078 4046 2257 4101 nardo
2288 4044 2558 4116 spiritali,
2637 4046 2707 4100 de
2750 4047 2929 4101 nardo
3002 4062 3129 4118 quae
3171 4048 3331 4103 dedit
3371 4050 3609 4107 odorem

1966 4151 2163 4192 suum.
2594 4196 2601 4205 ν

2035 4224 2284 4294 3(Vers.
2355 4224 2464 4294 13.)
2531 4223 2845 4280 Ρανείσαιιιδ
2881 4228 3091 4289 stades,
3159 4225 3215 4280 id
3257 4230 3347 4281 est
3411 4230 3609 4299 guttis,

1965 4314 2087 4368 sive
2116 4311 2306 4378 stillae,
2332 4312 2613 4384 fratruelis
2643 4328 2794 4367 meus
2822 4314 2982 4368 mihi.
3029 4313 3267 4369 Guttam
3302 4316 3609 4387 unguenti,

1965 4402 2209 4471 casiam,
2235 4400 2640 4473 galbanum,in
2672 4401 2866 4457 Exodo
2898 4401 3147 4474 legimus
3192 4408 3475 4475 praecepto
3505 4410 3609 4459 Do-

1966 4492 2107 4548 mini
2139 4491 2200 4545 in
2232 4490 2580 4562 thymiama,
2612 4490 2667 4544 id
2710 4495 2799 4545 est
2827 4489 2885 4544 in
2954 4491 3313 4547 sacerdotale
3352 4492 3612 4549 chrisma

270 4586 326 4637 2.
360 4581 504 4646 Quia
532 4580 704 4636 amici
752 4579 952 4652 sponsi
1008 4579 1147 4633 dum
1202 4595 1298 4633 rex
1347 4578 1405 4633 in
1448 4580 1713 4635 recubitu
1746 4597 1854 4636 suo
1888 4599 1930 4662 ί)
1962 4583 2289 4637 confectum
2310 4581 2374 4633 ⁸⁸.
2408 4578 2467 4634 Si
2500 4594 2636 4650 ergo
2668 4578 2879 4634 videris
2907 4578 3263 4635 Salvatorem
3298 4597 3493 4636 meum
3536 4580 3611 4635 ad'

191 4675 291 4725 est
319 4671 682 4739 (requiescens
710 4667 865 4722 enim
897 4667 1163 4721 dormivit
1206 4670 1266 4721 ut
1296 4668 1399 4731 leo,
1452 4672 1503 4723 et
1547 4671 1607 4723 ut
1633 4670 1852 4724 catulus

192 4759 375 4815 leonis
398 4759 487 4829 7‘),
513 4774 739 4829 sponsae
807 4755 1200 4827 promiserant
1227 4757 1411 4811 donec
1476 4756 1572 4812 ille
1608 4773 1851 4813 consur-

192 4851 365 4921 geret
392 4864 456 4902 se
484 4845 901 4902 similitudines
932 4844 1058 4899 auri
1090 4853 1143 4899 et
1173 4846 1399 4916 argenti
1421 4861 1550 4901 esse
1574 4846 1847 4911 facturos,

195 4954 319 4993 non
348 4935 632 4990 habentes
664 4949 871 4989 aurum
906 4937 970 4987 ut
999 4949 1273 5005 sponsus,
1328 4937 1385 4987 et
1415 4935 1849 5005 quodammodo

196 5025 336 5082 aliis
365 5025 558 5079 verbis
587 5024 785 5095 sponsi
823 5022 1016 5094 passio
1046 5022 1357 5094 praedicata
1384 5028 1473 5077 est
1501 5041 1513 5078 :
1560 5040 1673 5077 non
1705 5024 1849 5079 irra-

194 5113 639 5171 tionabiliterad
656 5112 772 5167 hrec
799 5128 1018 5182 sponsa
1031 5112 1429 5183 respondet,et
1447 5112 1575 5182 ipsa
1604 5112 1840 5184 dispen-

192 5203 490 5261 sationem
510 5202 827 5273 quamdam
854 5200 1143 5271 passionis
1165 5199 1497 5272 intelligens
1519 5201 1587 5255 ad
1614 5202 1666 5254 id
1693 5203 1845 5272 quod

194 5293 471 5349 audierat
501 5294 651 5362 (cap.
700 5307 741 5355 ι,
776 5306 922 5345 vers.
971 5290 1218 5354 10,11):
1268 5289 1678 5345 Similitudines
1723 5294 1852 5346 auri

190 5383 468 5452 faciemus
499 5380 604 5434 tibi
633 5395 759 5433 cum
779 5378 1127 5444 stigmatibus
1169 5380 1409 5444 argenti,
1450 5378 1618 5432 donec
1662 5394 1761 5434 res:
1791 5382 1849 5434 in

1958 4674 2188 4726 terrena
2217 4673 2318 4723 aut
2347 4667 2594 4723 humilia
2621 4667 3094 4727 descendentem.
3120 4669 3342 4724 videbis
3365 4685 3608 4741 quomo-

1959 4760 2032 4814 do
2063 4758 2273 4813 virtute
2306 4773 2519 4827 magna
2544 4763 2602 4811 et
2632 4757 2935 4827 majestate
2966 4757 3161 4813 divina
3192 4759 3263 4813 ad
3295 4775 3402 4813 nos
3426 4758 3613 4813 modi-

1958 4865 2026 4903 ca
2056 4847 2319 4918 quaedam
2349 4844 2509 4900 stilla
2538 4845 2860 4901 defluxerit.
2914 4850 2990 4900 De
3021 4846 3127 4901 hac
3179 4846 3336 4901 stilla
3381 4851 3438 4901 et
3477 4862 3607 4917 pro-

1959 4936 2133 5009 pheta
2161 4934 2388 5000 cecinit,
2423 4934 2660 4989 dicens:
2698 4935 2758 4988 Et
2786 4936 2891 4988 erit
2952 4934 3019 4989 de
3074 4935 3226 4988 stilla
3278 4935 3473 5006 populi
3493 4937 3610 5006 ejus

1957 5023 2369 5095 eongregandus
2411 5023 2830 5091 eongregabitur
2876 5024 3037 5078 Iacob
3066 5024 3129 5076 ³³.
3187 5023 3253 5076 Et
3297 5023 3466 5078 sicuti
3518 5041 3606 5078 se-

1959 5115 2215 5169 cundum
2249 5112 2431 5167 alium
2462 5128 2701 5167 sensum
2735 5111 2882 5183 lapis
2909 5118 3031 5166 erat
3059 5113 3332 5183 praecisus
3355 5128 3385 5167 e
3408 5118 3606 5168 monte

1958 5204 2085 5259 sine
2118 5202 2391 5257 manibus
2423 5200 2606 5255 nostri
2655 5200 2712 5253 in
2764 5217 2934 5254 carne
2983 5200 3294 5256 Salvatoris
3320 5202 3607 5258 adventus

1961 5306 2148 5361 neque
2173 5290 2327 5343 enim
2363 5294 2519 5344 totus
2551 5305 2720 5342 mons
2756 5289 2865 5342 fuit
2894 5290 2991 5359 qui
3034 5290 3338 5345 descendit
3388 5292 3457 5345 ad
3491 5296 3608 5346 ter-

1960 5397 2076 5445 ras,
2111 5395 2213 5433 nec
2247 5382 2471 5450 poterat.
2536 5378 2792 5432 humane
2845 5377 3128 5449 fragilitas
3163 5380 3342 5435 totius
3391 5382 3609 5438 montis

272 5471 314 5504 τί
346 5468 491 5524 Gen.
527 5483 675 5532 xxxx,
706 5468 760 5519 9.
821 5466 865 5499 ⁷⁸
888 5464 1048 5519 Prov.
1088 5480 1160 5529 xv,
1229 5468 1281 5517 8.
1315 5466 1359 5500 73
1388 5465 1605 5520 Coloss.
1667 5485 1749 5523 xxx.
1791 5469 1842 5523 9.
1886 5468 1930 5503 7‘
1960 5469 2133 5523 Num.
2163 5485 2315 5534 xxxv,
2345 5467 2399 5523 9.
2468 5467 2512 5501 ⁷⁵
2539 5466 2707 5523 Joan.
2739 5484 2840 5532 xxx,
2874 5468 3076 5524 Matth.
3114 5485 3263 5525 XXVI.
3326 5470 3368 5506 ⁷⁸
3396 5469 3606 5527 Matth.

193 5557 357 5611 xxvi,
392 5538 468 5611 Δ9.
525 5538 599 5611 ⁷⁷7
634 5537 775 5611 ibid.
848 5538 934 5607 t2,
994 5536 1081 5591 l3.
1140 5535 1184 5569 ⁷⁸
1245 5536 1420 5591 Marc.
1492 5554 1610 5605 xxv,
1691 5540 1745 5609 8,
1793 5540 1848 5599 9.

1963 5542 1971 5577 ν
2009 5540 2057 5597 ΙΙ
2097 5542 2222 5598 Cor.
2264 5555 2327 5611 ιι,
2370 5539 2457 5596 15.
2533 5538 2579 5576 ⁸ο
2619 5537 2768 5597 Psal.
2808 5556 3045 5608 xxxvux,
3085 5541 3138 5597 5.
3191 5542 3234 5577 ει
3274 5541 3430 5600 Exod
3470 5558 3603 5603 xxv.

196 5613 253 5652 ⁸⁸
279 5609 451 5666 Mich.
485 5626 547 5677 xx,
581 5610 640 5663 11
680 5610 768 5664 12.

277 5699 388 5792 (16)
418 5702 702 5760 Formosa.
724 5697 917 5757 Codex
945 5696 1326 5772 Turonensis,
1364 5700 1625 5784 perfecta.
