4068 6174
519 344 686 406 118⁸7

1770 343 1834 404 S.
1885 330 2193 403 EUSEBII
2239 330 2677 399 HIERONYM]
2693 382 2706 398 .

3726 331 3851 394 1188

530 477 999 552 magnitudinem
1032 492 1271 550 capere:
1306 476 1404 534 sed
1436 475 1586 549 lapis
1606 493 1676 531 ex
1701 478 1916 544 mente,
1939 472 2179 545 lapisof-
2207 473 2262 539 Α
2293 471 2629 543 regionibus
2661 471 2863 527 botrus
2883 471 2993 526 iste
3015 468 3092 526 sit
3111 484 3355 543 sponsae.
3380 464 3441 525 In
3457 468 3613 525 vineis
3632 468 3851 539 Engaddi.

526 567 838 634 fensionis,
862 571 920 623 et
941 572 1107 639 petra
1129 567 1389 621 scandali
1408 564 1784 621 descenditis
1806 561 2184 622 mundum“;

527 658 611 712 sic
643 657 969 712 secundum
1001 654 1180 709 alium
1214 654 1574 710 intellectum
1600 653 1757 708 stilla
1781 656 2182 723 nuncupatur.

528 745 847 817 Oportebat
876 745 1093 815 quippe
1127 749 1194 798 ut
1224 744 1365 814 quia
1386 759 1574 799 omnes
1592 746 1777 813 gentes
1804 743 1863 796 in
1882 742 2092 795 stillam
2115 743 2186 795 si-

526 833 667 890 tulc'e
697 837 960 903 reputatae
987 842 1115 887 sunt
1132 832 1197 898 3‘,
1239 832 1289 887 is
1318 832 1418 903 qui
1453 849 1555 902 pro
1586 830 1848 886 omnium
1881 827 2068 885 salute
2096 829 2183 884 fa-

529 926 658 977 ctus
686 926 775 977 est
804 919 1023 987 omnia,
1056 919 1230 975 etiam
1276 918 1438 974 stilla
1472 920 1639 975 fieret
1705 919 1777 973 ad
1803 934 1900 973 cas
1931 917 2183 972 liberan-

528 1010 652 1064 das.
686 1008 831 1073 Quid
859 1008 1015 1064 enim
1051 1025 1152 1080 pro
1186 1013 1387 1064 nostra
1435 1008 1622 1064 salute
1655 1024 1769 1062 non
1822 1007 2010 1061 factus
2051 1009 2188 1062 est?

526 1100 643 1151 Nos
675 1096 900 1166 inanes,
933 1094 1909 1167 etillecxinananivitsemetipsum
1937 1094 2182 1149 formam

527 1184 672 1239 servi
709 1184 1025 1256 accipiens.
1058 1184 1172 1242 Nos
1206 1183 1458 1257 populus
1490 1183 1705 1239 stultus
1727 1189 1784 1239 et
1812 1201 1925 1237 non
1950 1182 2184 1255 sapiens

524 1277 582 1328 et
615 1272 709 1327 ille
742 1273 927 1328 lactus
960 1277 1049 1328 est
1078 1272 1331 1328 stultitia
1366 1272 1815 1345 praedicationis,
1848 1277 1913 1327 ut
1957 1272 2182 1326 fatuum

529 1361 625 1417 Dei
656 1361 983 1433 sapientius
1015 1362 1177 1417 ﬁeret
1206 1361 1568 1417 hominibus.
1604 1362 1721 1417 Nos
1751 1360 1993 1426 inﬁrmi,
2023 1360 2192 1415 infir-

525 1466 690 1506 mum
748 1450 849 1505 Dei
910 1450 1120 1504 fortius
1182 1450 1524 1505 hominibus
1586 1452 1803 1505 factum
1867 1453 1974 1503 est.
2038 1448 2183 1515 Quia

526 1539 708 1612 igitur
722 1539 1003 1594 universae
1012 1547 1197 1609 gentes
1210 1544 1271 1594 ut
1283 1540 1399 1595 still
1416 1558 1439 1593 ι
1465 1538 1678 1601 situlae,
1699 1547 1750 1594 et
1772 1542 1826 1592 ut
1848 1542 2182 1592 momentum

524 1631 744 1683 statera?
770 1632 1039 1698 reputatae
1097 1635 1225 1682 sunt
1252 1629 1327 1691 35;
1376 1627 1588 1683 idcirco
1626 1628 1814 1682 factus
1862 1630 1952 1681 est
1999 1624 2177 1690 stilla,

527 1721 592 1769 ut
617 1731 722 1787 per
751 1731 883 1770 eum
916 1732 951 1771 a
979 1715 1343 1770 vestimentis
1375 1715 1593 1771 nostris
1615 1715 1759 1771 odor
1789 1713 1960 1770 stillae
1983 1731 2179 1786 proce-

525 1803 688 1857 deret
712 1819 723 1857 :
750 1804 923 1873 juxta
949 1802 1091 1857 illud
1112 1820 1133 1903 ἐ
1168 1803 1424 1874 Myrrha,
1456 1810 1516 1903 et.
1538 1804 1709 1873 stilla,
1745 1807 1793 1858 et
1839 1805 1986 1858 casia
2016 1820 2050 1856 a
2085 1818 2174 1903 pe-
2206 1837 2254 1903 B

523 1893 793 1947 slimentis
856 1893 985 1961 tuis,
1019 1908 1053 1945 a
1090 1891 1340 1946 domibus
1378 1892 1789 1963 elephantinis;
1837 1908 1908 1947 ea:
1972 1892 2176 1963 quebus

527 1980 945 2050 lwtiﬁcaverunt
972 1989 1024 2035 te
1052 1980 1190 2050 ﬁliae
1217 1996 1409 2051 regum
1456 1982 1513 2035 in
1565 1982 1764 2036 honore
1807 1985 1899 2035 tuo
1913 1982 1998 2041 ⁸⁸,ο
2047 1997 2173 2051 qum

525 2070 585 2122 in
623 2085 754 2123 κων
794 2069 1021 2140 psalmo
1061 2069 1337 2123 dicuntur
1376 2069 1447 2124 ad
1516 2086 1815 2141 sponsam.
1860 2069 2177 2125 Fasciculus

523 2158 698 2213 stillae
726 2158 1012 2229 fratruelis
1043 2175 1191 2213 meus
1219 2159 1381 2213 mihi.
1419 2157 1867 2214 Consideremus
1889 2158 2029 2229 quid
2063 2157 2176 2213 sibi

524 2246 820 2301 fratruelis
853 2246 1088 2301 nomine
1121 2245 1402 2302 5I6-IS
1452 2246 1588 2302 velit
1619 2246 1892 2313 Ecclesia,
1923 2264 2051 2318 quae
2082 2246 2177 2300 hic

523 2334 870 2407 loquiturde
884 2334 1179 2390 fratruele.
1195 2335 1313 2390 Nos
1326 2351 1537 2391 sumus
1559 2351 1627 2390 ex
1647 2336 1923 2406 gentibus
1943 2350 2177 2407 congre-

525 2423 647 2495 gati
669 2439 681 2477 :
699 2422 964 2479 Salvator
977 2427 1175 2479 noster
1187 2424 1406 2479 sororis
1418 2424 1546 2494 ejus
1558 2427 1647 2480 est
1662 2423 1837 2494 lilius,
1853 2424 1908 2479 id
1924 2428 2032 2493 est,
2048 2440 2180 2495 syn-

526 2528 746 2587 agoga),
785 2511 902 2567 duo
942 2512 1161 2584 quippe
1200 2528 1431 2567 sorores
1470 2516 1631 2584 sunt,
1666 2512 1917 2589 Ecclesia
1945 2517 2002 2568 et
2037 2516 2178 2585 Syn-

527 2618 733 2674 agoga.
778 2600 1042 2657 Salvator
1067 2617 1228 2674 ergo,
1269 2606 1333 2655 ut
1371 2601 1648 2672 diximus,
1692 2602 1845 2657 filius
1872 2617 2177 2675 synagogas

526 2689 767 2759 sororis,
806 2689 895 2743 vir
936 2688 1222 2761 Ecclesia,
1266 2706 1517 2762 sponsus
1555 2688 1841 2760 Ecclesiae,
1884 2689 2178 2746 fratruelis

526 2783 616 2833 est
644 2794 873 2850 sponsa:
934 2795 1073 2833 sum.
1128 2780 1446 2834 Fasciculus
1491 2779 1665 2837 stillae
1709 2780 1994 2850 fratruelis
2026 2795 2180 2835 meus

523 2866 704 2922 mihi:
771 2868 828 2922 in
892 2867 1070 2923 medio
1133 2869 1361 2923 uberum
1430 2884 1681 2924 meorum
1732 2869 2176 2925 commorabitur.

527 2956 673 3022 Quis
699 2956 782 3010 ita
810 2957 1015 3012 beatus
1048 2962 1113 3010 ut
1164 2956 1376 3012 habeat
1427 2957 1718 3029 hospitem
1768 2957 1827 3012 in
1873 2956 2178 3028 principali

2292 560 2448 632 quod
2509 559 2927 632 interpretatur
2956 559 3164 615 oculus
3229 557 3576 614 tentationis.
3630 558 3685 612 In
3714 556 3855 612 vincis

2292 648 2475 719 igitur
2503 649 2650 703 oculi
2684 649 3024 704 tentationis
3051 650 3254 703 botrus
3275 647 3429 720 cypri
3454 644 3714 701 fratruelis
3729 661 3855 701 meus

2293 737 2457 791 mihi.
2490 737 2852 793 Tentationis
2883 737 3086 792 oculus
3116 738 3174 792 in
3198 734 3467 808 praesenti
3494 738 3606 790 est:
3626 732 3858 806 siquidem

2292 825 2350 880 in
2382 826 2700 881 tentatione
2730 842 3030 881 moramur
3060 826 3117 880 in
3136 825 3246 880 hoc
3268 824 3505 892 mundo,
3526 828 3582 879 et
3602 823 3858 879 tentatioest

2290 917 2406 969 vita
2435 915 2679 969 humana
2699 930 2863 985 super
2890 924 3094 970 terram
3116 914 3181 968 ⁸⁸.
3212 913 3360 969 Dum
3393 914 3451 968 in
3498 911 3601 967 hac
3629 911 3739 967 luce
3770 925 3859 965 ver-

2292 1020 2514 1069 samur,
2547 1003 2606 1059 in
2636 1003 2822 1058 vineis
2852 1019 3061 1058 sumus
3091 1002 3372 1076 Engaddi.
3405 1002 3464 1057 Si
3494 1004 3677 1057 autem
3715 1016 3859 1055 meru-

2290 1092 2511 1148 erimus
2572 1097 2773 1164 postea
2832 1090 3278 1164 transpiantari,
3345 1108 3380 1146 a
3441 1092 3631 1145 nostro
3666 1086 3862 1160 agricola

2290 1182 2731 1236 transferemur.
2767 1181 2880 1235 Nec
2910 1180 3144 1235 dubites
3175 1179 3317 1252 quin
3350 1178 3541 1251 possis
3568 1178 3633 1233 de
3660 1175 3860 1248 Engaddi

2290 1270 2474 1325 vineis
2504 1270 2576 1325 ad
2608 1269 2734 1324 loca
2763 1269 3006 1325 meliora
3034 1269 3358 1324 transferri.
3434 1265 3686 1339 Agricola
3718 1268 3862 1320 noster

2292 1360 2361 1412 ad
2403 1359 2836 1413 trant‘erendam
2904 1359 3131 1413 vineam
3165 1357 3368 1413 crebra
3398 1354 3748 1412 meditatione
3772 1354 3861 1425 jam

2290 1446 2509 1504 calluit.
2548 1449 2769 1502 Vineam
2806 1446 2960 1502 enim
2988 1462 3058 1501 ex
3094 1448 3323 1517 lEgypto
3369 1445 3709 1512 transtulisti,
3744 1443 3862 1515 ἠθεί-

2286 1539 2364 1592 sti
2390 1545 2596 1605 gentes,
2643 1540 2696 1591 et
2721 1536 2994 1606 plautasti
3038 1551 3177 1591 eam.
3227 1536 3451 1606 Operuit
3495 1537 3691 1589 montes
3723 1531 3861 1587 umbra

2287 1628 2424 1697 ejus,
2459 1630 2509 1679 et
2537 1625 2768 1680 arbusta
2812 1626 2930 1690 eius
2973 1625 3163 1680 cedros
3209 1624 3417 1679 Libani
3435 1624 3500 1678 ³³.
3524 1624 3592 1678 Et
3638 1621 3745 1677 haec
3766 1620 3864 1692 qui-

2288 1715 2418 1770 dem
2454 1731 2582 1785 quae
2612 1713 3014 1785 exposuimus,
3037 1712 3231 1769 locuta
3253 1713 3333 1768 sit
3353 1729 3572 1784 sponsa
3594 1711 3660 1767 de
3684 1725 3863 1783 sponso,

2288 1802 2628 1876 significans
2658 1818 2915 1857 amorem
2943 1818 3117 1857 suum
3140 1806 3196 1857 et
3215 1801 3419 1873 sponsi
3441 1799 3709 1857 venientis
3726 1797 3865 1869 hospi-

2284 1891 2454 1961 tium,
2523 1890 2816 1962 quomodo
2857 1891 2915 1944 in
2957 1890 3148 1945 medio
3187 1889 3434 1945 uberum
3478 1894 3534 1944 et
3579 1887 3663 1942 sui
3722 1884 3861 1941 cordis

2286 1996 2498 2037 arcano
2530 1996 2787 2051 sponsus
2814 1979 3051 2035 veniens
3082 1982 3498 2035 commoretur.

2356 2071 2407 2124 4.
2443 2070 2669 2124 Rursus
2699 2068 2897 2140 sponsi
2930 2068 3001 2123 ad
3027 2084 3155 2123 eam
3197 2083 3393 2123 sermo
3433 2066 3777 2139 dirigitur,et
3803 2062 3862 2118 di-

2285 2160 2364 2215 cit
2426 2159 2595 2228 (vers.
2665 2158 2753 2229 14)
2784 2174 2796 2211 :
2831 2158 2960 2212 Ecce
3022 2158 3264 2229 speciosa
3325 2157 3582 2228 proxima
3619 2171 3746 2223 mea,
3785 2167 3863 2208 ecce

2283 2250 2541 2320 speciosa,
2576 2247 2719 2302 oculi
2748 2247 2832 2301 tui
2860 2246 3146 2303 columbae.
3178 2245 3282 2300 Illa
3328 2245 3415 2301 sic
3445 2244 3586 2300 dicit
3646 2244 3710 2298 ad
3736 2256 3859 2314 spon-

2285 2354 2419 2393 sum
2444 2353 2458 2392 :
2490 2338 2621 2390 Ecce
2647 2336 2916 2406 speciosus
2942 2335 3229 2405 fratruelis
3256 2350 3413 2390 meus
3437 2352 3452 2403 ;
3486 2350 3598 2390 non
3636 2330 3860 2402 adjungit,

2285 2431 2342 2482 et
2366 2424 2665 2497 proximus
2699 2439 2882 2479 meus.
2917 2423 3021 2478 Hic
3052 2427 3251 2478 autem
3282 2423 3522 2494 quando
3572 2415 3861 2493 loquitursd

2285 2531 2453 2570 eam:
2500 2515 2638 2568 Ecce
2698 2514 2957 2584 speciosa,
3026 2511 3295 2585 adjungit
3359 2516 3439 2574 et,
3503 2512 3737 2584 proxima
3761 2521 3862 2562 mea.

2286 2606 2472 2670 Quare
2503 2607 2696 2657 autem
2731 2600 2828 2656 illa
2862 2618 2974 2656 non
3009 2600 3186 2655 dicit:
3216 2601 3360 2656 Ecce
3402 2601 3693 2672 speciosus
3718 2594 3864 2668 proxi-

2287 2708 2420 2747 mus
2451 2690 2618 2756 mihi,
2652 2690 2753 2745 sed
2786 2694 3035 2756 tantum,
3088 2705 3205 2745 ecce
3247 2688 3561 2761 speciosus!
3616 2689 3777 2754 Quare
3799 2681 3864 2737 ille

2286 2797 2400 2836 non
2434 2778 2647 2845 solum,
2682 2778 2947 2850 speciosa
2975 2793 3059 2847 es,
3084 2777 3245 2842 dicit,
3277 2778 3405 2847 sed,
3433 2778 3665 2849 speciosa
3707 2790 3753 2830 es
3770 2786 3865 2844 pro-

2284 2871 2441 2925 xima
2460 2885 2582 2924 mea
2599 2867 2627 2922 ?
2667 2868 2893 2938 Sponsa
2931 2867 2977 2921 si
2994 2866 3165 2938 longe
3187 2866 3414 2921 fuerita
3443 2879 3781 2938 sponso,non
3804 2862 3865 2915 est

2287 2958 2590 3030 speciosa;
2624 2960 2765 3011 tunc
2798 2955 3043 3027 pulchra
3073 2955 3158 3021 tit,
3192 2955 3430 3026 quando
3463 2955 3561 3010 Dei
3592 2952 3746 3008 verbo
3769 2964 3867 3003 con-

526 3043 739 3110 cordis,
771 3044 830 3098 in
866 3044 1055 3100 medio
1084 3045 1352 3115 uberum,
1374 3046 1428 3099 in
1455 3050 1683 3116 pectore
1708 3062 1815 3101 suo
1847 3060 2177 3101 sermonem
2279 3046 2573 3118 jungitur.
2604 3047 2670 3100 Et
2700 3045 2907 3100 merito
2939 3060 3095 3099 nunc
3126 3044 3370 3099 docetur
3399 3062 3435 3100 a
3465 3058 3689 3115 sponso,
3710 3042 3866 3109 ntpro-

527 3132 675 3188 Dei?
706 3132 845 3186 Tale
876 3137 965 3188 est
995 3133 1211 3204 quippe
1241 3134 1395 3204 quod
1429 3133 1694 3189 canitur:
1730 3135 1789 3189 In
1822 3134 1996 3190 medio
2046 3135 2178 3189 ube-

2291 3136 2448 3191 xima
2477 3134 2573 3204 sit,
2609 3139 2665 3189 et
2694 3150 2725 3189 e
2755 3150 2861 3189 suo
2891 3132 3070 3189 latere
3101 3149 3216 3188 non
3248 3134 3503 3189 recedat.
3538 3136 3658 3189 Ecce
3681 3127 3865 3200 specum

524 3237 650 3275 rum
688 3236 933 3275 meorum
970 3220 1412 3276 commorabitur.
1464 3220 1527 3276 Si
1562 3238 1669 3277 non
1743 3224 1952 3294 fuerint
1987 3224 2177 3294 fractae
2208 3199 2251 3266 δ
2287 3225 2544 3296 proxima
2588 3238 2735 3291 mea,
2801 3238 2918 3278 erce
2943 3223 3204 3293 speciosa.
3248 3222 3467 3295 Incipis
3534 3218 3748 3293 quidem
3774 3225 3863 3270 esse

525 3322 785 3364 mammae
823 3307 1026 3378 tu-‘e,in
1069 3308 1260 3363 medio
1299 3325 1500 3364 eorum
1542 3309 1831 3366 habitabit
1860 3328 2050 3366 sermo
2089 3312 2176 3367 di-

527 3394 718 3450 vinus.
752 3396 1005 3451 Decebat
1025 3396 1082 3451 in
1106 3397 1365 3452 carmine
1390 3398 1633 3469 nuptiali
1667 3415 1957 3455 mammas
1982 3400 2179 3472 potius

531 3483 833 3556 appellari,
868 3502 1043 3556 quam
1077 3491 1299 3557 pectus.
1334 3491 1397 3541 Et
1428 3487 1803 3560 perspicuum
1855 3494 1944 3543 est
1973 3506 2078 3544 cur
2106 3490 2177 3545 ad

532 3572 950 3646 expositionem
978 3575 1108 3644 ejus
1137 3576 1238 3647 qui
1280 3576 1459 3633 dicit:
1496 3576 1556 3632 In
1594 3577 1773 3633 medio
1812 3579 2040 3633 uberum
2066 3595 2178 3634 me-

529 3679 689 3718 orum
717 3663 1180 3726 commorabitur;
1213 3665 1286 3719 sit
1317 3671 1710 3738 assumptum,
1744 3668 1793 3722 si
1820 3683 1931 3722 non
1968 3668 2182 3739 fuerint

528 3753 727 3823 fractae
752 3760 1161 3824 mammaetuae,
1196 3753 1267 3808 de
1298 3753 1611 3810 Ezechiele.
1650 3760 1711 3810 in
1737 3772 1803 3811 eo
1835 3759 2052 3827 quippe
2097 3755 2180 3811 lo-

531 3857 597 3896 co
665 3840 765 3895 ubi
805 3840 1169 3897 Hierusalem
1215 3842 1441 3897 Domini
1481 3844 1797 3916 corripitur
1833 3860 1987 3912 voce,
2031 3845 2183 3900 inter

532 3932 739 3985 caetera
767 3930 982 3985 dicitur
1011 3931 1082 3985 ad
1112 3947 1238 3986 eam
1265 3948 1278 3986 :
1306 3933 1370 3987 In
1398 3934 1629 4004 Aigyplo
1646 3935 1836 4005 fractae
1864 3937 1993 3988 sunt
2020 3950 2181 3989 man-

531 4032 642 4075 τηρεε
680 4022 794 4075 tuae
816 4018 881 4072 ⁸⁷.
924 4018 1229 4075 Gestarum
1261 4021 1441 4076 ubera
1481 4022 1593 4093 (l7)
1635 4039 1751 4076 non
1793 4023 2181 4094 franguntur;

532 4106 633 4162 sed
669 4106 1044 4163 meretricum
1076 4107 1257 4163 ubera
1278 4108 1425 4165 laxis
1442 4109 1693 4181 pellibus
1718 4110 2182 4182 irrigantur.Pu-

533 4195 796 4251 dicorum
827 4200 1016 4251 erecta
1045 4199 1186 4253 sunt
1214 4196 1413 4265 ubera,
1465 4202 1521 4253 et
1566 4197 1831 4271 virginali
1867 4199 2068 4255 robore
2098 4204 2184 4255 tu-

536 4285 774 4340 mentia.
808 4285 1151 4357 Suscipiunt
1190 4301 1522 4342 sermonem
1590 4288 1813 4359 sponsi,
1844 4292 1901 4342 et
1937 4288 2179 4345 dicunt:

532 4374 593 4429 In
659 4372 839 4443 medio
876 4373 1107 4429 uberum
1156 4390 1403 4435 meorum
1464 4376 1911 4431 commorabitur.
1982 4380 2184 4433 Botrus

532 4464 692 4535 cypri
716 4463 1002 4534 fratruelis
1031 4478 1183 4518 meus
1220 4464 1390 4520 mihi.
1428 4463 1659 4519 Initium
1687 4468 1776 4519 est
1805 4465 2093 4521 sermonis
2121 4466 2182 4522 in

2286 3313 2550 3384 speciosa
2586 3329 2655 3367 ex
2691 3327 2759 3367 eo
2797 3312 2953 3383 quod
2994 3310 3257 3383 proxima
3296 3311 3443 3366 mihi
3481 3327 3581 3366 es:
3619 3310 3864 3380 postquam

2287 3406 2482 3460 autem
2504 3401 2747 3473 coeperis
2766 3417 2898 3456 esse
2916 3399 3200 3472 speciosa,
3224 3398 3404 3454 etiam
3427 3400 3555 3454 sine
3573 3396 3863 3453 additamen-

2286 3498 2344 3549 to
2410 3491 2706 3564 proximae,
2774 3489 3042 3545 absolute
3105 3488 3490 3561 esspeciosa.
3530 3482 3862 3556 Eccespecim
3966 3536 3967 3553 η

2286 3583 2543 3654 proxima
2568 3595 2712 3642 mea,
2742 3595 2863 3634 ecce
2890 3581 3148 3651 speciosa.
3181 3578 3504 3634 Videamus
3532 3581 3587 3633 et
3605 3574 3758 3631 aliam
3782 3568 3865 3624 lan-
3966 3594 3967 3654 ἐ

2289 3671 2421 3725 dem
2454 3668 2750 3740 speciosae,
2786 3671 2933 3722 utet
2963 3684 3071 3723 nos
3099 3666 3484 3722 semulemusr
3517 3663 3763 3738 speciose
3786 3654 3865 3740 (18)
3966 3686 3967 3740 γ

2292 3758 2435 3813 fieri.
2480 3738 2636 3812 Oculi
2673 3758 2756 3812 tui
2791 3756 3071 3811 columbae.
3140 3757 3246 3824 Qui
3273 3755 3482 3811 viderit
3540 3738 3864 3808 muliere!!!“

2290 3845 2776 3917 concupiscendum
2807 3861 2946 3912 eam,
2981 3846 3093 3912 iam
3126 3844 3422 3899 mazchatus
3459 3847 3538 3899 est
3565 3857 3677 3898 eam
3708 3839 3759 3892 in
3779 3847 3866 3888 ων-
3966 3839 3967 3917 ξ

2290 3936 2354 3991 de
2380 3906 2478 3991 suo
2498 3935 2561 3989 9°.
2596 3932 2809 3990 Oculos
2840 3906 2955 3990 non
2981 3906 3158 3989 habet
3188 3932 3497 3988 columbis.
3536 3931 3591 3985 Si
3636 3926 3751 4000 quis
3770 3932 3869 4021 sero

2291 4022 2490 4079 oculos
2515 4022 2800 4079 columbas
2830 4038 2944 4077 non
2977 4021 3171 4092 habet,
3206 4022 3450 4077 domum
3483 4017 3666 4075 fratris
3707 4017 3782 4068 sui
3805 4017 3867 4062 in-

2292 4111 2557 4185 greditur
2580 4110 2800 4175 infelix,
2835 4128 2949 4166 non
2980 4126 3218 4166 servans
3247 4108 3391 4165 illud
3423 4108 3572 4182 quod
3601 4107 3655 4162 in
3691 4104 3867 4160 Prover-

2291 4201 2404 4257 biis
2433 4205 2524 4257 est
2553 4204 2905 4273 praeceptum
2930 4217 2943 4255 :
2975 4201 3031 4255 In
3063 4200 3282 4255 domum
3309 4200 3508 4271 fratris
3554 4197 3636 4251 tui
3652 4208 3714 4249 ne
3743 4190 3867 4244 intra
3966 4226 3967 4261 γ

2292 4290 2495 4360 infelix
2512 4290 2578 4342 θ’.
2615 4292 2721 4344 Pro
2753 4304 2819 4344 eo
2849 4289 3004 4360 quod
3052 4286 3453 4359 Septuaginta,
3500 4284 3704 4357 infelix,
3739 4277 3866 4332 ἰηιθῦ

2291 4378 2500 4451 pretati
2536 4380 2694 4443 sunt,
2721 4376 2934 4448 Aquila
2954 4376 3251 4432 Hebraeam
3272 4376 3599 4448 exprimens
3622 4367 3864 4451 veritatem

2293 4450 2551 4542 ἀγροὶκός
2598 4465 2807 4538 posuit
2845 4464 2951 4528 Qui
2987 4469 3180 4519 autem
3211 4463 3390 4519 habet
3408 4463 3599 4519 oculos
3626 4450 3865 4553 colunt“:

535 4550 797 4622 germine
824 4568 837 4606 :
871 4556 929 4606 et
952 4551 1188 4606 initium
1221 4553 1406 4623 cypri,
1438 4552 1494 4607 id
1518 4556 1627 4617 est,
1652 4551 1957 4608 lloritionis
1980 4553 2039 4608 in
2061 4571 2185 4610 ver-
2217 4564 2264 4629 ι)
2293 4539 2450 4612 videt
2477 4558 2656 4623 recta,
2686 4558 2744 4609 et
2789 4551 3251 4609 misericordiam
3301 4554 3669 4624 promeretur.
3706 4539 3865 4595 νίάωε

537 4638 632 4706 bo,
662 4638 818 4693 unde
873 4639 956 4693 ait
1009 4641 1207 4695 Batrus
1261 4641 1421 4711 cypri
1474 4639 1530 4694 id
1590 4645 1679 4696 est
1730 4639 2036 4697 floritionis
2073 4645 2185 4714 fra-

538 4727 735 4783 truelis
766 4742 919 4782 meus
948 4729 1107 4784 mihi.
1142 4728 1264 4783 Non
1296 4728 1572 4784 omnibus
1630 4733 1720 4784 est
1766 4729 1971 4785 botrus
2001 4732 2185 4803 cypri,

539 4817 641 4874 sed
673 4816 767 4873 his
788 4815 889 4889 qui
920 4816 1050 4887 ejus
1082 4816 1220 4872 flore
1243 4816 1403 4889 digni
1427 4821 1584 4872 sunt.
1609 4816 1754 4872 Aliis
1776 4819 2185 4876 uvavariaest:

540 4906 676 4961 huic
707 4905 815 4961 soli
848 4922 975 4977 quae
1008 4904 1177 4978 nigra
1205 4910 1295 4960 est
1325 4909 1381 4960 et
1403 4906 1679 4971 formosa,
1713 4905 1771 4960 in
1804 4906 1963 4963 ﬂoris
1986 4908 2191 4964 decore

541 5011 605 5051 se
635 4996 869 5068 praebet.
910 4996 1116 5049 Botrus
1153 4995 1314 5066 cypri
1347 4995 1635 5066 fratruelis
1671 5011 1824 5050 meus
1860 4995 2021 5051 mihi.
2064 4997 2187 5053 Non

541 5084 891 5155 simpliciter
922 5084 1040 5139 ait:
1102 5085 1297 5139 Botrus
1336 5085 1495 5155 cypri
1549 5084 1840 5154 fratruelis
1876 5102 2049 5154 meus,
2089 5087 2191 5142 sed

544 5189 678 5227 cum
710 5173 1130 5241 additamento,
1164 5173 1344 5240 mihi;
1380 5177 1445 5227 ut
1473 5172 1706 5228 doceret
1764 5189 1877 5227 non
1919 5173 2194 5232 omnibus

545 5276 680 5315 eum
712 5276 840 5317 esse
871 5263 1102 5317 botrum
1126 5261 1307 5335 cypri.
1332 5261 1651 5318 Videamus
1674 5266 1868 5317 autem
1894 5261 1951 5317 in
1976 5264 2194 5334 quibus

2297 4645 2511 4717 quippe
2540 4646 2718 4707 recta,
2750 4648 2807 4698 et
2836 4640 3297 4697 misericordiam
3318 4640 3706 4711 consequetur.
3721 4630 3865 4717 Porta.
3966 4636 3967 4639 ‘

2296 4707 2620 4806 quisvidet
2651 4736 2804 4787 recta
2835 4731 2949 4786 nisi
3001 4729 3102 4802 qui
3131 4733 3292 4786 casto
3337 4707 3634 4800 conspectu
3662 4724 3712 4779 et
3746 4707 3865 4790 puri!

2298 4822 2561 4877 intuetur
2590 4819 2777 4876 oculis
2797 4820 2825 4875 ?
2846 4818 2973 4874 Noli
2995 4818 3175 4891 igitur
3196 4817 3339 4873 mihi
3361 4818 3431 4873 de
3451 4816 3539 4871 bis
3558 4815 3759 4869 tantum

2301 4911 2392 4966 nis
2425 4908 2610 4965 oculis
2639 4907 2963 4980 intelligere
2994 4884 3120 4980 qvuaa
3160 4906 3314 4961 dicta
3342 4910 3498 4971 sunt,
3528 4902 3651 4958 licet
3666 4901 3717 4954 et
3732 4884 3863 4980 dehil
3966 4916 3967 4971 χ

2301 4997 2657 5055 intellexisse
2689 5014 2802 5052 non
2835 4978 3042 5052 inutile
3066 4996 3144 5051 sit
3170 5014 3183 5052 :
3216 4996 3317 5051 sed
3348 4990 3661 5067 ingrediens
3688 4978 3865 5039 edint?

2301 5089 2453 5143 riora
2486 5086 2682 5143 cordis
2708 5084 2816 5153 tui,
2847 5090 2899 5141 et
2934 5083 3080 5140 alios
3111 5084 3313 5140 oculos
3345 5085 3530 5139 mente
3568 5068 3862 5162 perquirens.

2303 5176 2402 5249 qui
2431 5180 2489 5231 et
2519 5193 2552 5231 a
2576 5175 2670 5231 Dei
2696 5175 2974 5230 mandato
2997 5166 3727 5238 illuminantur,mandatum
3742 5164 3864 5249 quip-

2306 5246 2376 5339 pe
2406 5267 2503 5321 Dei
2563 5266 2894 5321 illuminans
2943 5264 3125 5319 oculos
3145 5264 3210 5333 θ’,
3246 5261 3386 5318 illud
3436 5258 3653 5320 enitere,
3694 5246 3860 5307 Ιεώοηι

615 5411 760 5487 Dan.
826 5428 885 5478 II,
919 5413 1029 5487 35.7
1077 5415 1121 5449 3‘
1151 5413 1446 5487 Isai.UXL,_
1511 5414 1596 5468 15.
1626 5486 1631 5487 γ
1665 5413 1710 5487 F5
1737 5413 1911 5487 Arls‘ai.
1979 5433 2071 5482 XL,
2109 5417 2175 5474 l5

2292 5419 2313 5453 ⁶
2382 5415 2535 5472 Psal.
2569 5432 2718 5487 xuv,
2742 5415 2802 5487 9.
2868 5415 2912 5450 ⁸⁷
2944 5415 3146 5471 Ezech.
3198 5432 3356 5484 xxm,
3386 5415 3441 5482 3,
3508 5410 3548 5444 ⁸⁸
3573 5403 3685 5462 Job.
3718 5409 3796 5460 νην
3820 5387 3857 5444 lo

548 5483 594 5521 ⁸⁸
622 5482 776 5539 Psal.
813 5499 980 5558 Lxxx,
1004 5486 1058 5550 8,
1095 5487 1178 5540 10.
1212 5486 1256 5521 ⁹⁰
1288 5484 1491 5541 Matth.
1525 5500 1580 5553 v,
1613 5486 1703 5541 28.
1731 5485 1772 5521 ⁹¹
1808 5484 1972 5542 Prov.
2023 5505 2181 5561 xxvu

2290 5505 2372 5558 m,
2406 5487 2493 5544 40.
2527 5487 2590 5555 ’³,
2625 5482 2776 5542 Psal.
2809 5503 2923 5553 XIX,
2952 5490 3005 5543 8.

624 5665 737 5748 (17)
772 5664 963 5725 Ubera.
997 5663 1187 5724 Codex
1213 5662 1598 5734 Turonensis,
1630 5680 1908 5727 marum.

2376 5667 2489 5749 (l8)
2519 5665 2660 5728 Mss.
2687 5667 2979 5753 speciose;
3013 5665 3155 5727 libb.
3189 5666 3349 5740 editi,
3374 5673 3579 5739 sponsa.
