4068 6174
205 370 211 377 υ
270 336 424 426 H89

1136 360 1639 430 TRANSLATIO
1685 358 1954 430 HOMIL.
2001 366 2316 432 ORIGEN.
2364 368 2444 432 IN
2489 372 2792 437 CANTIC.

3512 380 3669 447 “90

261 499 568 567 contende,
600 502 664 555 ut
692 503 890 556 sancte
948 500 1240 574 intelligas
1297 500 1567 556 universa
1596 517 1722 572 quas
1754 501 1909 557 dicta
1939 504 1989 568 Α
2021 503 2121 574 qui
2156 503 2211 557 in
2242 502 2391 559 valle
2422 520 2603 575 eram,
2628 507 2927 563 descendit
2948 508 3005 564 in
3036 510 3329 584 vallem,et
3360 514 3417 570 in
3445 516 3656 574 vallem

258 592 421 651 sunt,
454 593 510 643 et
540 588 754 644 similis
810 589 1041 661 spiritui
1083 590 1135 645 ei
1165 590 1267 661 qui
1299 590 1357 644 in
1385 589 1577 661 specie
1608 589 1908 644 descendit

256 675 562 747 columbae,
593 678 800 734 audias
822 678 960 750 quia
989 678 1240 734 oculitui
1261 677 1563 733 columbae.
1598 677 1655 732 Si
1691 677 1903 732 intelli-

253 764 555 837 gislegem
580 766 984 838 spiritualiter,
1019 767 1171 822 oculi
1224 767 1309 821 tui
1341 765 1624 821 columba:
1658 771 1815 821 sunt.
1848 766 1903 820 Si

238 853 535 927 intelligis
556 855 929 928 Evangelium
952 861 1016 911 ut
1031 873 1092 911 se
1113 856 1237 910 vult
1259 855 1504 926 intelligi
1531 854 1905 927 Evangelium

253 947 312 998 et
343 943 660 1014 prazdicari,
692 944 854 1001 vides
879 946 1084 1001 Jesum
1115 961 1347 1000 omnem
1374 944 1711 1015 languorem
1736 947 1793 998 et
1824 943 1908 998 in-

260 1028 595 1085 firmitatem
640 1047 754 1086 non
788 1031 982 1087 solum
1032 1048 1098 1087 eo
1145 1036 1408 1102 tempore
1447 1046 1563 1101 quo
1593 1030 1908 1085 carnaliter

250 1119 411 1172 facta
440 1124 598 1183 sunt,
635 1119 814 1176 fuisse
846 1120 1221 1185 medicatum,
1270 1119 1369 1173 sed
1403 1118 1692 1191 hodieque
1723 1119 1907 1173 modis

257 1211 572 1275 cantem,et
603 1226 716 1264 non
751 1214 974 1264 tantum
1011 1217 1147 1266 tunc
1176 1211 1246 1265 ad
1270 1209 1540 1265 homines
1569 1208 1906 1263 descendis-

256 1312 341 1361 se,
374 1296 474 1350 sed
522 1296 811 1369 hodieque
859 1298 1229 1364 descendere,
1284 1302 1495 1352 etesse
1536 1302 1902 1369 praesentem.

252 1386 384 1439 Ecce
411 1384 588 1450 enim,
646 1386 859 1458 inquit,
922 1389 1197 1443 vobiscum
1244 1404 1367 1442 sum
1417 1389 1669 1442 omnibus
1715 1386 1905 1441 diebus

251 1489 424 1545 usque
446 1474 517 1529 ad
545 1477 1065 1531 consummationem
1094 1477 1288 1533 saeculi
1307 1477 1370 1530 93.

327 1563 483 1617 Oculi
509 1565 593 1617 tui
634 1564 903 1618 columba:
958 1567 1106 1618 sunt.
1164 1566 1296 1619 Ecce
1348 1565 1594 1636 speciosa
1653 1565 1906 1634 proxima

251 1667 392 1712 mea,
446 1667 567 1707 ecce
620 1654 878 1723 speciosa,
920 1654 1066 1707 oculi
1119 1654 1205 1706 tui
1258 1653 1545 1708 columbae.
1598 1651 1712 1707 llas
1744 1653 1813 1707 de
1844 1667 1907 1707 se

253 1756 473 1811 sponsa
502 1739 748 1795 audiens
804 1740 1008 1795 laudes
1059 1757 1274 1812 sponso
1320 1741 1502 1797 vicem
1536 1739 1596 1793 in
1628 1738 1906 1794 laudibus

252 1827 601 1898 tribui|,non
631 1846 747 1900 quo
804 1828 856 1883 ei
914 1829 1070 1900 quod
1110 1845 1223 1883 non
1273 1828 1448 1883 habet
1477 1845 1583 1884 suo
1617 1828 1905 1900 praeconio

252 1917 558 1990 largiatur,
589 1917 690 1971 sed
724 1915 1053 1987 intelligens
1103 1918 1367 1973 decorem
1402 1918 1530 1988 ejus
1564 1921 1737 1988 atque
1768 1934 1904 1972 con-

254 2004 509 2077 spiciens
566 2006 646 2061 ait
701 2006 871 2077 (vers.
934 2006 1069 2072 lz'i):
1133 2012 1264 2062 Ecce
1316 2023 1552 2076 sponsus
1612 2005 1905 2061 εἰη-πο

256 2094 539 2165 fratruelis
598 2111 753 2150 meus
817 2095 1068 2165 equidem
1137 2096 1386 2166 pulcher,
1455 2096 1621 2150 lectus
1721 2098 1908 2148 noster

256 2184 766 2249 umbrosusﬂuzere
798 2183 1013 2239 lectum
1038 2183 1098 2239 in
1116 2200 1231 2256 quo
1257 2200 1511 2255 sponsus
1532 2200 1666 2239 cum
1691 2199 1909 2255 Sponsa

256 2272 626 2343 requiescat,
688 2276 763 2338 et,
820 2273 878 2327 ni
940 2273 1127 2341 fallor,
1161 2290 1371 2344 corpus
1416 2273 1743 2327 humanum
1776 2276 1902 2326 est:

250 2360 543 2432 siquidem
572 2360 672 2416 ille
726 2360 786 2416 in
819 2361 1132 2433 Evangelio
1193 2361 1550 2434 paralyticus
1601 2360 1702 2432 qui
1747 2361 1907 2428 jace-

250 2451 353 2506 bat
380 2450 439 2505 in
466 2449 632 2518 lecto,
661 2453 719 2507 et
746 2450 907 2506 abire
938 2450 997 2505 in
1030 2451 1271 2506 domum
1304 2467 1471 2505 suam
1506 2449 1735 2505 sublato
1763 2467 1903 2521 gra-

252 2539 387 2594 bato
416 2538 785 2608 vocejussus
837 2542 927 2593 est
972 2537 1307 2605 Salvatoris,
1367 2542 1681 2610 antequam
1728 2555 1905 2592 sana-

254 2631 435 2697 retur,
483 2643 660 2699 super
710 2625 901 2683 debile
951 2628 1349 2682 membrorum
1402 2643 1644 2682 suorum
1694 2643 1907 2699 corpus

248 2716 665 2787 jacebat,quod
701 2720 901 2787 postea
932 2715 1029 2771 Dei
1063 2716 1275 2771 virtute
1326 2715 1641 2771 solidatam
1672 2720 1778 2771 est.
1812 2716 1907 2772 Sic

256 2821 363 2877 ego
402 2804 713 2876 intelligo:
778 2805 918 2860 Tolle
976 2806 1266 2876 grabatum
1325 2810 1499 2874 tuum,
1566 2813 1618 2860 et
1676 2805 1809 2860 vade
1846 2806 1905 2860 in

255 2894 479 2948 domum
508 2901 664 2948 tuum
683 2894 747 2949 τη.
802 2898 999 2965 Neque
1047 2893 1199 2948 enim
1247 2894 1318 2947 ad
1353 2892 1459 2949 hoc
1491 2893 1674 2949 Filius
1711 2894 1800 2949 Dei
1836 2894 1907 2949 de

261 2981 596 3038 ccelestibus
626 2982 696 3036 ad
728 2986 959 3037 terrena
1005 2982 1403 3050 descenderat,
1458 2986 1523 3037 ut
1581 2984 1650 3038 de
1679 2982 1909 3039 lectulis

262 3070 596 3142 imperaret,
662 3075 719 3124 et
770 3075 1218 3141 consurgentem
1267 3072 1339 3126 ab
1397 3071 1772 3142 aegrotatione
1802 3088 1910 3126 sua

258 3160 388 3215 sine
453 3158 664 3214 lectulo
715 3175 831 3214 non
901 3163 1197 3229 pateretur
1241 3160 1589 3216 ascendere:
1626 3160 1785 3231 Tolle,
1817 3159 1905 3215 in-

2016 590 2252 645 veniens
2286 592 2350 647 ﬁt
2379 592 2601 649 lilium:
2664 612 2767 667 pro
2799 595 2957 669 ligno
2995 597 3121 653 vitae
3152 604 3304 671 quod
3340 603 3665 675 plantatum

2017 683 2104 733 est
2162 679 2219 733 in
2279 682 2550 751 paradiso
2610 685 2726 750 Dei,
2784 687 2965 741 totius
3006 688 3218 760 campi,
3260 691 3319 745 id
3359 697 3447 747 est
3486 696 3666 751 totius

2020 768 2243 836 mundi,
2275 775 2332 824 et
2361 771 2642 825 universa:
2665 777 2830 828 terra:
2854 775 2961 830 flos
2986 778 3171 833 factus
3196 782 3303 835 est.
3332 782 3477 847 Quid
3512 784 3662 839 enim

2018 857 2104 911 sic
2137 863 2330 928 potest
2358 876 2485 913 esse
2516 860 2624 915 flos
2677 863 2903 928 mundi,
2937 871 3002 919 ut
3031 867 3379 924 vocabulum
3410 870 3666 928 Christi?

2018 944 2382 1016 Unguentem
2435 948 2687 1004 effusum
2749 968 2960 1008 nomen
3019 956 3167 1025 ejus.
3196 956 3377 1013 Aliter
3404 958 3663 1032 idipsum

2016 1032 2266 1090 dicitur:
2321 1036 2437 1107 Ego
2483 1037 2581 1105 ﬂos
2627 1042 2830 1111 campi,
2881 1050 2931 1096 et
2981 1043 3166 1099 lilium
3215 1048 3576 1119 convallium,
3610 1055 3668 1105 et

2018 1121 2137 1176 haec
2169 1122 2405 1193 quidem
2437 1124 2507 1178 de
2538 1127 3097 1198 sometipsoDeinde
3119 1149 3396 1204 sponsam
3414 1136 3665 1192 laudans

2017 1210 2133 1264 ait:
2169 1212 2336 1280 (vers.
2373 1215 2424 1283 2)
2461 1215 2523 1268 Ut
2554 1214 2738 1270 lilium
2770 1219 2826 1270 in
2870 1220 3049 1274 medio
3092 1223 3402 1293 spinarum,
3433 1227 3512 1280 sic
3536 1244 3663 1297 pro-

2013 1300 2170 1353 xima
2194 1317 2313 1354 mea
2345 1302 2403 1354 in
2431 1303 2609 1359 medio
2641 1304 2907 1372 ﬁliarum.
2932 1308 3092 1363 Sicut
3116 1306 3301 1366 lilium
3329 1329 3443 1368 non
3478 1319 3666 1385 potest

2016 1389 2202 1459 spinis
2232 1393 2578 1462 comparari,
2612 1392 2764 1448 inter
2792 1412 2939 1467 quas
2999 1414 3231 1470 semper
3259 1402 3535 1465 exoritur,
3569 1421 3664 1460 eo-

2016 1478 2147 1531 dem
2180 1478 2352 1532 modo
2384 1481 2645 1550 proxima
2690 1499 2817 1538 mea
2849 1501 3028 1556 super
3056 1503 3262 1543 omnes
3290 1489 3440 1546 filias
3472 1491 3663 1550 lilium

2015 1570 2104 1619 est
2133 1565 2190 1619 in
2226 1566 2418 1621 medio
2444 1570 2768 1639 spinarum.
2812 1573 2927 1628 Ista
2957 1576 3203 1631 audiens
3234 1594 3453 1650 sponsa
3482 1582 3663 1639 vicem

2016 1654 2207 1708 reddit
2236 1670 2470 1725 sponso,
2504 1663 2561 1712 ct
2591 1661 2846 1717 sentiens
2901 1661 3063 1718 illius
3109 1665 3283 1721 etiam
3315 1669 3663 1726 suavitatem

2017 1740 2304 1831 invocem
2336 1743 2633 1801 laudantis
2664 1750 2937 1820 erumpit.
2973 1750 3413 1824 Unguentorum
3448 1759 3666 1831 quippe

2017 1830 2160 1884 odor
2189 1830 2322 1887 licet
2355 1834 2611 1889 suaviter
2639 1837 2840 1908 spiret,
2880 1844 2937 1894 et
2968 1857 3206 1897 sensum
3234 1845 3406 1901 odore
3437 1830 3667 1902 demul-

2016 1922 2284 1987 ceat,non
2317 1922 2509 1975 tamen
2543 1922 2828 1991 ejusmodi
2859 1930 2965 1997 est,
2991 1931 3054 1981 ut
3081 1945 3257 1986 suave
3280 1932 3357 1987 sit
3389 1934 3458 1988 ad
3491 1936 3667 1990 eden-

2016 2005 2178 2061 dum.
2215 2006 2312 2062 Est
2344 2013 2537 2063 autem
2600 2010 2757 2065 aliud
2821 2016 2973 2085 quod
3009 2018 3214 2088 optimi
3248 2022 3475 2092 saporis
3506 2025 3583 2078 sit
3611 2030 3669 2080 et

2016 2093 2230 2159 odoris,
2264 2095 2319 2185 id
2355 2101 2463 2161 est,
2497 2103 2562 2151 ut
2592 2098 2788 2155 lances
2834 2102 3066 2159 dulcore
3116 2106 3381 2176 delectet,
3409 2115 3464 2166 et
3495 2113 3667 2185 spiri-

2014 2186 2141 2237 tum
2177 2183 2431 2239 mulceat
2478 2186 2721 2242 odoratu
2750 2205 2762 2242 :
2824 2190 2939 2247 tale
2985 2198 3073 2247 est
3104 2195 3347 2267 malum,
3378 2203 3432 2254 et
3464 2183 3665 2257 istius-

2018 2270 2175 2325 modi
2207 2276 2295 2327 est
2323 2279 2636 2342 naturae,ut
2668 2283 2915 2350 utraque
2946 2280 3004 2335 in
3038 2299 3099 2337 se
3123 2285 3665 2355 possideat.ldcirco

2015 2359 2216 2415 volens
2248 2378 2362 2415 non
2396 2362 2586 2418 solum
2619 2364 3079 2426 benevolentiam
3135 2375 3444 2444 sermonis,
3480 2379 3577 2433 sed
3612 2384 3669 2434 et

2017 2447 2313 2505 dulcorem
2345 2451 2472 2521 ejus
2540 2470 2756 2524 sponsa
2822 2455 3079 2527 laudare,
3147 2461 3265 2517 ait:
3311 2463 3482 2535 (vers.
3515 2468 3569 2538 3)
3605 2470 3669 2525 Ut

2018 2538 2225 2592 malum
2255 2540 2313 2593 in
2345 2540 2513 2610 lignis
2540 2543 2716 2608 silvae,
2771 2547 2849 2600 ila
2900 2548 3186 2619 fratruelis
3218 2568 3371 2608 meus
3400 2556 3458 2609 in
3490 2557 3667 2613 medio

2015 2626 2283 2696 ﬁliorum.
2319 2628 2530 2685 Omnia
2560 2630 2738 2703 ligna,
2772 2651 2977 2692 omnes
3009 2640 3246 2695 arbores
3276 2642 3389 2715 (20)
3413 2645 3483 2699 ad
3516 2662 3667 2702 com-

2018 2716 2376 2785 parationem
2401 2720 2687 2776 sermonis
2709 2722 2805 2777 Dei
2833 2723 2988 2778 silvae
3012 2726 3295 2785 inferaces
3327 2732 3666 2791 existiman-

2017 2807 2131 2873 tur,
2165 2806 2235 2860 ad
2268 2806 2566 2863 Christum
2600 2810 2788 2865 saltus
2818 2819 2907 2867 est
2954 2830 3125 2871 omne
3156 2820 3309 2888 quod
3343 2821 3578 2885 dixeris.
3612 2829 3670 2880 et

2018 2893 2384 2950 infructuosa
2414 2903 2553 2951 sunt
2581 2899 2795 2954 omnia.
2839 2902 2974 2965 Quae
3004 2905 3159 2959 enim
3184 2914 3431 2978 possunt
3455 2912 3568 2967 dici
3594 2914 3665 2968 ad

2017 2997 2152 3071 eum
2184 2992 2521 3056 comparata
2553 2987 2850 3044 fructifera
2873 2990 2901 3045 ‘I
2930 2992 3119 3049 Etiam
3162 2993 3322 3067 ligna
3351 3015 3476 3071 quas
3506 3001 3664 3057 vide~

2018 3070 2235 3125 bantur
2257 3072 2541 3129 fructibus
2569 3074 2956 3144 incurvari,ad
2985 3080 3353 3141 collationem
3381 3089 3665 3147 adventus

2016 3160 2144 3229 ejus
2204 3160 2567 3219 infructuosa
2622 3170 2946 3223 monstrata
3000 3177 3157 3226 sunt.
3208 3174 3343 3230 Ideo
3373 3185 3434 3232 ut
3456 3180 3666 3235 malum

260 3247 493 3321 quiens,
522 3249 1014 3319 grabatamluum,
1059 3251 1109 3305 et
1132 3249 1266 3305 vade
1294 3250 1355 3304 in
1385 3249 1603 3306 domum
1633 3257 1802 3305 luam.
1838 3250 1908 3305 Et
1937 3244 1979 3310 C
2018 3249 2077 3302 in
2143 3248 2310 3319 lignis
2368 3251 2544 3318 silvae,
2612 3254 2693 3308 ita
2768 3256 3056 3317 fratruelis
3129 3276 3280 3315 meus
3357 3266 3417 3318 in
3492 3266 3664 3323 medio

258 3342 320 3392 tu
354 3336 532 3407 igitur
560 3354 593 3392 a
622 3336 917 3393 Salvatore
948 3342 1190 3392 sanatus
1214 3336 1350 3393 tolle
1380 3338 1691 3409 grabatum
1712 3342 1902 3409 tuum,

255 3431 314 3482 et
362 3425 506 3481 vade
535 3424 594 3479 in
626 3427 866 3481 domum
899 3430 1085 3491 tuam,
1113 3430 1175 3480 ut
1206 3442 1339 3481 cum
1372 3426 1441 3481 ad
1468 3430 1523 3481 te
1552 3425 1709 3481 velut
1739 3443 1907 3496 spon-

256 3531 385 3569 sam
416 3515 636 3570 venerit
674 3531 949 3586 sponsus,
973 3520 1031 3569 et
1063 3514 1118 3569 in
1151 3531 1217 3569 eo
1249 3519 1437 3570 tecum
1464 3514 1636 3569 fuerit
1666 3515 1904 3571 reclina-

255 3608 375 3667 tus,
414 3603 574 3658 dicas
609 3620 622 3658 :
661 3604 792 3657 Ecce
827 3619 1058 3674 sponsus
1120 3604 1407 3675 fratruelis
1443 3619 1612 3673 meus,
1654 3604 1903 3675 equidem

256 3691 497 3762 pulcher,
530 3693 825 3747 declinatio
875 3701 1060 3747 nostra
1097 3693 1369 3747 umbrosa.
1404 3696 1542 3747 Ecce
1599 3693 1901 3764 speciosus

259 3780 548 3836 fratruelis
580 3781 899 3852 meus,ipse
930 3788 986 3836 et
1016 3782 1312 3852 speciosus
1337 3785 1444 3849 est,
1476 3786 1531 3837 et
1563 3781 1899 3840 umbrosus.

255 3875 369 3926 Per
394 3869 539 3925 diem
587 3870 805 3943 quippe
849 3870 928 3926 sol
971 3885 1078 3924 non
1126 3878 1247 3925 urct
1297 3874 1367 3940 te,
1416 3887 1590 3943 neque
1626 3872 1758 3926 luna
1807 3889 1905 3944 per

254 3963 470 4015 noclcm
493 3960 556 4012 ’5.

325 4050 381 4104 5.
413 4047 578 4104 Vers.
611 4047 699 4103 46.
747 4048 937 4104 Trabes
1003 4048 1286 4119 domorum
1363 4056 1676 4104 nostrarum
1733 4050 1902 4116 cedri,

254 4136 658 4192 multitudinis
688 4137 861 4192 verba
894 4142 1050 4192 sunt.
1075 4138 1362 4192 Videntur
1390 4142 1585 4193 autem
1619 4137 1763 4193 mihi
1795 4139 1902 4193 viri

253 4227 379 4283 haec
408 4226 599 4282 dicere
638 4226 739 4298 qui
772 4243 906 4281 cum
941 4243 1155 4297 sponso
1186 4230 1345 4290 sunt,
1377 4227 1448 4282 de
1479 4226 1694 4299 quibus
1725 4244 1903 4301 supe-

251 4316 380 4371 rius
411 4331 602 4371 sermo
633 4315 906 4387 priet‘atus
956 4319 1062 4369 est.
1100 4317 1316 4370 Domus
1354 4315 1607 4371 cedrinis
1636 4317 1903 4373 trabibus

251 4406 484 4460 intextae
514 4408 736 4469 sunt,et
756 4402 1043 4474 cypressis
1066 4404 1414 4475 contignata:
1435 4404 1574 4475 (19).
1599 4404 1901 4476 Siquidem

248 4509 359 4565 pro
389 4493 539 4549 stibe
570 4491 833 4548 ascendit
862 4496 1257 4563 cypressus,et
1286 4508 1388 4564 pro
1409 4492 1609 4548 coniza
1640 4494 1905 4550 ascendit

2015 3336 2280 3405 ﬁliorum.
2377 3340 2438 3394 In
2530 3342 2723 3397 umbra
2810 3345 2928 3411 ejus
3013 3351 3318 3423 concupiui,
3404 3361 3456 3409 et
3526 3357 3661 3413 sedi.

2015 3425 2197 3489 Quam
2233 3425 2474 3497 pulchre
2507 3446 2620 3483 non
2653 3430 2735 3485 ait
2766 3430 2825 3486 in
2860 3434 3071 3489 umbra
3100 3435 3260 3494 illius
3290 3443 3664 3515 concupisco,

2014 3513 2138 3579 sed,
2173 3514 2231 3567 in
2265 3517 2456 3570 umbra
2486 3519 2603 3587 ejus
2667 3523 2954 3592 concupiui
2975 3540 2987 3589 ;
3058 3530 3116 3580 et
3181 3543 3295 3583 non
3336 3513 3528 3593 sedeo.
3563 3513 3665 3590 sed

2015 3601 2151 3655 sedi.
2184 3602 2481 3673 Siquidem
2515 3605 2571 3659 in
2606 3607 2892 3678 principio
2918 3628 3030 3665 non
3081 3630 3399 3683 possumus
3430 3635 3563 3674 cum
3596 3638 3663 3677 eo

2018 3690 2318 3761 proprium
2353 3693 2614 3748 conferre
2640 3712 2991 3764 sermonem,
3023 3717 3223 3757 verum
3254 3704 3310 3757 in
3353 3707 3660 3780 principio,

2018 3783 2082 3832 ut
2109 3778 2190 3833 ita
2220 3780 2433 3847 dicam,
2467 3784 2718 3852 quadam
2748 3788 3074 3857 majestatis
3105 3790 3263 3847 illius
3295 3795 3504 3851 umbra
3535 3778 3662 3868 per-

2017 3867 2285 3959 fruimur,
2319 3870 2473 3925 unde
2502 3874 2559 3926 et
2588 3872 2645 3926 in
2680 3874 2979 3945 prOphetis
3028 3877 3275 3950 legitur:
3307 3867 3547 3954 Spiritus
3575 3890 3661 3959 fa-

2012 3958 2118 4011 ciei
2147 3961 2345 4012 nostra:
2377 3959 2621 4015 Christus
2668 3963 2948 4029 Dominus,
2997 3970 3089 4021 cui
3134 3968 3378 4025 diximus
3397 3989 3416 4026 :
3446 3973 3510 4028 In
3538 3991 3660 4031 um-

2013 4046 2109 4100 bra
2139 4048 2254 4118 ejus
2287 4048 2526 4104 vivemus
2552 4050 2613 4104 in
2633 4053 2884 4119 gentibus
2906 4055 2949 4089 96
2973 4072 2986 4123 ;
3010 4061 3086 4123 et,
3111 4058 3182 4113 ab
3207 4060 3417 4116 umbra
3437 4064 3507 4118 ad
3532 4082 3657 4120 um-

2013 4135 2176 4189 bram
2229 4135 2404 4191 aliam
2479 4140 2993 4213 transmigramus.
3043 4145 3368 4203 Sedentibus
3414 4151 3570 4207 enim
3603 4155 3662 4208 in

2011 4226 2233 4296 regione
2262 4228 2314 4281 et
2342 4227 2537 4283 umbra
2566 4231 2884 4291 mortisJua:
2911 4236 3034 4289 orta
3063 4243 3143 4289 est
3172 4237 3248 4291 eis
3270 4238 3333 4293 9".
3366 4238 3436 4294 Et
3465 4243 3658 4295 trans-

2012 4330 2216 4370 eamus
2247 4315 2317 4369 ab
2352 4318 2559 4372 umbra
2591 4319 2797 4374 mortis
2828 4322 2897 4375 ad
2930 4325 3203 4379 umbram
3236 4326 3386 4381 vitae.
3419 4328 3663 4400 Semper

2013 4402 2343 4459 istiusmodi
2377 4412 2517 4460 sunt
2546 4409 2857 4477 profectus,
2912 4416 2976 4465 ut
3019 4413 3076 4467 in
3108 4415 3343 4470 exordio
3374 4416 3664 4474 desideret

2012 4491 2304 4564 quispiam
2337 4492 2543 4549 saltem
2568 4495 2623 4549 in
2657 4495 2934 4553 virtutum
2962 4501 3172 4556 umbra
3197 4504 3516 4562 consistere
3542 4506 3662 4579 Ego

251 4585 504 4653 myrtus.
555 4580 881 4652 Requirens
926 4580 1106 4653 igitur
1149 4581 1319 4651 cujus
1370 4586 1590 4637 natura:
1622 4581 1735 4638 ista
1765 4588 1903 4640 sunt
1933 4607 1978 4671 D
2013 4580 2306 4671 putogideo
2336 4586 2393 4671 et
2422 4583 2781 4641 nativitatem
2812 4587 2950 4643 Jesu
2973 4590 3044 4644 ab
3079 4591 3288 4648 umbra
3316 4594 3581 4666 coepisse,
3606 4600 3664 4651 et

247 4670 496 4743 ligna,et
515 4670 751 4725 cedrum
787 4668 1230 4740 imputribilem,
1258 4674 1314 4724 et
1336 4686 1675 4742 cypressum
1707 4671 1902 4727 odoris

246 4758 459 4832 optimi
490 4758 956 4831 deprehendens,
987 4758 1187 4813 labora
1246 4761 1303 4813 et
1346 4762 1406 4812 tu
1449 4758 1529 4813 ita
1563 4759 1901 4832 contignare

208 4883 221 4891 ν
246 4848 493 4903 domum
525 4851 709 4915 tuam,
743 4850 807 4902 ut
837 4847 909 4902 de
937 4851 992 4902 te
1022 4863 1254 4918 quoque
1304 4847 1492 4918 possit
1520 4847 1632 4902 dici
1660 4866 1673 4903 :
1710 4849 1902 4905 Trabes

245 4936 511 4993 domuum
541 4942 854 4992 nostrarum
897 4935 1063 5005 cedri,
1123 4938 1173 4991 et
1218 4938 1654 5005 contignationes
1698 4941 1902 4994 nostra;

244 5029 512 5098 cypressi.

318 5117 375 5170 6.
407 5119 545 5170 Post
577 5114 697 5170 haec
727 5130 984 5185 sponsus
1033 5112 1294 5185 loquitur
1329 5117 1482 5185 (cap.
1519 5131 1579 5182 η,
1611 5129 1761 5169 vers.
1804 5117 1848 5187 l)
1882 5136 1898 5170 :

244 5205 358 5274 Ego
386 5205 485 5274 ﬂos
512 5204 713 5275 campi,
771 5211 822 5258 el
879 5203 1064 5257 lilium
1129 5203 1483 5257 convallium.
1528 5207 1768 5275 Propter
1806 5222 1899 5260 me

2014 4686 2126 4723 non
2156 4669 2214 4724 in
2249 4670 2477 4739 umbra,
2520 4673 2620 4727 sed
2688 4676 2747 4728 in
2809 4675 3050 4731 veritate
3091 4679 3355 4737 finitam:
3399 4682 3657 4755 Spiritus,

2010 4757 2222 4828 inquit,
2290 4763 2511 4814 sanctus
2548 4764 2725 4816 veniet
2799 4765 2859 4818 in
2927 4773 2993 4835 te,
3057 4771 3109 4821 et
3167 4770 3336 4824 virtus
3382 4772 3665 4828 Altissimi

2009 4845 2359 4902 obumbrabit
2430 4848 2534 4904 tibi
2604 4850 2666 4903 9⁸.
2736 4851 3019 4910 Nativitas
3087 4854 3298 4912 Christi
3338 4859 3410 4913 ab
3451 4861 3661 4916 umbra

2011 4935 2265 5005 sumpsit
2293 4936 2592 4992 exordium
2621 4956 2634 4993 :
2669 4956 2783 4995 non
2830 4940 3019 4997 solum
3054 4949 3250 4999 autem
3283 4946 3342 5001 in
3375 4947 3557 5003 Maria
3586 4950 3658 5005 ab

2013 5023 2222 5079 umbra
2251 5026 2379 5095 ejus
2413 5026 2689 5081 nativitas
2738 5030 2928 5100 coepit,
2963 5033 3062 5086 sed
3096 5038 3153 5087 et
3184 5033 3243 5087 in
3276 5038 3333 5090 te
3362 5035 3411 5090 si
3444 5037 3659 5109 dignus

2012 5113 2190 5167 fueris
2223 5115 2485 5170 nascitur
2510 5132 2703 5170 sermo
2748 5117 2862 5172 Dei.
2903 5120 3006 5174 Fac
3040 5120 3219 5191 igitur
3248 5127 3314 5177 ut
3341 5124 3533 5195 possis
3562 5141 3657 5181 ca-

2012 5220 2145 5275 pere
2198 5205 2406 5259 umbra
2463 5205 2612 5274 ejus,
2675 5210 2732 5259 et
2788 5223 2921 5261 cum
2982 5210 3191 5265 umbra
3234 5210 3413 5268 fueris
3444 5214 3658 5287 dignus

319 5354 364 5389 ⁹³
393 5353 601 5412 Matth.
640 5371 816 5421 xxvn,
848 5356 937 5410 20.
1002 5355 1048 5388 9‘
1074 5352 1281 5409 Matth.
1324 5370 1399 5422 xx,
1429 5355 1483 5409 6.
1561 5355 1604 5390 9³
1638 5356 1789 5412 Psal.
1822 5373 1921 5413 cxx

2016 5403 2021 5412 .
2104 5359 2144 5393 οδ
2176 5357 2390 5413 Thren.
2442 5373 2515 5421 ιν,
2564 5358 2654 5410 20.
2732 5358 2774 5391 ³⁷
2816 5357 2927 5415 lsa.
2970 5376 3047 5425 1x,
3088 5364 3141 5414 2.
3219 5363 3261 5397 9°
3302 5362 3439 5421 Luc.
3482 5383 3520 5436 ι,
3563 5368 3653 5427 35.

317 5549 429 5622 (49)
460 5552 620 5615 Mss.,
667 5550 856 5606 domus
903 5549 1141 5623 cedrinis
1188 5550 1437 5623 trabibus
1469 5553 1689 5623 intextis
1746 5558 1893 5623 sunt,

243 5627 300 5679 et
322 5620 587 5693 cypressis
615 5624 957 5693 contignata.
991 5620 1191 5689 Editt.,
1222 5620 1409 5678 domos
1434 5622 1682 5682 cedrinas
1712 5620 1895 5685 trabié

243 5694 346 5753 bus
375 5695 429 5752 in
440 5696 616 5754 textas
643 5703 695 5751 et
724 5695 989 5768 cypressis
1018 5693 1383 5763 centignalas.

2078 5553 2189 5625 (20)
2223 5552 2386 5632 Libb.
2448 5552 2885 5632 edittndomnes
2947 5556 3102 5615 silvae
3166 5558 3409 5632 arbores,
3452 5563 3552 5619 sed
3593 5563 3652 5621 in

2005 5640 2149 5682 mss.
2174 5623 2459 5682 omnibus
2491 5623 2781 5682 omittitur
2808 5626 2981 5687 silvae.
