4068 6174
176 342 335 429 iiiis

1055 368 1555 433 TRANSLATIO
1604 330 1875 437 HouIL.
1921 340 2238 432 calcas.
2283 370 2362 432 IN
2408 368 2712 433 CANTIC.

3422 375 3449 435 ι
3466 342 3577 439 ibi

176 488 337 553 illius
367 496 779 569 amplexabitur
804 472 909 554 me.
946 500 1147 556 Habet‘
1185 507 1240 556 et
1272 486 1330 556 in
1381 501 1618 558 sinistra
1661 506 1717 556 et
1764 501 1820 556 in
1937 518 2165 573 sponsa:
2198 502 2455 557 animam
2488 502 2717 558 beatam
2775 508 2949 575 atque
2979 504 3292 574 perfectam
3334 523 3460 579 quae
3492 476 3574 563 ci;-

174 586 412 641 dext‘era
430 602 619 641 sermo
650 586 748 642 Dei
780 587 1152 659 sapientiam,
1182 606 1309 661 qua:
1342 608 1473 644 cum
1508 608 1610 662 pro
1652 588 1818 644 intel-

173 675 361 730 lectus
388 674 666 730 varietate
683 674 759 729 sit
781 675 1171 747 multiplex,in
1205 678 1531 748 subjacenti
1564 694 1682 732 una
1712 681 1818 733 est.

173 766 302 835 Ipse
335 762 601 818 Salomon
637 764 707 819 de
737 763 875 819 laiva
901 769 957 819 et
988 765 1222 820 dextera
1269 766 1572 838 sapientia:
1626 765 1823 821 docuit

170 852 412 908 dicens:
446 851 747 923 Longitudo
793 856 962 919 enim,
1024 862 1075 908 et
1120 857 1257 908 anni
1310 856 1437 909 vita:
1486 856 1543 909 in
1598 855 1821 909 dextera

172 944 311 1016 ejus,
347 944 407 997 in
456 943 689 996 sinistra
742 946 923 997 autem
981 944 1151 1013 ipsius
1191 943 1405 1000 divitia:
1467 949 1519 1000 et
1573 946 1749 1016 gloria
1778 944 1818 997 ⁸.

176 1032 357 1103 Igitur
386 1029 524 1084 laeva
554 1031 682 1101 ejus
713 1032 822 1085 sub
846 1030 1030 1100 capite
1076 1048 1225 1100 meo,
1277 1038 1341 1086 ut
1374 1032 1544 1088 faciat
1592 1032 1822 1104 requie-

176 1136 361 1186 scere,
387 1124 442 1173 et
474 1119 775 1174 brachium
809 1120 1009 1190 sponsi
1046 1121 1147 1175 tiat
1192 1120 1432 1175 cervical
1494 1138 1709 1185 meum,
1764 1127 1823 1176 et

170 1209 488 1265 reclinetur
518 1209 724 1283 animae
759 1208 1079 1280 principale
1110 1226 1288 1281 super
1335 1226 1662 1265 sermonem
1700 1211 1817 1266 Dei.

172 1293 331 1354 nam
352 1298 469 1368 ejus
497 1298 593 1351 sub
632 1299 809 1368 capite
838 1313 974 1353 meo.
1009 1298 1132 1353 Non
1181 1298 1412 1370 expedit
1458 1299 1558 1353 tibi
1610 1299 1820 1355 habere

173 1387 481 1443 cervicalia
512 1403 638 1458 qua:
670 1384 1010 1441 lamentatio
1063 1392 1360 1458 sequatur.
1416 1386 1476 1442 In
1526 1387 1821 1442 Ezechiele

167 1477 457 1548 scriptum
489 1480 578 1529 est
610 1492 623 1530 :
658 1475 740 1529 Vze
780 1464 850 1529 iis
896 1491 1017 1547 qum
1071 1481 1341 1531 consuunt
1393 1478 1684 1532 cervicalia
1723 1475 1820 1531 sub

168 1567 324 1623 omni
364 1565 553 1621 cubitu
600 1565 859 1619 manus’.
926 1564 1053 1619 Noli
1126 1580 1407 1620 censuere
1494 1564 1817 1631 cervicalia,

168 1652 288 1711 noli
322 1653 492 1725 capiti
525 1653 760 1708 aliunde
793 1653 1051 1725 requiem
1085 1670 1361 1724 quazrere,
1418 1655 1565 1709 habe
1618 1654 1820 1725 sponsi

176 1745 384 1799 laevam
408 1743 518 1797 sub
538 1742 725 1813 capite
756 1746 877 1809 tuo,
919 1748 975 1796 et
1031 1742 1158 1796 dic:
1194 1746 1357 1797 Laeva
1411 1743 1527 1814 ejus
1582 1743 1681 1797 sub
1729 1760 1821 1797 ca-

1932 590 2049 645 tius
2080 591 2286 655 videat,
2316 592 2487 646 citius
2528 592 2817 648 sermonis
2882 592 3304 664 contempletur
3361 595 3575 652 adven-

1932 682 2075 749 tum,
2103 696 2230 751 quae,
2254 678 2362 736 sibi
2388 680 2732 752 sapientiam
2756 682 2983 736 venisse
3018 679 3249 751 sentiat,
3300 687 3357 736 et
3386 683 3574 739 chari-

1931 768 2132 831 tatem,
2196 771 2251 822 et
2303 767 2458 824 dicat
2515 786 2627 823 non
2685 768 3220 825 videntibuszEcce
3275 771 3364 827 hic
3410 775 3573 829 venit.

1930 855 2101 910 Orate
2135 862 2197 910 ut
2236 859 2291 911 et
2329 873 2434 930 ego
2477 857 2692 929 possim
2737 857 2968 914 dicere:
3011 860 3138 913 Ecce
3187 858 3277 914 hic
3304 864 3469 916 venit.
3514 863 3575 917 Si

1930 944 2085 999 enim
2128 948 2368 1017 potuero
2391 945 2488 1000 Dei
2513 946 2793 1002 disserere
2816 963 3116 1003 sermones
3146 948 3578 1019 quodammodo

1931 1038 1989 1088 et
2016 1050 2121 1104 ego
2161 1034 2351 1089 dicam
2379 1048 2391 1088 :
2432 1037 2562 1090 Ecce
2592 1036 2681 1090 hic
2708 1037 2870 1091 venit.
2899 1036 3020 1099 Quo
3040 1035 3067 1090 ?
3096 1036 3218 1090 Non
3249 1036 3448 1111 utique
3478 1038 3579 1095 ubi

1930 1121 2119 1191 vallis,
2165 1139 2278 1177 non
2323 1121 2418 1176 ubi
2462 1122 2710 1177 humilia
2762 1121 2907 1179 loca.
2952 1125 3073 1189 Quo
3112 1120 3326 1180 venit?
3367 1126 3581 1183 Salieus

1928 1226 2091 1282 super
2118 1218 2340 1277 montes,
2358 1210 2675 1266 transiliens
2704 1228 2869 1284 super
2894 1211 3079 1267 colles.
3105 1212 3161 1268 Si
3190 1213 3366 1269 fueris
3386 1230 3579 1282 mons,

1930 1298 2065 1354 salit
2093 1298 2152 1352 in
2196 1304 2249 1353 te
2286 1316 2477 1354 sermo
2520 1300 2636 1354 Dei.
2662 1300 2718 1355 Si
2774 1318 2883 1356 non
2926 1296 3178 1356 valu'cris
3219 1319 3346 1358 esse
3385 1320 3578 1371 mons,

1932 1388 2030 1442 sed
2070 1388 2249 1442 fueris
2271 1387 2455 1457 collis,
2480 1389 2774 1443 secundus
2795 1406 2827 1444 a
2849 1393 3066 1460 monte,
3094 1388 3383 1447 transiliet
3403 1386 3582 1465 super

1935 1480 2007 1530 te.
2068 1476 2250 1540 Quam
2285 1493 2416 1532 vero
2448 1476 2693 1548 pulchra
2717 1481 2773 1532 et
2793 1477 3193 1533 convenientia
3216 1479 3390 1536 rebus
3410 1498 3578 1538 voca-

1933 1562 2107 1617 bula!
2170 1563 2318 1619 Salit
2375 1581 2553 1635 super
2608 1571 2856 1631 montes,
2921 1566 3059 1637 quia
3099 1568 3349 1638 majores
3399 1574 3574 1630 sunt:

1930 1651 2187 1707 transilit
2238 1668 2416 1724 super
2473 1652 2669 1723 colles,
2730 1654 2869 1726 quia
2927 1654 3185 1709 minores
3237 1662 3392 1711 sunt.
3452 1657 3577 1714 Non

1929 1740 2187 1796 transilit
2218 1757 2394 1812 super
2421 1746 2668 1813 montes,
2705 1758 2817 1796 non
2852 1742 2988 1797 salit
3018 1760 3193 1814 super
3218 1741 3415 1799 colles.
3450 1746 3581 1800 Ecce

169 1835 283 1904 pite
312 1848 467 1898 meo;
507 1847 837 1903 quamcum
867 1830 1367 1898 habueris,omnia
1384 1831 1489 1886 tibi
1522 1848 1651 1903 quae
1684 1835 1822 1886 sunt
1852 1864 1899 1929 Β
1932 1831 2022 1885 hic
2068 1832 2214 1885 venit
2279 1830 2487 1885 saliens
2541 1847 2706 1902 super
2773 1835 2999 1895 montes,
3055 1833 3374 1888 transiliens
3419 1850 3583 1906 super

167 1923 229 1977 in
266 1921 409 1976 laeva
439 1919 959 1975 tribuuntur.Dicis
982 1919 1197 1991 quippe
1233 1936 1244 1975 :
1280 1922 1341 1976 In
1361 1922 1589 1975 sinistra
1618 1920 1823 1991 ejusdi-

167 2014 324 2068 vitia!
351 2014 401 2067 et
430 2011 631 2080 gloria,
661 2017 710 2064 et
731 2008 955 2065 dextera
974 2011 1086 2080 ejus
1106 2009 1513 2080 amplexabitur
1536 2009 1812 2066 525-27

170 2114 280 2155 me.
315 2098 526 2155 Totum
558 2103 615 2153 te
645 2097 844 2171 sponsi
895 2097 1132 2152 dextera
1187 2097 1621 2169 complectatur.
1674 2097 1819 2153 Lon-

170 2182 380 2262 gitudo
412 2189 625 2261 quippe
654 2192 710 2242 et
742 2185 877 2242 anni
901 2186 1030 2240 vita:
1062 2185 1121 2241 in
1148 2186 1382 2242 dextera
1403 2188 1556 2257 ejus:
1586 2190 1640 2242 et
1659 2185 1731 2241 ob
1763 2186 1818 2242 id

168 2279 357 2350 longa:
372 2279 522 2339 vitae,
547 2282 603 2332 et
632 2275 953 2330 multorum
976 2274 1203 2330 dierum
1236 2275 1352 2329 eris
1382 2290 1559 2348 super
1609 2280 1820 2330 terram

164 2369 384 2422 bonam
410 2380 587 2438 quam
619 2364 903 2419 Dominus
924 2363 1076 2418 Deus
1106 2366 1246 2419 tuus
1270 2364 1368 2419 dat
1397 2363 1520 2418 tibi.
1546 2363 1825 2435 Adjuravi

168 2473 285 2519 vos,
315 2455 455 2528 ﬁliae
477 2453 831 2519 Hierusalem,
887 2454 948 2506 in
992 2453 1298 2519 virtutibus,
1348 2456 1401 2507 et
1438 2453 1647 2507 viribus
1677 2455 1820 2523 agri.

168 2544 319 2611 Quid
355 2534 587 2613 adjurat
612 2558 829 2614 sponsa
860 2540 1010 2595 filias
1043 2540 1406 2595 Hierusalem
1435 2540 1463 2594 ?
1502 2541 1562 2596 Si
1612 2541 1823 2595 levave-

164 2634 320 2698 ritis,
352 2635 401 2687 et
430 2631 819 2686 suscitaveritis
856 2631 1197 2685 charitatem.
1259 2629 1528 2695 Quandiu
1569 2629 1825 2684 charitas

164 2722 389 2777 dormit
423 2721 480 2775 in
512 2718 698 2785 vobis,
731 2736 763 2773 ο
795 2717 925 2772 tilia:
957 2717 1389 2785 Hierusalem,o
1420 2715 1821 2774 adolescentu-

160 2810 255 2876 laa,
290 2826 421 2881 qua:
453 2808 510 2863 in
542 2824 636 2863 me
678 2823 791 2862 non
850 2806 1085 2871 dormit,
1136 2805 1274 2877 quia
1328 2805 1631 2861 vulnerata
1689 2824 1820 2861 sum

159 2898 455 2954 charilate
475 2896 504 2951 ?
536 2897 596 2952 In
624 2895 789 2951 vobis
813 2899 1005 2949 autem
1039 2910 1166 2966 qua:
1190 2894 1385 2966 plures
1407 2895 1570 2965 estis,
1606 2898 1661 2949 et
1690 2896 1823 2950 ado-

156 2984 526 3051 lescentulis,
578 2988 636 3039 et
673 2981 803 3037 ﬁlia:
849 2982 1234 3048 Hierusalem,
1294 2984 1511 3038 dormit
1564 2982 1822 3039 charitas

156 3076 387 3149 sponsi.
414 3073 697 3145 Adjuravi
720 3088 855 3144 ergo
875 3088 999 3139 vos,
1034 3072 1163 3126 tiliae
1201 3072 1580 3136 Hierusalem,
1637 3072 1685 3127 si
1736 3072 1819 3127 le-

151 3164 456 3229 vaverilis,
476 3168 667 3219 etnon
699 3161 889 3218 solum
930 3159 1276 3232 levaveritis,
1311 3162 1409 3216 sed
1465 3164 1522 3216 et
1569 3160 1813 3216 suscita-

1928 1920 2107 1975 colles.

2004 2009 2092 2063 lt.
2124 2007 2291 2063 Vers.
2336 2010 2394 2065 9.
2455 2008 2667 2064 Similis
2713 2013 2789 2065 est
2832 2010 3120 2081 fratruelis
3165 2027 3318 2066 meus
3347 2028 3578 2084 capreae,

1933 2106 2028 2153 aut
2051 2097 2284 2153 hi-nnulo
2312 2114 2593 2153 cervorum
2636 2099 2696 2153 in
2744 2099 3018 2153 montibus
3068 2100 3271 2155 Bethel.
3309 2101 3435 2156 llaec
3464 2102 3580 2165 duo

1933 2184 2212 2241 animalia
2240 2184 2295 2239 in
2331 2185 2649 2258 Scripturis
2690 2186 3051 2258 frequentius
3083 2188 3462 2243 nominantur
3484 2207 3497 2256 ;
3522 2193 3580 2244 et

1934 2291 2049 2345 quo
2082 2272 2337 2345 amplius
2370 2272 2699 2340 admireris,
2736 2274 2950 2345 smpius
2973 2275 3182 2342 juncta
3255 2279 3572 2346 ponuntur.

1933 2364 1997 2417 Et
2025 2362 2137 2416 huic
2164 2365 2312 2428 sunt,
2347 2361 2446 2429 ait,
2481 2378 2601 2433 qua:
2624 2362 2981 2417 manducabis
3004 2364 3064 2432 tt,
3111 2368 3242 2434 post
3272 2350 3576 2435 paululum

1934 2449 2189 2505 inferens
2221 2465 2490 2520 capream
2525 2454 2581 2504 et
2627 2466 2881 2505 cervum.
2940 2450 2999 2504 in
3053 2451 3319 2521 praesenti
3346 2468 3579 2524 quoque

1934 2538 2082 2594 libro
2114 2538 2330 2611 pariter
2361 2537 2698 2593 nominatur
2727 2555 2928 2593 cervus
2961 2544 3016 2593 et
3038 2556 3262 2611 caprea.
3292 2540 3579 2605 Quodam-

1934 2627 2107 2682 modo
2139 2626 2295 2681 enim
2327 2630 2575 2698 cognata
2603 2626 2713 2682 sibi
2745 2631 2904 2694 sunt,
2936 2632 2993 2682 et
3017 2628 3204 2683 vicina
3228 2627 3338 2684 ista
3354 2629 3578 2685 anima-

1933 2716 2031 2771 lia.
2064 2717 2303 2788 Caprea,
2338 2715 2391 2769 id
2426 2719 2516 2769 est
2547 2714 2773 2784 dorcas,
2808 2716 3147 2772 acutissime
3169 2716 3345 2772 videt.
3368 2721 3580 2774 Cervus

1931 2805 2265 2859 interfector
2296 2808 2633 2875 serpentum
2665 2808 2771 2859 est.
2805 2804 2944 2868 Quis
2976 2810 3146 2876 putas
3179 2810 3267 2861 est
3304 2805 3519 2878 dignus
3550 2798 3581 2862 ὁ

1936 2894 2123 2963 nobis,
2166 2893 2265 2964 qui
2312 2894 2478 2964 juxta
2541 2892 2884 2966 dignitatem
2946 2892 3052 2948 loci
3095 2898 3269 2966 atque
3318 2894 3580 2967 mysterii

1932 2982 2165 3055 plenam
2200 2981 2385 3053 possit
2415 2980 2701 3054 explicare
2731 2983 3063 3038 rationem?
3110 2983 3356 3039 Oremus
3383 2982 3579 3039 Domi-

1933 3087 2097 3141 num,
2142 3076 2206 3126 ut
2263 3069 2429 3125 nobis
2489 3070 2773 3143 largiatur
2828 3087 3069 3127 sensum
3111 3072 3181 3126 ad
3232 3072 3578 3143 aperiendas

1933 3157 2285 3229 Seripturas,
2329 3163 2385 3212 et
2424 3156 2722 3229 possimus
2752 3144 2981 3216 dicere:
3014 3160 3315 3223 Quomodo
3347 3158 3578 3232 aperuit

148 3254 384 3319 veritis,
419 3269 544 3325 quae
573 3250 633 3306 in
664 3249 828 3306 vobis
851 3255 958 3316 est,
993 3230 1356 3305 charitatem.
1390 3252 1623 3305 Greater
1678 3247 1811 3304 uni-
1846 3230 1887 3295 (ἶ
1929 3246 2095 3302 nobis
2153 3246 2326 3301 Jesus
2367 3245 2698 3317 Scripturas
2747 3247 2807 3300 ⁸⁵.
2851 3247 2997 3312 Quid
3050 3246 3227 3318 igitur
3249 3250 3275 3300 .9
3312 3230 3568 3303 dicimus

145 3339 601 3400 versitatiscum
628 3356 729 3395 vos
788 3338 1082 3407 conderet,
1125 3337 1375 3393 inseruit
1432 3337 1488 3391 in
1539 3338 1811 3393 cordibus

145 3432 370 3490 vestris
402 3430 629 3485 semina
656 3428 977 3483 charitatis.
1012 3427 1175 3481 Nunc
1207 3432 1421 3493 autem,
1467 3427 1618 3481 sicut
1674 3426 1812 3482 alibi

150 3520 380 3577 dicitur
403 3537 416 3573 :
442 3519 683 3575 Justitia
712 3516 973 3571 dormivit
1004 3517 1062 3570 iu
1084 3530 1146 3569 ea
1177 3516 1240 3585 ¹⁰,
1273 3514 1357 3570 sic
1416 3513 1645 3570 dilectio
1676 3515 1811 3569 dor-

153 3610 332 3666 mitat
363 3609 421 3663 in
443 3607 611 3662 vobis
634 3606 834 3676 ;juxta
855 3606 1008 3677 quod
1056 3611 1110 3659 et
1131 3604 1264 3660 alibi
1298 3603 1548 3659 dicitur:
1580 3603 1815 3673 Sponsus

154 3699 428 3770 requievit
446 3706 504 3751 ut
551 3696 653 3762 leo,
702 3697 751 3749 et
797 3698 858 3748 ut
916 3695 1125 3749 catulus
1166 3694 1336 3748 leonis
1385 3694 1448 3747 “.
1495 3692 1700 3747 Adhuc
1760 3692 1815 3745 in

156 3782 523 3852 infidelibus,
552 3782 687 3839 etin
720 3782 811 3837 his
834 3782 932 3853 qui
960 3782 1130 3837 corde
1161 3787 1303 3837 sunt
1332 3780 1509 3836 dubio
1541 3780 1819 3836 dormitat

155 3891 368 3932 sermo
402 3873 659 3938 divinus,
690 3871 894 3944 vigilat
920 3870 977 3925 in
1013 3870 1231 3925 sanctis
1264 3888 1279 3937 ;
1313 3870 1665 3925 dermitatin
1725 3869 1818 3925 his

160 3966 269 4039 qui
301 3948 756 4034 tempestatibus
779 3959 1084 4026 ﬂuctuant,
1108 3958 1426 4013 suscitatur
1452 3974 1584 4013 vero
1616 3974 1817 4013 eorum

158 4055 416 4111 vocibus
439 4050 539 4123 qui
574 4049 819 4120 cupiunt
848 4047 1124 4120 vigilante
1147 4064 1361 4119 sponso
1400 4046 1631 4102 salvari.
1691 4050 1817 4101 Sta-

158 4145 280 4201 tim
316 4143 382 4195 ﬁt
422 4156 489 4195 eo
523 4138 797 4210 vigilante
827 4136 1243 4207 tranquillitas,
1276 4135 1473 4191 statim
1528 4137 1819 4191 undarum

162 4230 358 4289 moles
390 4228 834 4300 conquiescunt,
866 4225 1168 4297 spiritibus
1230 4223 1536 4280 contrariis
1588 4240 1821 4280 concre-

161 4322 370 4395 patur,
398 4318 684 4372 ﬂuctuum
716 4313 904 4370 rabies
927 4313 1093 4369 silet:
1128 4313 1228 4368 illo
1258 4313 1583 4369 dormiente
1602 4317 1821 4386 tempe-

162 4417 318 4475 stas,
354 4423 535 4473 mors,
569 4409 626 4460 et
702 4403 1027 4475 desperatio
1059 4408 1166 4458 est.
1190 4404 1253 4467 ¹²,
1286 4402 1487 4474 Adjuro
1550 4418 1686 4474 ergo
1733 4418 1824 4457 vos

160 4501 305 4571 ﬁliae
329 4493 693 4563 Hierusalem,
716 4494 775 4547 in
814 4493 1108 4547 virtutibus
1154 4497 1204 4547 et
1260 4494 1320 4546 in
1394 4491 1604 4546 viribus
1674 4492 1822 4560 agri.

1923 3336 2063 3407 quia
2092 3335 2319 3400 dorcas,
2355 3333 2461 3389 hoc
2492 3338 2579 3390 est
2608 3351 2818 3407 caprea
2848 3335 3170 3391 secundum
3195 3352 3396 3390 eorum
3430 3335 3567 3409 phy-

1921 3414 2226 3496 siologiam
2250 3423 2349 3495 qui
2375 3423 2445 3478 de
2468 3423 2692 3478 naturis
2720 3424 2983 3479 omnium
3004 3424 3347 3479 animalium
3370 3424 3571 3498 dispu-

1922 3516 2068 3577 tant,
2104 3528 2171 3565 ex
2200 3511 2379 3566 insita
2426 3510 2535 3565 sibi
2570 3510 2620 3565 vi
2648 3528 2855 3567 nomen
2878 3511 3186 3584 acceperit.
3218 3512 3303 3565 Ab
3325 3529 3391 3568 eo
3413 3513 3568 3568 enim

1924 3601 2078 3672 quod
2113 3600 2342 3655 acutius
2372 3592 2583 3666 videat,
2613 3600 2669 3653 id
2703 3604 2792 3655 est
2845 3600 2990 3674 παρᾶ
3017 3599 3079 3651 τὸ
3141 3597 3306 3668 ὀξέως
3336 3596 3568 3673 δέρκετν,

1928 3690 2136 3745 dorcas
2166 3686 2458 3759 appellata
2482 3690 2591 3742 est.
2624 3692 2836 3742 Cervus
2856 3704 2989 3742 vero
3012 3693 3349 3759 serpentum
3374 3687 3573 3742 inimi-

1932 3795 2037 3834 cus
2067 3794 2132 3831 ac
2174 3774 2497 3831 debellator
2525 3780 2632 3843 est,
2660 3775 2741 3830 ita
2770 3779 2835 3830 ut
2855 3775 3060 3848 spiritu
3103 3776 3331 3830 narium
3356 3791 3455 3831 eos
3485 3792 3575 3831 ex-

1928 3867 2122 3923 trahat
2151 3866 2221 3921 de
2253 3864 2536 3931 cavernis,
2578 3869 2633 3919 et
2662 3868 2935 3936 superata
2965 3864 3219 3935 pernicie
3254 3864 3454 3919 veneni
3485 3879 3576 3919 eo-

1931 3973 2062 4011 rum
2094 3953 2307 4026 pabulo
2373 3952 2711 4009 delectetur.
2752 3953 3016 4009 Forsitan
3083 3953 3346 4009 Salvator
3410 3970 3577 4009 meus

1929 4059 2138 4115 caprea
2169 4043 2234 4097 tit
2256 4042 2423 4112 juxta
2454 4038 2702 4114 θεωρίαν,
2746 4057 2948 4097 cervus
2971 4044 3138 4112 juxta
3184 4058 3378 4114 opera.
3413 4043 3577 4108 Quae-

1932 4150 2068 4189 nam
2104 4132 2211 4186 ista
2245 4136 2384 4185 sunt
2405 4128 2619 4202 opera?
2650 4128 2926 4185 Interticit
2950 4130 3074 4203 ipse
3103 4134 3422 4203 serpentes,
3443 4146 3577 4184 con-

1935 4220 2141 4278 trarias
2173 4219 2541 4275 fortitudines
2565 4218 2820 4292 jugulat,
2852 4219 2981 4274 ideo
3012 4218 3200 4273 dicam
3234 4218 3322 4275 ei:
3355 4219 3428 4272 Tu
3449 4234 3577 4273 con-

1930 4311 2136 4366 trivisti
2162 4311 2345 4380 capita
2384 4307 2681 4363 draconum
2722 4323 2886 4379 super
2941 4323 3129 4380 aquas,
3178 4315 3233 4361 tu
3272 4307 3581 4361 contrivisti

1932 4407 2093 4471 caput
2122 4399 2375 4453 draconis
2397 4398 2456 4452 ιθ.

2011 4492 2096 4544 lt.
2131 4488 2344 4542 Similis
2369 4491 2446 4541 est
2474 4486 2761 4557 fratruelis
2791 4502 2945 4541 meus
2973 4501 3202 4558 caprea},
3228 4485 3310 4541 vel
3350 4484 3580 4541 lu'nnulo

161 4588 359 4657 Cujus
391 4582 515 4656 agri
546 4581 574 4636 ‘t
603 4581 823 4653 Nempe
853 4580 1013 4636 illius
1044 4581 1167 4653 agri
1185 4580 1360 4651 pleni,
1386 4596 1562 4651 quem
1595 4574 1824 4635 benedi-
1855 4593 1901 4658 ι)
1931 4594 2214 4635 cervorum
2257 4591 2418 4647 super
2457 4583 2659 4631 montes
2704 4574 2893 4630 domus
2939 4576 3034 4630 Dei
3069 4592 3088 4629 :
3121 4574 3314 4630 Bctelh
3364 4575 3582 4647 quippe

160 4677 258 4732 xit
290 4673 573 4729 Dominus
597 4671 659 4727 ¹³.

246 4765 339 4828 10,
372 4762 538 4817 Vers.
571 4762 630 4829 7,
651 4763 706 4816 8.
741 4760 799 4814 Si
830 4759 1144 4814 levaverttis
1172 4766 1222 4813 et
1278 4758 1673 4813 suscitaveritis
1699 4758 1824 4813 cha-

160 4857 425 4917 ritalcm,
459 4848 635 4921 quoad
675 4864 841 4919 usque
870 4848 1001 4903 velit
1038 4863 1144 4901 vox
1168 4847 1459 4917 fratruelis
1513 4849 1644 4901 mei.
1700 4848 1829 4902 Ecce

160 4946 267 4998 hic
297 4944 449 4997 venit
476 4939 683 4995 saliens
713 4953 877 5009 super
902 4940 1130 4991 montes.
1164 4935 1294 4991 Haec
1335 4935 1523 4990 adhuc
1573 4935 1832 5005 loquitur

161 5028 461 5095 Ecélesia,
495 5027 809 5083 exhortans
842 5022 1326 5092 adolescentulus,
1383 5028 1447 5078 ut
1502 5024 1572 5077 ad
1632 5023 1829 5095 sponsi

162 5121 583 5193 praeparentur
612 5116 922 5171 adventum
951 5131 964 5181 ;
997 5113 1044 5167 si
1093 5117 1288 5167 tamen
1337 5111 1530 5167 venire
1585 5111 1834 5166 voluerit
1864 5119 1873 5127 °

162 5217 234 5266 et
268 5223 446 5263 suum
466 5204 582 5261 illis
614 5204 866 5275 praebere
889 5201 1268 5274 colloquium.
1301 5200 1505 5256 Adhuc
1537 5200 1715 5273 igitur
1746 5198 1833 5254 lo-

162 5302 398 5371 quente
419 5311 507 5363 ea,
540 5293 700 5349 venit
728 5308 1002 5364 sponsus,
1027 5307 1199 5362 quem
1232 5288 1414 5362 digito
1446 5291 1753 5353 monstrat,
1778 5292 1835 5343 et

168 5384 363 5444 dicit:
386 5386 518 5440 Ecce
546 5384 635 5438 hic
665 5384 811 5438 venit
841 5382 1042 5436 saliens
1070 5395 1236 5451 super
1291 5387 1512 5434 montes.
1580 5377 1836 5450 lntcllige

255 5616 473 5673 'Prov.
546 5633 630 5684 ιιι,
698 5616 784 5669 16.
862 5610 1112 5668 9Ezech.
1155 5627 1279 5680 XIII,
1350 5610 1449 5684 48:
1520 5610 1562 5684 Ψ
1634 5608 1974 5684 lsa.1,_2l.

1934 4668 2353 4737 interpretatur
2381 4665 2596 4719 domus
2627 4664 2748 4719 Dei.
2794 4664 2917 4719 Non
2968 4680 3171 4720 omnes
3220 4668 3449 4718 montes
3479 4664 3580 4717 do-

1938 4772 2072 4811 mus
2104 4754 2195 4809 Dei
2232 4757 2390 4820 sunt,
2425 4753 2525 4808 sed
2558 4752 2656 4824 qui
2692 4758 2921 4808 montes
2945 4752 3210 4807 Ecclesia:
3238 4756 3395 4807 sunt.
3422 4751 3583 4806 Inve-

1939 4845 2184 4899 niuntur
2213 4842 2431 4913 quippe
2457 4846 2514 4896 et
2545 4840 2641 4896 alii
2677 4847 2901 4897 montes
2932 4842 3126 4910 erecti,
3159 4846 3213 4894 et
3235 4855 3585 4911 consurgen-

1936 4938 2024 4989 tes
2055 4932 2333 4986 adversus
2367 4929 2673 4985 scientiam
2713 4929 2827 4997 Dei,
2855 4934 3079 4984 montes
3104 4927 3498 5001 IEgyptiorum
3530 4933 3587 4982 et

1942 5019 2412 5092 Allophylorum.
2447 5017 2545 5073 Vis
2576 5017 2723 5073 scire
2754 5018 2892 5089 quia
2923 5016 3135 5072 similis
3164 5022 3254 5071 est
3294 5015 3586 5071 fratruelis

1941 5125 2108 5165 meus
2138 5123 2376 5178 capreae,
2410 5111 2512 5160 aut
2550 5106 2792 5161 hinnulo
2823 5121 3120 5161 cervorum
3155 5121 3329 5177 super
3359 5109 3588 5160 montes

1946 5196 2142 5253 Bethel
2166 5198 2194 5249 ?
2225 5200 2357 5250 Esto
2390 5212 2559 5250 mons
2589 5194 3039 5264 ecclesiasticus,
3062 5210 3230 5249 mons
3254 5194 3465 5249 domus
3485 5192 3587 5249 Dei

1943 5291 2000 5342 et
2029 5285 2219 5342 veniet
2248 5285 2317 5339 ad
2354 5289 2407 5339 te
2447 5301 2701 5356 sponsus
2732 5284 2944 5339 similis
2976 5299 3215 5354 capreae,
3236 5280 3589 5337 velhinnulo

1949 5390 2249 5430 cervorum
2311 5389 2487 5445 super
2531 5377 2758 5427 montes
2811 5371 3029 5428 Bethel.
3078 5371 3270 5428 Cernit
3308 5385 3588 5444 sponsum

2054 5606 2094 5644 ¹¹
2138 5604 2311 5662 Num.
2353 5608 2582 5677 xuv,9.
2662 5608 2706 5642 ¹²
2746 5602 2950 5679 Matth.
2992 5620 3114 5664 VIII.
3196 5606 3236 5639 ’³
3264 5609 3403 5661 Gen.
3436 5617 3590 5661 xxvx.

166 5693 230 5733 ⁸⁸
266 5689 438 5748 Deut.
474 5705 587 5758 11v,
618 5681 674 5743 ’4.
755 5687 797 5720 ιδ
830 5686 966 5741 Luc.
997 5701 1144 5755 sxw,
1179 5686 1268 5741 32.
1348 5684 1390 5720 “
1422 5682 1573 5742 Psal.
1610 5699 1793 5750 Lxxw,
1825 5684 1838 5738 l

1944 5681 1998 5739 4.

509 5814 777 5879 ΡΑτιιοι,
818 5812 1036 5881 XXIII.

3195 5802 3274 5871 38
