4046 6162
518 335 709 396 ’1195

1792 327 1857 388 S.
1903 326 2213 389 EUSEBII
2260 326 2727 392 HIERONYMI.

3727 331 3845 396 “96

550 461 1052 538 appropinquasse
1115 459 1385 528 vicinius,
1419 458 1519 530 qui
1541 462 1676 516 ante
1727 474 1905 531 super
1967 460 2196 515 montes
2224 463 2277 528 Α
2308 459 2451 532 pulli
2477 460 2881 518 columbarum
2900 463 2972 520 εί.
3008 462 3152 519 Nam
3174 464 3330 520 idem
3350 467 3521 533 vacat,
3544 468 3593 520 et
3607 481 3846 538 nunquam
3956 466 3957 513 Ὗ

548 555 893 610 versabatur
920 558 978 606 et
1006 549 1207 615 colles,
1246 546 1554 603 assimulet
1600 563 1735 603 eum
1764 546 2194 603 transilientem

551 648 726 715 atque
756 641 1084 697 salientem.
1116 639 1186 693 Et
1216 642 1348 711 post
1376 637 1498 693 bsic
1529 638 1601 693 ad
1634 652 1697 693 se
1726 640 1783 692 et
1801 637 1873 693 ad
1899 636 2045 692 alias
2065 637 2197 692 ado-

550 730 907 788 lescentulas
958 727 1264 784 advenisse
1302 742 1674 799 cognoscens,
1715 724 1894 781 dicit.
1937 728 2065 782 Ecce
2109 727 2198 781 hic

551 830 697 878 retro
724 828 842 893 post
867 820 1139 891 parietem
1174 820 1441 872 nostrum.
1492 815 1549 871 Si
1599 815 1971 872 aadificaveris
2008 816 2196 888 parie-

552 915 692 978 tem,
718 914 776 964 et
806 907 1012 964 feceris
1044 903 1492 961 aediﬁcationem
1520 902 1637 971 Dei,
1657 903 1850 959 veniet
1872 907 2002 976 post
2019 904 2199 975 parie-

550 1005 668 1055 tem
701 1003 866 1054 tuum
900 996 1245 1067 Prospiciens
1289 1009 1387 1064 per
1428 995 1715 1064 fenestras.
1766 992 1893 1047 Una
1951 992 2198 1048 fenestra

553 1104 708 1143 unus
739 1090 829 1142 est
858 1101 1088 1149 sensus,
1126 1100 1225 1155 per
1256 1083 1414 1138 hunc
1444 1081 1724 1154 prospicit
1770 1098 2044 1153 sponsus,
2086 1080 2198 1136 alia

556 1176 812 1231 fenestra
843 1172 993 1229 alius
1023 1177 1113 1228 est
1150 1188 1383 1237 sensus,
1415 1175 1472 1227 et
1499 1187 1602 1243 per
1630 1170 1787 1225 hunc
1816 1187 2068 1243 sponsus
2090 1169 2199 1226 sol-

553 1264 708 1319 licite
737 1266 1064 1318 contuetur.
1118 1265 1225 1316 Per
1279 1276 1426 1332 quos
1483 1276 1694 1315 sensus
1752 1276 1866 1315 non
1918 1258 2201 1331 prospicit

543 1364 743 1408 'sermo
765 1349 909 1406 Dei?
928 1349 1072 1416 Quid
1099 1348 1175 1404 sit
1195 1353 1387 1404 autem
1412 1346 1742 1420 prospicere
1760 1362 1863 1420 per
1892 1347 2196 1416 fenestras,

551 1446 610 1497 et
638 1440 931 1513 quomodo
964 1454 1065 1510 per
1094 1455 1193 1493 eas
1226 1453 1480 1509 sponsus
1508 1436 1775 1508 aspiciat,
1802 1453 2054 1507 sequens
2092 1437 2198 1491 do-

553 1529 706 1585 cebit
747 1526 1102 1600 exemplum.
1160 1526 1261 1581 Ubi
1312 1542 1427 1581 non
1477 1525 1759 1598 prospicit
1811 1542 2085 1598 sponsus,
2118 1526 2197 1581 ibi

557 1635 716 1674 mors
756 1617 1049 1673 invenitur
1078 1616 1421 1681 ascendens,
1455 1618 1519 1669 ut
1548 1613 1800 1686 legimus
1837 1614 1895 1669 iu
1917 1614 2197 1671 Jeremia:

558 1709 687 1763 Ecce
713 1722 860 1763 mors
891 1704 1131 1760 ascendit
1156 1721 1257 1776 per
1282 1705 1554 1775 fenestras
1596 1708 1816 1758 nostras
1856 1704 1918 1758 ‘7.
1961 1705 2201 1769 Quando

552 1795 766 1852 videris
780 1794 1084 1850 mulierem
1098 1794 1169 1848 ad
1184 1792 1715 1864 concupiscendum
1729 1808 1878 1863 eam,
1894 1793 2020 1863 jam
2044 1810 2201 1848 mors

555 1885 819 1943 ascendit
846 1844 2199 1953 rene....;1‘.;.‘.fra-ngg“,;g;:;zi;'."niai
2232 1844 2277 1909 Β

552 1975 669 2048 lige
698 1974 838 2047 quia
866 1974 924 2028 in
958 1971 1150 2027 medio
1179 1970 1524 2042 laqueorum
1574 1970 1864 2038 ambulas,
1904 1974 1960 2027 et
1989 1972 2199 2028 subtus

556 2063 859 2120 machinas
872 2061 1163 2118 528-80
1184 2064 1448 2115 transeas
1466 2060 1861 2115 imminentes.
1885 2061 2094 2116 Omnia
2116 2077 2200 2116 re-

556 2153 713 2211 tibus
743 2150 914 2225 plena
936 2154 1095 2215 sunt,
1122 2147 1392 2204 diabolus
1409 2147 1617 2221 laqueo
1639 2153 1847 2204 cuncta
1867 2150 2197 2223 complevit.

554 2242 615 2300 Si
649 2246 844 2298 autem
875 2238 1096 2296 venerit
1123 2237 1228 2294 tibi
1251 2254 1445 2293 sermo
1464 2238 1580 2308 Dei,
1607 2240 1664 2293 et
1685 2237 1925 2310 coeperit
1942 2238 2200 2294 eminere

558 2333 629 2388 de
660 2330 906 2399 retibus,
941 2328 1100 2384 dices
1124 2345 1139 2386 :
1165 2327 1366 2382 Anima
1391 2333 1578 2383 nostra
1606 2334 1791 2398 erepta
1819 2330 1899 2382 est
1925 2326 1989 2382 de
2009 2326 2203 2399 laqueo

558 2421 902 2478 venantium.
936 2422 1184 2490 Laqueus
1213 2418 1477 2473 contritus
1503 2424 1597 2481 est,
1629 2423 1679 2471 et
1706 2432 1805 2472 nos
1854 2417 2077 2473 liberati
2104 2433 2199 2472 su-

563 2526 707 2565 mus.
762 2508 1049 2565 Benedicti
1093 2522 1183 2562 vos
1232 2522 1265 2561 a
1314 2506 1544 2561 Domino
1596 2506 1693 2577 qui
1746 2507 1877 2576 fecit
1921 2506 2117 2560 caelum
2153 2509 2205 2560 et

559 2608 765 2656 terram
787 2599 849 2651 ¹⁸.
882 2597 1112 2652 Eminet
1141 2593 1321 2668 igitur
1367 2611 1620 2666 sponsus
1664 2610 1766 2666 per
1809 2595 1954 2650 retia
1983 2593 2090 2649 tibi
2119 2595 2201 2649 vi-

565 2695 688 2744 tam
723 2686 962 2743 faciens.
994 2686 1167 2742 Jesus
1200 2684 1501 2741 descendit
1525 2684 1595 2739 ad
1627 2687 1832 2753 terras,
1861 2684 2112 2756 subjecit
2142 2703 2204 2743 se

558 2777 783 2834 retibus
813 2774 1053 2844 mundi;
1085 2774 1287 2830 videns
1318 2789 1601 2847 magnum
1635 2773 1937 2829 hominum
1967 2789 2201 2847 gregem

561 2866 786 2923 retibus
816 2863 1186 2937 impeditum,
1216 2879 1320 2919 nec
1349 2879 1418 2919 ea
1445 2863 1517 2918 ab
1549 2861 1661 2918 alio
1709 2862 1820 2918 nisi
1862 2880 1896 2918 a
1942 2880 2004 2919 se
2033 2880 2205 2935 posse

561 2954 887 3023 conscindi,
915 2953 1073 3008 venit
1103 2952 1173 3008 ad
1205 2952 1369 3023 retia,
1403 2967 1714 3007 assumens
1744 2967 1956 3023 corpus
1997 2952 2204 3008 huma-

562 3062 729 3114 num,
765 3044 919 3117 quod
952 3042 1325 3098 inimicarum
1358 3038 1770 3096 tortitudinum
1804 3040 2030 3112 laqueis
2053 3046 2206 3098 tene-

563 3136 756 3203 batur,
787 3151 855 3189 ea
886 3132 991 3187 tibi
1038 3129 1279 3201 dirupit,
1328 3134 1386 3185 et
1440 3127 1732 3200 loqueris:
1764 3130 1897 3186 Ecce
1943 3130 2033 3186 hic
2060 3135 2205 3189 retro

2307 548 2531 603 dictum
2559 552 2648 605 est
2695 551 3010 623 separatim
3061 570 3168 625 par
3213 554 3592 609 tantummodo
3618 552 3849 610 columba-

2305 654 2459 705 rum,
2494 638 2594 693 sed
2636 656 2741 710 par
2777 644 3097 700 turturum.
3131 646 3188 696 et
3217 643 3363 698 duos
3411 641 3584 715 pullos
3619 642 3849 697 columba-

2306 743 2461 781 rum.
2494 725 2778 784 Columba
2801 729 3052 801 Spiritus
3074 736 3313 787 sanctus
3334 736 3436 787 est.
3464 730 3685 802 Spiritus
3710 735 3851 786 autem
3956 760 3957 805 ξ

2307 820 2545 871 sanctus
2584 817 2820 888 quando
2850 819 2922 874 de
2954 819 3183 891 magnis
3211 824 3268 875 et
3313 818 3691 875 occultioribus
3715 835 3853 873 sacrs-
3956 820 3957 891 ι

2307 904 2543 971 mentis,
2576 908 2633 960 et
2662 920 2789 976 quae
2821 906 2993 962 multi
3025 924 3229 981 capere
3259 925 3372 964 non
3396 911 3624 980 possunt
3638 906 3853 979 loquitur,

2306 991 2365 1045 in
2397 994 2645 1048 turturis
2676 994 3061 1066 appellatione
3101 997 3385 1069 signatur,
3416 997 3472 1050 id
3509 1000 3590 1052 est
3629 996 3737 1065 ejus
3758 996 3854 1060 avis,

2308 1096 2433 1150 quae
2457 1083 2760 1153 semperin
2788 1084 3252 1158 montiumjugis
3272 1086 3599 1167 etarbprum
3619 1083 3858 1139 verticibus

2307 1171 2792 1226 commoratur.ln
2823 1172 3073 1229 vallibus
3096 1179 3291 1230 autem
3316 1181 3371 1231 et
3393 1164 3483 1229 his
3510 1179 3564 1229 et
3578 1164 3694 1245 quae
3713 1173 3769 1228 ad
3792 1172 3858 1227 bo-

2309 1257 2499 1313 mines
2524 1276 2708 1329 usque
2737 1260 3099 1332 perveniunt,
3122 1261 3395 1318 columba
3417 1262 3729 1317 assumitur.
3750 1261 3860 1315 Deoi-

2309 1362 2421 1418 que
2453 1346 2715 1403 Salvator
2742 1349 2880 1421 quia
2903 1350 3199 1407 hominem
3222 1357 3312 1407 est
3331 1352 3597 1424 dignatus
3616 1366 3858 1415 assumere,

2308 1435 2541 1491 etvenit
2569 1438 2636 1492 ad
2669 1441 2877 1504 terras,
2929 1439 3214 1512 multique
3261 1445 3403 1495 tunc
3451 1440 3595 1494 circa
3626 1439 3860 1494 Jordanem

2308 1530 2640 1596 peccatores
2689 1532 2876 1594 erant,
2909 1528 3124 1584 idcirco
3173 1529 3428 1602 Spiritus
3480 1532 3700 1584 sanctus
3724 1528 3863 1583 nonin

2308 1617 2597 1670 turturem
2626 1615 2887 1683 vertitur,
2922 1618 3020 1673 sed
3054 1617 3328 1673 columba.
3367 1619 3448 1685 tit,
3500 1618 3639 1673 inter
3668 1633 3755 1672 nos
3771 1631 3859 1687 pro-

2312 1708 2439 1774 pter
2466 1702 2773 1759 hominum
2807 1704 3242 1763 multitudinem
3274 1707 3398 1762 avis
3430 1705 3757 1761 mansuetior
3778 1719 3867 1758 con-

2309 1796 2595 1847 versatur.
2627 1792 2845 1849 Turtur
2874 1799 3070 1851 autem
3100 1796 3351 1862 videtur,
3373 1795 3531 1851 verbi
3560 1795 3726 1867 gratia
3748 1792 3865 1862 Moysi

2307 1884 2364 1934 et
2395 1881 2494 1935 uni
2528 1880 2770 1937 cuilibet
2791 1883 3207 1955 prophetarum
3229 1884 3621 1941 recedentium
3644 1883 3695 1938 in
3712 1887 3867 1937 montes

2307 1973 2364 2024 et
2393 1970 2640 2037 deserta,
2683 1974 2740 2025 et
2766 1971 2843 2026 ibi
2866 1972 3277 2045 accipientium
3300 1989 3599 2030 sermones
3618 1971 3724 2026 Dei.
3746 1972 3865 2041 (Vera
3956 1962 3957 1967 “

2311 2057 2396 2129 12,
2431 2058 2453 2113 4
2464 2058 2542 2129 3.)
2580 2059 2687 2115 Vox
2715 2076 2851 2132 ergo
2883 2065 3116 2118 turturis
3146 2063 3331 2119 audita
3362 2071 3444 2119 est
3476 2065 3535 2118 in
3564 2065 3699 2116 terra
3731 2065 3867 2114 nm.
3956 2102 3957 2105 η

2309 2148 2466 2201 Ficus
2487 2148 2749 2219 produxit
2787 2167 2999 2219 grossos
3044 2167 3186 2208 suos.
3220 2153 3260 2206 Α
3306 2153 3417 2223 ﬁcu
3466 2151 3743 2223 dignoscite
3762 2164 3869 2221 para-

2311 2234 2492 2291 botam
2511 2254 2531 2291 :
2560 2253 2685 2293 cum
2713 2255 2897 2295 ramus
2924 2240 3039 2311 ejus
3067 2244 3220 2297 tener
3266 2245 3445 2311 factus
3492 2242 3673 2311 fuerit,
3717 2244 3757 2292 et
3785 2234 3869 2307 [otia

2308 2327 2542 2395 miserit,
2573 2330 2763 2383 scitote
2790 2332 2919 2401 quia
2964 2330 3132 2402 juxta
3169 2333 3246 2385 est
3312 2340 3472 2386 aestas
3492 2332 3557 2383 3’.
3588 2328 3713 2384 Vult
3765 2324 3871 2379 nobis

2310 2413 2407 2469 Dei
2440 2413 2740 2488 eloquium
2763 2417 3053 2487 nuntiare,
3081 2420 3504 2492 postbiemem,
3529 2422 3654 2491 post
3671 2412 3872 2488 procellas

2311 2504 2641 2560 animarum
2675 2508 3179 2580 appropinquasse
3209 2525 3487 2577 messem,
3521 2513 3579 2563 et
3640 2507 3743 2560 ait:
3768 2504 3872 2559 Ficus

2308 2592 2569 2664 producit
2596 2611 2803 2666 grossos
2828 2612 2973 2665 suos,
3005 2598 3137 2652 vites
3174 2596 3490 2669 ﬂorescunt,
3542 2595 3775 2651 dederunt
3799 2589 3874 2645 odo-

2312 2699 2429 2738 rem
2447 2700 2468 2744 ,·
2499 2682 2547 2738 si
2569 2685 2696 2753 jam
2743 2689 3097 2757 rumpuntur
3142 2686 3201 2740 in
3244 2686 3445 2741 florem
3493 2691 3712 2756 tempus
3764 2682 3877 2736 adve-

2314 2772 2456 2839 niet,
2489 2777 2545 2828 et
2575 2777 2749 2828 erunt
2779 2790 2918 2828 uvae.

2386 2861 2618 2918 ὕδια
2670 2861 2756 2917 13.
2808 2862 2997 2934 Surge,
3048 2865 3193 2931 veni,
3241 2866 3500 2935 proxima
3550 2860 3878 2933 memmi-ian

2312 2966 2452 3017 mea,
2478 2952 2727 3006 columba
2760 2967 2899 3007 mea.
2928 2951 3057 3007 Haec
3087 2969 3214 3024 quae
3246 2954 3526 3024 superius
3565 2950 3879 3024 exposuimus.

2316 3056 2569 3113 sponsus
2600 3056 2716 3095 non
2748 3041 3123 3097 audientibus
3175 3040 3651 3108 adolescentulis,
3697 3038 3779 3095 sed
3807 3032 3884 3090 sola

2314 3145 2533 3201 sponsa
2556 3129 2828 3185 audiente
2856 3129 3135 3202 loquitur.
3169 3131 3461 3187 Volumus
3485 3135 3673 3186 autem
3697 3132 3746 3183 ct
3760 3122 3881 3196 ipsius

557 3229 680 3298 post
733 3224 1003 3296 parietem
1055 3223 1306 3275 nostrum
1358 3219 1698 3291 prospiciens
1764 3235 1868 3290 per
1912 3222 2201 3291 fenestras,
2236 3212 2279 3279 C
2311 3220 2434 3290 jam
2466 3217 2670 3274 audire
2707 3234 3038 3275 sermonem
3069 3219 3363 3292 loquentis
3387 3221 3459 3276 ad
3491 3233 3752 3293 sponsam
3770 3216 3883 3287 (ven.

559 3318 807 3373 eminens
831 3328 930 3384 per
957 3310 1116 3365 retia.
1150 3309 1293 3364 Cum
1323 3306 1654 3374 eminuerit,
1706 3307 1847 3363 dicit
1896 3308 2000 3364 tibi
2029 3314 2202 3378 (vers.

559 3406 684 3477 40):
722 3399 1014 3475 Respondet
1038 3398 1325 3471 fratruelis
1356 3412 1524 3465 meus,
1554 3404 1605 3453 et
1633 3396 1767 3452 dicit
1792 3415 1804 3455 :
1833 3397 2024 3470 Surge,
2058 3403 2200 3469 veni,

553 3494 814 3567 proxima
835 3507 975 3558 mea,
1008 3488 1161 3545 viam
1193 3485 1299 3542 tibi
1330 3485 1458 3553 feci,
1490 3485 1750 3542 conscidi
1782 3487 1946 3553 retia,
1971 3488 2054 3543 sic
2074 3489 2203 3544 veni

558 3584 628 3640 ad
661 3599 774 3651 me,
822 3578 1086 3654 proxima
1128 3592 1279 3633 mea.
1340 3575 1530 3647 Surge,
1580 3591 1723 3646 veni,
1773 3578 2031 3647 proxima
2059 3594 2199 3649 mea,

556 3674 797 3747 speciosa
842 3686 985 3741 mea,
1034 3665 1281 3724 columba
1329 3680 1471 3721 mea.
1529 3668 1642 3720 Cur
1701 3664 1804 3732 ait,
1846 3670 2053 3735 surge?
2099 3682 2204 3723 cur

550 3765 829 3835 propera?
857 3761 976 3833 Ego
1008 3774 1112 3831 pro
1137 3765 1192 3812 te
1222 3754 1477 3812 sustinui
1509 3753 1731 3811 rabiem
1762 3759 2198 3827 tempestatum,

560 3867 667 3925 ego
698 3851 914 3907 ﬂuctus
945 3848 1045 3920 qui
1081 3845 1187 3902 tibi
1233 3845 1598 3901 debebantur
1639 3843 1856 3916 excepi.
1914 3845 2097 3900 Tristis
2123 3853 2205 3902 est

557 3941 710 3996 facta
767 3940 957 3994 anima
984 3953 1106 3993 mea
1172 3937 1408 4009 propter
1470 3938 1525 3989 te
1554 3949 1723 4005 usque
1787 3931 1856 3988 ad
1883 3942 2113 3989 mortem
2136 3934 2198 3990 ‘9.

557 4026 793 4085 Surrexi
824 4044 857 4082 a
882 4024 1129 4081 mortuis
1159 4023 1357 4080 fractis
1386 4021 1593 4078 mortis
1629 4021 1851 4092 januis,
1901 4026 1959 4077 et
1988 4022 2196 4078 inferni

557 4114 807 4189 vinculis
856 4112 1180 4170 dissolutis.
1241 4112 1374 4167 Ideo
1418 4110 1546 4166 dico
1588 4109 1694 4165 tibi
1742 4113 1928 4181 (Vere.
1968 4112 2033 4165 10
2064 4110 2196 4183 lt):

549 4208 745 4278 Surge,
792 4205 938 4271 veni,
991 4203 1246 4275 proxima
1291 4216 1434 4267 mea,
1481 4202 1723 4272 speciosa
1757 4216 1898 4267 mea,
1948 4202 2197 4257 columba

551 4313 699 4365 mea,
749 4296 879 4369 quia
927 4292 1099 4349 hiems
1138 4291 1418 4356 transivit,
1459 4290 1657 4362 pluvia
1704 4290 1860 4357 abiit,
1908 4291 2066 4361 ﬂores
2094 4291 2200 4345 visi

551 4388 682 4444 sunt
723 4387 785 4441 in
831 4386 998 4440 terra.
1043 4383 1159 4452 Ego
1190 4397 1224 4435 a
1274 4378 1524 4434 mortuis
1567 4394 1814 4450 surgens
1852 4382 2197 4450 tempestate

553 4489 890 4546 compressa
920 4467 1408 4541 tranquillitatem
1438 4465 1686 4522 reddidi.
1720 4466 1789 4520 Et
1818 4466 1953 4538 quia
1983 4483 2196 4524 secun-

2312 3308 2402 3379 43,
2436 3307 2525 3376 l4)
2551 3324 2563 3361 :
2595 3308 2785 3378 Surge,
2816 3309 2962 3373 veni,
2990 3312 3247 3380 proxima
3271 3326 3421 3380 mea,
3444 3310 3687 3381 speciosa
3710 3320 3820 3369 mea,
3837 3314 3884 3353 or

2312 3398 2499 3453 tumba
2536 3413 2677 3465 mea,
2710 3407 2765 3452 et
2795 3399 2939 3466 veni,
2970 3398 3220 3454 columba
3266 3415 3415 3463 nica,
3462 3398 3563 3453 sub
3606 3395 3807 3467 tegmine
3826 3403 3884 3461 pe-

2312 3495 2431 3542 trae.
2466 3489 2534 3541 Et
2577 3492 2795 3558 Moyses
2862 3486 2971 3542 sub
3032 3486 3291 3559 tegmine
3331 3491 3514 3559 petrae
3576 3483 3800 3558 ponitur,
3847 3480 3883 3529 ut

2309 3577 2503 3631 videat
2532 3574 2872 3647 posteriora.
2893 3575 3011 3631 Déi.
3042 3577 3106 3631 In
3135 3578 3373 3647 tegmine
3421 3571 3783 3630 antemuratis.
3806 3563 3884 3621 Pri-

2313 3681 2476 3721 mum
2502 3663 2632 3721 veni
2672 3664 2743 3719 ad
2777 3664 2836 3719 id
2870 3664 3023 3736 quod
3051 3668 3183 3720 ante
3228 3681 3469 3719 murum
3535 3669 3641 3733 est,
3672 3664 3724 3716 et
3750 3656 3885 3730 postea

2310 3753 2526 3826 poteris
2559 3753 2798 3809 introire
2830 3753 2927 3807 ubi
2960 3770 3166 3809 murus
3207 3758 3296 3808 est
3343 3759 3524 3825 petrae
3572 3751 3774 3807 Ostende
3795 3740 3883 3796 mihi

2306 3844 2508 3914 faciem
2535 3845 2708 3898 tuam.
2743 3841 2937 3913 Usque
2995 3842 3066 3897 ad
3127 3849 3472 3914 prmsenlem
3536 3840 3685 3895 diem
3730 3829 3884 3891 similia

2309 3933 2587 3988 dicuntur
2615 3931 2689 3987 ad
2721 3947 2994 4002 sponsam
3021 3947 3034 3985 ε
3071 3931 3318 3986 necdum
3350 3930 3513 3985 enim
3547 3927 3776 3984 habebat
3790 3920 3883 3975 {idu-

2308 4021 2478 4087 ciam,
2515 4024 2579 4076 ut
2610 4020 2860 4076 revelata
2890 4020 3035 4075 facie
3066 4018 3312 4092 gloriam
3346 4017 3587 4073 Domini
3609 4006 3884 4080 contempla-

2308 4114 2484 4168 retur.
2516 4109 2662 4174 Quia
2690 4124 2822 4165 vero
2843 4108 2970 4179 jam
3002 4112 3207 4163 ornata
3254 4110 3344 4163 est
3392 4112 3575 4179 atque
3604 4099 3877 4174 compositi,

2307 4199 2521 4255 dicitur
2547 4198 2638 4254 ei:
2707 4196 2933 4254 Ostende
2994 4198 3135 4253 mihi
3171 4198 3372 4269 [aciem
3439 4199 3619 4251 tuam.
3684 4188 3884 4248 Nondum

2305 4293 2431 4343 erat
2453 4287 2610 4343 enim
2642 4302 2751 4341 vox
2778 4287 2907 4357 ejus
2939 4286 3023 4341 ita
3051 4285 3271 4354 suavis,
3296 4289 3363 4340 ut
3386 4288 3707 4341 mereretur
3724 4279 3767 4334 ei
3788 4270 3885 4329 dici:

2305 4377 2515 4433 Audire
2542 4392 2629 4431 me
2678 4378 2765 4447 fac
2792 4391 2974 4431 vocem
3037 4379 3210 4430 tuam.
3280 4374 3529 4438 Quando
3587 4386 3717 4445 ergo
3742 4359 3887 4447 didicit

2304 4465 2487 4538 loqui.
2521 4445 2877 4531 Tace'enim,
2910 4463 3010 4531 ait,
3039 4467 3097 4519 et
3126 4462 3264 4518 audi
3297 4462 3503 4532 Israel,
3537 4468 3594 4517 et
3637 4459 3771 4516 scito
3793 4445 3884 4523 quid

554 4564 698 4618 dum
722 4559 1221 4632 dispensationem
1248 4554 1439 4611 carnis
1460 4570 1529 4610 ex
1547 4553 1804 4626 Virgine,
1828 4560 1885 4610 et
1898 4554 2196 4613 voluntate
2226 4581 2272 4647 Β
2304 4552 2512 4625 loquar
2538 4571 2551 4609 :
2582 4557 2639 4608 et
2667 4552 2863 4609 suavis
2895 4552 3047 4608 facta
3077 4556 3165 4609 est
3193 4569 3301 4607 vox
3321 4552 3453 4623 ejus
3485 4564 3717 4624 sponso,
3745 4552 3886 4633 secuit

553 4649 741 4708 Patris
772 4648 941 4713 crevi,
975 4652 1031 4704 et
1080 4643 1384 4717 sapientia,
1434 4647 1491 4699 et
1531 4646 1697 4698 aetate
1748 4643 1983 4715 profeci,
2018 4646 2189 4717 (vers.

550 4742 642 4814 t2)
674 4742 832 4811 ﬂores
862 4738 967 4793 visi
991 4744 1119 4791 sunt
1146 4736 1207 4789 in
1253 4741 1420 4801 terra,
1472 4739 1678 4803 tempus
1730 4734 1986 4789 sectionis
2022 4732 2189 4790 adest.

547 4831 737 4887 Sectio
767 4825 1035 4883 remissio
1068 4825 1435 4897 peccatorum
1465 4827 1571 4876 est.
1625 4820 1871 4877 Omnem
1903 4822 2059 4877 enim
2101 4839 2191 4877 ra-

549 4937 736 4984 mum,
767 4917 869 4983 ait,
903 4916 959 4971 in
985 4930 1076 4969 me
1105 4913 1460 4974 manentem,
1488 4913 1545 4964 et
1566 4908 1901 4965 efferentem
1934 4910 2190 4966 fructum

546 5013 719 5064 Pater
749 5023 914 5062 meus
946 5002 1211 5067 mundat,
1247 5002 1310 5054 ut
1342 4999 1564 5053 fructus
1607 4998 1858 5069 majores
1905 4997 2105 5054 efferat
2122 5000 2187 5054 ὀ.

546 5096 764 5153 Habeto
814 5097 1056 5157 fructus,
1106 5097 1162 5147 et
1202 5089 1394 5161 priora
1443 5104 1570 5159 quas
1622 5087 1681 5142 in
1731 5092 1785 5142 te
1827 5086 2191 5142 infructuosa

545 5190 683 5238 sunt
747 5186 1113 5239 auferuntur.
1158 5181 1377 5251 Tempus
1442 5176 1659 5249 quippe
1722 5176 1977 5232 sectionis
2017 5176 2186 5232 adest.

545 5285 652 5324 vox
694 5276 926 5327 turturis
968 5271 1161 5327 audita
1208 5272 1285 5324 est
1332 5269 1393 5324 in
1441 5270 1588 5322 terra
1633 5269 1846 5321 nostra.
1898 5264 2022 5319 Non
2062 5264 2188 5320 sine

547 5371 725 5436 causa
756 5358 812 5412 in
838 5361 1121 5415 sacrificio
1153 5358 1479 5415 assumitur
1496 5357 2052 5428 parturturum,aut
2071 5353 2186 5409 duo

2301 4643 2444 4697 dum
2494 4641 2634 4696 illud
2689 4641 3131 4713 propheticum:
3188 4640 3381 4695 Suavis
3427 4640 3531 4708 fiat
3586 4641 3638 4695 ei
3660 4625 3883 4709 postulatu1

2300 4746 2421 4786 mea
2441 4732 2531 4784 ’3?
2570 4734 2711 4785 tunc
2757 4730 2827 4785 ad
2877 4746 3007 4785 eam
3057 4746 3311 4801 sponsus
3368 4728 3624 4784 effatur:
3659 4727 3717 4780 Et
3752 4716 3885 4808 auclin

2297 4836 2385 4875 me
2433 4823 2523 4890 [ac
2572 4835 2752 4874 vocem
2798 4823 2970 4885 tuam,
3032 4800 3163 4889 quia
3191 4833 3298 4873 vox
3354 4821 3453 4872 tua
3517 4817 3698 4872 suavis
3747 4813 3821 4865 est.
3848 4800 3885 4853 εἰ

2301 4908 2599 4981 aperueris
2630 4924 2695 4963 os
2722 4912 2888 4962 tuum
2939 4908 3111 4963 verbo
3156 4907 3278 4969 Dei,
3320 4906 3478 4961 dicet
3516 4905 3621 4960 tibi
3652 4902 3880 4974 sponsus:

2302 4999 2411 5053 Vox
2440 5007 2533 5055 tua
2562 4998 2747 5052 suavis
2774 5001 2869 5063 est,
2901 5000 2953 5052 et
3004 5000 3246 5067 aspectus
3296 5003 3421 5050 tuus
3466 4995 3747 5065 speciosus.
3781 4984 3882 5047 Qu"

2284 5090 2533 5159 propter
2579 5088 2998 5157 consurgentes
3046 5086 3426 5156 deprecemur
3475 5081 3790 5137 Dominum.
3842 5071 3881 5119 υῙ

2297 5176 2457 5249 digni
2490 5175 2816 5231 efﬁciamur
2845 5175 3045 5247 sponsi
3080 5189 3367 5242 sermone,
3400 5170 3688 5243 sapientia
3708 5159 3880 5249 Christi)

2295 5245 2459 5329 Jesu,
2491 5265 2583 5319 cui
2616 5268 2703 5319 est
2725 5245 2911 5336 gloria
2943 5268 2999 5319 et
3028 5261 3339 5335 imperium
3375 5261 3430 5315 in
3462 5257 3673 5316 saecula
3700 5245 3862 5310 saeculo

2297 5370 2449 5409 rum.
2481 5355 2686 5408 Amen.

596 5588 653 5643 .¹⁷
686 5586 897 5645 Jercm.
934 5606 1008 5653 1x,
1043 5589 1131 5660 2t.
1210 5591 1252 5624 ¹⁸
1286 5589 1434 5645 Psal.
1466 5606 1653 5660 cxxnv,
1682 5591 1738 5656 7,
1770 5590 1821 5644 8.
1901 5590 1946 5625 ιθ
1976 5588 2180 5645 Matth.

2306 5604 2371 5660 v1,
2406 5588 2492 5644 38.
2572 5587 2811 5644 i"’Joan.
2876 5603 2968 5656 xv,
3010 5589 3063 5643 2.
3140 5586 3182 5622 ’ί
3246 5583 3417 5641 Levit.
3480 5600 3580 5638 xu.
3650 5565 3876 5630 “Matth-

540 5677 692 5729 xxw,
724 5661 815 5719 32.
895 5661 941 5696 ²³
972 5659 1123 5717 Psal.
1156 5675 1267 5729 c1v,
1297 5661 1387 5717 3t.
