4068 6174
250 334 282 394 1
296 334 404 397 197
1218 325 1725 398 FRAGMENTA.
1743 332 1856 397 LIB

2053 335 2272 399 OMIN.
2320 332 2685 399 HEBBAIC.
3498 340 3655 402 H98

1275 618 2620 808 APPENDIX

1630 910 1813 966 TOMI
1844 911 1920 966 III
1960 909 2251 966 OPERUM

823 1074 958 1178 ε.
1088 1075 1829 1181 BUSEBII
1970 1077 3091 1182 EIBRONYMI

973 1310 1151 1432 IN
1213 1311 2007 1436 EDITIONE
2065 1312 2928 1435 VALLARSI

249 468 3653 499 Μ

1594 1649 1859 1734 PARS
1920 1650 2301 1738 PRIMA.

454 1831 524 1885 lN
556 1830 693 1893 OUA
729 1830 919 1886 LIBRI
950 1830 1288 1889 NOMINUM
1322 1830 1832 1887 HEBRAICORUM
1866 1832 2574 1888 INTERPREI‘A'PIONES
2605 1834 2854 1889 [ὶΗίΕΟΕ
2888 1832 3431 1889 RECENSENTUR.

1729 2115 2156 2172 ADMONITIO.

309 2407 581 2464 Subnexa:
634 2407 950 2479 farraginis
995 2407 1317 2465 Graecarum
1366 2407 1571 2477 Λέξεων
1620 2425 1723 2463 ms.
1772 2409 2054 2480 exemplar
2094 2411 2153 2464 in
2183 2411 2490 2465 Parisiensi
2520 2408 2847 2465 bibliotheca
2902 2409 3071 2479 Regia
3100 2411 3290 2464 nactus
3316 2416 3393 2465 est
3420 2410 3653 2468 Martia-

237 2512 419 2565 uaeus,
477 2501 529 2551 et
581 2497 792 2567 publici
838 2498 989 2567 juris
1036 2498 1250 2568 primus
1292 2499 1439 2567 fecit,
1483 2503 1536 2552 et
1557 2498 1638 2553 'de
1686 2498 1805 2568 ejus
1852 2500 2081 2554 raritate
2108 2515 2173 2554 ac
2198 2502 2518 2571 praestantia
2545 2500 2731 2555 multis
2761 2499 3038 2554 disseruit.
3074 2500 3136 2553 Et
3169 2514 3292 2554 vero
3320 2500 3447 2569 fecit
3475 2516 3655 2572 operae

230 2588 499 2658 pretium,
557 2585 980 2655 Hieronymiano
1043 2587 1183 2641 libro
1234 2585 1299 2641 de
1357 2586 1707 2642 Hebrzorum
1775 2587 2069 2642 Nominum
2114 2590 2565 2660 interpretatione
2627 2588 2729 2644 hac
2784 2604 2995 2661 quoque
3051 2596 3296 2643 veterum
3347 2589 3655 2646 Graecorum

235 2675 563 2744 fragmenta
619 2682 931 2739 annectens,
989 2678 1044 2728 et
1096 2690 1223 2728 cum
1274 2675 1474 2745 primis
1519 2676 1627 2730 duo
1677 2676 1895 2746 integra
1949 2676 2200 2745 Origenis
2243 2678 2439 2732 Lexiea
2464 2694 2483 2731 :
2512 2676 2783 2747 siquidem
2802 2677 2924 2748 jam
2953 2677 3113 2731 liceat
3140 2692 3210 2731 ea:
3240 2676 3468 2732 illorum
3496 2694 3655 2734 sensu

233 2764 478 2818 rationes
526 2778 715 2817 vocum
759 2762 1083 2833 expendere,
1135 2763 1207 2817 ad
1253 2778 1485 2833 quorum
1522 2764 1827 2835 judicium,
1884 2781 2008 2819 cum
2053 2766 2169 2835 ejus
2215 2766 2349 2820 libri
2396 2768 2697 2821 versionem
2742 2766 3105 2836 Hieronymus
3144 2764 3464 2835 adornaret,
3495 2783 3657 2823 suam

229 2867 385 2923 saepe
412 2851 575 2922 ﬁdem
602 2852 873 2907 liberavit.
915 2854 1105 2908 Verum
1135 2855 1333 2929 tamet
1363 2854 1540 2907 multa
1568 2861 1621 2908 et
1646 2855 1838 2923 gravia
1884 2852 2195 2909 insederant
2223 2855 2285 2908 in
2322 2854 2419 2909 illo
2466 2855 2780 2925 exemplari
2826 2853 3063 2910 Graeculi
3109 2858 3465 2909 amanuensis
3494 2858 3655 2920 vitia,

233 2942 601 3009 traiectiones,
652 2941 881 3011 lacunae,
938 2946 998 2996 ut
1038 2943 1321 3015 negotium
1374 2958 1515 3012 saepe
1556 2944 1887 3011 facesserent
1935 2941 2287 2999 Benedictino
2330 2944 2552 3005 editori,
2585 2946 2684 3015 qui
2712 2951 2899 3003 tenues
2926 2959 2997 2999 ea:
3026 2944 3338 2999 litterarum
3370 2946 3657 3001 vicinitate

232 3030 574 3097 coniecturas
608 3046 910 3102 supponere
934 3046 1146 3086 necesse
1192 3029 1418 3085 habuit:
1454 3046 1624 3101 reque
1672 3033 1791 3102 ipsa
1836 3033 1951 3087 nisi
1990 3032 2218 3087 alterius
2247 3032 2447 3087 codicis
2472 3048 2574 3087 ms.
2607 3048 2704 3104 ope
2732 3032 3017 3087 emendari
3043 3034 3363 3103 potuissent,
3396 3034 3656 3089 utilitatis

234 3120 457 3189 exing
506 3116 577 3171 ad
623 3119 751 3173 illas
788 3119 1139 3191 etymologias
1189 3119 1548 3189 explicandas
1610 3120 2110 3193 componendasque
2167 3137 2292 3176 cum
2340 3122 2783 3192 Hieronymiana
2849 3122 3299 3191 interpretatione
3347 3120 3650 3176 videbatur.

233 3208 451 3263 Heliori
501 3206 610 3262 hac
670 3211 759 3261 uti
810 3210 1053 3278 fortuna,
1111 3206 1259 3279 quod
1319 3223 1663 3280 summOpere
1711 3210 1772 3264 in
1818 3212 1956 3264 votis
2003 3216 2145 3278 erat,
2198 3209 2341 3265 mihi
2378 3209 2567 3265 datum
2594 3216 2671 3265 est
2703 3210 2986 3265 Vaticanos
3012 3210 3224 3280 pluteos
3250 3207 3437 3263 sedulo
3456 3224 3651 3279 perve-

234 3298 488 3366 stiganti,
522 3297 613 3351 cui
640 3312 748 3351 non
779 3296 1061 3368 antiquius
1089 3298 1290 3363 solum,
1321 3300 1415 3351 aut
1433 3298 1600 3368 paulo
1626 3298 1900 3354 duntaxat
1929 3300 2292 3367 emendatius,
2323 3298 2417 3354 sed
2445 3299 2600 3370 longe
2651 3298 3176 3370 prestantissimum
3203 3296 3488 3368 exemplar
3506 3314 3657 3365 men,

237 3387 570 3441 branaeeum
599 3386 858 3454 occurrit,
890 3385 1032 3456 quod
1058 3393 1110 3442 et
1139 3384 1258 3442 haec
1287 3387 1407 3457 ipsa
1428 3386 1751 3456 glossemata
1812 3389 2011 3443 rectius
2059 3388 2221 3458 longa
2246 3388 2481 3455 exhibet,
2510 3395 2561 3442 et
2588 3389 2850 3459 pleraque
2877 3387 2993 3442 alia
3022 3402 3306 3441 sacrorum
3334 3386 3658 3440 Nominum~

236 3490 362 3545 qum
415 3472 660 3529 nondum
717 3475 772 3529 in
831 3474 1006 3529 lucem
1038 3473 1382 3546 prodierunt,
1432 3473 1676 3529 adtexit:
1730 3474 1959 3546 denique
2007 3475 2199 3529 multis
2247 3477 2585 3545 argumentis
2640 3477 2823 3546 ipsum
2866 3491 2923 3529 se
2946 3475 3127 3546 prodit
3157 3489 3270 3529 esse
3297 3473 3663 3546 archetypum

240 3579 313 3618 ea:
340 3578 445 3634 quo
474 3563 674 3632 Regius
707 3562 852 3617 liber
878 3571 1137 3633 exceptus
1164 3566 1264 3630 est,
1296 3563 1517 3617 tametsi
1544 3564 1605 3616 in
1634 3563 1929 3635 plerisque,
1960 3562 2100 3633 quod
2145 3565 2435 3618 usuvenire
2479 3562 2617 3618 solet
2663 3563 3018 3633 exscriptoris
3065 3563 3306 3626 inscitia,
3359 3576 3482 3615 eum
3514 3561 3659 3616 male

237 3654 469 3723 referat.
523 3652 615 3707 Est
667 3666 829 3723 porro
885 3651 1030 3707 idem
1085 3653 1199 3723 ipse
1246 3651 1416 3707 eodem
1460 3653 1557 3723 qui
1601 3652 1821 3707 Eusebii

2056 3670 2064 3705 ι
2110 3651 2235 3725 περὶ
2262 3654 2369 3704 τῶν
2402 3652 2680 3715 Τοπικῶν,
2705 3648 3010 3722 ὀνομᾶτων,
3046 3652 3160 3705 sive
3190 3649 3260 3704 de
3291 3647 3457 3703 Locis
3488 3646 3662 3702 Pale-

243 3740 433 3804 stina,
463 3741 725 3808 continet,
755 3738 823 3795 de
850 3741 1005 3811 cujus
1027 3741 1241 3795 eximia
1269 3742 1508 3796 raritate
1536 3739 1782 3794 diximus
1814 3741 1875 3795 in
1907 3741 2277 3810 Praefatione:
2307 3739 2527 3812 fuitque
2566 3740 2701 3794 olim
2744 3738 3085 3793 celeberrimi
3130 3736 3437 3792 eardinalis
3467 3734 3665 3790 Sirteti

243 3828 389 3902 quod
443 3830 556 3901 ipse
607 3844 781 3883 manu
830 3831 1059 3901 propria
1116 3831 1177 3884 in
1224 3830 1430 3900 prioris
1478 3831 1706 3901 paginae
1760 3828 1884 3884 albo
1933 3832 2156 3884 testatus
2193 3831 2309 3883 est:
2367 3843 2514 3881 nune
2570 3828 2630 3880 in
2684 3827 2944 3881 Vatieuna
2974 3824 3303 3879 bibliotheca
3331 3840 3487 3879 num.
3518 3823 3660 3879 4450

238 3918 556 3975 denotatur.
626 3919 709 3972 Ea:
756 3917 854 3974 hoc
904 3919 1076 3989 igitur
1122 3933 1257 3974 novo
1298 3917 1533 3990 quodam
1577 3916 1918 3989 autographa
1947 3917 2161 3973 libellos
2190 3918 2317 3971 istos
2357 3931 2428 3971 ex
2458 3916 2666 3985 integro
2690 3920 3042 3985 repraesento,
3073 3914 3361 3984 ipsamque
3388 3912 3521 3967 adeo
3553 3912 3659 3967 La-

245 4010 426 4063 tinam
482 4008 1014 4077 interpretationem,
1074 4024 1241 4078 qnam
1296 4008 1654 4063 Martianaeus
1711 4006 2093 4072 adornaverat,
2140 4005 2211 4060 ad
2258 4010 2398 4060 hanc
2438 4004 2704 4059 amussim
2756 4017 2898 4074 saepe
2923 4003 3133 4070 saepius
3160 4002 3325 4069 exigo
3353 4007 3404 4057 et
3429 4004 3651 4071 castigo.

242 4096 514 4152 Continuo
542 4096 662 4167 ejus
708 4096 1098 4152 Annotationes
1142 4095 1415 4165 subneeto,
1465 4111 1597 4162 non,
1642 4094 2096 4167 quemadmodum
2138 4095 2195 4148 in
2244 4094 2454 4147 ezeteris
2485 4092 2643 4147 libris
2670 4093 2878 4161 factum
2906 4098 3001 4156 est,
3032 4106 3097 4145 ac
3120 4093 3381 4162 perpetuo
3406 4089 3661 4160 deinceps

239 4185 357 4255 fiet,
386 4199 486 4239 eas
517 4198 726 4253 quoque
754 4182 823 4237 ad
853 4184 988 4238 tomi
1033 4184 1236 4238 calcem
1288 4185 1476 4254 rejieio
1500 4199 1513 4249 ;
1562 4198 1688 4237 cum
1733 4185 1881 4237 enim
1918 4181 2117 4254 oppido
2141 4180 2331 4236 multae
2354 4180 2486 4249 sint,
2518 4195 2583 4234 ac
2610 4177 2838 4234 subinde
2864 4178 3097 4250 reliquis
3123 4177 3521 4246 diligentiores,
3554 4178 3671 4248 ipso

239 4273 415 4327 etiam
455 4271 704 4342 periculo
749 4270 937 4339 didici,
984 4272 1037 4326 si
1077 4272 1291 4342 longius
1336 4270 1789 4337 amandarentur,
1839 4287 1909 4326 ea:
1953 4286 2143 4325 earum
2193 4285 2440 4331 occursu,
2488 4282 2612 4338 quae
2652 4269 2711 4321 in
2756 4267 3128 4337 cognominem
3158 4265 3361 4320 librum
3395 4266 3666 4335 Hierony-

240 4362 500 4416 nnianum
556 4360 774 4431 scripta:
826 4364 979 4425 sunt,
1038 4360 1302 4431 confundi
1356 4360 1518 4415 bonos
1575 4360 1793 4416 lectores
1847 4376 2018 4429 posse.
2073 4359 2212 4415 Meas
2258 4358 2627 4414 Sarraeenicis
2654 4356 2801 4411 notis
2843 4354 3131 4410 distinctas
3169 4352 3428 4424 adjungo,
3460 4367 3585 4424 quae
3612 4366 3673 4421 si

236 4451 531 4522 pauciores
584 4450 816 4519 fortasse
869 4447 1162 4504 videantur
1204 4466 1370 4523 quam
1426 4451 1724 4505 Nominum
1782 4451 2013 4504 istorum
2068 4450 2209 4503 ratio
2262 4455 2425 4519 atque
2479 4447 2777 4502 obscuritas
2804 4444 3102 4513 postulent,
3134 4444 3292 4509 scias,
3325 4445 3378 4498 et
3405 4441 3552 4497 nihil
3581 4455 3669 4495 me

233 4546 457 4611 praeter
480 4553 606 4592 mss.
637 4535 801 4607 ﬁdem
824 4540 1157 4608 pertentare,
1201 4546 1253 4593 et
1298 4536 1544 4593 eamdem
1590 4536 1893 4593 subdititiis
1941 4536 2101 4592 libris
2133 4552 2197 4590 ac
2243 4536 2500 4604 genuinis
2547 4550 2767 4606 operam
2814 4548 2924 4588 non
2952 4531 3303 4605 impendere:
3333 4529 3478 4585 nulli
3503 4528 3664 4584 deni-

242 4642 351 4699 que
375 4626 668 4684 industriae
693 4628 894 4684 nostrae
921 4633 1180 4684 tenuitate
1220 4627 1455 4701 praeripi
1483 4626 1657 4684 locum
1707 4625 2049 4698 restituendi,
2101 4627 2153 4683 si
2199 4641 2309 4699 qua
2362 4624 2560 4693 desint,
2590 4628 2686 4681 aut
2737 4623 2970 4680 meliora
2995 4620 3311 4693 reponendi.
3357 4621 3408 4676 si
3434 4619 3660 4675 inventa

242 4717 479 4789 fuerint.
