4046 6162
533 357 686 430 tm
2023 358 2445 434 APPENDIX.
3699 363 3809 436 136

1079 725 1302 851 DE
1432 719 2580 856 OBIGENIANO
2702 723 3368 857 LEXICO

1421 963 2022 1060 NOMINUM
2110 964 3028 1062 HEBRAICORUM

1217 1183 1320 1267 D.
1383 1178 1846 1266 JOANNIS
1902 1177 2564 1274 MARTIANfEI
2621 1181 3227 1268 ΡΒᾹΞΡΑΤΙΟ.

2126 1383 2320 1397 ..ι-ι.-

588 1540 662 1596 Ut
691 1541 1054 1610 compertum
1085 1537 1188 1591 fiat
1217 1533 1493 1591 omnibus
1524 1533 1828 1604 studiosis,
1861 1534 2169 1606 Origenem
2201 1535 2534 1591 condidisse
2565 1534 2782 1592 librum
2812 1537 3108 1592 Nominnm
3166 1535 3562 1606 Hebraieorum,
3605 1537 3657 1589 et
3695 1534 3739 1591 in
3776 1552 3819 1591 eo

515 1629 730 1702 saepius
757 1627 1039 1682 violentas
1071 1642 1136 1680 ac
1167 1625 1430 1680 indoctae
1460 1623 1841 1696 etymologiae
1876 1623 2269 1696 proposuisse,
2303 1628 2512 1680 testem
2541 1624 2830 1696 proferam
2860 1625 3049 1680 virum
3093 1624 3518 1690 doctissimum,
3566 1623 3625 1677 de
3649 1622 3820 1696 Origene

517 1716 756 1789 quidem
798 1713 1016 1786 optime
1047 1713 1343 1784 meritum,
1377 1713 1480 1769 sed
1509 1712 1776 1783 ejusdem
1808 1711 2102 1768 erroribus
2133 1729 2506 1785 nequaquam
2552 1713 2970 1785 blandientem,
3009 1713 3226 1770 Praevia
3254 1713 3434 1785 hujus
3460 1712 3693 1768 Auctoris
3712 1710 3821 1766 testi-

516 1805 785 1862 ficatione
817 1803 1046 1859 facilius
1077 1802 1219 1857 mihi
1242 1801 1411 1857 venia
1441 1801 1808 1870 concedetur,
1843 1801 1892 1857 si
1923 1802 2158 1873 quando
2189 1802 2541 1868 necessitate
2568 1803 2946 1875 veritatisque
2968 1803 3193 1874 judicio
3247 1801 3597 1874 compulsus,
3633 1799 3820 1872 Origenis

515 1895 863 1966 redarguero
893 1891 1293 1964 etymologiae,
1327 1891 1574 1962 ejusque
1605 1889 1898 1946 inscitiam
1933 1889 1990 1944 in
2021 1889 2224 1962 lingua
2250 1889 2534 1946 Hebraica
2562 1891 2934 1946 manifestam
2980 1891 3164 1946 facere
3201 1888 3529 1962 legentibus
3574 1904 3672 1943 non
3710 1904 3820 1942 recn-

513 2001 658 2041 sem.
692 1983 892 2054 Itaque
921 1979 1328 2053 Origeniarum
1356 1979 1503 2035 libro
1534 1978 1724 2041 tertio,
1759 1995 1886 2051 cap.
1921 1979 1973 2049 3,
2007 1997 2065 2034 n.
2097 1981 2152 2046 7‘,
2187 1979 2257 2034 de
2315 1979 2586 2051 praesenti
2643 1983 3019 2052 Syntagmate
3075 1979 3157 2035 ita
3212 1977 3455 2034 disserit
3508 1974 3680 2033 Daniel
3724 1974 3820 2029 Hus-

430 2057 438 2070 ’
512 2074 633 2130 tius
664 2089 678 2129 :
713 2095 742 2122 κ
773 2069 1033 2127 Aliarum
1068 2074 1361 2142 praeterea,
1397 2068 1608 2140 inquit,
1641 2069 2033 2139 quarumdam
2067 2067 2456 2139 scriptionum
2490 2067 2756 2140 Origenis
2789 2068 3144 2124 mentionem
3171 2068 3332 2139 apud
3388 2071 3598 2123 veteres
3648 2061 3820 2120 invenio.

511 2161 677 2219 Philo
706 2159 944 2217 Judaaus
970 2159 1231 2218 ediderat
1259 2157 1477 2214 librum
1505 2157 1893 2213 llebraicorum
1921 2158 2221 2214 Nominum
2269 2157 2465 2213 Veteris
2524 2156 2870 2220 Testa-menti,
2903 2171 3222 2227 eorumque
3281 2155 3644 2228 etymologiae
3686 2157 3729 2206 et
3767 2150 3822 2206 in-

513 2249 958 2322 terpretationes
985 2249 1278 2320 adiecerat
1311 2265 1324 2302 :
1359 2263 1533 2318 quem
1564 2246 1778 2302 librum
1835 2246 2039 2302 Latina
2092 2245 2353 2301 oratione
2407 2244 2792 2318 Hieronymus
2851 2245 3154 2316 expressit.
3215 2245 3383 2310 Quod
3439 2244 3496 2298 in
3548 2242 3823 2298 Testamento

508 2339 702 2396 Veteri
726 2338 942 2394 fecerat
971 2335 1319 2407 Philo,idem
1351 2336 1410 2391 in
1437 2335 1592 2390 Novo
1627 2335 1906 2392 factitavit
1938 2335 2236 2407 Origenes,
2263 2350 2558 2406 suumque
2589 2351 2736 2406 opus
2768 2334 2839 2389 ad
2870 2350 3021 2405 opus
3052 2333 3317 2390 Philonis
3347 2333 3618 2404 adjunxit,
3646 2331 3822 2397 incoque
3932 2335 3933 2338 ‘

512 2428 928 2501 Hieronymum
960 2425 1316 2481 imitatorem
1348 2423 1555 2480 habuit
1587 2441 1600 2480 :
1635 2425 1806 2495 cujus
1836 2424 2010 2480 verba
2039 2424 2159 2480 haec
2189 2428 2327 2480 sunt
2364 2423 2424 2478 in
2455 2423 2682 2479 Praefat.
2744 2423 2815 2478 ad
2874 2423 3120 2478 Hebraic.
3175 2423 3400 2478 Nomin.
3455 2421 3653 2476 librum
3679 2435 3690 2473 :
3714 2417 3823 2472 Am

505 2516 651 2592 forte
677 2522 1050 2572 consummato
1089 2513 1323 2583 aediﬁcio
1351 2514 1511 2586 quasi
1539 2514 1782 2568 extrema
1829 2513 2032 2570 deesset
2084 2530 2302 2580 manus,
2360 2515 2498 2571 Novi
2547 2514 2865 2569 Testamenti
2909 2512 3076 2568 verba
3124 2516 3179 2570 et
3242 2513 3472 2569 nomine
3525 2512 3823 2579 intem-dam
3932 2545 3933 2550 η

506 2622 630 2660 sum
657 2605 872 2660 imitari
898 2603 1081 2659 volens
1109 2606 1346 2674 exparte
1377 2603 1683 2671 Origenem,
1734 2619 1895 2674 quem
1950 2611 2068 2674 post
2121 2603 2389 2672 apostolos
2440 2601 2803 2656 Ecclesiarum
2864 2605 3188 2672 magistram
3249 2616 3410 2657 nemo
3459 2600 3570 2654 nisi
3618 2596 3823 2667 imperitus

504 2699 687 2763 negat.
720 2694 868 2750 Inter
895 2699 1096 2749 caetera
1124 2696 1279 2748 enim
1307 2691 1525 2762 ingenii
1541 2693 1631 2746 sui
1652 2691 1931 2762 praeclara
1957 2700 2314 2746 monumenta
2355 2693 2521 2747 etiam
2583 2692 2640 2746 in
2689 2689 2786 2746 hoc
2845 2691 3133 2758 laboravit,
3165 2697 3227 2745 ut
3283 2689 3427 2761 quod
3452 2689 3600 2745 Philo
3626 2685 3750 2758 quasi
3766 2683 3824 2737 lu-

504 2782 950 2844 dwusomiserat
979 2780 1068 2838 hic
1097 2789 1156 2836 ut
1189 2780 1532 2836 Christianus
1582 2781 1853 2852 impleret.
1890 2780 2046 2836 Libri
2104 2781 2367 2851 ejusdem
2431 2778 2700 2834 meminit
2757 2787 2956 2835 auctor
3006 2780 3384 2848 Qumstionum
3439 2777 3506 2833 ad
3554 2772 3823 2835 Orthodow.

505 2870 608 2943 qui
640 2869 790 2927 falso
826 2868 1106 2924 tribuitur
1131 2867 1387 2936 Justino,
1421 2868 1633 2933 Quaest,
1665 2869 1735 2922 82
1759 2872 1817 2923 et
1844 2869 1936 2933 86,
1967 2868 2027 2923 in
2058 2884 2242 2940 eoque
2271 2871 2479 2939 printer
2505 2867 2788 2924 Hebraica
2835 2867 3093 2934 nomina,
3147 2883 3463 2923 mensuras
3507 2865 3663 2921 etiam
3704 2861 3824 2916 inter-

505 2962 700 3032 pretas
729 2973 857 3016 esse
888 2958 1071 3013 docet.
1103 2955 1312 3012 Videat
1338 2972 1474 3028 ergo
1506 2956 1754 3012 Ruﬁnus
1785 2972 1902 3029 qua
1931 2955 2043 3012 ﬁde
2100 2955 2401 3028 scripserit
2432 2957 2644 3012 Invect.
2675 2959 2710 3010 2
2737 2956 2795 3012 in
2826 2955 3268 3028 Hieronymum,
3323 2971 3398 3011 ne
3446 2969 3616 3009 unum
3656 2947 3823 3022 quidem

502 3047 818 3120 Scriptum
849 3045 1089 3102 verbum
1120 3044 1427 3118 Origenem
1457 3043 1718 3116 vertisse,
1754 3066 1782 3094 ››

572 3138 882 3194 Auctorem
912 3133 1048 3190 libri
1079 3134 1379 3189 Nominum
1426 3133 1817 3188 Hebraicorum
1858 3134 1918 3188 in
1947 3136 2095 3189 Novo
2155 3134 2483 3189 Testamento
2539 3134 2663 3189 viro
2720 3132 3066 3190 eruditionis
3114 3132 3272 3188 fama
3339 3128 3688 3188 celeberrimo
3731 3126 3824 3179 itte

503 3227 716 3292 stante,
739 3224 866 3296 jam
897 3221 1050 3277 nosti
1079 3219 1390 3292 Origenem
1423 3237 1436 3275 :
1473 3235 1630 3274 nunc
1660 3235 1930 3291 quamam
1972 3220 2146 3275 fuerit
2175 3220 2232 3276 in
2265 3222 2468 3277 eodem
2499 3221 2746 3294 Origene
2801 3221 3015 3294 linguae
3071 3221 3372 3277 Hebraicaa
3426 3217 3638 3294 peritia,
3687 3209 3824 3288 pannis

500 3318 558 3370 te
584 3314 786 3372 doceat
813 3311 967 3367 idem
1002 3310 1202 3366 Petrus
1233 3308 1428 3364 Daniel
1465 3308 1706 3364 lluetius
1736 3308 2222 3381 Origenianorum
2254 3309 2402 3366 libro
2433 3311 2710 3381 secundo,
2745 3328 2870 3384 cap.
2907 3313 2956 3382 1,
2990 3328 3048 3366 n.
3101 3309 3166 3367 41
3203 3327 3216 3365 :
3254 3334 3284 3360 «
3318 3309 3482 3378 Quod
3538 3307 3585 3364 si
3613 3305 3722 3378 plus
3743 3311 3825 3356 sese
3932 3363 3933 3376 χ

499 3401 822 3475 [Origenes)
851 3399 912 3455 in
943 3398 1241 3455 Hebraicis
1271 3397 1642 3466 exercuisset,
1678 3397 2077 3470 maioremque
2105 3398 2319 3470 linguae
2373 3399 2551 3470 hujus
2609 3383 3118 3471 fuissetperitiam
3149 3402 3504 3456 consecutus
3531 3393 3662 3452 nihil
3707 3390 3746 3448 ei
3781 3383 3825 3442 ad

502 3492 817 3564 perfectam
873 3489 1061 3546 Sacrae
1148 3488 1318 3560 Legis
1374 3485 1766 3558 cognitionem
1820 3487 2123 3544 defuisset.
2184 3489 2296 3544 Sed
2353 3492 2584 3544 tantum
2655 3488 2946 3561 decerpsit
2995 3504 3064 3544 ex
3119 3503 3187 3543 ea
3242 3486 3453 3560 gloria,
3510 3485 3752 3557 quantum
3785 3489 3826 3564 et
3932 3487 3933 3556 έ

501 3561 744 3654 loquela
797 3579 977 3650 hujus
1035 3577 1231 3634 studio
1279 3575 1550 3632 detraxit.
1632 3576 1830 3632 Dicam
1887 3577 2042 3632 enim
2124 3594 2256 3634 vere
2317 3594 2329 3632 :
2388 3577 2473 3634 vel
2561 3578 2888 3635 Hebraismi
2974 3592 3181 3649 parum
3269 3577 3522 3632 scientes
3601 3573 3730 3635 sunt,
3769 3561 3824 3616 vel

501 3671 565 3727 in
594 3669 838 3732 lectione
859 3665 1263 3741 Origeniarum
1294 3681 1536 3738 operum
1571 3665 1963 3737 perfunctorie
2006 3665 2237 3736 versati,
2271 3666 2371 3739 qui
2429 3667 2707 3724 eximium
2768 3666 2906 3740 quid
2965 3665 3102 3738 ipsi,
3143 3664 3230 3721 vel
3293 3665 3356 3720 in
3415 3667 3615 3722 sancte:
3660 3658 3826 3728 lingua.

500 3759 590 3818 vel
619 3760 681 3818 in
710 3772 932 3826 earum,
966 3773 1091 3830 qum
1121 3772 1191 3812 ex
1219 3754 1329 3811 hoc
1389 3755 1544 3810 fonte
1599 3754 1865 3828 profectae
1924 3758 2085 3826 sunt,
2144 3754 2527 3812 dialectorum
2585 3756 2794 3829 peritia
2852 3755 3144 3812 tribuunt.
3204 3754 3324 3811 Nec
3383 3749 3629 3827 Opinioni
3679 3746 3824 3830 nostra

501 3846 847 3905 contradicit
876 3829 1262 3916 Hieronymus
1294 3844 1486 3917 (epist,
1516 3845 1606 3914 25,
1639 3843 1710 3900 ad
1740 3843 2016 3913 Paulam),
2044 3843 2153 3900 etsi
2185 3843 2420 3899 videtur
2449 3845 2863 3911 contradicere,
2914 3859 3048 3898 cum
3108 3843 3189 3898 ait
3249 3842 3603 3915 singularem
3652 3829 3824 3917 loquele

505 3938 686 4008 hujus
717 3933 983 3991 notitiam
1017 3914 1367 3989 demiratam
1400 3932 1458 3987 in
1489 3948 1556 3988 eo
1590 3932 1768 3988 fuisse
1799 3936 1976 3987 totam
2011 3931 2290 3988 Graeciam
2325 3948 2337 3986 :
2376 3933 2590 3989 mirum
2624 3932 2681 3987 id
2702 3932 2916 4004 quippe
2934 3930 3116 3987 videri
3134 3914 3558 4004 potuitOrascis
3575 3914 3822 3982 Hebraismi

506 4024 754 4080 rudibus
786 4026 843 4077 et
872 4021 1180 4094 imperitis:
1214 4036 1320 4075 nec
1377 4025 1664 4092 quantum
1723 4021 1781 4076 in
1837 4037 1902 4076 eo
1959 4020 2304 4093 profecisset
2359 4021 2634 4093 Origenes
2689 4021 3021 4077 existimare
3080 4020 3430 4076 scientibus.
3486 4018 3697 4074 Minime
3735 4019 3824 4062 vero
3932 4019 3933 4094 ξ

502 4128 672 4169 suam
705 4111 830 4183 ipse
859 4108 1074 4181 linguae
1107 4107 1287 4179 hujus
1316 4107 1738 4181 ignorationem
1772 4107 2110 4164 dissimulat
2143 4108 2351 4165 llomil.
2386 4110 2449 4164 14
2485 4110 2542 4165 in
2573 4111 2748 4168 Num.
2785 4129 2797 4166 :
2831 4111 2997 4166 Aiunt
3025 4125 3171 4180 ergo,
3203 4109 3419 4182 inquit,
3476 4109 3567 4180 qui
3612 4098 3826 4159 Hebraicis

499 4204 712 4259 litteras
737 4201 943 4271 legunt,
979 4199 1036 4252 in
1068 4198 1165 4252 hoc
1197 4197 1327 4261 loco,
1364 4199 1500 4252 Deus
1529 4214 1638 4252 non
1667 4198 1768 4252 sub
1798 4199 1952 4268 signo
1994 4200 2438 4267 tetragrammati
2490 4214 2603 4254 esse
2644 4200 2882 4270 positum
2909 4215 2930 4260 ;
2959 4198 3025 4254 de
3077 4213 3199 4270 quo,
3253 4200 3355 4270 qui
3403 4203 3599 4269 potest,
3629 4187 3826 4261 νεᾳυὶναι

499 4291 683 4348 Multa
711 4290 770 4344 in
801 4285 1306 4344 observationibus
1337 4285 1552 4342 nostris
1584 4285 2131 4350 animadvertimus,
2163 4303 2290 4357 quae
2322 4286 2611 4341 inscitiam
2644 4288 2770 4357 ejus
2803 4287 2860 4341 in
2893 4285 3188 4342 Hebraicis
3229 4286 3627 4342 demonstrant
3654 4274 3827 4346 ;cu1'l19'

499 4379 660 4436 modi
690 4383 779 4435 est
811 4375 1014 4432 frivola
1046 4374 1148 4430 illa
1177 4373 1496 4440 distinctio,
1528 4371 1752 4447 οὗρανὸν
1785 4373 1938 4428 inter
1963 4377 2022 4428 et
2053 4370 2097 4425 oi

2229 4371 2333 4441 δὺς,
2367 4391 2543 4446 quam
2601 4374 3072 4429 comminiscitur
3127 4374 3198 4429 ad
3257 4374 3467 4430 Matth.
3497 4386 3644 4434 xvm,
3685 4365 3752 4429 48,
3791 4359 3827 4410 Pl

498 4469 570 4526 ad
601 4484 778 4541 quam
809 4465 1108 4522 Christum
1140 4462 1462 4535 respexisse
1506 4461 1704 4532 tradit,
1739 4460 1906 4533 quasi
1937 4460 2088 4516 hanc
2119 4461 2551 4518 distinctionem
2583 4463 2729 4518 ferat
2767 4462 3002 4535 Syriaca
3058 4461 3369 4532 dialectus,
3428 4476 3594 4533 quam
3635 4451 3828 4541 Christi”

501 4531 858 4630 usurpabat:
892 4531 1342 4625 cujusmodiest
1365 4550 1518 4606 falsa
1549 4547 1651 4604 illa
1681 4531 1937 4604 nominis
1967 4551 2098 4604 Aser
2125 4549 2545 4622 interpretatio,
2579 4568 2706 4623 qua:
2762 4531 3011 4606 habetur
3066 4551 3125 4606 in
3182 4531 3508 4614 Comment,
3565 4545 3629 4602 ad
3673 4531 3826 4596 Marm-

498 4629 660 4712 xvm,
692 4644 780 4710 19,
813 4640 982 4715 quasi
1013 4641 1304 4697 derivetur
1332 4657 1366 4694 a
1395 4649 1490 4699 ’τβῖ
1521 4638 1762 4694 erudivit
1789 4654 1923 4693 cum
1958 4638 2056 4693 fiat
2104 4639 2175 4694 ab
2206 4652 2322 4700 non
2357 4640 2571 4710 ligavit.
2606 4641 2952 4710 Quanquam
2999 4639 3348 4696 auctoritate
3403 4651 3600 4695 senum
3650 4629 3828 4699 Septua-

499 4735 662 4808 ginta
693 4731 954 4791 excusari
990 4730 1047 4784 id
1083 4732 1291 4801 potest,
1325 4727 1424 4799 qui
1455 4739 1573 4787 '10s:
1606 4727 1920 4808 aliquando
1967 4726 2049 4783 ita
2069 4727 2477 4795 reddiderunt,
2512 4729 2679 4799 quasi
2732 4728 2886 4784 idem
2918 4733 3073 4785 esset
3127 4745 3192 4783 ac
3247 4738 3372 4789 Ὃν.
3426 4731 3499 4783 Ut
3551 4720 3827 4808 psalmum”-

496 4800 695 4898 (Hebr.
728 4821 839 4894 cx).
897 4821 989 4884 22,
1018 4800 1121 4890 pro
1155 4817 1389 4872 Hebraeo
1418 4825 1555 4876 ἹἽἾΨ
1595 4800 1794 4880 ἽἹῠκι),
1829 4816 2043 4871 habent
2070 4836 2094 4868 τ

2227 4811 2478 4869 παιδεῦσαι
2507 4813 2634 4876 τοὺς
2667 4835 2937 4891 αρχοντας
2994 4815 3177 4871 αὐτοῦ.
3211 4817 3482 4889 Vulgata,
3539 4814 3597 4869 Ut
3653 4801 3825 4898 ενιιάὶτιξ

493 4885 776 4986 principes
802 4885 948 4982 ejus.
986 4885 1051 4963 Et
1081 4907 1176 4963 Os.
1229 4923 1282 4968 Χ,
1343 4905 1430 4972 lO,
1493 4913 1682 4967 :nom
1721 4923 1732 4965 ;
1765 4904 1922 4970 LXX,
1981 4901 2091 4957 παιέ

2226 4925 2262 4957 ιι
2321 4902 2514 4966 αὐτούς
2549 4923 2562 4973 ;
2594 4885 2870 4977 Vulgata,
2929 4905 3242 4978 Corripiant
3289 4885 3378 4963 eos
3432 4892 3728 4986 cujusmodi
3769 4885 3824 4986 eti

502 4977 942 5073 depravata-illa
973 4994 1142 5051 lectio
1175 4993 1286 5050 loci
1318 4995 1704 5065 Interpretum
1736 4991 1900 5073 LXX,
1928 4993 1973 5046 ll
2005 4993 2100 5048 Est

2231 5035 2244 5060 ,
2274 4992 2362 5063 Η,
2397 4991 2657 5067 εὐνοῦχος
2684 4996 2765 5062 τῷ
2799 4989 3033 5065 βασιλεῖ.
3066 4977 3224 5056 Quod
3280 4993 3329 5048 si
3381 4993 3440 5048 in
3481 4977 3823 5073 Hebraicis‘ul-

500 5062 732 5159 cunque
775 5085 982 5142 fuisset
1023 5088 1310 5148 versatus,
1357 5062 1492 5154 qan
1515 5081 1733 5137 habent
1759 5064 1922 5168 157:5
1960 5090 2098 5169 Πρω

2233 5083 2624 5148 emendasset,
2656 5062 2858 5154 utique
2904 5082 2962 5136 in
3018 5086 3135 5141 τοῖς
3166 5085 3218 5133 0'
3246 5078 3499 5154 οίνοχὸος
3548 5078 3619 5144 τῷ
3649 5062 3820 5169 {insilit

501 5176 551 5231 si
583 5174 942 5231 modohunc
972 5175 1098 5246 ipse
1126 5188 1379 5229 errorem
1414 5187 1528 5226 non
1561 5153 1799 5236 invexit,
1843 5168 1943 5239 qui
2001 5153 2154 5224 certe
2209 5169 2270 5225 in
2327 5171 2472 5226 LXX
2503 5153 2799 5227 seniorum
2855 5169 3285 5241 exemplaribus
3342 5153 3600 5240 nuspiam
3649 5153 3820 5214 exstat:

502 5263 832 5333 cujusmodi
863 5270 951 5319 est
979 5265 1176 5336 inepta
1209 5261 1309 5317 illa
1340 5259 1621 5333 expositio
1651 5257 2362 5330 vocabuli,Joannes,quod
2385 5259 2622 5315 formari
2645 5258 3049 5313 existimavita
3069 5257 3303 5313 nomine
3321 5267 3450 5318 mm
3473 5251 3680 5326 prmﬁxo
3696 5248 3740 5298 et
3755 5246 3822 5323 ῙΞΠ
3932 5247 3933 5298 ξ

504 5332 636 5407 cum
654 5367 722 5438 ex
738 5349 861 5405 solo
878 5361 976 5438 ’μη
999 5332 1247 5422 praefixis
1265 5332 1574 5407 servilibus
1597 5347 1806 5402 litteris
1828 5345 2152 5402 derivatum
2175 5346 2221 5401 si
2231 5347 2633 5418 t.Plerumque
2654 5346 2853 5401 itidem
2867 5345 3134 5417 peccatio
3150 5332 3819 5438 per-serutandis'nomiifllll‘n
3932 5389 3933 5402 χ

505 5418 923 5494 Hebraicorum
946 5437 1558 5510 originibus.Proclive
1587 5436 1643 5490 id
1675 5451 1884 5506 nempe
1915 5434 2025 5489 fuit
2052 5434 2175 5490 viro
2198 5437 2269 5491 ad
2290 5435 2685 5491 mutuatitiam
2705 5433 2894 5489 lucem
2921 5434 3168 5506 vestigia
3188 5450 3296 5488 sua
3324 5433 3382 5488 in
3413 5430 3545 5486 locis
3571 5418 3818 5510 ignotisre:
3932 5455 3933 5462 ξ

517 5526 698 5602 genti:
732 5497 1260 5598 priestabat’aiitem
1281 5528 1471 5582 lucem
1493 5525 1733 5581 Judaeus
1757 5497 2043 5594 Philo,qui
2071 5523 2348 5579 Hebraica
2369 5523 2592 5579 Veteris
2613 5522 2971 5578 Testamenti
2993 5497 3233 5578 nomina
3251 5517 3520 5593 peculiari
3537 5515 3663 5571 libro
3681 5497 3818 5561 fuerat

510 5617 927 5690 interpretatus
960 5630 973 5669 :
1007 5615 1100 5669 cui
1130 5614 1277 5670 libro
1308 5633 1507 5686 parem
1541 5612 1848 5685 subjunxit
1877 5611 2177 5684 Origenes,
2209 5612 2619 5669 Hebraicorum
2678 5611 2821 5668 Novi
2880 5611 3236 5668 Testamenti
3293 5607 3676 5690 expositionem
3699 5602 3816 5647 com-

509 5685 763 5782 plexum.
798 5703 905 5768 Qui
935 5719 1068 5760 vero
1101 5719 1212 5758 non
1240 5685 1578 5760 offendisset
1604 5702 1901 5774 Origenes,
1935 5699 2237 5756 Philonem
2270 5718 2519 5774 sequens
2556 5701 2787 5765 ducem,
2845 5700 2942 5770 qui
2995 5701 3231 5756 Judezus
3288 5697 3436 5765 licet,
3488 5685 3695 5782 Judaeis.

509 5761 744 5874 gnatus,
775 5807 849 5851 ne
879 5790 1155 5848 mediocri
1185 5789 1423 5861 quidem
1473 5761 1797 5846 litterarum
1850 5789 2260 5848 Hebraicarum
2307 5761 2470 5862 aura,
2523 5789 2610 5846 uti
2659 5761 3210 5862 neque'llellenistw
3265 5787 3381 5844 fere
3425 5761 3636 5852 reliqui,
3673 5761 3812 5874 fuerit

510 5861 743 5958 afﬂatus
767 5882 796 5944 ‘l
824 5881 888 5942 Id
919 5879 969 5943 sl
1000 5879 1196 5942 minus
1226 5877 1288 5934 in
1318 5874 1658 5933 hominibus
1688 5875 2047 5937 Alexandrina
2073 5879 2229 5957 petis
2261 5883 2317 5938 et
2346 5861 2606 5937 educatls
2635 5861 2852 5936 novum
2881 5877 2988 5949 est,
3047 5891 3289 5950 quorum
3324 5867 3527 5933 naturis
3554 5861 3806 5938 repuﬁn‘"
