4046 6162
273 298 436 376 1257
1487 304 1821 369 LEXICON
1865 309 2442 374 OBIGENIANUM.
3525 318 3682 382 1258

272 430 479 521 scribit
507 431 899 505 Hieronymus
929 433 1206 507 (HIERON.,
1238 435 1304 491 de
1332 435 1594 508 Scriptor.
1623 439 1822 495 Eccles.
1871 440 1932 496 in
1965 441 2238 514 Origene).
2295 444 2598 502 Hebricam
2663 445 2926 519 linguam
2985 447 3303 518 addiscere,
3354 465 3458 521 pro
3515 465 3678 508 more

269 520 604 578 Graecorum
639 522 927 592 omnium,
960 524 1059 596 qui
1091 524 1428 597 linguarum
1457 527 1812 584 exoticarum
1867 532 2128 587 studium
2187 535 2485 604 aspernari
2546 541 2974 591 consueverunt
3007 554 3019 603 ;
3055 541 3115 592 at
3169 537 3228 592 in
3285 520 3540 610 Josepho
3573 539 3674 596 illo

269 610 508 666 Hebraeo
537 609 851 666 Mattathize
884 612 1006 668 ﬁlio
1035 612 1207 685 plane
1237 614 1452 670 mirum
1481 615 1666 672 videri
1695 618 1866 673 debet
1895 637 1908 686 ;
1940 619 2108 676 facile
2137 621 2354 693 quippe
2383 640 2450 678 ex
2475 623 2607 694 ejus
2656 624 2891 696 scriptis
2939 625 3368 696 deprehendere
3414 609 3569 683 licet.
3604 628 3678 684 ad

262 714 545 772 magnam
575 698 739 755 illam
770 704 829 756 et
873 700 1232 773 singularem
1271 704 1652 760 Judaicarum
1709 707 2003 779 originum
2047 709 2437 782 cognitionem
2496 729 2611 769 non
2670 729 2871 785 parem
2923 712 3122 785 ipsum
3180 715 3378 786 patriae
3436 715 3677 789 loquele

263 787 538 858 peritiam
571 787 912 860 contulisse,
946 792 1216 862 quamvis
1247 808 1308 848 se
1339 793 1621 850 nonnulla
1648 795 1928 852 Hebraice
1960 797 2267 870 scripsisse
2323 799 2496 869 dicat,
2559 817 2685 872 quae
2742 801 2912 874 lapsu
2972 807 3302 875 temporum
3368 787 3678 861 intercide-

262 880 422 931 runt.
456 899 484 927 »

335 964 485 1028 Quid
519 966 591 1022 ad
620 966 748 1022 haec
772 971 1063 1039 reponunt
1091 968 1329 1041 Josephi
1363 975 1684 1029 assertores
1712 971 1954 1040 indocti,
1986 973 2088 1044 qui
2117 973 2211 1029 vix
2240 975 2556 1046 quamdam
2589 977 2857 1034 aurulam
2905 979 3320 1036 Hebraicarum
3351 981 3674 1039 litterarum

259 1053 580 1125 capientes,
612 1055 682 1110 de
713 1054 939 1111 intimis
969 1072 1146 1112 sacrae
1179 1057 1348 1130 Legis
1379 1059 1655 1116 sensibus
1678 1061 1968 1131 judicium
2005 1062 2151 1118 ferre
2182 1081 2295 1118 non
2349 1069 2640 1132 verentur,
2673 1071 2730 1121 et
2757 1067 2894 1122 huic
2951 1069 3242 1124 ascribere
3273 1070 3539 1140 scriptori
3571 1087 3674 1142 pe-

262 1142 460 1198 ritiam
497 1143 718 1198 Hebraei
751 1143 1059 1211 sermonis,
1093 1161 1271 1216 quam
1302 1162 1408 1202 nec
1438 1146 1550 1218 ipsi
1583 1163 1616 1202 a
1644 1146 1815 1220 longe
1845 1147 2178 1204 salutarunt
2203 1149 2297 1206 ?A:
2331 1151 2546 1207 sufﬁcit
2575 1152 2659 1208 eis
2689 1154 2761 1209 ad
2794 1154 3066 1225 plausum
3098 1156 3462 1228 popularem,
3498 1161 3564 1214 ut
3608 1173 3678 1214 ex

258 1233 371 1290 hac
400 1231 704 1288 occasione
728 1232 962 1305 longam
995 1233 1401 1306 ingrediantur
1427 1235 1884 1307 disputationem
1917 1241 1974 1293 et
2003 1242 2069 1293 ut
2101 1241 2266 1294 tanta
2295 1240 2664 1311 operositate,
2693 1244 2853 1314 quod
2885 1243 3089 1300 volunt
3116 1244 3383 1317 intelligi,
3428 1249 3672 1302 utantur

259 1321 678 1395 persuadendi,
712 1326 933 1393 quanta
963 1339 1194 1394 semper
1223 1322 1448 1379 falsitas
1480 1324 1722 1398 indiget,
1754 1329 1819 1379 ut
1847 1342 1985 1395 vera
2013 1326 2292 1382 videatur.
2327 1329 2442 1384 Nos
2461 1334 2654 1385 autem
2682 1331 3055 1388 cordatorum
3088 1332 3417 1402 hominum,
3451 1351 3647 1391 aceru-

258 1411 519 1466 ditorum
570 1409 878 1466 sententiis
927 1410 1309 1478 adhaerentes,
1341 1428 1448 1469 nec
1503 1411 1828 1481 Philonem,
1861 1431 1966 1470 nec
1987 1415 2332 1488 Josephum,
2367 1434 2470 1473 nec
2500 1418 2830 1491 Origenem,
2866 1421 3200 1492 ubicunque
3228 1422 3492 1479 veritatis
3519 1424 3668 1480 ratio

256 1497 663 1570 postulaverit,
695 1496 1118 1570 reprehendere
1148 1499 1642 1571 pertimescimus,
1670 1502 1781 1557 Sed
1816 1518 1887 1558 ne
1917 1503 2354 1574 reprehensioni
2394 1523 2500 1563 nos
2548 1523 2781 1580 quoque
2832 1509 3137 1566 videamur
3184 1511 3414 1567 obnoxii
3445 1511 3502 1566 in
3537 1529 3669 1584 pro-

256 1586 526 1658 ponendo
557 1584 905 1658 Origeniano
941 1585 1160 1655 Lexico,
1193 1586 1434 1643 nonulla
1464 1589 1534 1644 de
1563 1604 1630 1644 eo
1660 1589 1983 1660 generatim
2012 1590 2106 1646 hic
2135 1592 2535 1650 observamus.

328 1674 495 1730 Prior
524 1673 740 1746 quippe
771 1674 1064 1730 notandus
1093 1675 1255 1730 venit
1283 1676 1424 1731 ordo
1454 1676 1854 1732 Hebraicorum
1885 1681 2208 1745 Nominum,
2243 1697 2370 1752 qua
2393 1682 2563 1752 juxta
2593 1684 2802 1740 seriem
2833 1683 3162 1742 litterarum
3196 1686 3488 1758 alphabeti
3522 1687 3676 1742 Gra-

254 1779 459 1818 corum
492 1761 680 1834 posita
706 1761 986 1833 leguntur
1015 1762 1075 1817 in
1108 1766 1226 1818 toto
1257 1764 1535 1836 praedicto
1567 1764 1942 1834 Dictionario,
1975 1767 2138 1823 nulla
2167 1769 2316 1824 facta
2348 1769 2723 1827 distinctione
2755 1788 2860 1828 nec
2887 1774 3177 1830 mentisne
3224 1790 3526 1830 sacrorum
3572 1791 3666 1831 vo-

253 1850 571 1906 luminum.
600 1852 686 1905 An
711 1867 840 1906 vero
872 1849 1153 1923 Origenes
1183 1851 1308 1924 ipse
1338 1852 1495 1907 hunc
1525 1853 1790 1909 ordinem
1822 1859 2163 1926 persecutus
2195 1857 2292 1926 sit,
2326 1875 2439 1912 non
2474 1859 2618 1915 satis
2678 1860 2865 1916 elucet
2897 1879 2910 1917 :
2945 1861 3087 1933 quin
3145 1862 3320 1919 etiam
3367 1862 3668 1920 verosimi-

251 1940 364 1996 lior
394 1944 636 2012 apparet
666 1938 860 2012 opinio
892 1941 1204 2007 contraria,
1235 1943 1362 1996 tum
1394 1958 1463 1997 ex
1489 1941 1840 2014 Hieronymo
1871 1943 2138 2016 Origenis
2175 1945 2419 2018 vestigia
2448 1948 2664 2019 saapius
2694 1952 2934 2014 terente,
2967 1954 3095 2005 tum
3147 1967 3214 2007 ex
3273 1950 3468 2007 Graeco
3529 1951 3672 2008 Fra-

248 2033 491 2103 gmenta
519 2027 872 2100 Origeniano
901 2045 1082 2101 supra
1111 2046 1146 2085 a
1175 2029 1344 2086 nobis
1374 2030 1712 2101 edito.quod
1745 2031 1985 2087 nomina
2016 2033 2297 2090 Hebraica
2318 2035 2784 2108 uniuscujusque
2812 2038 3182 2110 evangelista;
3212 2039 3458 2095 seorsim
3491 2039 3668 2096 habet

248 2119 442 2192 posita
481 2118 802 2174 secundum
837 2117 1048 2174 seriem
1079 2117 1498 2175 elementorum
1527 2120 1706 2175 Graeci
1734 2119 2051 2190 alphabeti,
2083 2122 2166 2178 ita
2196 2127 2260 2179 ut
2302 2140 2429 2195 quae
2484 2125 2545 2180 in
2602 2125 2872 2182 Matthaeo
2935 2126 3202 2199 legentur
3252 2127 3661 2199 hujuscemodi

245 2206 554 2275 vocabula,
592 2209 726 2262 ante
755 2211 961 2262 caetera
992 2207 1214 2280 scripta
1243 2205 1378 2275 sint,
1413 2206 1623 2263 deinde
1654 2225 1779 2279 quae
1811 2211 1951 2264 sunt
1977 2209 2176 2276 Marci,
2211 2216 2268 2266 et
2295 2211 2380 2267 sic
2409 2216 2834 2284 consequenter
2862 2229 3050 2285 usque
3078 2215 3148 2270 ad
3204 2215 3508 2271 Joannem.
3551 2214 3660 2269 Vix

246 2299 447 2351 autem
479 2294 688 2351 adduci
712 2310 954 2366 possum
985 2298 1051 2350 ut
1079 2294 1226 2350 mihi
1251 2296 1602 2366 persuadam
1634 2295 1982 2352 distinctum
2010 2313 2078 2353 ex
2107 2298 2275 2354 libris
2313 2299 2494 2356 sacris
2517 2300 2781 2356 ordinem
2833 2302 3171 2358 observasse
3238 2300 3543 2374 Origeucm
3602 2301 3663 2358 in

247 2385 599 2456 Fragmento
629 2382 762 2438 libri
793 2384 1108 2451 Nominum,
1141 2384 1280 2439 etin
1312 2383 1536 2451 Lexico,
1560 2385 1714 2456 quod
1750 2390 2018 2456 superest
2070 2385 2390 2460 integrum.
2443 2386 2617 2444 aliam
2675 2389 2828 2444 viam
2887 2389 3242 2462 ingressum,
3303 2394 3368 2444 ut
3423 2389 3666 2445 confuse

244 2478 305 2529 et
335 2473 666 2544 promiscue
697 2471 807 2529 sub
840 2488 1193 2544 unaquaque
1224 2472 1418 2528 littera
1445 2472 1707 2528 omnium
1752 2473 2034 2529 librorum
2066 2474 2291 2531 Veteris
2342 2493 2408 2532 ac
2433 2477 2571 2532 Novi
2629 2478 2989 2533 Testamenti
3047 2477 3288 2534 nomina
3326 2476 3655 2534 collocaret.

247 2561 497 2617 Facilius
525 2560 703 2633 igitur
734 2560 1053 2628 crederem,
1088 2561 1424 2633 importuna
1453 2561 1788 2617 Graecorum
1824 2563 2216 2634 quorumdam
2247 2564 2550 2637 diligentia
2583 2566 2687 2622 hoc
2718 2565 2960 2621 Lexicon
3004 2567 3419 2622 concinnatum
3453 2565 3661 2634 fuisse,

242 2650 346 2707 sed
385 2653 574 2706 totum
612 2653 946 2705 mutuatum
976 2666 1045 2705 ex
1076 2648 1424 2721 Origeniano
1453 2648 1601 2705 libro
1630 2651 1926 2706 Nominum
1955 2652 2362 2725 Hebraicorum,
2395 2670 2568 2725 quem
2617 2654 2630 2707 i
2640 2671 2743 2726 pse
2789 2671 2924 2710 cum
2965 2654 3363 2719 distinctione,
3389 2657 3446 2709 et
3490 2653 3653 2710 volu-

242 2739 476 2795 minum
509 2738 844 2811 Scriptum,
878 2742 935 2794 et
962 2738 1380 2794 vocabulorum
1411 2738 1691 2795 ediderat.
1727 2741 1790 2794 In
1809 2755 1937 2796 eam
1966 2741 2313 2797 sententiam
2348 2758 2413 2798 eo
2438 2743 2625 2815 magis
2652 2744 3003 2814 propendeo,
3034 2743 3189 2815 quod
3220 2742 3433 2798 certior
3465 2742 3655 2798 factus

241 2845 379 2884 sum
413 2828 748 2884 Latinorum
782 2827 1070 2899 quosdam
1102 2827 1160 2882 id
1194 2827 1490 2883 factitasse
1525 2827 1582 2882 in
1615 2826 1763 2884 libro
1786 2828 2234 2902 Hieronymiano
2263 2833 2558 2887 Nominum
2615 2832 3030 2887 Hebro-iceram.
3091 2831 3236 2887 Nam
3295 2831 3529 2887 Venetiis
3553 2845 3667 2901 per

236 2919 442 2989 fratres
470 2917 739 2972 Joannem
769 2918 821 2971 et
850 2913 1194 2984 Graegorium
1221 2915 1285 2971 de
1315 2914 1608 2986 Gregoriis,
1631 2932 1776 2973 anno
1808 2919 2031 2974 Domini
2085 2917 2246 2988 1498,
2280 2919 2368 2976 die
2423 2921 2499 2976 25
2555 2917 2809 2991 Augusti,
2867 2937 3000 2976 cum
3057 2918 3166 2976 hac
3223 2918 3662 2992 perturbatione

239 3022 311 3062 ac
363 3004 746 3061 subversione
775 3003 992 3075 prodiit
1016 3003 1167 3059 inter
1195 3004 1383 3076 Opera
1409 3005 1746 3077 Hieronymi
1777 3005 1924 3061 liber
1952 3007 2269 3063 Nominum
2301 3008 2742 3076 Hebraicorum,
2770 3007 2828 3062 in
2859 3025 2973 3080 quo
3005 3007 3238 3064 sublata
3266 3006 3538 3063 universa
3565 3006 3656 3062 di-

246 3092 564 3149 stinctione
597 3109 663 3148 ac
693 3091 989 3147 mentione
1015 3091 1384 3147 voluminum
1417 3092 1754 3164 Scripturaa,
1787 3093 1984 3149 omnia
2012 3111 2252 3166 prorsus
2279 3096 2561 3152 vocabula
2600 3100 2721 3151 tam
2753 3096 2978 3152 Veteris
3031 3112 3210 3168 quom
3267 3095 3409 3151 Novi
3463 3099 3665 3151 Testa-

242 3183 430 3239 menti
465 3183 577 3237 sub
605 3180 800 3236 littera
829 3196 1009 3252 quam
1041 3179 1261 3236 habent
1280 3181 1354 3236 ab
1383 3181 1551 3237 initio
1581 3181 1774 3253 posita
1799 3181 2096 3254 leguntur.
2132 3183 2322 3240 Series
2349 3184 2529 3257 igitur
2559 3184 2867 3240 nominum
2924 3184 2983 3238 in
3044 3183 3248 3239 Lexico
3305 3181 3656 3256 Origeniano

243 3270 568 3328 adventitia
597 3274 704 3337 est,
732 3274 790 3325 et
818 3268 1182 3325 subversoris
1204 3269 1447 3324 Graeculi
1479 3270 1790 3341 cujusdam
1822 3271 1922 3343 qui
1956 3272 2219 3330 ordinem
2250 3290 2610 3346 perversum,
2642 3290 2756 3329 non
2791 3271 3052 3328 nativum
3101 3275 3360 3339 secutus,
3392 3288 3422 3327 e
3463 3272 3654 3328 medio

245 3360 501 3417 sustulit
529 3357 1047 3416 adnotatiunculas
1073 3362 1130 3414 et
1161 3358 1469 3414 citationes
1498 3358 1805 3429 librorum,
1834 3364 1898 3415 ut
1923 3377 2049 3432 qua:
2080 3361 2352 3418 distincte
2382 3379 2448 3418 ac
2506 3363 2716 3434 partite
2773 3361 2992 3435 scripta
3038 3361 3274 3417 fuerant
3324 3361 3480 3432 apud
3513 3359 3657 3415 I‘hi-

236 3455 435 3506 lonem
467 3465 534 3504 ac
558 3447 891 3520 Origenem,
928 3447 1052 3519 ipse
1083 3446 1276 3503 salivae
1305 3447 1553 3519 propriae
1589 3447 1926 3519 indulgens,
1985 3454 2254 3521 separata
2284 3450 2640 3516 consociare,
2675 3449 3071 3520 distinctaque
3127 3450 3484 3504 confundere
3540 3447 3656 3504 sibi

236 3538 620 3611 permitteret.
655 3536 766 3592 Sed
788 3534 896 3591 etsi
929 3535 1070 3591 ordo
1105 3535 1412 3591 nominum
1442 3535 1687 3591 vitiosus
1717 3535 1792 3590 sit
1822 3535 1882 3590 in
1914 3536 2138 3603 Lexico,
2172 3553 2263 3592 res
2294 3541 2491 3593 tamen
2523 3541 2579 3593 et
2607 3537 3116 3608 interpretationes
3157 3537 3482 3592 dictionum
3527 3552 3656 3591 om-

238 3628 380 3683 nino
411 3625 675 3698 genuina:
706 3628 868 3692 sunt,
901 3641 1123 3697 aquave
1155 3640 1224 3682 ex
1248 3642 1355 3682 suo
1415 3625 1571 3681 fonte
1630 3624 1843 3681 nativa.
1907 3626 2068 3691 Quod
2123 3625 2502 3682 manifestum
2559 3629 2875 3697 ratumque
2932 3626 3080 3680 facio
3137 3641 3169 3680 e
3224 3625 3456 3679 duobus
3512 3622 3656 3680 locis

237 3718 616 3786 Quaestionum
660 3717 710 3770 et
741 3716 1167 3786 Responsio-num
1188 3714 1262 3771 ad
1290 3714 1626 3771 Orthodoxos
1656 3713 1803 3769 falso
1833 3713 2184 3786 scriptarum
2214 3714 2447 3770 Justino
2478 3712 2738 3785 Martyri.

311 3807 396 3860 Ad
427 3803 816 3868 Questionem
863 3803 1045 3875 igitur
1070 3803 1159 3858 8'2.
1192 3806 1332 3874 Quae
1376 3805 1451 3858 sit
1480 3802 1720 3858 nominis
1749 3803 2041 3858 Beelzebub
2070 3803 2332 3874 expositio
2375 3801 2510 3858 talis
2540 3801 2844 3873 responsio
2876 3801 2948 3856 ab
3008 3802 3245 3855 auctore
3304 3799 3500 3854 Graeco
3557 3802 3647 3854 est

238 3892 507 3950 adhibita.
542 3910 554 3948 :
589 3893 694 3944 Τοῦ
722 3910 781 3943 τε
811 3883 1166 3964 Βεεγζεϐούλ,
1215 3890 1305 3943 καί
1360 3893 1456 3943 τοῦ
1515 3886 1732 3965 Βελίαρ,
1789 3885 1941 3943 λέλει
1997 3891 2064 3943 τὰ
2119 3888 2421 3962 ὀνόματα...
2486 3893 2697 3965 εἴρηται
2754 3884 2811 3941 δὲ
2866 3891 2944 3941 τῶ
3000 3887 3264 3961 Ὠριγὲνει
3309 3889 3514 3941 τοῦτων
3544 3889 3653 3939 τῶν

244 3980 532 4053 ὀνομάτων
571 3981 606 4049 ἡ
638 3978 902 4055 ἑρμηνεία
931 3977 984 4032 ἐν
1014 3985 1081 4047 τῆ
1109 3977 1405 4054 Ἑρμηνεία
1431 3982 1539 4032 τῶν
1563 3972 1842 4052 Ἑϐραῖκῶπ

2050 3979 2220 4035 ἀτων.
2272 3981 2334 4034 Id
2390 3984 2498 4047 est,
2558 3979 2834 4050 Exprimit
2879 3993 3004 4034 vero
3060 3977 3287 4032 nomina
3353 3974 3648 4032 Beelzebut

243 4073 295 4128 et
329 4071 625 4136 Bellar.,..,
656 4054 865 4124 dicitur
894 4070 1075 4123 autem
1113 4067 1181 4122 ab
1233 4067 1468 4137 Origene
1523 4067 1717 4124 horum
1771 4069 2059 4123 nominum
2114 4069 2497 4140 interpretatio
2557 4069 2616 4122 in
2675 4067 3132 4138 Interpretatione
3183 4066 3480 4122 Nominum
3533 4065 3651 4120 He-

247 4162 566 4218 braicorum
613 4157 743 4213 Haac
767 4155 946 4212 Graeci
977 4155 1303 4229 scriptoris,
1335 4155 1670 4228 quicunque
1700 4156 1874 4212 fuerit
1903 4157 2202 4230 responsio
2233 4173 2366 4212 vera
2395 4156 2633 4212 omnino
2665 4155 3079 4228 comprobatur
3133 4171 3203 4210 ex
3260 4154 3464 4210 Lexico
3522 4151 3651 4209 Ori-

241 4249 498 4325 geniano
529 4263 663 4303 mox
690 4245 1073 4317 consequenti
1105 4246 1205 4301 ubi
1235 4245 1474 4301 nomina
1507 4246 1793 4302 Beelzebut
1823 4250 1879 4302 et
1907 4247 2096 4302 Betiar
2125 4251 2393 4318 corrupte
2424 4244 2699 4317 leguntur
2747 4244 2948 4300 eodem
3008 4243 3181 4315 plane
3236 4244 3409 4300 modo
3467 4258 3533 4298 ac
3591 4241 3649 4295 in

240 4335 643 4410 Responsione
672 4333 931 4402 recitata,
965 4334 1340 4406 diversasque
1367 4332 1508 4389 inibi
1549 4334 1769 4390 habent
1795 4333 2303 4407 interpretationes
2332 4335 2404 4390 ab
2435 4333 2681 4406 Origene
2711 4333 3080 4403 subjunctas.

311 4427 564 4493 Quaestio
597 4425 686 4481 86.
721 4424 846 4492 Quae
876 4427 958 4478 est
987 4424 1367 4494 interpretatio
1398 4423 1797 4480 vocabulorum
1827 4425 2077 4493 istorum,
2113 4424 2268 4495 Mna,
2308 4423 2486 4496 Epzei,
2519 4421 2717 4491 Nebel,
2768 4422 3001 4478 Gomor.
3061 4420 3272 4491 Siclus,
3335 4419 3650 4489 Basilicon,

235 4519 545 4579 Sanctum,
578 4516 790 4584 Stater,
811 4511 1122 4581 Drachma,
1155 4512 1480 4584 Quadrans,
1513 4513 1874 4570 Hormiscus.
1907 4513 2282 4569 Didrachma.
2319 4513 2655 4577 Talentum,
2691 4511 2876 4578 Assis,
2937 4509 3266 4582 Seraphim,
3328 4508 3512 4577 Bczel,
3543 4508 3657 4564 Sa-

237 4603 444 4671 baoth,
471 4601 718 4671 Adonai,
751 4601 958 4674 Ephud
991 4602 1019 4656 ?
1051 4603 1411 4673 Utrorumque
1437 4603 1588 4658 enim
1614 4603 1769 4659 nobis
1796 4605 2202 4674 pernecessaria
2243 4605 2319 4658 est
2365 4603 2602 4673 cognitio
2631 4618 2650 4655 :
2680 4609 2910 4673 utraque
2936 4615 3180 4672 namque
3233 4601 3292 4654 in
3346 4597 3644 4669 Scripturis

234 4694 612 4759 continentur,

315 4779 638 4854 Responsio
671 4795 684 4834 :
719 4780 1054 4852 Etpnratﬁt‘p
1107 4777 1366 4852 Ὠριγὲνει
1427 4777 1605 4853 ἀνεθρὶέ
1638 4777 1913 4852 ἐπεσταμὲη

2049 4779 2132 4846 τὴν
2190 4773 2564 4854 τῶνἙϐραίων
2623 4775 2927 4846 διάλεκτον,
2984 4777 3198 4830 πάντων
3256 4779 3362 4829 τῶν
3420 4774 3469 4827 ἓν
3526 4776 3647 4834 ταῖς

235 4868 410 4930 Osi-at:
470 4871 708 4944 Γραφαῖς
769 4865 1080 4945 φερομένων
1140 4860 1437 4940 Ἑϐραϊκῶν
1494 4866 1774 4940 ὀνομάτων
1834 4867 1869 4937 ἥ
1934 4869 2141 4944 μέτρων
2201 4869 2235 4936 ἡ
2295 4865 2584 4943 spumata"
2669 4865 2874 4936 ἐκείνην
2964 4867 3223 4935 ζητήσας,
3282 4864 3526 4938 εὑρήσεις
3587 4861 3640 4916 ἐν

237 4958 376 5026 αὐτῆ
398 4959 499 5026 τήν
531 4957 745 5011 πάντων
781 4955 1071 5031 ἑρμηνείαν
1103 4959 1174 5009 ὧν
1207 4953 1496 5028 ἐζήτησας,
1531 4958 1647 5013 Hoc
1681 4963 1791 5026 est,
1823 4961 1835 5013 l

2052 4977 2085 5013 a
2141 4962 2219 5014 est
2270 4957 2337 5012 ab
2395 4958 2641 5027 Origene,
2705 4959 2818 5011 viro
2877 4956 3152 5011 Hebraicze
3209 4956 3421 5023 (ing-uae
3470 4953 3650 5024 perito

234 5050 491 5104 omnium
520 5063 642 5117 quae
701 5047 756 5100 in
811 5047 984 5102 sacris
1043 5045 1340 5117 Seripturis
1387 5047 1649 5116 feruntur
1701 5047 2094 5103 Hebraicorum
2146 5048 2428 5103 nominum
2474 5050 2523 5100 et
2562 5061 2949 5100 mensurarum
3006 5043 3401 5114 interpretatio.
3436 5042 3570 5095 Eam
3597 5043 3653 5097 si

233 5138 569 5208 requisieris
600 5140 658 5190 in
686 5151 751 5191 ea
779 5137 1021 5190 invenies
1050 5135 1299 5189 omnium
1327 5150 1518 5190 eorum
1546 5134 1610 5190 de
1637 5136 1831 5204 quibus
1853 5138 2178 5207 qumsivisli,
2211 5136 2658 5207 explanationem
2686 5134 3008 5188 Nominum.

315 5224 588 5280 Lexicum
620 5227 774 5279 certe
809 5223 963 5294 quod
995 5222 1412 5294 Origenianum
1445 5223 1586 5292 dixi,
1619 5241 1732 5279 non
1774 5223 1966 5280 solum
1996 5224 2376 5298 etymologias
2409 5222 2824 5279 Hebraicorum
2856 5219 3185 5285 nominum,
3219 5218 3317 5273 sed
3353 5233 3653 5274 mensura-

238 5329 377 5367 rum
411 5312 586 5368 etiam
619 5312 1128 5384 interpretationes
1158 5309 1564 5383 complectitur
1595 5328 1607 5366 :
1642 5313 1794 5369 unde
1829 5313 2169 5386 ipsissmum
2211 5315 2444 5368 videtur
2475 5328 2620 5382 opus
2652 5309 3011 5365 Adamantii.
3045 5307 3314 5379 quamvis
3342 5306 3649 5362 nominum

238 5405 309 5455 ut
339 5405 514 5456 antea
543 5400 947 5467 Observabam,
978 5400 1257 5455 confusus
1287 5399 1365 5454 sit
1391 5401 1532 5455 ordo
1563 5406 1738 5474 atque
1770 5408 2053 5459 mutatus.
2086 5402 2307 5466 Quibus
2339 5401 2386 5458 si
2417 5401 2620 5456 addas.
2656 5398 2893 5454 nomina
2942 5397 3223 5452 Hebraica
3277 5395 3416 5451 Novi
3447 5396 3653 5451 Testa-

234 5489 428 5544 menti
459 5488 518 5542 in
553 5487 756 5545 eodem
791 5489 994 5544 Lexico
1026 5488 1247 5560 scripta
1276 5504 1404 5543 esse
1433 5493 1492 5543 et
1523 5488 1920 5563 interpretata,
1957 5492 2152 5547 nullus
2184 5489 2518 5563 ambigendi
2550 5489 2710 5544 locus
2741 5485 3116 5558 relinquitur,
3167 5484 3311 5556 quin
3362 5483 3469 5539 hoc
3499 5499 3649 5555 opus

233 5581 546 5650 parentem
578 5577 850 5634 habuerit
873 5576 1202 5649 Origenem,
1236 5576 1337 5648 qui
1360 5581 1425 5631 ut
1454 5577 1824 5636 Christianus
1879 5581 2248 5652 suppleverat
2305 5577 2544 5634 nomina
2599 5595 2634 5634 a
2686 5577 2883 5632 Judteo
2940 5573 3180 5630 Philone
3239 5572 3646 5646 praetermissa,

235 5664 476 5723 Previis
504 5665 703 5739 itaque
721 5665 880 5722 hisce
913 5665 1283 5738 generalibus
1315 5664 1680 5725 documentis
1712 5670 1781 5726 ad
1813 5669 2058 5725 Lexicon
2089 5668 2285 5743 ipsum
2311 5682 2552 5726 manum
2583 5664 2912 5738 mittamus,
2941 5662 3143 5724 multis
3200 5662 3334 5722 aliis
3386 5657 3638 5737 peculia-

234 5754 410 5815 ribus
439 5771 543 5832 pro
575 5754 812 5814 modulo
843 5760 1041 5824 nostro
1062 5755 1306 5816 inferius
1335 5752 1754 5819 illustrandum
1788 5755 2284 5826 adnotationibus.

568 5859 832 5950 Parcet.
875 5883 1093 5949 XXIII.
3254 5874 3332 5941 40
