4070 6166
246 264 418 336 ’1357
1381 268 1687 333 NOMINA
1728 269 1924 334 LOCO

2063 270 2115 332 tl
2150 269 2253 332 EX
2295 270 2545 333 ACTIS.
3498 270 3667 335 ’1358

260 405 493 462 obitum
522 400 734 460 seculo
762 418 840 459 vn
871 399 1142 460 Saraceni
1170 402 1458 459 Damasco
1490 404 1664 475 positi
1695 404 1851 460 sint?
1875 404 1988 459 Nec
2019 404 2349 476 scripsiscet
2397 405 2805 477 Hieronymus,
2845 404 3053 461 Arabia
3094 420 3260 462 sacra
3312 407 3668 477 interpretari

259 495 508 550 dicitur:
537 508 601 548 eo
631 492 772 564 quod
799 494 871 548 sit
898 494 1049 564 regio
1070 493 1346 562 thurifera
1374 492 1559 548 odores
1584 509 1796 559 creans,
1851 509 1978 564 quas
2010 492 2254 547 totidem
2284 493 2458 548 verba
2500 497 2640 548 sunt
2693 493 2900 558 Isidori
2952 493 3336 566 Hispalensis,
3378 495 3668 565 Originum

260 582 303 638 l.
339 600 456 649 x1v,
489 598 616 653 cap.
649 580 704 651 3,
737 586 803 636 ut
831 586 888 636 et
918 582 1052 648 ista,
1086 581 1242 636 Chios
1274 581 1484 645 insula,
1517 582 1676 652 cujus
1720 598 1920 636 nomen
1972 581 2114 652 Syra
2167 582 2358 651 lingua
2400 584 2676 637 masticem
2709 583 2973 653 designat,
3032 599 3094 638 eo
3151 583 3289 653 quod
3338 584 3415 637 ibi
3463 585 3668 638 mastia:

258 673 512 742 gignitur
535 689 554 724 :
607 674 665 724 et
721 668 999 742 pleraque
1029 669 1143 725 alia
1173 686 1241 725 ex
1270 670 1474 724 eodem
1502 668 1652 724 libro
1674 669 1848 740 paulo
1877 669 2208 723 immutatis
2241 669 2430 723 verbis
2461 670 2771 742 descripta.
2801 671 2909 725 Sed
2942 676 2999 725 et
3027 688 3095 725 ex
3126 670 3455 743 Hieronymi
3478 671 3667 743 ipsius

258 756 710 814 Commentariis
741 757 1026 813 nonnulla
1058 757 1412 827 delibantur,
1446 758 1602 829 quod
1635 773 1702 813 ex
1733 758 1917 829 Joppe
1946 758 2120 813 titulo
2154 762 2328 829 atque
2358 758 2491 813 aliis
2516 759 2784 829 subinde,
2845 776 2994 831 quos
3040 759 3237 815 lectori
3288 760 3668 815 conferendos

266 845 683 919 relinquimus,
717 844 889 917 plane
915 846 1227 903 constabit.
1261 846 1649 909 Quamobrem
1684 844 2117 913 non‘videmus,
2151 845 2243 900 cui
2291 845 2484 901 verius
2541 847 2891 910 ascribatur,
2951 864 3131 919 quam
3188 848 3375 913 Bedes,
3421 847 3515 902 cui
3555 847 3666 903 hoc

260 941 389 993 erat
416 935 594 991 etiam
631 933 687 988 in
721 950 883 989 more
913 934 1195 1007 positum,
1230 938 1296 989 ut
1323 952 1391 990 cx
1423 933 1670 989 aliorum
1704 933 1941 1005 scriptis
1973 950 2080 988 sua
2112 934 2328 1005 passim
2362 934 2817 989 consarcinaret.
2852 936 2912 989 In
2938 936 3071 990 cod.
3103 941 3296 990 autem
3329 940 3531 991 nostro
3553 951 3664 991 ms.

258 1040 438 1098 quem
469 1021 627 1078 domi
652 1021 963 1089 habemus,
994 1029 1052 1079 et
1081 1024 1150 1079 ad
1183 1039 1357 1095 quem
1384 1023 1686 1096 vulgatum
1717 1022 2039 1094 exegimus,
2073 1039 2326 1078 errorem
2361 1022 2491 1094 ipsa
2521 1029 2689 1079 cavet
2720 1024 3063 1096 inscriptio:
3092 1026 3323 1080 Nomina
3366 1026 3669 1095 Regionum

257 1117 425 1186 atque
452 1112 715 1167 Locorum
741 1110 807 1167 de
835 1112 1057 1168 Actibus
1086 1114 1473 1184 apostolorum,
1503 1128 1615 1168 non
1644 1112 1712 1167 ab
1741 1114 2093 1184 Hieronymo,
2126 1111 2218 1166 sed
2245 1113 2314 1167 ab
2346 1112 2458 1167 alio
2487 1111 2727 1183 quodam
2753 1112 3041 1185 descripta.

745 1473 1122 1567 LIBER
1193 1470 1794 1568 NOMINUM
1864 1470 2508 1585 LOCOBUM,
2571 1470 2737 1563 EX
2802 1472 3187 1566 ACTIS.

1061 1869 1107 1922 A
1942 1866 1999 1931 Α
2099 1864 2918 1936 AntiochiaAct.x1,19;x1v,
2981 1867 3077 1935 18;
3124 1883 3218 1936 xv,
3262 1864 3390 1938 ’22),
3441 1865 3668 1925 civitas.

332 1955 732 2013 Acheldema‘
792 1955 925 2026 (Act,
983 1972 1021 2022 ι,
1081 1954 1193 2026 19),
1251 1971 1390 2027 ager
1438 1952 1767 2027 sanguinis,
1818 1951 1916 2024 qui
2026 1953 2201 2025 Syria:
2233 1953 2436 2022 Coales,
2467 1953 2525 2008 in
2560 1971 2677 2026 qua
2716 1955 3013 2010 Barnabas
3060 1961 3116 2010 et
3164 1955 3378 2011 Paulus
3426 1957 3673 2027 apostoli

257 2047 440 2103 hodie
469 2061 703 2118 quoque
736 2045 1176 2100 demonstratur
1205 2044 1264 2099 in
1298 2044 1445 2099 [Elia
1476 2043 1548 2097 ad
1600 2040 1916 2097 australem
2027 2046 2166 2096 sunt
2195 2043 2466 2097 ordinati.
2502 2044 2599 2097 Est
2629 2047 2823 2098 autem
2863 2050 2920 2098 et
2948 2043 3063 2099 alia
3093 2045 3151 2098 in
3179 2045 3397 2100 Pisidia
3447 2045 3676 2117 provin-

258 2136 498 2210 plagam
531 2133 752 2190 montis
781 2134 919 2188 Sion
946 2148 959 2187 :
993 2137 1052 2187 et
1082 2133 1365 2188 hactenus
1390 2132 1557 2202 juxta
1576 2131 1915 2186 Judzcorum
2027 2130 2135 2198 cia,
2166 2130 2226 2185 in
2259 2147 2374 2202 qua
2414 2130 2591 2187 iidem
2649 2132 3029 2203 praedicantes
3084 2132 3307 2188 Judaais
3362 2133 3670 2189 dixerunt:

259 2223 579 2281 consilium
637 2226 902 2278 mortuos
955 2220 1265 2293 ignobiles,
1317 2220 1466 2277 alios
1512 2224 1668 2276 terra
1716 2218 1916 2291 tegit”,
2032 2220 2190 2274 Vobis
2219 2220 2494 2291 Oportebat
2517 2222 2762 2292 primum
2791 2222 2941 2293 loqui
2960 2222 3183 2276 verbum
3225 2222 3341 2289 Dei,
3398 2222 3491 2278 sed
3543 2237 3675 2294 quo-

258 2313 411 2372 alios
433 2313 543 2369 sub
574 2312 710 2367 divo
740 2310 1072 2383 putrefacit.
2025 2310 2182 2362 niam
2202 2310 2482 2381 repulistis
2513 2309 2674 2376 illud,
2705 2314 2815 2366 etc.
2851 2310 2983 2382 (Act.
3016 2327 3139 2377 xm,
3169 2311 3281 2381 46).

336 2401 487 2457 Asiae
520 2400 676 2473 regio
704 2401 840 2473 (Act.
872 2416 985 2470 xv1,
1018 2399 1054 2453 6
1078 2416 1232 2467 ;x1x,
1266 2398 1375 2470 10),
1399 2415 1525 2469 quae
1547 2397 1919 2470 cognomina-

260 2496 366 2549 tur
391 2491 601 2560 Minor,
635 2487 857 2561 absque
888 2487 1153 2544 orientali
1178 2491 1360 2559 parte,
1396 2503 1511 2559 qua
1533 2487 1603 2542 ad
1626 2487 1921 2558 Cappado-

262 2580 420 2637 ciam
441 2578 786 2652 Syriamque
817 2577 1209 2650 progreditur,
1241 2575 1503 2648 undique
1560 2576 1921 2631 circumdata

260 2667 538 2732 estmari,
563 2667 735 2737 cujus
754 2665 1059 2738 provinciae
1074 2670 1231 2727 sunt.
1258 2664 1530 2737 Phrygia,
1557 2662 1917 2736 Pamphylia,

264 2756 492 2828 Cilicia,
527 2755 834 2828 Lycaonia,
869 2753 1114 2825 Galatia,
1150 2759 1209 2809 et
1236 2752 1362 2809 alia:
1395 2752 1615 2818 multis,
1648 2753 1747 2808 sed
1790 2770 1919 2825 spe-

261 2844 495 2903 cialiter
524 2844 623 2900 ubi
646 2843 913 2916 Ephesus
942 2842 1149 2899 civitas
1178 2846 1286 2907 est,
1311 2842 1450 2898 Asia
1478 2847 1738 2897 vocatur.

337 2933 562 3008 Egypti
602 2932 758 3005 regio
789 2932 925 3004 (Act.
955 2948 1054 2999 vn,
1106 2931 1181 3003 9),
1231 2948 1265 2986 a
1319 2930 1712 3002 septentrione
1761 2946 1921 2985 mare

262 3025 547 3097 Magnum
582 3022 897 3093 sinumque
925 3021 1259 3089 Arabicum,
1291 3020 1363 3075 ab
1395 3020 1615 3076 oriente
1655 3020 1919 3075 Rubrum

262 3128 451 3181 mare,
484 3129 518 3168 a
547 3111 790 3166 meridie
821 3111 1138 3177 Oceanum,
1170 3109 1242 3165 ab
1277 3125 1486 3165 occasu
1519 3109 1756 3181 Libyam
1816 3109 1919 3164 ha-

261 3205 402 3260 bet:
436 3201 607 3272 cujus
636 3198 968 3255 lnl’eriorem
1000 3203 1223 3270 partem
1255 3196 1443 3267 Nilus,
1478 3198 1712 3254 dextera
1752 3197 1921 3252 lzeva-

261 3307 381 3365 que
439 3290 688 3356 divisus,
722 3286 992 3360 amplexu
1052 3303 1159 3342 suo
1215 3286 1587 3353 determinat,
1633 3286 1920 3357 Canopico

261 3379 419 3437 ostio
449 3380 521 3435 ab
551 3377 765 3448 Africa,
799 3376 871 3431 ab
922 3376 1059 3431 Asia
1109 3373 1427 3440 Pelusiaco,
1478 3379 1712 3429 centum
1756 3391 1920 3429 sexa-

263 3468 436 3543 ginta
462 3482 749 3539 passuum
781 3463 1124 3521 intervallo:
1160 3480 1336 3535 quam
1370 3464 1443 3517 ob
1480 3479 1716 3517 causam
1769 3462 1924 3517 inter

259 3556 495 3613 insulas
517 3554 756 3628 quidam
788 3557 1101 3626 )Egyptum
1136 3551 1407 3621 retulere,
1442 3551 1525 3606 ita
1572 3567 1634 3606 se
1667 3551 1923 3605 ﬁndente

264 3644 402 3702 Nilo
438 3644 461 3680 ³
488 3644 807 3715 utrimque,
840 3646 905 3698 ut
934 3648 980 3695 A
1012 3640 1217 3697 litterae
1243 3642 1491 3712 figuram
1523 3639 1755 3707 efficiat,
1786 3639 1923 3694 inde

270 3732 446 3791 multi
466 3732 624 3805 quod
649 3731 861 3788 Graeca;
906 3729 1109 3787 litterae
1166 3730 1414 3803 ﬁguram
1462 3727 1696 3799 efﬁciat,
1752 3743 1922 3783 voca-

265 3821 413 3879 bulo
441 3820 666 3878 Deltam
702 3819 1085 3892 appellavere.
1118 3817 1348 3890 Egypti
1380 3833 1512 3873 vero
1545 3832 1824 3873 mensura
1849 3816 1922 3872 ab

266 3911 497 3968 unitate
526 3909 692 3980 alvei,
726 3909 881 3964 unde
901 3925 964 3963 se
1011 3906 1268 3980 primum
1324 3904 1495 3960 ﬁndit
1549 3905 1653 3975 [Αἰ.
1710 3904 1925 3975 fundit]

265 4001 333 4056 in
370 3999 554 4056 latera
583 3999 655 4054 ad
680 3997 1033 4069 Canopicum
1067 3995 1282 4051 ostium
1339 3998 1575 4050 centum
1626 3992 1926 4066 sexaginta

263 4104 374 4146 sex
403 4104 708 4161 passuum,
741 4086 810 4142 ad
837 4084 1198 4142 Pelasiacum
1221 4084 1610 4139 ducentorum
1633 4084 1923 4155 quinqua-

262 4178 436 4253 ginta
465 4194 586 4234 sex.

337 4266 564 4323 Arabize
596 4264 754 4337 regio
786 4266 924 4335 (Act.
984 4280 1047 4331 ιι,
1106 4264 1219 4331 11),
1278 4261 1432 4317 inter
1486 4260 1680 4316 sinum
1742 4259 1924 4316 maris

258 4354 588 4427 Rubri,qui
614 4354 906 4423 Persicus,
933 4357 991 4409 et
1018 4368 1155 4408 eum
1188 4352 1290 4423 qui
1348 4350 1636 4405 Arabicus
1686 4350 1921 4416 dicitur,

266 4442 453 4500 habet
481 4448 684 4516 gentes
716 4442 959 4510 multas,
986 4441 1291 4506 Moabitas,
1340 4439 1728 4506 Ammonitas,
1790 4439 1923 4494 Idu-

269 4548 475 4602 maaos,
502 4536 843 4594 Saracenos,
868 4528 1132 4601 aliosque
1162 4526 1650 4600 quamplurimas.
1710 4527 1927 4582 Arabia

2098 2396 2447 2453 Alexandria
2490 2398 2623 2469 (Act.
2679 2415 2754 2466 v1,
2815 2398 2893 2469 9),
2953 2398 3159 2455 civitas
3213 2396 3461 2472 Egypti,
3545 2416 3673 2472 quin

2028 2487 2327 2557 quondam
2359 2486 2442 2542 No
2469 2485 2787 2554 dicebatur,
2806 2487 2957 2542 inter
2977 2488 3309 2560 Aigyptum.
3338 2488 3586 2544 Africam
3620 2494 3680 2545 et

2029 2591 2189 2630 mare
2219 2576 2383 2646 quasi
2416 2575 2741 2630 claustrum
2775 2576 2981 2648 posita,
3014 2576 3072 2630 in
3132 2594 3249 2648 quo
3288 2577 3443 2633 beati
3499 2594 3677 2634 evan-

2028 2657 2247 2735 gelista;
2269 2663 2441 2719 Marci
2475 2663 2744 2719 tumulus
2774 2664 3061 2737 hodieque
3089 2672 3401 2722 veneratur
3421 2668 3462 2722 ‘.

2099 2757 2313 2809 Azotus
2343 2754 2477 2823 (Act.
2509 2770 2634 2819 vm,
2666 2754 2778 2824 40),
2812 2753 3093 2826 oppidum
3125 2754 3356 2827 insigne
3417 2754 3671 2811 Palaesti-

2030 2858 2135 2910 nae,
2171 2842 2324 2913 quod
2361 2842 2635 2898 tlebraice
2683 2843 2901 2897 dicitur
2943 2843 3154 2909 Esdod,
3206 2848 3263 2898 et
3304 2848 3393 2898 est
3442 2861 3557 2900 una
3604 2844 3676 2899 de

2028 2931 2291 3003 quinque
2321 2930 2461 2986 olim
2493 2932 2827 2987 civitatibus
2856 2931 3317 3004 Allophylorum.

2098 3019 2311 3075 Attalia
2359 3021 2501 3091 (Act.
2529 3037 2644 3088 xxv,
2677 3021 2790 3091 24),
2850 3021 3055 3076 civitas
3097 3021 3446 3094 Pamphylia:
3494 3023 3673 3078 mari-

2029 3108 2188 3164 lima.

2101 3197 2466 3270 Amphipolis
2495 3198 2634 3270 (Act.
2666 3197 3044 3270 xvu),civitas
3075 3197 3278 3270 etipsa
3300 3199 3677 3268 Macedoniae;

2031 3290 2123 3342 est
2153 3287 2265 3341 alia
2293 3288 2556 3357 ejusdem
2618 3286 2873 3341 nominis
2924 3287 2981 3341 in
3033 3287 3195 3360 Syria
3244 3286 3571 3359 Apollonia,
3623 3292 3682 3344 et

2028 3375 2158 3446 ipsa
2189 3376 2393 3431 civitas
2423 3376 2766 3432 Macedoniae
2792 3395 2804 3432 :
2839 3380 2897 3432 et
2925 3381 3015 3433 est
3061 3376 3245 3433 altera
3276 3378 3334 3431 in
3385 3377 3683 3449 provincia

2030 3464 2256 3529 Africae,
2291 3481 2418 3535 quae
2449 3464 3035 3537 diciturPentapolis.

2100 3553 2333 3608 Athena;
2356 3552 2489 3621 (Act.
2522 3569 2659 3621 xvu,
2694 3554 2988 3620 t5;xv1u,
3030 3554 3096 3623 t),
3118 3553 3322 3609 civitas
3348 3555 3407 3609 in
3438 3554 3679 3623 Achaia,

2030 3640 2412 3713 philosophia:
2445 3641 2638 3696 dicata
2667 3642 2916 3697 studiis:
2942 3658 3068 3712 quae
3100 3658 3235 3696 cum
3271 3659 3386 3698 una
3416 3644 3515 3711 sit,
3548 3642 3680 3715 plu-

2030 3729 2137 3785 rali
2166 3744 2410 3785 numero
2440 3746 2672 3802 semper
2701 3728 2982 3803 appellari
3013 3729 3196 3785 solet:
3238 3731 3410 3802 cujus
3467 3732 3686 3788 Piraeus

2029 3819 2135 3891 (Al.
2180 3818 2450 3889 Phireus)
2503 3822 2705 3890 portus
2737 3818 3107 3891 septemplici
3167 3836 3334 3876 muro
3385 3822 3685 3894 quondam

2032 3908 2429 3965 communitus
2454 3908 2639 3964 fuisse
2667 3907 3039 3964 describitur.

2104 4007 2442 4069 Areopagus
2472 3997 2605 4068 (Act.
2640 4015 2775 4067 xvu,
2810 3998 2919 4069 19),
2944 3997 3306 4055 Athenarum
3338 3999 3522 4067 curia,
3555 4016 3683 4072 qua

2031 4087 2448 4158 interpretatur
2474 4087 2609 4141 villa
2639 4086 2845 4155 Martis,
2878 4088 3032 4158 quod
3080 4087 3204 4160 ipse
3252 4087 3333 4142 ibi
3376 4088 3678 4160 quondam

2032 4192 2165 4231 cum
2196 4175 2463 4230 ducentis
2482 4175 2791 4231 duodecim
2829 4176 2942 4231 diis
2971 4176 3202 4231 dicatus
3219 4176 3314 4231 sit.

2101 4267 2279 4321 Assso
2306 4265 2439 4335 (Act.
2460 4281 2553 4331 xx,
2590 4266 2656 4319 13
2690 4281 2902 4332 ;xxvn,
2936 4264 3044 4335 13),
3088 4264 3291 4320 civitas
3353 4266 3501 4320 Asize
3561 4282 3686 4322 ma-

2033 4354 2251 4418 ritima,
2277 4354 2478 4409 eadem
2509 4352 2810 4425 Apollonia
2830 4352 3008 4409 dicta.

2103 4442 2428 4515 Antipatris
2458 4442 2590 4514 (Act.
2618 4459 2779 4513 xxm,
2812 4443 2944 4509 31.),
2967 4442 3172 4497 civitas
3193 4442 3493 4498 Palestina:
3525 4459 3683 4498 nunc

2033 4532 2247 4601 diruta,
2281 4548 2457 4603 quam
2490 4531 2745 4587 Herodes
2776 4547 2875 4586 rex
2902 4531 3115 4587 Judzeae
3154 4549 3221 4587 ex
3252 4532 3435 4605 patris
3466 4533 3558 4588 sui
3580 4548 3685 4587 no-

272 4626 474 4677 autem
503 4636 663 4676 sacra
692 4618 1066 4691 interpretari
1099 4616 1350 4673 dicitur:
1385 4632 1451 4671 eo
1474 4616 1625 4688 quod
1650 4615 1726 4671 sit
1772 4614 1929 4687 regio
1960 4604 2003 4672 C
2044 4622 2201 4677 mine
2228 4627 2548 4677 vocaverat.

270 4709 584 4778 thurifera,
617 4709 825 4765 odores
856 4723 1083 4763 creans.
1136 4705 1283 4761 Hinc
1334 4721 1462 4760 eam
1514 4705 1693 4760 Graeci
1752 4699 1929 4757 εὐδαι-

277 4817 446 4872 μονα,
480 4798 659 4855 nostri
691 4798 904 4853 beatam
938 4795 1193 4868 [felicem]
1223 4798 1590 4849 vocaverunt.

350 4887 687 4960 EthiOpum
723 4886 882 4959 regio
914 4886 1050 4958 (Act.
1081 4900 1204 4951 vm,
1257 4883 1348 4954 27)
1379 4882 1450 4937 ab
1509 4882 1651 4937 Indo
1692 4882 1931 4938 [lumine

271 4992 664 5049 consurgens,
691 4977 862 5048 juxta
916 4975 1206 5047 Egyptum
1240 4972 1392 5027 inter
1417 4969 1614 5026 Nilum
1645 4975 1702 5026 et
1754 4976 1932 5027 Ocea-

276 5082 448 5135 num,
481 5070 539 5121 et
567 5065 623 5119 in
656 5065 920 5131 meridie,
953 5064 1063 5118 sub
1094 5063 1221 5135 ipsa
1252 5060 1392 5116 solis
1423 5059 1716 5115 vicinitate
1736 5061 1930 5131 jacet:

272 5169 533 5228 quorum
564 5158 686 5210 tres
718 5156 859 5210 sunt
889 5152 1090 5225 pepuli
1122 5150 1371 5223 Egypti,
1395 5150 1683 5222 Hesperias
1712 5154 1770 5205 et
1825 5150 1934 5206 0c-

275 5242 556 5301 sidentis.

355 5405 371 5439 ¹
410 5403 574 5460 Meus
604 5419 716 5458 ms.
776 5402 927 5458 liber
979 5397 1375 5456 Acheldemach
1419 5413 1669 5470 moxque
1717 5396 1933 5454 rectius

278 5475 552 5547 hodieque
578 5482 931 5531 monstratur.

353 5549 376 5586 ³
403 5543 589 5619 antea
617 5551 739 5605 erat
760 5549 1054 5619 corrupte,
1082 5543 1280 5619 tetigit.

359 5620 382 5661 ³
401 5617 553 5677 Editl
584 5623 775 5685 antea,
806 5612 1065 5691 fundente
1094 5612 1235 5683 Nilo,
1286 5612 1417 5677 Mox
1445 5612 1678 5672 brevius
1728 5630 1793 5671 ac
1846 5632 1933 5673 re-

2111 4709 2282 4783 Appii
2314 4710 2505 4766 forum
2550 4710 2688 4780 (Act.
2734 4727 2931 4777 xxvm,
2984 4710 3095 4781 15),
3152 4727 3365 4765 nomen
3419 4710 3525 4767 fori
3576 4713 3687 4766 Ro-

2040 4816 2168 4864 mae,
2202 4801 2272 4854 ab
2302 4799 2480 4871 Appio
2510 4799 2806 4870 quondam
2865 4800 3106 4855 consule
3154 4804 3407 4855 tractum
3437 4816 3449 4853 :
3485 4816 3518 4855 a
3571 4815 3687 4871 quo

2041 4893 2099 4945 et
2127 4888 2220 4944 via
2250 4888 2439 4961 Appia
2467 4889 2882 4960 cognominata
2912 4894 3019 4943 est.

2853 5036 2893 5085 Β

2115 5157 2390 5232 Babylon,
2424 5156 2763 5232 metropolis
2794 5156 2955 5232 regni
2989 5156 3417 5232 Qhaldmorum,
3451 5156 3551 5211 ubi
3594 5173 3692 5213 eo-

2043 5250 2193 5300 rum,
2228 5227 2328 5302 qui
2358 5227 2725 5285 aedificabant
2748 5227 2977 5297 turrim,
3011 5227 3223 5300 linguae
3255 5229 3451 5284 divisae
3482 5233 3695 5297 sunt,a

2041 5394 2192 5450 otius
2224 5392 2283 5447 in
2311 5406 2440 5446 meo
2470 5405 2579 5444 ms.
2607 5405 2621 5442 :
2654 5388 2885 5459 Indeque
2914 5388 3079 5444 multi
3108 5389 3313 5447 Gra’cae
3342 5390 3545 5448 littere
3598 5403 3693 5445 vo-

2040 5464 2240 5523 cabulo
2269 5464 2480 5518 Deltam
2508 5462 2876 5533 appellavere.

2114 5539 2134 5571 ὀ
2162 5535 2338 5593 Addit
2368 5532 2672 5591 meus’ms.
2708 5533 2765 5589 in
2794 5532 3040 5589 ecclesia.
