4070 6166
276 302 428 374 1861

274 549 404 607 quae
437 551 472 591 a
491 535 706 592 Graecis
728 537 1113 612 scriptoribus
1148 538 1344 596 Helias
1373 543 1575 596 vocata
1603 539 1778 608 est,in
1803 556 1919 612 qua

271 623 512 681 Athenae
534 623 709 683 civita
732 631 842 691 est,
874 629 1168 701 quondam
1195 629 1387 685 Attica
1406 628 1562 685 dicta
1591 629 1629 684 ί.

1080 720 1121 773 Η

342 802 738 861 Hadrumetus
767 804 903 877 (Act.
932 824 1107 873 xxvn,
1136 808 1214 879 2),
1247 808 1452 864 civitas
1483 808 1543 863 in
1574 807 1804 863 Bazatio
1832 823 1921 863 re-

274 891 449 966 gione
478 892 706 948 Africis.

344 980 563 1037 Hadria
608 982 748 1054 (Act.
806 1001 978 1051 xxvu,
1028 988 1138 1060 27),
1199 1002 1411 1041 nomen
1486 988 1666 1043 maris
1723 991 1925 1042 contra

276 1071 638 1140 Ravennam,
672 1073 827 1144 quod
885 1090 984 1146 per
1035 1074 1184 1130 ostia
1239 1075 1377 1130 Padi
1440 1075 1600 1130 ﬂuvii
1650 1075 1922 1146 intratur,

271 1164 511 1232 sumpto
530 1160 812 1218 vocabulo
834 1163 907 1217 ab
938 1163 1150 1219 Hadria
1201 1165 1463 1235 proxima
1505 1165 1755 1231 civitate,
1796 1182 1922 1237 qua:

271 1248 429 1305 idem
463 1249 611 1304 mari
644 1266 855 1305 nomen
888 1251 1202 1306 Hadriatici
1238 1253 1419 1308 dedit.

342 1337 707 1394 Hierusalem
732 1339 870 1410 (Act.
893 1357 954 1406 ιι,
993 1342 1073 1407 5;
1122 1358 1195 1411 ιν,
1247 1343 1320 1408 5;
1382 1360 1435 1409 ν,
1495 1341 1604 1410 l6;
1664 1359 1779 1406 xxi,
1808 1342 1923 1412 2|),

274 1426 616 1500 metropolis
645 1429 941 1500 quondam
964 1429 1145 1485 totius
1176 1430 1410 1499 Judaaae,
1459 1448 1588 1502 quae
1646 1448 1801 1486 nunc
1854 1432 1924 1486 ab

271 1515 415 1572 1Elio
438 1516 695 1573 Adriano
745 1517 990 1588 Caesare,
1051 1519 1202 1588 quod
1258 1536 1386 1574 eam
1439 1537 1472 1574 a
1519 1520 1646 1575 Tito
1696 1521 1925 1575 destru-

272 1604 654 1661 ctamlatiore
684 1605 800 1660 situ
852 1606 1283 1674 instauraverit,
1316 1608 1463 1663 {Elia
1517 1609 1927 1680 cognominata

271 1697 361 1751 est
391 1710 404 1749 :
439 1695 612 1766 cujus
650 1711 824 1767 opere
856 1695 1075 1750 factum
1107 1701 1215 1764 est,
1277 1701 1341 1751 ut
1401 1697 1551 1752 Loca
1598 1698 1831 1762 Sancta,
1866 1697 1924 1751 id

1407 312 1703 380 NONINA
1747 302 2122 378 LOGORUM
2164 310 2270 378 EX
2310 312 2555 379 AGTlS.

304 451 309 456 ’
349 442 572 503 Graecia
600 443 735 519 (Act.
768 463 860 518 xx,
892 446 969 521 2),
1004 444 1302 522 provincia
1343 450 1610 524 quadam
1667 449 1919 517 Achaiae,
1951 450 2007 517 Α

3525 303 3679 377 1362

2836 446 2892 510 Μ

2104 545 2269 601 Mons
2299 544 2503 601 Oliveti
2525 544 2660 616 (Act.
2696 561 2735 607 ι,
2789 543 2904 611 12),
2949 542 3017 599 ad
3080 541 3361 600 orientem
3418 540 3681 600 Hieroso‘

2032 633 2221 708 lymae,
2282 639 2538 692 torrente
2595 634 2816 691 Cedron
2863 633 3256 700 interfluente,
3317 632 3415 688 ubi
3476 631 3686 688 ultima

2030 724 2274 797 vestigia
2313 724 2539 781 Domini
2598 725 2779 780 humo
2835 724 3126 796 impresso
3185 722 3478 794 hodieque
3520 738 3687 777 mun-

2033 818 2298 871 strantur
2327 815 2464 881 (Act.
2500 816 2560 885 1).
2586 814 2850 886 Cumque
2890 818 3050 868 terra
3107 812 3310 867 eadem
3370 810 3632 883 quotidie
3655 828 3690 866 a

2033 904 2406 959 credentibus
2436 903 2761 969 hauriatur,
2796 900 3180 957 nihilominus
3232 894 3431 955 tanien
3484 900 3688 955 eadem

2035 996 2237 1049 sancta
2262 991 2507 1064 vestigia
2557 990 2871 1063 pristinum
2936 993 3156 1046 statum
3214 987 3490 1044 continuo
3542 986 3688 1042 reci-

2035 1081 2225 1154 piunt.
2258 1080 2518 1152 Denique
2547 1096 2682 1136 cum
2713 1079 2975 1146 ecclesia;
3001 1079 3063 1133 in
3085 1078 3254 1147 cujus
3299 1076 3492 1132 medio
3552 1080 3692 1132 sunt

2034 1171 2283 1225 rotundo
2315 1170 2631 1236 schemate,
2666 1174 2722 1224 et
2756 1167 3151 1241 pulcherrimo
3184 1182 3357 1238 opere
3408 1166 3687 1221 condere-

2034 1264 2152 1324 tur,
2185 1275 2485 1314 summum
2518 1261 2750 1313 tantum
2785 1259 3170 1321 cacumen,ut
3205 1254 3527 1326 perhibent,
3558 1271 3690 1325 pro-

2036 1353 2165 1420 pter
2194 1344 2479 1404 Dominici
2512 1346 2769 1418 corporis
2794 1349 3048 1401 meatum
3077 1342 3235 1400 nullo
3259 1344 3431 1399 modo
3455 1342 3685 1415 contegi

2035 1441 2092 1493 et
2122 1436 2515 1510 concamerari
2551 1435 2743 1507 potuit
2775 1453 2787 1490 :
2823 1436 2925 1490 sed
2957 1433 3246 1489 transitus
3277 1433 3408 1503 ejus
3454 1449 3489 1489 a
3535 1436 3691 1488 terra

2036 1524 2104 1581 ad
2139 1522 2349 1579 ccnlum
2384 1528 2761 1595 usque’patet
2790 1526 3083 1594 apertum.

2109 1611 2260 1667 Medi
2292 1613 2426 1680 (Act.
2472 1627 2530 1681 ιι,
2570 1611 2645 1682 9),
2683 1627 2715 1665 a
2747 1610 2938 1666 Madai
2972 1610 3089 1664 filio
3119 1609 3334 1681 Japhet
3363 1608 3638 1681 appellati
3675 1626 3688 1663 :

2038 1705 2178 1756 sunt
2201 1704 2400 1756 autem
2423 1700 2573 1755 inter
2605 1700 2823 1754 ﬂumen
2858 1699 3068 1754 Indum
3099 1702 3156 1753 et
3186 1698 3405 1753 ﬂumen
3464 1695 3690 1768 Tigrim

268 1787 361 1840 est
391 1782 704 1839 Dominicis
750 1784 1046 1839 Passionis
1104 1790 1161 1840 et
1220 1786 1704 1854 Resurrectionis,
1739 1786 1839 1841 sed
1872 1790 1930 1841 et
1958 1815 2006 1880 Β
2039 1789 2306 1861 regiones
2332 1789 2536 1854 istae,a
2586 1792 2783 1843 monte
2840 1789 3094 1843 Caucaso
3151 1802 3341 1859 usque
3399 1786 3472 1840 ad
3534 1801 3693 1841 mare

273 1872 634 1929 lnventionis
654 1872 918 1929 S.Crucis
934 1875 1231 1944 quondam
1248 1879 1409 1930 extra
1428 1875 1631 1930 urbem
1647 1874 1923 1946 jacentia,

271 1977 432 2017 nunc
462 1961 728 2032 ejusdem
763 1962 927 2017 urbis
959 1980 1126 2018 muro
1178 1962 1619 2035 septentrionali
1672 1963 1922 2019 circum-

273 2051 514 2106 dentur.

347 2138 705 2211 Judaea(Act.
741 2157 778 2207 ι,
810 2142 844 2194 8
873 2165 886 2208 ;
922 2158 985 2207 ιι,
1015 2141 1082 2208 9;
1118 2158 1196 2212 ιχ,
1226 2142 1290 2196 31
1320 2185 1334 2207 ,
1368 2158 1423 2213 x,
1457 2142 1568 2213 37).
1604 2141 1924 2212 aliquando

269 2231 397 2284 tota
424 2231 581 2284 terra
600 2229 907 2284 duodecim
942 2230 1202 2285 tribuum
1227 2229 1583 2303 appellatur;
1607 2228 1924 2301 aliquando

270 2317 411 2372 dua:
432 2320 664 2373 tantum
697 2318 909 2386 tribus,
942 2336 1069 2390 qua:
1102 2322 1398 2390 quondam
1428 2321 1583 2376 Juda
1638 2320 1923 2375 vocaban-

274 2408 394 2475 tur,
433 2407 508 2461 ad
539 2405 978 2463 distinctionem
1040 2407 1286 2464 Galilaaaa
1338 2413 1395 2464 et
1432 2408 1725 2477 Samaria,
1779 2408 1920 2464 alia-

274 2509 529 2566 rumque
558 2494 618 2550 in
649 2497 803 2551 terra
834 2496 1305 2569 repromissionis
1337 2498 1663 2571 regionum.
1693 2499 1763 2553 Et
1820 2514 1921 2554 no-

274 2583 521 2639 tandum
555 2585 707 2657 apud
741 2583 1069 2653 historicos,
1104 2587 1257 2659 quod
1303 2587 1506 2643 Judrea
1553 2588 1688 2659 (Act.
1723 2604 1800 2657 ιχ,
1829 2588 1921 2657 31)

268 2674 345 2730 ad
378 2673 771 2741 Palmstinam,
807 2673 1042 2730 Galilaea
1070 2691 1204 2731 vero
1234 2684 1285 2732 el
1313 2676 1579 2733 Samaria
1631 2677 1702 2732 ad
1762 2676 1923 2731 Phae-

266 2763 465 2820 nlcem
493 2763 845 2836 pertineant.

338 2853 526 2925 Joppe
547 2854 682 2924 (Act.
732 2871 805 2921 IX,
847 2854 959 2925 36),
1004 2854 1286 2926 oppidum
1346 2853 1647 2910 Palestinae
1696 2853 1916 2909 mariti-

270 2957 442 2998 mum
472 2941 531 2997 in
562 2942 719 2997 tribu
752 2943 909 2999 Dan:
934 2943 1032 2998 ubi
1057 2943 1227 2999 hodie
1247 2961 1385 2999 saxa
1435 2947 1838 2999 monstrantur
1859 2942 1918 2997 in

269 3029 555 3098 littore,in
587 3030 802 3102 quibus
830 3032 1202 3088 Andromeda
1224 3032 1475 3105 relegata
1507 3034 1607 3100 [Αι.
1631 3031 1916 3104 religata],

2040 1878 2303 1933 Rubrum
2338 1879 2752 1950 pertingentcs;
2786 1877 3087 1944 Aracusia,
3116 1875 3375 1942 Parthia,
3426 1874 3690 1948 Assyria,

2036 1966 2228 2023 Persis
2250 1967 2292 2032 ³,
2325 1971 2384 2022 et
2412 1966 2604 2022 Media
2641 1984 2654 2022 :
2689 1984 2835 2039 quas
2865 1965 3167 2039 Scriptura
3193 1981 3361 2020 sacra
3383 1964 3691 2021 universas

2036 2072 2189 2127 saepe
2211 2055 2411 2111 Media
2443 2056 2680 2110 nomine
2720 2060 2906 2110 vocat.

2106 2143 2532 2215 Mesopotamia
2562 2144 2696 2215 (Act.
2731 2160 2791 2206 ιι,
2825 2144 2903 2214 2),
2938 2142 3097 2215 regio
3130 2142 3282 2197 inter
3312 2140 3561 2195 ﬂumina
3590 2140 3685 2194 Ti-

2034 2233 2184 2304 grim
2219 2237 2275 2287 et
2305 2233 2681 2303 Euphratem,
2709 2249 2836 2303 quae
2866 2236 2923 2286 et
2962 2232 3090 2301 ipso
3147 2228 3426 2284 vocabulo
3484 2228 3685 2284 Graeco

2035 2321 2093 2376 in
2127 2321 2317 2376 medio
2349 2320 2660 2376 ﬂuminum
2693 2336 2822 2376 esse
2853 2320 3043 2392 posita
3090 2321 3470 2374 monstratur.
3529 2316 3687 2372 Hinc

2033 2410 2106 2465 ad
2140 2409 2445 2465 meriniem
2477 2407 2812 2481 Babylonia,
2859 2407 3069 2463 deinde
3126 2406 3331 2473 Cedar,
3364 2404 3684 2463 novissime

2030 2498 2241 2555 Arabia
2264 2498 2600 2554 Eudaemon.

2104 2588 2339 2644 Madian
2366 2587 2503 2659 (Act.
2539 2604 2635 2653 vn,
2666 2587 2779 2657 29),
2823 2585 3028 2642 civitas
3076 2586 3248 2657 juxta
3297 2589 3575 2640 Arnonen
3628 2587 3686 2640 et

2013 2676 2381 2748 'Areopolim,
2414 2677 2583 2746 cujus
2614 2692 2769 2730 nunc
2805 2676 2983 2730 ruinas
3012 2674 3418 2730 tantummodo
3439 2673 3681 2728 demon-

2030 2768 2311 2835 strantur,
2348 2764 2448 2820 ubi
2491 2765 2717 2836 Moyses
2746 2765 2901 2837 apud
2933 2764 3135 2821 Jethro
3175 2778 3442 2819 socerum
3503 2777 3678 2817 suum

2028 2853 2334 2909 exsulabat
2365 2854 2555 2925 (Exod.
2591 2871 2659 2921 ιι,
2690 2854 2800 2925 15).

2103 2942 2305 2998 Moesia
2338 2943 2473 3015 (Act.
2506 2943 2718 3014 xv1,7),
2751 2941 3053 3015 provincia
3079 2941 3226 2997 Asiae
3257 2959 3270 2997 :
3331 2956 3488 2996 nunc
3543 2943 3673 2995 Eo-

2029 3030 2101 3087 lis
2134 3032 2307 3088 dicta.
2339 3033 2442 3087 Est
2498 3035 2693 3087 autem
2754 3036 2810 3087 et
2866 3030 3049 3086 altera
3101 3030 3364 3102 ejusdem
3416 3027 3674 3084 nominis

264 3119 466 3176 Persei
524 3120 822 3191 quondam
869 3120 974 3176 viri
1030 3122 1121 3176 sui
1186 3122 1364 3178 fertur
1411 3122 1659 3177 liberata
1738 3121 1917 3177 luisse
1954 3182 1989 3193 Α
2020 3122 2191 3193 juxta
2221 3121 2464 3176 ﬂuvium
2510 3120 2867 3175 Danubium.
2927 3120 3194 3190 Suntque
3250 3122 3543 3187 auctores,
3572 3115 3674 3187 qui

264 3206 567 3281 praesidio.

340 3296 604 3354 Iconium
635 3297 770 3370 (Act.
803 3315 923 3365 XIII,
955 3299 1019 3353 51
1049 3317 1062 3366 ;
1098 3316 1210 3365 va,
1244 3299 1356 3371 42),
1383 3299 1587 3356 civitas
1611 3297 1917 3356 celeberri-

267 3402 371 3443 ma
400 3386 753 3459 Lycaconiae,
786 3391 843 3442 et
871 3392 962 3443 est
1000 3388 1181 3444 altera
1212 3388 1268 3442 in
1311 3388 1533 3445 Cilicia.

341 3474 878 3547 ltalia(Act.xxvn,
944 3477 1016 3547 1),
1076 3477 1232 3549 regio
1290 3481 1348 3532 et
1405 3477 1593 3539 patria
1631 3478 1919 3533 Romano-

270 3579 407 3619 rum
439 3565 513 3620 ab
544 3564 686 3621 Italo
717 3580 850 3638 rege
870 3565 1427 3634 vocabulumtraxit,
1462 3583 1590 3638 quae
1623 3567 1695 3621 ab
1728 3565 1922 3622 Africo

269 3656 331 3709 et
364 3670 403 3709 ιι
428 3653 611 3710 Borea
635 3654 783 3710 mari
815 3655 1026 3727 Magno
1057 3654 1502 3727 cincta,reliqua
1530 3654 1767 3727 Alpium
1819 3655 1922 3710 ob-

266 3740 492 3813 jicibus
520 3743 763 3799 obtrusa
791 3747 900 3799 est.

348 3917 533 3992 Libyae
562 3919 871 3991 provincias
892 3920 1019 3975 dua:
1052 3925 1209 3990 sunt,
1236 3938 1354 3977 una
1374 3920 1554 3994 Lybia
1576 3921 1924 3993 Cyreneaca,

268 4007 347 4063 de
375 4024 496 4079 qua
524 4008 747 4064 dictum
780 4012 869 4065 est
901 4027 913 4064 :
948 4011 1015 4065 Et
1035 4013 1219 4081 partes
1242 4011 1442 4081 Libyae.
1488 4025 1613 4081 quae
1658 4019 1738 4065 est
1782 4012 1929 4065 circa

274 4096 547 4169 Cyrenem
579 4098 715 4169 (Act.
750 4116 814 4166 ιι,
847 4098 951 4169 10).
987 4103 1119 4154 Haec
1156 4104 1320 4171 porta
1368 4098 1595 4171 [Egypti
1648 4098 1705 4152 in
1769 4103 1931 4171 parte

270 4185 487 4242 Africa;
518 4187 708 4259 prima
729 4192 836 4257 est,
871 4193 927 4243 et
948 4189 1093 4243 mari
1122 4188 1324 4260 Libyco
1355 4204 1675 4261 cognomen
1719 4189 1881 4244 dedit
1914 4206 1926 4244 :

269 4278 411 4349 post
438 4291 618 4348 quam
649 4275 828 4348 Libya
881 4277 1243 4349 Ethiopum,
1298 4292 1486 4348 usque
1541 4277 1612 4332 ad
1665 4275 1934 4333 meridia-

274 4380 426 4420 num
456 4363 798 4437 pertingens
828 4365 1144 4421 Oceanum.

352 4452 551 4526 Lydda
578 4455 714 4524 (Act.
748 4472 822 4522 IX,
847 4455 960 4527 32),
994 4455 1197 4511 civitas
1247 4454 1566 4510 Palmstinaa
1620 4454 1681 4510 in
1738 4454 1932 4510 littore

270 4541 469 4614 Magni
500 4542 681 4598 maris
719 4543 851 4608 sita,
881 4561 1010 4616 quae
1041 4542 1331 4615 Diospolis
1359 4544 1381 4577 ²
1409 4540 1769 4615 appellatur.

348 4631 636 4705 Lycaonia
664 4631 804 4703 (Act.
837 4650 954 4700 xxv,
994 4634 1072 4704 5),
1135 4632 1432 4705 provincia
1486 4633 1653 4688 zEsiae
1712 4636 1800 4689 est
1832 4637 1928 4689 :et

274 4720 547 4793 ejusdem
578 4720 836 4777 nominis
865 4722 1068 4777 civitas
1101 4725 1191 4777 est
1219 4720 1277 4775 in
1303 4721 1554 4793 Phrygia
1584 4721 1829 4777 minore.

350 4810 555 4881 Lystra
583 4808 734 4880 (Act.
759 4826 873 4880 xw,
903 4811 980 4882 6).
1013 4810 1215 4865 civitas
1249 4809 1567 4881 Lycaoniae.

306 4918 311 4932 τ
348 4896 522 4970 Lycia
552 4896 693 4969 (Act.
726 4915 899 4967 xxvu,
920 4899 999 4971 5),
1025 4898 1319 4972 provincia
1340 4898 1507 4953 Asiae.

354 4987 578 5053 Lascea,
610 4986 815 5043 civitas
844 4987 1134 5044 littoraria
1165 4991 1340 5043 Cretae
1374 4986 1578 5042 insulae
1626 4988 1796 5058 juxta
1843 4987 1929 5042 lo-

276 5093 418 5134 cum
449 5075 551 5149 qui
581 5081 824 5132 vocatur
852 5078 992 5133 Boni
1028 5078 1253 5143 Portus,
1290 5081 1354 5131 ut
1393 5077 1515 5147 ipse
1546 5077 1730 5132 Lucas
1763 5093 1932 5148 expo-

277 5167 368 5222 nit
423 5165 575 5235 (Ασι.
632 5182 807 5236 xxvu,
857 5167 959 5235 8):
1026 5184 1128 5239 pro
1190 5183 1307 5237 qua
1358 5165 1598 5237 quidam
1657 5171 1931 5238 corrupte

281 5254 544 5311 Thalam;
572 5252 776 5327 legunt
806 5256 992 5327 (Ibid).

1964 4560 2011 4624 D

1853 3232 1861 3240 ·
1948 3182 1992 3250 C
2020 3182 2225 3266 dicant
2253 3209 2536 3265 transisse
2561 3226 2629 3265 ex
2676 3210 2906 3281 Europa
2961 3182 3171 3276 Mesas,
3229 3211 3287 3263 et
3332 3182 3676 3279 Brygas,-et

2026 3299 2290 3362 Hunnos,
2324 3315 2358 3354 a
2388 3298 2605 3371 quibus
2643 3297 3015 3371 appellantur
3046 3298 3104 3352 in
3133 3296 3272 3353 Asia
3289 3294 3460 3368 Mysi,
3493 3293 3676 3367 Phry-

2027 3404 2129 3460 ges
2161 3393 2217 3444 et
2245 3387 2522 3460 Bithynii.

2102 3476 2438 3534 Macedonia
2495 3477 2629 3547 (Act.
2689 3494 2781 3542 xx,
2843 3478 2915 3547 1),
2976 3474 3269 3549 provincia
3345 3474 3678 3531 Graecorum

2031 3564 2421 3629 nobilissima,
2452 3568 2511 3620 et
2542 3564 2857 3620 virtutibus
2872 3563 3184 3620 Alexandri
3208 3562 3404 3635 Magni
3425 3560 3680 3617 nobilior

2033 3655 2205 3711 facta.

2104 3740 2380 3814 Mitylene
2411 3741 2545 3812 (Act.
2579 3758 2652 3796 xx
2683 3739 2795 3811 13),
2826 3739 3023 3796 insula
3051 3743 3255 3795 contra
3283 3737 3507 3808 Asiam,
3543 3752 3675 3808 quae

2034 3849 2068 3888 a
2088 3830 2353 3904 proxima
2378 3830 2713 3886 continente
2740 3828 2911 3884 abest
2940 3827 3266 3901 quingenta
3288 3830 3515 3899 septem
3550 3823 3681 3881 mil-

2033 3921 2114 3977 lia
2143 3936 2374 3993 passus.

2107 4008 2339 4065 Miletus
2371 4008 2508 4080 (Act.
2543 4026 2633 4079 xx,
2670 4010 2779 4075 15),
2817 4006 3021 4063 civitas
3056 4008 3114 4062 in
3172 4005 3310 4062 Asia
3365 4003 3681 4071 maritima,

2037 4099 2236 4153 decem
2267 4096 2477 4153 stadiis
2510 4097 2582 4152 ab
2613 4096 2763 4153 ostio
2797 4096 3071 4152 Mmandri
3096 4095 3289 4150 amnis
3317 4097 3562 4157 secreta,
3586 4092 3685 4148 ubi

2036 4185 2253 4242 Paulus
2283 4184 2668 4257 Ephesiorum
2687 4186 2941 4257 majores
2956 4183 3410 4256 alloquiturzcst
3425 4181 3687 4239 etinsula
3754 4202 3761 4209 ·

2039 4292 2154 4331 non
2185 4273 2505 4347 ignobilis!»
2556 4273 2811 4330 nominis
2868 4274 3133 4345 ejusdem
3178 4271 3238 4327 in
3292 4272 3441 4328 mari
3499 4271 3685 4344 (Eng

2037 4364 2130 4420 vel
2163 4363 2345 4420 Ionio.

2825 4433 2871 4488 N

2105 4630 2390 4686 Nazareth
2423 4630 2558 4702 (Act.
2591 4648 2645 4701 x,
2694 4630 2808 4701 38),
2858 4630 3088 4685 viculus
3147 4629 3206 4684 in
3241 4627 3479 4686 Galilaea
3517 4629 3693 4699 juxta

2036 4726 2298 4777 montem
2331 4719 2584 4785 Thabor,
2622 4720 2774 4776 unde
2804 4723 2860 4775 et
2914 4719 3202 4775 Dominus
3260 4722 3460 4774 noster
3514 4718 3691 4784 Jesus

2034 4809 2303 4866 Christus
2336 4808 2669 4864 Nazarenus
2700 4812 2943 4864 vocatus
2972 4811 3066 4864 est
3098 4824 3111 4863 :
3154 4807 3448 4879 habetque
3503 4805 3690 4862 eccle-

2038 4898 2190 4955 siam
2215 4897 2275 4953 in
2307 4896 2431 4953 loco
2464 4914 2580 4969 quo
2609 4897 2853 4970 angelus
2885 4898 2955 4952 ad
2987 4897 3217 4952 beatam
3244 4897 3488 4951 Mariam
3518 4912 3691 4952 evan-

2039 4987 2401 5059 gelizaturus
2432 4985 2711 5041 intravit:
2748 4987 2848 5041 sed
2881 4990 2940 5040 et
2998 4984 3197 5054 aliam,
3251 4983 3353 5040 ubi
3408 4982 3694 5040 Dominus

2040 5079 2131 5132 est
2163 5075 2445 5131 nutritus.

2113 5163 2384 5237 Neapolis
2416 5163 2556 5229 (Λει.
2589 5179 2702 5228 xv1,
2730 5162 2852 5233 11),
2881 5160 3087 5218 civitas
3142 5161 3344 5230 Cariae,
3405 5179 3533 5234 quae
3604 5166 3697 5218 est

2043 5253 2342 5327 provincia
2374 5252 2479 5323 [AL
2514 5250 2847 5323 provinciae]
2879 5250 3050 5306 Asiae.

351 5434 370 5467 ¹
407 5430 591 5499 Idem,
651 5432 809 5487 haud
874 5437 1069 5489 tamen
1137 5437 1311 5500 recte,
1356 5432 1627 5506 quondam
1702 5436 1935 5507 antiqua
2049 5433 2190 5507 doro
2221 5430 2445 5507 Hispal,
2474 5430 2831 5507 scribiturin
2864 5434 3040 5486 recto.

282 5505 638 5639 dtgtgiursus
668 5575 847 5645 idem,
872 5592 997 5648 quae
1014 5593 1161 5632 nunc
1180 5576 1474 5646 Diospolis,
1490 5582 1616 5648 etc.

355 5649 378 5681 ⁸
410 5648 473 5711 In
504 5670 632 5713 meo
661 5663 801 5723 ms.,
830 5647 1077 5714 Persida,
1110 5647 1615 5721 quemadmodum
1646 5652 1703 5705 et
1727 5648 1803 5707 ab
1831 5647 1937 5706 Isi-

2119 5501 2432 5573 ‘Negandi
2459 5501 2743 5575 particula
2801 5501 2859 5555 in
2916 5518 3044 5557 meo
3103 5519 3214 5558 ms.
3258 5518 3373 5557 non
3426 5507 3535 5572 est,
3596 5501 3692 5557 sed

2049 5577 2341 5632 contrario
2373 5590 2549 5631 sensu
2579 5574 2814 5641 dicitur,
2848 5576 3035 5630 insula
3065 5575 3349 5645 ignobilis,
3380 5578 3492 5629 etc.
