4084 6176
391 308 546 377 1363
564 320 567 321 ⁷

1188 454 1230 514 Ρ

463 569 660 628 Parthi
696 571 833 645 (Act.
873 590 913 628 ιι
942 571 1191 645 9),inter
1226 574 1441 631 flumen
1491 575 1715 641 Indum,
1753 574 1909 648 quod
1963 575 2033 630 ab

396 660 616 718 oriente
647 667 756 729 est,
790 668 855 720 ut
886 665 1039 721 inter
1070 665 1287 721 ﬂumen
1319 665 1560 738 Tigrim,
1611 665 1767 737 quod
1819 669 1908 721 est
1963 665 2033 719 ab

394 766 630 820 occasu,
655 753 751 808 siti
784 757 943 821 sunt,
977 759 1042 810 ut
1067 772 1245 828 supra
1275 756 1497 811 dictum
1530 759 1637 812 est.

466 840 685 897 Pontus
744 843 879 911 (Act.
943 861 1004 909 ιι,
1051 844 1130 911 9),
1183 846 1340 915 regio
1399 845 1720 901 multarum
1771 843 2035 917 gentium

390 930 556 985 ‘uxta
592 947 753 987 mare
800 932 1124 999 Ponticum,
1171 933 1326 1004 quod
1384 934 1584 989 Asiam
1630 933 2037 1005 Europamque

391 1018 764 1075 disterminat
797 1036 809 1074 :
844 1026 901 1075 et
931 1025 1164 1093 propter
1209 1022 1522 1093 plurimam
1581 1023 1863 1078 ostiorum
1930 1026 2036 1075 Da-

393 1108 559 1163 nubii
590 1108 945 1165 infusionem
974 1109 1207 1167 dulcius
1236 1111 1457 1167 cateris
1489 1128 1616 1167 esse
1647 1110 2032 1184 dignoscitur.

463 1196 793 1269 Pamphilia
825 1199 959 1269 (Act.
994 1216 1056 1266 ιι,
1092 1200 1201 1269 10),
1236 1200 1532 1272 provincia
1563 1201 1731 1256 Asia.

463 1286 696 1358 Paphus
727 1288 862 1357 (Act.
896 1306 1018 1355 x111,
1048 1289 1103 1359 6)
1145 1288 1436 1344 maritima
1467 1289 1527 1344 in
1586 1290 1770 1362 Cypro
1821 1287 2036 1358 insula,

386 1374 629 1431 Veneris
660 1377 955 1447 quondam
990 1378 1171 1434 sacris
1202 1378 1683 1450 carminibusque
1732 1384 2037 1450 poetarum

392 1463 637 1530 famosa,
672 1481 821 1536 qua,
857 1466 1145 1538 frequenti
1179 1472 1346 1521 terra
1407 1473 1573 1523 metu
1632 1467 1818 1537 lapsa,
1883 1481 2038 1521 nunc

387 1552 693 1609 ruinarum
725 1559 954 1611 tantum
986 1554 1265 1629 vestigiis,
1300 1556 1441 1628 quid
1474 1556 1613 1612 olim
1636 1555 1829 1624 fuerit,
1845 1561 2038 1612 osten-

387 1641 492 1698 dit.

456 1732 635 1805 Perge
665 1732 796 1805 (Act.
824 1750 946 1796 xm,
988 1735 1302 1801 13),eivitas
1333 1733 1684 1807 Pamphylia
1708 1732 2035 1807 provincia.

458 1820 709 1894 Philippi
741 1823 847 1894 [AL
884 1823 1191 1895 Philippis]
1225 1824 1360 1893 (Act.
1397 1841 1510 1893 xw,
1581 1824 1649 1880 42
1677 1823 1926 1893 civitas),
1978 1822 2037 1877 in
2070 1831 2118 1897 Β

388 1909 581 1982 prima
611 1915 771 1982 parte
803 1912 1173 1967 Macedonia.

459 1998 676 2055 Pisidia
704 2000 837 2072 (Act.
889 2018 1006 2070 χιιι,
1063 2001 1173 2073 14),
1233 2001 1438 2058 civitas
1482 2001 1664 2075 Lycia
1733 1999 2037 2074 provincia

390 2087 564 2144 Asia.

460 2179 664 2234 Patara
709 2178 843 2251 (Act.
891 2196 1006 2247 xxx,
1044 2180 1119 2252 1,)
1177 2179 1381 2237 civitas
1402 2180 1583 2253 Lycia
1642 2180 1948 2252 provincia
1978 2180 2036 2236 in

392 2266 551 2324 Asia.

454 2355 769 2413 Ptolemais
798 2358 937 2426 (Act.
970 2374 1083 2426 XXI,
1113 2358 1193 2425 7),
1256 2357 1460 2414 civitas
1504 2358 1564 2412 in
1622 2358 1826 2414 Judaa
1855 2357 2035 2413 mari-

384 2445 532 2501 tima
559 2462 738 2518 prope
766 2452 1024 2502 montem
1055 2446 1410 2514 Carmelum,
1445 2464 1569 2515 qua
1627 2447 1925 2518 quondam
1958 2448 1971 2480 ¹
2005 2464 2039 2501 a

387 2534 641 2607 quodam
673 2533 966 2590 Ptolemeo
990 2534 1147 2589 dicta
1177 2539 1285 2589 est.
1320 2538 1420 2590 Est
1449 2539 1647 2590 autem
1680 2534 1861 2591 altera
1902 2535 2036 2590 Pto-

386 2622 592 2679 lemais
623 2623 681 2677 in
717 2621 1007 2696 Pentapoli
1047 2623 1343 2695 provincia
1399 2622 1801 2694 Africa,cujus
1860 2640 2040 2707 supra

389 2727 653 2768 memini.

460 2799 873 2873 Putealis(Act.
914 2818 1111 2873 xxvm,
1170 2802 1282 2870 43),
1341 2802 1545 2859 civitas
1592 2802 1820 2858 colonia
1875 2802 2040 2858 Cam-

393 2890 601 2963 pania,
634 2891 838 2946 eadem
868 2891 1083 2947 dicitur
1113 2890 1401 2949 Ceadicta.

468 3068 653 3124 Roma
682 3069 815 3138 (Act.
848 3070 1063 3140 XXVIII).
1116 3068 1299 3124 totius
1353 3071 1647 3141 quondam
1706 3071 1863 3127 orbis
1885 3071 1906 3105 ³
1936 3071 2036 3124 do-

396 3156 645 3224 mina,,a
665 3155 983 3211 conditoris
1013 3156 1104 3211 sui
1136 3156 1367 3212 Romuli
1401 3158 1635 3213 nomine
1675 3158 1758 3214 sic
1788 3162 1988 3213 vocata
2023 3172 2035 3211 :

407 3259 604 3314 quam,
640 3248 873 3315 prepter
901 3243 1173 3299 eximiam
1221 3246 1517 3308 virtutem,
1576 3246 1837 3318 plerique
1895 3246 2040 3301 sori-

405 3337 661 3402 ptorum,
682 3333 846 3403 quasi
868 3333 991 3387 sola
1012 3333 1401 3395 esset,Urbem
1419 3333 1709 3406 appellare
1724 3335 2039 3391 malebant.

472 3419 712 3475 Rhodus
745 3421 879 3491 (Act.
910 3420 1047 3491 xxr),
1082 3421 1394 3492 Cycladum
1426 3423 1757 3479 insularum
1805 3425 2042 3481 nobilis-

397 3510 569 3579 sima,
601 3514 657 3565 et
685 3510 757 3565 ab
789 3508 1009 3564 oriente
1036 3509 1251 3582 prima,
1283 3512 1581 3582 quondam
1615 3513 1907 3584 Ophiussa
1938 3531 2036 3569 vo-

390 3604 538 3670 cata,
572 3599 631 3653 in
663 3614 779 3670 qua
798 3598 1062 3668 ejusdem
1096 3598 1350 3654 nominis
1382 3600 1523 3655 urbs
1554 3600 1683 3669 fuit,
1734 3618 1880 3657 areo
1940 3620 2036 3660 co-

382 3687 538 3745 losso
569 3687 815 3751 famosa,
838 3686 1212 3758 septuaginta
1268 3688 1603 3745 cubitorum
1648 3690 1982 3748 altitudinis
2016 3708 2028 3747 :

383 3776 563 3832 distat
590 3793 624 3831 a
652 3779 821 3847 portu
856 3775 1006 3830 Asia
1035 3775 1238 3847 viginti
1272 3776 1534 3834 millibus
1566 3796 1872 3851 passuum.

456 3863 740 3937 Rhegium
762 3863 904 3934 (Act.
938 3881 1130 3934 xxvm,
1164 3864 1276 3937 Η),
1322 3865 1523 3921 civitas
1581 3866 1790 3923 Sicilia
1852 3869 2028 3923 mari-

381 3953 548 4021 tima,
579 3951 785 4025 viginti
819 3950 1009 4007 millia
1036 3970 1321 4024 passuum
1347 3972 1379 4009 a
1406 3956 1806 4027 promontorio
1830 3956 2028 4013 Peloro

382 4044 603 4098 secreta
637 4041 841 4110 :cujus
870 4056 1081 4095 nomen
1105 4042 1368 4098 Graecum
1395 4044 1813 4116 interpretatur
1832 4046 2032 4101 discre-

382 4134 458 4187 tio
492 4147 578 4186 :eo
609 4129 764 4201 quod
832 4128 952 4184 hac
1003 4129 1214 4184 Sicilia
1264 4149 1400 4203 pars
1449 4134 1747 4204 quondam
1805 4133 2027 4190 Bruttio

380 4236 519 4292 agro
553 4218 725 4274 [talia
757 4217 1056 4284 coberens,
1092 4236 1223 4275 mox
1245 4220 1527 4277 interfuso
1561 4222 1708 4278 mari
1738 4224 1815 4278 sit
1859 4223 2025 4278 avul-

379 4326 464 4381 sa,
496 4306 831 4381 quindecim
852 4323 1133 4378 passuum
1158 4307 1523 4380 longitudine
1545 4312 1709 4379 freto,
1736 4311 1795 4367 in
1828 4312 2023 4367 latitu-

378 4397 514 4453 dine
545 4402 738 4452 autem
774 4395 1130 4464 modojuxta
1180 4396 1515 4454 columnam
1568 4399 1848 4472 ltbegiam
1913 4399 2019 4473 [AL

377 4487 599 4559 Regio),
656 4485 716 4539 in
776 4500 890 4554 quo
939 4484 1083 4539 freto
1128 4490 1217 4540 est
1275 4487 1555 4559 scopulus
1608 4488 1817 4560 Scylla,
1880 4489 2020 4546 item

380 4541 497 4559 -ΠΟ
535 4541 598 4558 “¹’
793 4541 811 4554 ³
1380 4541 1395 4559 ι
1495 4541 1550 4543 π-
1620 4541 1817 4560 -νυηγ-⁷
1881 4541 2020 4546 ην-..

375 4574 701 4649 Charybdis
725 4588 882 4627 mare
913 4573 1268 4629 verticosum
1291 4576 1332 4643 ³,
1358 4577 1530 4632 ambo
1561 4576 1720 4634 clara
1784 4578 2023 4636 savitia.
2058 4568 2104 4633 D
2134 4631 2147 4649 ,
2205 4541 2443 4649 Salium“
2474 4541 2490 4611 (

1176 4663 1214 4717 S

441 4751 706 4811 Samaria
736 4750 871 4821 (Act.
905 4767 1024 4819 νιιι,
1058 4751 1132 4821 1),
1187 4752 1391 4809 civitas
1446 4756 1659 4827 regalis
1717 4757 1773 4813 in
1837 4758 2012 4815 Israel

366 4847 424 4901 in
456 4843 669 4900 vertice
701 4838 916 4895 montis
945 4842 1148 4894 Somer
1180 4843 1387 4912 posita.
1420 4845 1526 4900 Sed
1563 4850 1620 4901 et
1670 4848 1866 4902 omnis
1927 4865 2012 4904 re-

366 4935 484 5009 gio,
517 4949 644 5005 qua
675 4929 827 4986 circa
857 4944 983 4984 eam
1013 4927 1142 4995 fuit,
1176 4949 1208 4986 a
1267 4931 1498 4990 civitate
1548 4937 1847 5005 quondam
1908 4954 2009 4993 no-

366 5041 499 5080 men
530 5022 829 5092 acceperat
863 5036 875 5073 :
913 5018 1106 5073 media
1136 5018 1289 5075 inter
1317 5022 1581 5079 Judaam
1621 5029 1679 5079 et
1714 5024 2009 5081 Galilaeam

357 5114 534 5184 jacet.
578 5110 706 5165 Hac
739 5107 810 5162 ab
846 5106 1066 5161 Herode
1094 5108 1383 5181 Antipatri
1438 5111 1557 5168 filio
1614 5113 1673 5167 in
1727 5113 2009 5171 honorem

438 5221 453 5254 ¹
483 5221 696 5271 Vocem
730 5212 1004 5285 quondam
1035 5229 1145 5268 ms.
1174 5215 1422 5285 ignorat.

434 5292 455 5324 ²
485 5291 650 5364 Meus
683 5284 791 5364 ms.
813 5284 1047 5364 additis
1068 5284 1642 5364 nrbsnomine,paulo
1661 5291 2007 5364 elegantius,

363 5368 526 5418 Roma
561 5360 691 5434 urbs
723 5359 887 5434 totius
913 5356 1188 5434 guondam
1215 5362 1392 5434 orbis,
1415 5356 1522 5418 etc.
1558 5356 1833 5419 Notatum
1877 5356 2007 5418 vero

362 5438 454 5507 est
483 5431 669 5507 doctis
700 5428 858 5493 viris,
897 5428 1154 5507 “ipsaque
1185 5448 1294 5507 _res
1352 5428 1584 5500 Clamat,
1636 5452 2006 5507 nequaquam

357 5505 463 5561 abs
495 5504 845 5582 Hieronymo
878 5497 948 5550 de
973 5497 1154 5555 Roma
1184 5502 1304 5557 hac
1327 5512 1383 5559 et
1403 5523 1529 5575 qua
1562 5497 2009 5577 Subsequuntur

357 5575 531 5631 scribi
570 5577 854 5631 potuisse.
1860 5609 1864 5611 .

355 5589 531 5634 θοι-ιω
570 5589 854 5702 patuisse.
1860 5609 1864 5611 .

422 5649 443 5684 ³
475 5648 569 5702 Ma
597 5646 678 5702 im
709 5645 913 5702 utique
944 5645 1638 5702 vortz‘cosmnrescribinro
1660 5651 1864 5702 vertice.

422 5649 443 5684 ³
475 5645 678 5704 Malim
709 5645 913 5717 utique
944 5645 1521 5705 vortz'cosamrescribi
1536 5663 1638 5719 pro
1660 5651 2003 5708 verticosum.

1879 319 2302 387 APPENDIX.

2069 461 2127 528 Α
2153 457 2400 533 Augusti
2428 458 2672 516 Casaris
2711 457 2909 516 Graco
2966 455 3203 515 nomine
3255 453 3518 526 Sebaste,
3586 451 3645 511 id
3680 456 3787 524 est,

3631 313 3789 386 13M

2154 531 2397 603 Augusta
2426 536 2627 588 vocata
2655 535 2763 587 est.

2215 620 2445 677 Sichem
2486 622 2621 694 (Act.
2644 639 2746 689 vn,
2773 620 2878 691 16),
2930 618 3133 675 civitas
3181 617 3382 686 Jacob,
3432 633 3593 673 nunc
3646 616 3794 673 Nea-

2145 710 2296 782 polis
2326 710 2500 778 dicta,
2521 711 2691 781 juxta
2720 708 3057 780 sepulcrum
3097 706 3341 780 Joseph,
3399 723 3528 779 qua
3586 723 3621 761 a
3677 705 3797 763 filio

2146 799 2319 855 Emor
2339 799 2429 855 sui
2464 800 2616 872 regis
2648 796 2996 854 vocabulum
3028 796 3284 869 sumpsit
3315 813 3327 852 :
3385 796 3553 866 juxta
3609 812 3794 868 quam

2145 888 2431 944 Dominus
2464 888 2842 944 Samaritana
2874 885 3104 942 mulieri
3134 884 3396 957 loquitur
3413 885 3483 940 ad
3501 887 3797 957 puteum‘;

2147 978 2245 1033 ubi
2278 994 2432 1033 nunc
2454 976 2701 1033 ecclesia
2721 975 3005 1032 fabricata
3055 978 3146 1030 est
3200 991 3269 1030 ex
3320 973 3502 1029 latere
3568 974 3794 1030 montis

2147 1066 2420 1123 Garizim.

2214 1156 2353 1211 Sina
2383 1158 2516 1225 (Act.
2550 1174 2653 1223 vn,
2684 1155 2796 1226 30),
2833 1153 3079 1209 monsin
3106 1152 3339 1225 regione
3353 1151 3582 1208 Madian
3610 1168 3795 1224 super

2145 1246 2422 1300 Arabiam
2445 1245 2503 1301 in
2542 1242 2897 1315 deserto,qui
2931 1241 3044 1297 alio
3078 1241 3316 1297 nomine
3346 1241 3571 1297 Choreb
3595 1241 3797 1312 appel-

2147 1332 2318 1390 latur.
2345 1334 2506 1390 Unde
2528 1333 2744 1389 dicitur
2775 1350 2788 1389 :
2823 1335 2884 1388 Et
2913 1334 3162 1403 fecerunt
3192 1331 3435 1387 vitulam
3470 1332 3529 1385 in
3586 1330 3798 1387 Choreb

2147 1423 2317 1494 (Psal.
2351 1441 2441 1493 cv,
2477 1425 2585 1495 19),
2619 1439 2751 1477 cum
2810 1421 2919 1477 hoc
2976 1421 3204 1495 Moyses
3260 1420 3319 1475 in
3383 1418 3522 1476 Sina
3573 1420 3797 1476 factum

2148 1513 2469 1586 scripserit.

2218 1603 2471 1658 Saronas
2501 1602 2636 1674 (Act.
2670 1619 2748 1669 ιχ,
2807 1600 2922 1672 35),
2974 1599 3129 1672 quod
3182 1600 3604 1671 interpretatur
3645 1615 3794 1655 cam-

2143 1693 2365 1763 pestris,
2423 1691 2580 1763 regio
2637 1695 2728 1746 est
2772 1689 3042 1746 Casarea
3073 1687 3416 1754 Palastina,
3477 1704 3672 1760 usque
3723 1687 3797 1743 ad

2148 1780 2429 1853 oppidum
2457 1781 2644 1853 Joppe
2670 1778 3031 1851 pertingens.
3063 1778 3134 1832 Et
3161 1782 3251 1833 est
3280 1775 3454 1832 hodie
3483 1776 3651 1832 locus
3703 1792 3802 1849 pa-

2148 1869 2383 1924 scendis
2402 1868 2677 1942 gregibus
2703 1873 2878 1940 aptus
2914 1885 2927 1922 :
2959 1883 3086 1938 qua
3103 1868 3273 1936 juxta
3294 1864 3403 1922 soli
3425 1865 3798 1938 qualitatem,

2150 1958 2313 2014 Petro
2349 1958 2718 2025 praedicante,
2753 1955 2887 2011 ﬁdei
2914 1954 3192 2011 continuo
3226 1953 3453 2010 fructus
3507 1954 3800 2027 germina-

2146 2047 2248 2103 vit.
2273 2048 2381 2103 Sed
2406 2052 2461 2103 et
2490 2046 2643 2102 inter
2676 2049 2933 2101 montem
2973 2043 3205 2117 Thabor
3251 2047 3311 2099 et
3361 2047 3640 2116 stagnum
3702 2044 3800 2099 Ti-

2149 2136 2401 2192 beriadis
2432 2136 2589 2209 regio
2619 2139 2870 2190 Saronas
2900 2132 3246 2206 appellatur.

2218 2224 2399 2282 Sidon
2433 2226 2767 2298 (Act.xxvn,
2824 2222 2903 2293 3),
2968 2221 3109 2277 urbs
3168 2221 3470 2278 Phoenices
3516 2221 3799 2294 insignis,

2147 2313 2285 2371 olim
2316 2314 2603 2371 terminus
2623 2313 3083 2369 Chauanaorum
3115 2311 3186 2366 ad
3218 2309 3576 2383 aquilonem,
3610 2311 3803 2381 juxta

2148 2403 2348 2459 Libani
2380 2403 2595 2459 montis
2624 2406 2816 2458 ortum
2848 2399 2983 2465 sita,
3014 2405 3071 2455 et
3096 2397 3226 2471 ipsa
3255 2399 3459 2455 artifex
3489 2398 3625 2454 vitri
3656 2401 3700 2453 ⁵.

2217 2493 2795 2566 Seleucia(Act.x1u,
2841 2489 2917 2559 4),
2978 2486 3184 2544 civitas
3234 2487 3408 2561 Syria
3466 2487 3706 2555 nobilis,
3737 2486 3797 2543 in

2149 2581 2544 2654 promontorio
2573 2579 2748 2653 Syria
2769 2575 3092 2633 Antiochia
3123 2576 3257 2632 sita.

2218 2670 2472 2728 Salamis
2501 2671 2636 2742 (Act.
2670 2667 2900 2737 xm,5),
2966 2664 3169 2721 civitas
3228 2665 3290 2720 in
3339 2670 3521 2739 Cypro
3573 2663 3801 2737 insula,

2148 2776 2305 2816 nunc
2334 2757 2670 2815 Constantia
2699 2755 2875 2821 dicta,
2898 2769 3077 2827 quam
3098 2753 3336 2825 Trajani
3350 2752 3633 2827 principis
3653 2758 3803 2810 tem-

2148 2847 2497 2922 pore,Judai
2519 2844 2838 2903 interfectis
2886 2842 3164 2909 omnibus
3191 2842 3404 2899 accolis
3434 2842 3798 2900 deleverunt.

2220 2936 2625 2994 Samothracia
2653 2936 2789 3008 (Act.
2830 2932 3084 3000 χνι,11),
3136 2931 3336 2988 insula
3379 2932 3439 2987 in
3486 2932 3802 2989 Pacasiaco

2149 3044 2391 3187 smSlyria
2420 3114 2637 3185 (Actu
2656 3114 2838 3185 ),qua
2862 3108 3142 3165 Hebraice
3164 3111 3330 3165 Aram
3363 3109 3604 3177 dicitur,
3638 3110 3802 3183 regio

1994 3200 2035 3272 ε’
2072 3199 2115 3265 C
2152 3204 2399 3259 estinter
2420 3204 2636 3258 flumen
2667 3200 2998 3272 Euphraten
3024 3202 3083 3253 et
3112 3215 3271 3255 mare
3302 3199 3582 3272 Magnum
3608 3216 3801 3272 usque

2151 3293 2222 3349 ad
2254 3295 2565 3365 Aﬁgyptum
2598 3292 2957 3365 pertingens,
3002 3291 3178 3347 habet
3226 3288 3513 3344 maximas
3572 3289 3802 3360 provin-

2150 3383 2292 3448 cias,
2342 3383 2752 3454 Comagenam,
2830 3380 3210 3448 Phoeniciam,
3288 3382 3347 3432 et
3420 3376 3801 3434 Palastinam

2148 3472 2372 3544 absque
2401 3471 2704 3527 Saracenis
2756 3475 2814 3527 et
2864 3467 3221 3535 Nabathais,
3273 3482 3530 3538 quorum
3592 3471 3802 3539 gentes

2147 3566 2285 3617 sunt
2313 3561 2644 3617 duodecim.

2217 3652 2424 3707 Samos
2456 3651 2590 3722 (Act.
2614 3667 2707 3717 xx,
2737 3649 2813 3720 3),
2846 3646 3043 3704 insula
3068 3647 3127 3702 in
3160 3644 3306 3701 mari
3336 3645 3536 3717 Egeo,
3587 3644 3649 3701 in
3679 3661 3800 3718 qua

2144 3744 2370 3812 reperta
2394 3740 2557 3812 prius
2588 3738 2789 3794 fictilia
2814 3754 2955 3793 vasa
2984 3736 3297 3792 traduntur
3329 3750 3343 3790 :
3368 3735 3525 3789 unde
3551 3739 3611 3790 et
3657 3750 3802 3791 vasa

2142 3828 2643 3900 Samiaappellata
2671 3831 2835 3883 sunt.

2210 3919 2480 3990 Smyrna,
2510 3917 2712 3973 civitas
2737 3915 2919 3987 Lycia
2951 3913 3255 3985 provincia
3275 3913 3337 3968 in
3384 3912 3527 3968 Asia
3560 3929 3573 3966 :
3617 3913 3788 3983 cujus

2138 4008 2320 4063 Lucas
2343 4008 2420 4062 ita
2453 4006 2721 4063 meminit
2753 4021 2765 4061 :
2798 4007 2872 4060 Et
2890 4004 3118 4077 pelagus
3146 4002 3357 4058 Cilicia?
3412 4010 3465 4057 et
3502 4001 3787 4073 Pamphy-

2137 4098 2234 4153 lia?
2261 4098 2580 4165 navigantes
2600 4097 2850 4150 venimus
2888 4095 2948 4149 in
2997 4092 3295 4164 Smyrnam
3322 4091 3343 4125 ⁶
3398 4091 3589 4161 Lycia!
3643 4090 3786 4160 (Act.

2133 4203 2309 4250 xxvu,
2331 4185 2406 4256 5).
2444 4184 2548 4240 Pro
2580 4201 2695 4255 quo
2716 4181 2895 4254 aliqui
2920 4181 3150 4237 codices
3198 4179 3419 4235 habent
3450 4196 3464 4235 :
3533 4180 3790 4234 Venimus

2134 4277 2194 4330 in
2226 4276 2491 4346 Lystram,
2525 4288 2650 4344 qua?
2678 4275 2753 4328 est
2786 4274 2845 4326 in
2876 4270 3097 4326 Cilicia.
3155 4268 3330 4324 Porro
3389 4266 3786 4339 Hieronymus

2135 4364 2192 4419 in
2224 4362 2390 4418 libris
2414 4363 2779 4419 Hebraeorum
2808 4360 3096 4415 nominum
3152 4356 3318 4430 ponit
3367 4357 3708 4429 Smyrnam,
3731 4360 3790 4412 et

2133 4454 2568 4525 interpretatur,
2599 4466 2875 4506 amaram.

2498 4541 2610 4595 Act.
2645 4556 2822 4609 xxvu,
2865 4540 2942 4605 7),
2988 4535 3191 4592 civitas
3248 4534 3550 4590 maritima
3595 4535 3777 4592 Creta

2133 4630 2360 4686 insula.

2195 4720 2390 4792 Syrtes
2418 4718 2555 4791 (Act.
2582 4734 2760 4782 xxvu,
2794 4715 2905 4788 l7),
2936 4730 3186 4771 arenosa
3242 4712 3305 4769 in
3355 4711 3504 4768 mari
3563 4712 3781 4786 Magno

2120 4808 2248 4864 loca
2278 4807 2530 4863 multum
2562 4805 2850 4862 terribilia
2877 4810 2934 4861 et
2962 4803 3299 4869 metuenda,
3328 4818 3397 4858 eo
3426 4802 3585 4873 quod
3610 4802 3683 4857 ad
3718 4818 3781 4856 se

2120 4897 2318 4954 omnia
2353 4896 2605 4968 diripere
2661 4893 2907 4963 soleant,
2951 4900 3010 4949 et
3066 4889 3610 4965 appropinquantes
3658 4891 3770 4959 (Al.

2118 4983 2634 5059 appropinquanti)
2664 4983 2875 5039 vadoso
2899 4981 3045 5038 mari
3076 4981 3355 5036 hareaut.
3416 4977 3513 5035 Ha
3571 4983 3771 5035 autem

2189 5147 2211 5180 ⁴
2258 5143 2739 5229 Yulgatbantea,
2893 5145 3121 5229 fontem.
3183 5138 3481 5196 Historica
3535 5138 3764 5196 veritati

2117 5218 2358 5291 propior
2417 5216 2529 5272 mei
2565 5216 2865 5297 ms.lectio
2897 5220 3005 5270 est.
3144 5287 3154 5297 .
3427 5283 3437 5292 _
3651 5283 3661 5294 O
3726 5282 3736 5293 .

2187 5290 2424 5344 5Hocce
2481 5287 2942 5369 additamentum
3002 5288 3053 5340 et
3131 5301 3251 5357 zpsa
3324 5282 3536 5352 artifex
3601 5291 3755 5349 mm,

2118 5377 2285 5415 meus
2325 5376 2435 5414 ms.
2469 5376 2583 5413 non
2609 5362 2893 5430 agnoscit.

2188 5432 2337 5485 6Pro
2358 5424 2676 5500 Smyrna"?
2710 5446 2876 5485 meus
2926 5446 3038 5485 ms.
3100 5426 3274 5482 habet
3317 5424 3583 5500 Smiram,
3616 5439 3747 5497 pro-

2162 5504 2249 5558 ius
2276 5519 2364 5570 eo,
2396 5496 2549 5571 quod
2576 5502 2753 5571 Graeci
2790 5500 2956 5555 codd.
2993 5500 3066 5554 ab
3089 5500 3347 5571 Auctore
3378 5496 3561 5571 notati
3611 5496 3748 5571 pra-

2140 5567 2465 5645 eruntfe'ic
2513 5570 2694 5645 Μύρα,
2741 5574 2972 5645 Myram,
3054 5569 3256 5641 sicque
3333 5567 3580 5624 inferius
3617 5567 3744 5637 ly-

2117 5660 2237 5704 ram
2267 5644 2410 5718 legit
2437 5660 2540 5717 pro
2571 5644 2886 5717 Smyrnam.
