4070 6166
256 346 412 424 i383
1368 366 1471 429 DE
1516 364 1669 430 ΠΕΟ
1711 363 1813 429 ET
1855 361 1863 426 l

2090 362 2544 432 NOMINIBUS.
3502 360 3658 427 1366

252 495 325 552 ad
356 496 520 554 mare
546 496 880 571 Egyptium
919 497 1122 555 vicina;
1153 504 1311 570 sunt,
1345 503 1400 556 et
1431 500 1648 574 pariter
1705 499 1893 557 admi-
1925 504 1976 566 Α
2006 498 2403 571 Nepbthalim,
2435 499 2711 559 vicesimo
2762 512 2939 575 prope
2983 496 3253 560 milliario
3311 520 3346 560 a
3399 504 3660 560 (lineares.

251 591 513 655 soentur,
2010 587 2288 663 Philippi.
2326 592 2453 646 Haec
2479 592 2775 663 quondam
2807 590 3003 648 insula
3034 593 3143 649 fuit
3191 592 3427 666 praealto
3483 590 3652 657 mari,

318 680 607 752 Syracuse.
633 679 769 747 (Act.
830 695 1029 744 xxxm,
1094 679 1198 747 12),
1251 677 1592 751 metrOpolis
1664 677 1893 746 Siciliae,
2006 678 2394 751 septingentis
2425 679 2699 752 passibus
2756 679 2983 737 divisa:
3046 682 3147 737 sed
3198 683 3269 737 ab
3326 680 3653 737 Alexandro

244 769 360 823 sub
391 767 790 840 promontorio
822 768 1127 840 Pachyno:
1163 766 1455 840 siquidem
1514 766 1711 823 Sicilia
1770 767 1898 839 ipsa
2003 771 2160 823 terra
2190 769 2497 823 continens
2529 768 2678 823 facta
2707 774 2814 836 est,
2850 774 3084 842 propter
3138 769 3651 843 expugnationem,

243 857 438 913 tribus
469 861 559 913 est
576 856 855 912 distincta
878 857 1292 929 promontoriis
1320 873 1332 910 :
1356 856 1510 911 unde
1533 861 1641 911 eta
1670 857 1892 911 trinan-
2008 855 2209 911 multis
2239 856 2298 912 in
2331 857 2487 912 brevi
2513 857 2655 912 freto
2684 858 2998 931 aggeribus
3029 859 3408 931 comportatis
3434 875 3447 913 :
3481 859 3652 931 cujus

240 946 367 1021 guli
400 946 612 1019 specie,
646 945 946 1001 Trinacria
975 946 1271 1017 quondam
1303 949 1522 1011 vocata,
1558 961 1691 1001 mox
1730 961 1765 1000 a
1806 943 1893 999 Si-
2005 945 2256 1001 maxime
2288 946 2561 1001 nobilitas
2584 946 2887 1019 conchylio
2906 951 3080 1019 atque
3111 964 3372 1019 purpura
3401 950 3651 1003 constat.

241 1035 375 1091 culo
407 1052 541 1108 rege
570 1034 768 1090 Sicilia
799 1035 952 1090 dicta
981 1039 1088 1091 cst.
1124 1033 1380 1089 Primum
1429 1032 1893 1105 promontorium
2074 1035 2255 1090 Troas
2285 1034 2419 1103 (Act.
2450 1052 2582 1101 xxx,
2613 1037 2687 1107 5),
2714 1034 2916 1091 civitas
2972 1036 3121 1092 Asia:
3182 1035 3499 1106 maritima,
3561 1053 3653 1093 ea-

239 1125 463 1181 dicitur
491 1123 783 1189 Pelorum,
816 1129 875 1180 et
928 1127 1152 1195 spectat
1210 1123 1279 1177 ad
1351 1122 1732 1193 aquilonem:
1794 1121 1887 1178 cui
2001 1123 2135 1178 dem
2167 1122 2482 1196 Antigonia
2512 1124 2686 1179 dicta.

243 1214 519 1270 Messana
548 1212 749 1268 civitas
781 1212 1043 1284 proxima
1064 1216 1152 1267 est
1175 1216 1278 1275 {et
1308 1213 1615 1266 adversum
1648 1227 1716 1265 ex
1777 1213 1887 1266 Ita-
2073 1211 2348 1283 Thyatira
2408 1211 2543 1283 (Act.
2578 1230 2693 1279 xw,
2717 1213 2793 1283 ἅ),
2827 1214 3032 1270 civitas
3091 1214 3299 1286 Libym,
3375 1230 3502 1286 qum
3562 1217 3651 1270 est

240 1301 325 1358 lia
367 1303 591 1356 dictum
652 1307 740 1357 est
795 1300 1261 1373 promontorium
1318 1300 1530 1365 Cenus,
1579 1300 1885 1354 duodecim
2001 1300 2297 1371 provincia
2327 1300 2495 1371 Asizn,
2530 1300 2748 1373 templo
2771 1303 3068 1373 quondam
3100 1302 3414 1376 tEsculapii
3460 1303 3644 1358 famo-

241 1390 572 1447 stadiorum
594 1390 1258 1446 intervallo.Secundum
1289 1388 1504 1443 dicitur
1530 1388 1887 1460 Pachynum,
2000 1406 2093 1444 sa:
2128 1391 2297 1460 cujus
2340 1388 2479 1445 civis
2523 1395 2645 1445 erat
2693 1389 2793 1445 illa
2851 1391 3029 1464 Lydia
3076 1388 3530 1469 πορφυρόπωλις,
3586 1391 3646 1446 id

242 1480 401 1552 quod
430 1480 669 1551 respicit
699 1480 770 1534 ad
810 1479 1190 1534 Euronotum.
1249 1477 1510 1532 Tertium
1561 1475 1892 1548 appellatur
1999 1481 2107 1547 est,
2157 1493 2427 1549 purpura?
2483 1478 2778 1547 vcnditrix,
2841 1496 2967 1551 qua:
3007 1481 3066 1535 in
3129 1480 3413 1553 Philippis
3468 1481 3647 1536 fidem

238 1569 582 1642 Lilybaeum,
617 1568 905 1623 civitatem
938 1568 1205 1638 ejusdem
1237 1565 1492 1622 nominis
1533 1565 1777 1633 habens,
1832 1569 1891 1621 et
1998 1565 2213 1621 Christi
2248 1567 2529 1639 suscepit.

242 1656 520 1730 dirigitur
555 1656 614 1711 in
648 1673 943 1713 occasum.
2068 1654 2481 1711 Thessalonica
2508 1656 2643 1725 (Act.
2678 1673 2816 1720 xvn,
2850 1657 2925 1725 4),
2960 1656 3164 1713 civitas
3195 1656 3570 1713 Macedoniae.

1041 1745 1086 1799 T
2067 1743 2390 1798 Theatrum
2439 1744 2575 1815 (Act.
2633 1762 2750 1814 xxx,
2810 1746 2923 1816 29),
2993 1744 3157 1801 locus
3212 1762 3246 1800 a
3311 1744 3644 1817 spectaculo

310 1836 535 1891 Tarsus
560 1835 694 1906 (Act.
726 1852 867 1898 χχιι,
897 1835 975 1903 3),
1025 1833 1226 1889 civitas
1278 1831 1616 1904 metropolis
1674 1829 1887 1888 Ciliciae
1917 1868 1964 1933 Β
1997 1830 2344 1887 vocabulum
2378 1835 2674 1899 mutuans,
2723 1833 2879 1904 quod
2936 1832 2995 1888 in
3055 1849 3119 1889 eo
3172 1833 3425 1905 populus
3480 1837 3645 1890 stans

232 1923 567 1997 provincias,
599 1923 778 1979 Paulo
795 1923 1058 1995 apostolo
1090 1922 1364 1995 gloriosa.
1917 1921 1963 1933 "
1993 1921 2246 1992 desuper
2276 1925 2453 1991 atque
2484 1926 2775 1992 spectans,
2823 1922 2998 1978 ludos
3065 1922 3327 1979 scenicos
3385 1925 3644 1979 contem-

308 2013 496 2086 Tyrus
519 2014 657 2085 (Act.
691 2030 809 2079 xx1,
843 2011 1267 2084 3),metropolis
1298 2009 1598 2065 Phoenices
1631 2009 1691 2063 in
1724 2008 1880 2064 tribu
1993 2008 2274 2081 plaretur.

309 2255 667 2311 Subneclitur
686 2257 744 2311 in
776 2271 892 2310 meo
915 2271 1018 2309 ms:
1052 2255 1234 2309 ist/uec
1280 2254 1419 2309 lectu
1449 2268 1559 2307 non
1583 2252 1835 2323 indigna,
1863 2259 1915 2307 et
1950 2252 2256 2306 maximam
2312 2254 2525 2321 partem
2578 2267 2648 2306 ex
2692 2252 3019 2323 Hieronymo
3071 2262 3344 2321 excerpta,
3385 2253 3644 2310 ΙΙεὸναίσί

226 2327 510 2399 alphabeti
540 2329 934 2397 interpretatio,
967 2335 1083 2399 tum
1113 2343 1148 2381 α
1177 2325 1407 2396 quodam
1428 2326 1693 2399 Symeone
1707 2296 2215 2399 iludxo___exposita
2243 2296 2425 2399 {legem
2475 2324 2579 2399 Dei
2626 2324 2874 2399 nomina,
2896 2296 3067 2394 aqua:
3131 2296 3265 2399 non?
3297 2296 3391 2379 alis
3449 2340 3509 2399 re
3549 2341 3640 2380 me

227 2394 513 2471 facturum
530 2394 790 2471 putuoisi
820 2394 1324 2471 hic'adjungerem,
1367 2394 1612 2471 mamime
1656 2411 1779 2471 cum
1805 2402 1873 2471 et
1912 2395 2033 2463 illa,
2096 2401 2161 2471 et.
2205 2395 2377 2471 aliain
2422 2394 2587 2464 paulo
2638 2395 2936 2471 longiorem
2990 2394 3304 2471 eorunulem
3336 2396 3640 2471 nominum

231 2463 634 2541 expositionem
665 2487 698 2524 (ι
724 2463 1037 2524 Μανίτάηίιῖο
1059 2463 1389 2523 incuriosius
1419 2467 1784 2541 editamtomo
1819 2468 1886 2541 ἴ,
1917 2463 2161 2541 nequid
2216 2463 2636 2541 desideraretur,
2700 2465 2808 2519 huc
2860 2466 3177 2536 transferri,
3236 2474 3287 2521 et
3323 2468 3443 2538 ipsa
3496 2469 3636 2523 scri-

228 2535 439 2614 ptionis
467 2542 697 2612 indoles,
733 2547 785 2596 el
817 2542 1097 2596 institutus
1127 2557 1159 2594 a
1178 2541 1335 2594 nobis
1364 2541 1424 2594 in
1452 2539 1553 2593 hac
1577 2536 1875 2606 digerenda
1903 2537 2221 2591 collectione
2246 2535 2375 2591 ordo
2401 2536 2720 2607 postularet.

1225 2662 1561 2719 llEBRAICI
1602 2660 2009 2730 ALPHABETI
2042 2658 2643 2715 INTERPRETATIO.

298 2806 342 2853 κ
366 2790 512 2859 Alet’,
546 2789 728 2853 mille,
760 2789 846 2845 vel
875 2790 1122 2845 doctrina
1156 2797 1195 2842 ι.
2058 2768 2092 2843 ‘7
2121 2783 2337 2840 Lamed
2366 2784 2409 2849 ³,
2442 2784 2727 2851 doctrina,
2760 2784 2881 2841 sive
2909 2784 3223 2856 disciplina.

300 2894 341 2942 :1
372 2879 538 2947 Beth,
560 2880 769 2936 domus.
2058 2884 2110 2933 7::
2135 2872 2309 2943 Mem,
2340 2889 2408 2928 ex
2439 2889 2576 2944 quo,
2609 2871 2699 2928 vel
2729 2889 2798 2929 ea:
2821 2875 2976 2945 ipsis,
3007 2874 3126 2929 sive
3156 2889 3329 2945 aqua.

303 2982 333 3031 λ
366 2970 555 3026 Gimel
576 2971 682 3041 [AL
716 2969 961 3040 Gemel],
994 2967 1320 3029 retributio,
1354 2965 1441 3021 vel
1470 2966 1776 3037 plenitudo.
2059 2959 2248 3027 :Nun,
2275 2961 2484 3032 fetus‘,
2517 2961 2604 3017 vel
2625 2961 2823 3033 piscis,
2856 2963 2976 3018 sive
3003 2963 3417 3033 sempiternum.

303 3074 338 3119 ’τ
367 3059 537 3116 Daled
573 3060 678 3131 [Αἱ.
714 3058 929 3126 Deled],
975 3074 1215 3129 pauper,
1249 3055 1335 3111 vel
1376 3055 1597 3121 tabula,
1623 3054 1742 3109 sive
1786 3052 1877 3123 ja-
2058 3063 2096 3109 Ο
2127 3050 2391 3117 Samech,
2421 3051 2881 3119 ﬁrmamentum,
2913 3050 3050 3106 licet
3091 3050 3332 3122 quidam
3390 3052 3632 3108 erectio-

228 3167 374 3206 nua.
1989 3154 2143 3208 nem,
2179 3136 2267 3193 vel
2295 3138 2654 3210 adjutorium,
2687 3139 2809 3195 sive
2840 3139 3117 3195 fulturam
3147 3142 3374 3211 putant.

299 3250 342 3298 Π
377 3238 478 3305 He,
512 3237 659 3309 ipsa,
691 3236 778 3291 vel
812 3239 937 3302 ista,
969 3236 1092 3291 sive
1121 3233 1470 3306 suscipiens.
1904 3221 1947 3289 (ἶ
2056 3238 2095 3291 y
2119 3225 2252 3294 Ain,
2285 3229 2426 3296 fons,
2459 3228 2580 3284 sive
2608 3229 2816 3284 oculus.

295 3337 318 3387 π
352 3328 500 3397 Van,
532 3330 604 3397 et,
634 3326 777 3397 ipse,
813 3324 932 3380 sive
962 3325 1105 3380 haec.
2052 3325 2090 3377 Β
2125 3315 2219 3383 Pe,
2253 3315 2371 3371 imo
2394 3315 2489 3383 Fe,
2520 3332 2578 3372 os
2606 3317 2675 3372 ab
2727 3332 2843 3386 ore,
2901 3333 3013 3373 non
3058 3318 3127 3373 ab
3185 3334 3320 3388 osse,
3380 3318 3502 3374 sive
3552 3316 3631 3374 la-

296 3431 323 3478 τ
356 3416 492 3472 Zain
524 3416 631 3487 [Αι.
665 3415 806 3485 Zai],
840 3414 1009 3482 oliva,
1043 3413 1127 3469 vel
1157 3410 1479 3475 fornicatio,
1510 3411 1641 3465 haec.
1984 3420 2193 3476 queus,
2227 3404 2313 3460 vel
2346 3404 2637 3477 decipula.

297 3521 340 3568 Π
372 3504 542 3572 Heth,
576 3506 712 3574 vita,
744 3502 833 3559 vel
864 3502 1158 3558 vivacitas.
2055 3503 2095 3552 ξιξ
2124 3492 2257 3547 Zadi
2296 3492 2406 3563 [Λί.
2438 3493 2628 3566 Sade],
2660 3494 2838 3566 regio,
2876 3494 2992 3550 sive
3014 3496 3254 3567 justitia.

296 3608 350 3654 Ὁ
381 3592 592 3659 Theth,
626 3594 843 3649 bonum.
2056 3592 2096 3667 Ρ
2126 3579 2245 3647 Cof,
2278 3583 2505 3636 vacatio.

297 3683 458 3740 ’.ἰοὺ
508 3683 616 3750 [AL
672 3681 853 3753 Joth],
907 3680 1153 3737 scientia
1207 3679 1293 3735 vel
1346 3678 1706 3748 principium,
1777 3676 1879 3749 aut
2057 3680 2088 3729 Ἴ
2123 3668 2257 3736 Res,
2288 3673 2469 3739 caput.

227 3772 584 3829 dominator.
2056 3770 2111 3816 is
2143 3756 2267 3827 Sin,
2299 3756 2505 3812 dentes.

305 3876 337 3923 3
370 3860 509 3917 Chal
528 3859 637 3934 [Αἱ.
669 3859 877 3930 Caph].
908 3873 1128 3928 manus,
1160 3854 1357 3928 palma
1384 3857 1426 3924 ³,
1468 3853 1556 3910 vel
1586 3852 1732 3909 vola.

1285 3873 1357 3913 na
1384 3857 1426 3924 ³,
1468 3853 1556 3910 vel
1586 3852 1732 3909 vola.
2059 3858 2102 3905 Π
2131 3844 2301 3911 Thaf,
2322 3846 2562 3917 signum,
2594 3844 2684 3901 vel

1019 3997 1375 4053 SYMEONIS
1404 3996 1623 4052 JUDEI
1668 3990 1906 4049 DECEM
1932 3987 2053 4044 DEI
2083 3984 2420 4042 NOMINUM
2452 3985 2851 4042 EXPOSITIO.

307 4098 588 4166 Sabaoth,
612 4098 666 4152 id
693 4102 803 4165 est,
824 4096 1111 4153 Dominus
1130 4096 1436 4161 virtutum,
1466 4092 1752 4150 Dominus
1783 4090 1887 4145 mi-
2066 4100 2271 4173 Elyon,
2294 4100 2584 4157 Εχοειειιε,

233 4188 527 4258 litiarum,
559 4187 843 4242 Dominus
872 4185 1069 4241 omnia
1098 4188 1321 4241 tenens.
2065 4188 2366 4258 Coneacol,
2397 4189 2799 4262 Omnipotens.

308 4277 459 4345 Eloi,
494 4276 669 4333 Deus.
2067 4278 2168 4335 Ait
2203 4279 2243 4349 ⁸,
2278 4278 2387 4343 Qui
2420 4286 2561 4350 erat,
2595 4283 2652 4335 et
2681 4279 2779 4351 qui
2807 4280 2935 4336 erit.

314 4364 607 4432 Saddech,
638 4366 861 4420 Justus.
2066 4367 2429 4436 Barucabba,
2454 4366 2801 4425 Benedictus
2830 4373 3011 4440 pater.

312 4454 564 4525 Adonai,
588 4453 889 4509 Dominus.
2070 4457 2275 4512 Baruc.
2308 4456 2678 4513 Benedictus.

315 4542 405 4610 El,
429 4540 635 4598 Fortis.

320 4686 335 4718 ¹
370 4686 504 4749 Quae
536 4682 949 4767 nosvocabula
980 4682 1175 4767 italico
1206 4680 1539 4767 charactere
1578 4682 1887 4767 descri'psi-
1922 4739 1965 4767 ῃ
1996 4758 2010 4767 _
2069 4689 2486 4767 {Evanuerunt
2516 4687 2573 4743 in
2607 4705 2716 4767 ms.
2753 4705 2879 4767 meo
2910 4687 3116 4767 litters;
3151 4689 3392 4767 alteram
3424 4698 3645 4767 etymo-

245 4739 574 4836 muslcum
604 4755 958 4836 Bieronym,_
989 4753 1465 4836 interpretatione
1512 4739 1889 4812 consentiunt
1922 4739 1966 4803 Ῐ)
1996 4739 3054 4836 1_ogi5q{§ti‘é'réiiie§,’_i’i’iﬁdéibéiih‘é
3069 4739 3641 4821 "bii"ii§éti'éﬁ§£s

319 4830 343 4902 ξ
372 4827 594 4902 Vitiosa
627 4825 765 4898 legit
794 4825 1062 4902 Martian.
1088 4826 1273 4902 pallui.
1429 4894 1440 4902 _
2009 4825 2087 4885 in.
2101 4832 2224 4902 suis
2258 4830 2472 4902 legerat
2497 4825 2701 4886 subter.

318 4894 1061 4977 fiterum_corrupte._La_b,
1089 4894 1197 4968 pro
1237 4894 1458 4977 Lained.
1870 4972 1879 4977 Δ
2077 4894 2395 4977 ‘_l_tiar_tia'n.
2430 4902 2528 4957 Aio
2558 4918 2570 4956 :
2604 4907 2661 4957 et
2682 4918 2817 4977 mox
2841 4904 3087 4977 Barucae
3147 4902 3319 4977 legit,
3378 4922 3481 4977 pro
3530 4922 3646 4977 quo

320 4973 345 5005 ⁴
375 4970 535 5026 Idem
565 4971 713 5039 Feta,
755 4974 812 5024 et
840 4968 1052 5024 deinde
1094 4968 1491 5039 serpentinum,
1551 4985 1654 5039 pro
1704 4972 1901 5041 sempi-
2010 4970 2213 5027 mallet
2232 4974 2451 5028 Baruca
2480 4989 2549 5029 ex
2578 4973 2827 5029 Arabica
2867 4968 3315 5031 terminatione}
3352 4968 3410 5033 et
3439 4968 3653 5034 rectius

248 5050 494 5097 ternum.
2010 5060 2192 5116 supra
2221 5045 2474 5099 omnium
2500 5060 2789 5117 possessor,
2831 5061 2934 5116 pro
2965 5046 3329 5116 omnipotens.

1021 5299 1189 5392 DE
1259 5299 1513 5394 DEO
1583 5300 1740 5394 ET
1807 5301 2509 5398 NOMINIBUS
2577 5303 2903 5399 EJUS.

329 5586 715 5644 Beatissimus
762 5585 1172 5656 Hieronymus,
1221 5583 1310 5639 vir
1351 5584 1788 5642 eruditissimus
1844 5589 1902 5641 et
2013 5603 2156 5642 num
2188 5586 2728 5660 interpretationem
2750 5588 3053 5661 primusin
3088 5589 3357 5646 Latinam
3398 5589 3664 5663 linguam

255 5675 580 5736 multarum
618 5674 956 5748 linguarum
985 5673 1231 5747 peritus,
1262 5673 1638 5732 Hebraeorum
1694 5674 1898 5734 Nomi-
2010 5675 2314 5745 convertit,
2355 5693 2424 5734 ex
2481 5675 2696 5750 quibus
2746 5694 2852 5751 pro
2903 5677 3193 5738 brevitate
3248 5676 3666 5752 preter-missis
