4084 6176
408 306 569 377 436²7

1903 326 2325 395 APPENDIX.

3645 330 3808 401 “88

412 455 637 529 multis,
671 456 935 528 quaedam
968 452 1104 515 huic
1132 460 1291 533 operi
1331 462 1581 532 adiectis
1624 463 2051 538 interpretatim-
2080 465 2137 532 Α
2163 470 2431 531 sanctum
2462 470 2692 543 Moysen
2725 483 2828 541 per
2854 463 3128 543 angelum
3156 469 3246 527 est
3287 464 3582 537 delatum;
3639 483 3798 541 que-

412 548 590 605 nibus
616 548 985 622 interponere
1009 552 1247 621 studui;
1280 554 1691 611 vocabulorum
1715 556 1871 611 enim
1895 573 2062 629 expo-
2171 556 2320 613 renti
2351 558 2528 629 enim,
2562 558 2718 630 quod
2744 562 2834 614 est
2881 575 3089 615 nomen
3131 558 3279 631 ejus,
3313 558 3415 631 qui
3476 574 3618 615 eum
3679 573 3807 631 per-

419 638 555 695 sitio
588 639 732 696 satis
763 640 1004 710 indicat,
1044 641 1186 713 quid
1219 642 1395 697 velint
1424 642 1691 717 intelligi.
1724 646 1786 701 In
1845 645 2058 718 princi-

414 727 513 800 pio
540 732 734 785 autem
766 731 966 786 decem
1017 730 1254 786 nomina
1302 732 1598 804 ponimus,
1643 735 1858 807 quibus
1906 737 2058 808 apud

418 818 694 875 Hebraeos
731 818 884 875 Deus
916 824 1171 876 vocatur.

488 907 748 963 Primum
789 910 946 981 apud
980 910 1248 967 Hebraeos
1282 911 1381 966 Dei
1407 928 1638 969 nomem
1693 915 1770 969 EL
1824 913 2057 985 dicitur,

418 997 574 1067 quod
606 996 701 1053 alii
734 1000 922 1063 Deum,
964 999 1063 1053 alii
1097 1000 1503 1073 etymologiam
1529 1002 2059 1074 ejusexprimentes

415 1086 824 1158 Scbiros{Leg.
869 1088 1152 1162 “[σχυρὸς],
1186 1090 1240 1143 id
1266 1096 1374 1154 est,
1432 1092 1636 1163 fortem
1691 1091 2055 1164 interpretati

412 1178 574 1245 sunt,
606 1191 672 1231 eo
703 1177 856 1246 quod
888 1176 1405 1233 nullainﬁrmitate
1435 1180 1805 1251 opprimitur,
1830 1181 1931 1236 sed
1956 1181 2061 1236 for-

412 1263 489 1318 tis
515 1267 606 1319 est
651 1268 708 1319 et
765 1266 1065 1322 sufﬁciens
1112 1268 1184 1322 ad
1243 1267 1441 1324 omnia
1496 1270 1917 1341 perpetranda:
1953 1270 2056 1326 Se-

412 1352 672 1408 cundum
692 1369 927 1422 nomen,
952 1359 1152 1411 ELonu.
1186 1358 1639 1423 Tertium,ELos.
1665 1359 1826 1423 Quod
1859 1364 2058 1414 utrum

410 1455 525 1510 que
554 1439 613 1494 in
638 1441 908 1498 Latinum
940 1444 1433 1502 DeusdiciturEst
1461 1450 1657 1502 autem
1691 1446 1749 1501 in
1782 1447 2056 1503 Latinum

410 1545 479 1585 ex
509 1530 704 1586 Graeca
724 1532 1110 1604 appellatione
1141 1536 1657 1607 translatum,nam
1694 1542 1843 1592 Deus
1866 1537 2056 1592 Graece

410 1620 623 1688 Theos,
656 1622 859 1694 febos[
892 1618 1241 1700 ἱεραφόϐος]
1290 1624 1526 1697 dicitur,
1586 1625 1643 1681 id
1700 1630 1807 1693 est,
1869 1629 2051 1681 timor.

409 1707 574 1764 Unde
603 1712 853 1766 tractum
885 1717 974 1768 est
1001 1717 1168 1781 Deus,
1195 1716 1345 1785 quod
1391 1732 1526 1770 eum
1597 1715 1919 1771 colentibus
1978 1715 2056 1770 sit

408 1795 607 1851 timor.
632 1803 783 1854 Deus
814 1805 1005 1856 autem
1039 1803 1268 1874 proprie
1312 1820 1523 1859 nomen
1581 1808 1671 1859 est
1727 1802 2049 1874 Trinitatis,
2086 1837 2133 1902 Β

412 1884 710 1955 pertinens
743 1889 813 1943 ad
846 1890 1098 1957 Patrem,
1131 1896 1187 1946 et
1212 1891 1445 1957 Filium,
1477 1896 1535 1948 et
1582 1891 1863 1963 Spiritum
1917 1908 2050 1947 san-

412 1978 593 2030 ctum.
615 1976 703 2030 Ad
738 1993 915 2048 quam
949 1979 1294 2035 Trinitatem
1326 1981 1504 2037 etiam
1535 1980 1780 2052 reliqua,
1806 1997 1934 2052 quae
1992 1979 2051 2034 in

408 2062 655 2120 Domino
686 2064 840 2122 intra
868 2072 1005 2123 sunt
1033 2069 1224 2139 posita
1251 2070 1531 2126 vocabula
1559 2070 1837 2127 referunt.

481 2152 763 2216 Quartum
796 2172 1005 2212 nomen
1037 2156 1271 2227 dicitur,
1304 2159 1586 2227 SABAOTH,
1617 2160 1773 2231 quod
1806 2157 2054 2213 vertitur

411 2239 473 2295 in
492 2241 783 2313 Latinum,
813 2248 1173 2301 exercituum.
1205 2248 1352 2302 Sunt
1392 2247 1547 2303 enim
1598 2248 1656 2303 in
1708 2245 2051 2319 hujusmorli

410 2332 775 2391 ordinatione
809 2335 1054 2391 virtutes
1086 2336 1304 2407 multm,
1340 2341 1406 2392 ut
1435 2338 1661 2410 Angeli,
1700 2334 2049 2408 Archangeli

410 2422 775 2496 Principatus
845 2428 901 2479 et
987 2428 1323 2493 Potestates,
1412 2427 1719 2498 cunctique
1799 2424 2050 2481 cmlestis

406 2512 627 2569 militia;
658 2514 912 2578 ordines,
946 2530 1195 2584 quorum
1231 2518 1425 2569 tamen
1453 2514 1549 2570 ille
1581 2515 1863 2571 Dominus
1909 2519 2000 2570 est
2033 2530 2045 2569 :

405 2619 609 2658 omnes
635 2602 791 2657 enim
823 2602 932 2658 sub
960 2602 1086 2674 ipso
1118 2615 1274 2670 sunt,
1306 2603 2050 2675 ejusque,dominatuisub-

437 2691 660 2761 jacent.

477 2778 780 2847 Quintum,
819 2781 1027 2851 ELYON,
1080 2781 1233 2852 quod
1284 2781 1718 2853 interpretatur,
1776 2782 2047 2849 excelsus,

407 2868 546 2939 quia
574 2885 752 2941 super
797 2868 973 2925 cmlos
992 2874 1100 2936 est,
1150 2869 1301 2925 sicut
1352 2869 1634 2942 scriptum
1689 2873 1778 2925 est
1822 2870 1891 2924 de
1934 2884 2044 2925 eo:

407 2959 662 3014 Excelsus
723 2960 1001 3030 Dominus,
1048 2976 1217 3032 supra
1263 2960 1420 3015 cazlos
1475 2958 1658 3030 gloria.
1702 2961 1817 3027 eius
1875 2960 2045 3029 (Psal.

409 3064 543 3118 cxn,
576 3046 651 3119 Α).
685 3048 958 3103 Excelsus
991 3052 1183 3103 autem
1216 3048 1445 3114 dicitur,
1480 3064 1583 3119 pro
1614 3048 1778 3102 valde
1835 3047 2045 3111 celsus,

411 3135 565 3191 sicut
602 3136 870 3206 eximius,
904 3136 1071 3208 quasi
1100 3137 1267 3191 valde
1297 3135 1580 3190 eminens.

2168 661 2301 718 gere
2332 646 2703 719 prmeipiebat
2731 647 2802 703 ad
2848 646 3127 720 p0pulum
3150 664 3217 704 ex
3259 650 3504 721 Egypto
3552 646 3809 704 liberan-

2168 735 2333 804 dum,
2369 735 2830 809 responditzEgo
2856 753 2979 792 sum
2996 739 3092 809 qui
3108 750 3233 792 sum
3279 736 3474 808 (Exod.
3521 753 3608 807 ni,
3672 737 3761 808 14)
3789 755 3808 791 :

2168 827 2242 892 et,
2276 824 2427 881 Dices
2456 826 2591 896 ﬁliis
2632 827 2838 882 Israel:
2903 827 3007 895 Qui
3069 829 3149 881 est
3212 827 3366 880 misit
3427 818 3526 880 me
3566 824 3655 880 ad
3718 840 3807 880 vos

2167 912 2377 984 (Ibid),
2416 918 2697 986 tanquam
2738 916 2796 970 in
2822 917 2949 986 ejus
2980 912 3478 986 comparationem
3511 913 3616 985 qui
3680 928 3810 968 vere

2166 1003 2937 1074 est,quiaincommutabilis
2977 1008 3085 1072 est,
3119 1019 3189 1059 ea
3215 1018 3343 1074 quae
3368 1000 3813 1058 commutabilia

2168 1091 2497 1160 factasunt,
2527 1094 2694 1164 quasi
2727 1110 2842 1149 non
2876 1092 3033 1149 sint:
3068 1092 3222 1164 quod
3255 1092 3413 1147 enim
3433 1092 3673 1163 dicitur,
3704 1091 3811 1147 fuit

2168 1196 2282 1235 non
2314 1186 2405 1235 est
2437 1199 2450 1249 ;
2483 1186 2539 1236 et
2570 1183 2723 1253 quod
2757 1182 2991 1249 dicitur,
3022 1180 3154 1247 erit,
3187 1181 3591 1236 nondumest.
3656 1180 3810 1237 Deus

2166 1273 2363 1325 autem
2393 1286 2521 1326 esse
2549 1274 2777 1327 tantum
2801 1270 2979 1337 novit,
3015 1271 3214 1340 fuisse,
3238 1270 3504 1325 futurum
3530 1286 3661 1325 esse
3694 1286 3809 1326 non

2168 1357 2524 1415 novit.Solus
2546 1364 2738 1416 autem
2763 1364 2933 1416 Pater
2951 1376 3084 1414 cum
3108 1358 3249 1414 Filio
3278 1362 3335 1414 et
3364 1358 3581 1430 Spiritu
3602 1364 3811 1414 sancto

2166 1449 2446 1503 veraciter
2494 1453 2602 1519 est,
2661 1450 2830 1521 cujus
2884 1448 3149 1505 essentia;
3204 1452 3606 1520 comparatum
3660 1463 3813 1504 esse

2166 1540 2433 1592 nostrum
2467 1555 2580 1593 non
2617 1554 2743 1594 esse
2771 1542 2879 1594 est.
2915 1537 3076 1593 Unde
3124 1543 3180 1592 ct
3215 1536 3273 1591 in
3332 1536 3621 1609 colloquio
3670 1535 3810 1592 dici-

2166 1641 2317 1693 mus,
2350 1626 2504 1682 Vivit
2536 1632 2703 1695 Deus,
2733 1627 2875 1699 quia
2928 1627 3183 1682 essentia
3236 1625 3359 1681 vita
3415 1625 3581 1693 vivit,
3630 1641 3811 1698 quam

2164 1731 2321 1769 mors
2354 1732 2466 1771 non
2490 1716 2683 1772 habet.

2236 1804 2587 1875 Septimum,
2610 1808 2853 1869 Aoomu,
2886 1804 3042 1877 quod
3066 1803 3414 1877 generaliter
3462 1804 3811 1875 interpreta-

2161 1895 2259 1947 tur
2284 1894 2565 1964 Dominus,
2600 1894 2754 1966 quod
2787 1894 3123 1949 dominetur
3152 1897 3430 1948 creaturas
3461 1890 3811 1962 cunctae,vel

2162 1982 2316 2053 quod
2348 1987 2614 2038 creatura
2642 1982 2835 2039 omnis
2864 1981 3193 2038 dominatui
3225 1981 3355 2052 ejus
3379 1980 3810 2037 deserviat.Do-

2162 2070 2360 2126 minus
2384 2087 2519 2143 ergo
2550 2070 2764 2127 dicitur
2792 2076 2849 2128 et
2896 2071 3069 2138 Deus,
3128 2069 3212 2126 vel
3264 2070 3418 2143 quod
3475 2068 3814 2126 dominetur

2161 2157 2455 2227 omnibus,
2487 2159 2573 2215 vel
2607 2161 2758 2233 quod
2795 2161 3073 2215 timeatur
3102 2177 3134 2215 a
3164 2159 3410 2214 cunctis.

2230 2247 2530 2320 Octavum,
2566 2249 2643 2314 Ia,
2701 2251 2855 2321 quod
2912 2250 2972 2304 in
3031 2249 3215 2304 Deum
3268 2252 3503 2305 tantum
3544 2248 3808 2319 ponitur,

2160 2338 2314 2409 quod
2339 2337 2515 2392 etiam
2563 2339 2797 2393 alleluia
2830 2338 2888 2393 in
2922 2337 3241 2394 novissima
3279 2336 3504 2410 syllaba
3536 2341 3727 2392 sonat.

2229 2424 2482 2494 Nonum,
2514 2428 2708 2482 Tarax
2738 2444 3111 2494 GRAMMATON,
3146 2427 3253 2481 hoc
3284 2431 3391 2493 est,
3443 2432 3688 2497 quatuor
3718 2427 3813 2481 lil-

2159 2522 2420 2583 lerarum,
2480 2517 2636 2587 quod
2700 2517 2931 2588 proprie
2987 2516 3145 2588 apud
3203 2515 3475 2572 Hebraeos
3552 2516 3612 2570 in
3697 2517 3810 2572 Deo

2157 2603 2412 2675 ponitur,
2445 2604 2504 2659 id
2529 2612 2615 2659 est
2645 2605 2875 2661 duabus
2905 2622 2979 2673 1A,
3015 2621 3144 2676 qua;
3174 2603 3474 2676 duplicata
3511 2603 3808 2660 ineffabile

2157 2691 2301 2746 illud
2335 2697 2391 2747 et
2427 2692 2747 2764 gloriosum
2807 2692 2909 2748 Dei
2968 2709 3184 2749 nomen
3241 2692 3504 2748 efficiunt
3535 2710 3554 2746 :
3592 2691 3810 2748 dicitur

2157 2786 2351 2836 autem
2382 2780 2714 2850 ineffabilia,
2749 2797 2865 2837 non
2913 2782 3054 2853 quia
3101 2781 3219 2837 dici
3262 2798 3379 2837 non
3438 2784 3653 2854 potest,
3705 2782 3807 2837 sed

2156 2869 2297 2941 quia
2326 2870 2478 2924 ﬁniri
2511 2885 2684 2925 sensu
2718 2872 2776 2925 et
2805 2869 3100 2925 intellectu
3155 2870 3413 2925 humano
3463 2869 3810 2926 nullatenus

2157 2962 2382 3030 potest;
2416 2960 2547 3014 ideo
2580 2957 2726 3013 nihil
2782 2959 2949 3015 deeo
2984 2959 3162 3033 digne
3219 2959 3331 3015 dici
3392 2963 3604 3032 potest,
3667 2959 3810 3031 quia

2156 3045 2469 3102 ineffabilis
2499 3050 2605 3102 est.
3022 3076 3031 3093 ο

2228 3135 2550 3206 Decimum,
2579 3136 2813 3200 SADDAI,
2847 3137 2904 3191 id
2962 3142 3071 3205 est,
3116 3138 3464 3208 omnipotens
3510 3140 3803 3205 vocatur;

469 3229 730 3293 Sextum,
765 3205 957 3286 Ensis,
998 3225 1055 3278 id
1086 3228 1193 3293 est,
1226 3226 1325 3295 qui
1351 3232 1429 3279 est
1461 3241 1474 3279 :
1509 3224 1663 3279 Deus
1692 3223 1848 3279 enim
1882 3222 2045 3279 solus
2077 3205 2120 3272 (ἶ
2157 3228 2400 3278 vocatur
2444 3228 2636 3280 autem
2696 3225 3088 3297 omnipotens,
3141 3205 3285 3297 quia
3331 3224 3533 3281 omnia
3574 3230 3806 3297 potest,

403 3310 541 3382 quia
562 3312 1052 3375 aaternusest,hoc
1067 3317 1175 3377 est,
1196 3312 1335 3383 quia
1365 3312 1667 3367 exordium
1700 3328 1815 3367 non
1840 3312 2035 3379 habet,
2147 3312 2249 3368 sed
2280 3311 2543 3368 faciendo
2573 3313 2729 3384 quod
2762 3313 2904 3385 vult,
2946 3330 3062 3370 non
3119 3313 3394 3386 patiendo
3465 3314 3624 3386 quod
3687 3330 3807 3372 non

398 3399 720 3456 essentium
752 3415 962 3456 nomen
992 3415 1122 3455 vere
1178 3404 1355 3457 tenet.
1392 3402 1505 3457 Hoc
1536 3401 1693 3456 enim
1723 3414 1934 3456 nomen
1965 3401 2037 3455 ad
2147 3398 2296 3456 vult.

762 3733 1495 3827 ADMONITIOV
1539 3733 1668 3828 IN
1736 3732 2554 3844 SU-BSEQUENS
2626 3733 3412 3828 OPUSCULUM.

450 4090 676 4146 Nedum
708 4089 1077 4162 Hieronymo,
1113 4089 1438 4161 Augustino
1471 4089 1646 4144 etiam
1672 4088 1949 4144 tribuitur
1977 4087 2209 4144 libellus
2238 4090 2349 4144 iste
2367 4090 2445 4144 De
2462 4089 3137 4158 benedictionibusllacob,
3161 4107 3296 4147 cum
3330 4092 3389 4146 in
3445 4109 3617 4158 mss.,
3669 4098 3796 4150 tum

384 4179 443 4234 in
474 4177 727 4252 vulgatis
750 4194 902 4250 saepe
931 4176 1118 4234 libris.
1146 4177 1435 4232 Nimirum
1469 4193 1536 4231 ex
1567 4177 1873 4249 utriusque
1903 4175 2089 4233 Patris
2121 4179 2524 4246 Quaestionibus
2556 4196 2616 4234 ιη
2648 4178 2894 4236 Gcnesim
2919 4180 3529 4252 descriptus'subinde
3550 4187 3651 4238 test
3684 4198 3698 4237 :
3729 4186 3791 4239 at

384 4268 545 4342 prior
563 4268 799 4339 quidem
833 4266 1114 4337 expositio
1146 4265 1423 4322 historica
1453 4266 1695 4322 totidem
1731 4266 1845 4321 fere
1869 4266 2062 4322 verbis
2092 4283 2159 4322 ex
2196 4266 2540 4339 Hieronymo
2571 4268 2876 4340 excipitur,
2899 4269 3118 4341 quibus
3150 4268 3536 4326 nonnullam
3589 4274 3793 4345 Augu-

383 4356 560 4413 sitino
591 4355 1109 4411 intermisccntur:
1145 4354 1834 4426 altera,siveallegorica,
1869 4355 2367 4425 quemadmodum
2400 4354 2494 4411 cl].
2519 4356 2879 4421 Benedictini
2910 4356 3477 4428 Augustinianorum
3544 4370 3798 4431 operam

381 4445 631 4502 editores
663 4449 918 4506 monent,
951 4445 1105 4516 apud
1138 4444 1478 4516 Gregorium
1521 4444 1578 4498 in
1612 4443 2095 4500 libris-Moralium
2124 4445 2185 4499 in
2211 4445 2306 4500 Job
2338 4444 2651 4500 invenitur.
2686 4444 2845 4516 Opus
2878 4462 3011 4501 vero
3052 4446 3247 4518 ipsum
3273 4446 3357 4503 ita
3400 4448 3486 4502 ab
3530 4449 3797 4505 numine

379 4535 852 4591 consarcinatum
887 4550 1001 4587 non
1040 4537 1127 4588 est
1158 4532 1258 4603 qui
1289 4532 1538 4598 dubitet,
1573 4533 1683 4587 sub
1705 4532 1874 4602 cujus
1905 4549 2137 4604 quoque
2168 4531 2405 4589 nomine
2434 4532 2734 4605 vulgatum
2769 4538 2859 4589 est
2883 4532 2942 4589 in
2973 4534 3103 4606 ejus
3133 4551 3376 4607 operum
3409 4535 3794 4607 collectione;

374 4622 628 4688 tametsi,
663 4622 716 4678 id
751 4622 905 4694 quod
937 4621 1159 4676 laudati
1192 4621 1545 4676 Benedictini
1580 4625 1884 4692 annotant,
1918 4625 2167 4694 utraque
2194 4623 2501 4695 exintegro
2533 4621 2835 4691 expositio,
2869 4623 2968 4679 sed
3003 4623 3203 4679 ordine
3224 4623 3489 4679 nonnihil
3519 4625 3785 4695 diverso,

372 4717 548 4785 atque
577 4710 800 4783 aliquot
824 4709 1168 4783 permutatis
1201 4711 1439 4765 vocibus
1470 4711 1757 4765 habeatur
1785 4709 1844 4765 in
1874 4709 2043 4766 tertio
2075 4709 2222 4766 libro
2258 4710 2821 4767 Commentariorum
2871 4711 2929 4767 in
2988 4712 3281 4781 Genesim,
3334 4712 3434 4782 qui
3496 4712 3786 4773 Eucherio

369 4800 746 4874 Lugdunensi
778 4800 981 4857 tributi
1014 4799 1153 4854 olim
1174 4798 1318 4855 falso
1352 4800 1527 4866 fuere,
1564 4799 1822 4871 aditique
1852 4798 1912 4853 in
1945 4800 2281 4854 Bibliotheca
2300 4801 2549 4854 Patrum.
2580 4800 2733 4866 Quin
2764 4798 2923 4856 aliud
2980 4817 3213 4873 quoque
3270 4801 3535 4872 ejusdem
3590 4819 3787 4876 expo-

371 4890 602 4947 sitionis
633 4888 928 4962 exemplar
977 4888 1248 4958 occurrit,
1277 4888 1431 4960 quod
1460 4887 1849 4944 aMartiameo
1899 4892 2057 4943 tomo
2091 4887 2140 4941 V
2206 4888 2792 4961 Hieronymianorum
2867 4905 3132 4962 operum,
3210 4890 3312 4960 qui
3387 4891 3785 4963 suppositﬁt‘ia

368 4978 642 5049 continet,
671 4978 995 5047 exhibetur,
1027 4977 1371 5049 inscriptum
1402 4977 1806 5033 Benedictioncs
1836 4977 1900 5032 de
1919 4978 2053 5046 ﬁliis
2079 4978 2267 5043 Jacob,
2290 4981 2348 5032 et
2381 4977 2537 5031 brevi
2558 4977 3011 5033 'Przefatiuncula
3041 4979 3487 5050 praemunitum,
3516 4984 3595 5035 -et
3640 4994 3787 5054 pos-

369 5072 558 5123 trema
587 5068 676 5123 sui
712 5072 870 5140 parte
895 5067 966 5122 de
997 5065 1167 5122 verbo
1198 5066 1268 5121 ad
1301 5066 1539 5121 verbum
1567 5081 1635 5121 ex
1659 5066 1717 5121 S.
1744 5067 1985 5120 Doctore
2013 5065 2500 5136 expressum.Nos
2530 5066 2630 5137 qui
2663 5067 2825 5138 prius
2857 5066 3011 5122 istud
3036 5067 3332 5138 exemplar
3351 5083 3421 5123 ex
3456 5067 3772 5140 Augustini

370 5152 621 5212 editione
648 5173 683 5210 a
717 5154 1097 5211 Benedictinis
1132 5154 1413 5210 adornata
1440 5153 1851 5223 describimus,
1874 5158 1933 5207 et
1960 5153 2352 5225 supposititiis
2374 5153 2713 5225 Hieronymi
2764 5155 3003 5227 scriptis
3050 5154 3310 5226 primum
3346 5170 3765 5223 accensemus,

374 5242 618 5298 alterum
651 5260 882 5315 quoque
912 5244 1025 5299 huc
1053 5244 1329 5299 duximus
1363 5243 1854 5309 transferendum,
1890 5246 1953 5297 ut
1984 5258 2054 5297 ne
2085 5241 2226 5314 quid
2256 5247 2429 5308 esset,
2462 5243 2616 5314 quod
2639 5243 2774 5313 jure
2803 5261 2837 5300 a
2887 5244 3052 5300 nobis
3108 5242 3293 5300 lector
3338 5248 3440 5300 aut
3497 5244 3771 5300 eruditus

375 5333 477 5385 aut
506 5330 835 5388 ineruditus
867 5332 1245 5389 desideraret.
