4084 6176
235 340 405 407 1369

1366 343 1468 406 DE
1509 338 2217 405 BENEDIC'I‘IONIBUS
2261 340 2530 405 JACOB.

3494 342 3651 408 13Ίο

245 482 3647 513 ΜΜῇ-Μ-*Μ

568 631 734 727 DE
802 628 1948 727 BENEDICTIONIBUS
2016 628 2411 727 JACOB
2478 632 3339 730 PATBIARCHiE.

1849 843 2047 859 Ψ

318 970 465 1039 Quid
498 970 943 1046 intelligendum
973 978 1063 1030 est
1091 974 1161 1029 dc
1209 973 1735 1046 benedictionibus,
1760 972 1893 1045 qui—
1924 976 1978 1039 Α
2007 974 2307 1031 cervicibus
2365 977 2713 1033 inimicorum
2771 980 3034 1041 tuorum;
3084 978 3392 1036 adorabunt
3444 983 3499 1036 te
3549 980 3658 1051 filii

244 1060 361 1118 bus
390 1061 564 1117 Jacob
599 1062 929 1135 patriarcha
978 1062 1271 1119 benedixit
1313 1063 1465 1119 ﬁlios
1492 1080 1631 1119 suos
1660 1081 1672 1119 :
1702 1080 1773 1119 an
1807 1061 1894 1118 hi-

248 1150 465 1206 storice
493 1150 579 1206 vel
612 1150 921 1222 allegorice
968 1151 1353 1224 intelligendas
1395 1154 1532 1223 sint,
1562 1154 1701 1209 dum
1738 1152 1894 1220 dicit,

250 1237 693 1310 Congregamini,
742 1241 853 1311 ﬁlii
907 1241 1089 1306 Iacob,
1148 1247 1206 1297 ut
1248 1244 1576 1297 annuntiem
1604 1243 1749 1298 vobis
1779 1258 1898 1313 quae

247 1333 482 1385 ventura
509 1334 637 1384 sunt
670 1331 731 1384 in
773 1331 1091 1385 novissimis
1118 1331 1305 1386 diebus
1354 1332 1505 1400 (Gen.
1539 1350 1688 1396 XLIX,
1717 1333 1809 1402 2);
1846 1336 1901 1387 et

249 1417 301 1474 si
337 1412 566 1473 videtur
592 1434 661 1474 ex
712 1417 804 1473 his
854 1419 1044 1474 verbis
1093 1421 1278 1487 magis
1325 1420 1661 1492 allegoriam
1694 1438 1903 1477 sonare

251 1521 431 1580 quam
464 1505 819 1583 historiam?
865 1507 1192 1580 Utrumque
1236 1527 1389 1580 vera,
1430 1515 1487 1565 et
1518 1510 1821 1567 historiam
1848 1515 1905 1565 et

249 1593 632 1668 allegoriam;
687 1594 989 1651 historiam
1046 1598 1115 1652 de
1168 1596 1451 1653 divisione
1502 1604 1667 1654 terra:
1708 1615 1900 1670 repro-

248 1682 577 1753 missionis,
602 1701 730 1755 qua
753 1684 1039 1741 divisione
1058 1684 1382 1741 dividenda:
1405 1692 1572 1742 erant
1594 1686 1904 1758 nepotibus

249 1788 454 1830 eorum
481 1790 494 1829 :
529 1776 586 1828 et
615 1771 955 1846 allegoriam
989 1773 1059 1829 de
1090 1773 1320 1830 Christo
1352 1780 1410 1831 et
1461 1776 1532 1829 de
1563 1774 1820 1830 Ecclesia
1848 1775 1904 1830 in

248 1860 591 1918 novissimis
623 1862 988 1934 temporibus
1040 1863 1255 1919 futura.
1308 1864 1417 1919 Sed
1453 1862 1616 1936 prius
1649 1862 1906 1918 historiae

249 1950 637 2006 fundamenta
672 1951 941 2027 ponenda
971 1956 1129 2019 sunt,
1166 1956 1230 2006 ut
1258 1952 1455 2024 aptius
1476 1951 1761 2023 allegoriae
1783 1951 1906 2007 cul-

249 2055 387 2096 men
421 2038 599 2111 priori
632 2044 936 2095 structuraz
969 2046 1416 2112 superponatur.

326 2128 511 2184 Ruben
538 2129 937 2199 primogenitus
960 2145 1133 2200 meus,
1168 2132 1227 2184 tu
1271 2128 1535 2196 fortitudo
1580 2146 1724 2199 mea,
1754 2130 1909 2201 prin-

250 2218 465 2289 cipium
492 2215 695 2272 doloris
721 2218 864 2274 mei:
899 2220 1055 2288 prior
1096 2220 1155 2272 in
1205 2217 1379 2285 donis,
1429 2218 1609 2288 major
1655 2218 1902 2289 imperio.

254 2306 470 2377 Eﬂ'usus
500 2309 575 2360 est
605 2306 745 2360 sicut
792 2321 968 2377 aqua:
1026 2321 1136 2362 non
1184 2322 1411 2371 crescas,
1463 2308 1593 2377 quia
1618 2306 1909 2361 ascendiin

252 2395 438 2451 cubile
490 2396 664 2465 patris
719 2396 822 2463 tui,
882 2404 933 2450 et
985 2395 1278 2450 maculasti
1333 2399 1571 2450 stratum
1607 2396 1724 2467 ejus
1757 2395 1908 2461 (Gen.

251 2500 413 2551 xux,
444 2484 498 2554 3,
534 2482 607 2555 4).
645 2486 745 2538 Est
776 2487 971 2538 autem
996 2500 1209 2539 sensus
1234 2482 1325 2538 hic
1347 2483 1361 2517 ¹
1387 2500 1398 2538 :
1425 2484 1512 2539 Tu
1539 2500 1600 2539 es
1623 2483 1910 2557 primoge-

252 2572 421 2628 nitus
454 2587 641 2634 meus,
675 2572 865 2642 major
895 2572 953 2626 in
986 2570 1209 2638 liberis,
1245 2576 1303 2626 et
1332 2572 1604 2644 debebas,
1639 2575 1809 2644 juxta
1830 2589 1913 2628 or-

252 2659 457 2719 dinem
488 2659 810 2715 nativitatis
844 2664 980 2726 tuae,
1012 2660 1432 2726 haereditatem,
1465 2678 1592 2731 qua:
1622 2661 1911 2734 primoge-

250 2749 399 2806 nitis
424 2750 555 2819 jure
605 2749 947 2821 debebatur,
1000 2750 1396 2806 sacerdotium
1450 2750 1711 2819 accipere
1739 2756 1796 2806 et
1825 2768 1911 2806 re-

250 2854 463 2912 gnum.
495 2842 613 2893 Hoc
645 2837 860 2910 quippe
889 2838 947 2893 in
979 2839 1263 2911 portando
1306 2838 1524 2894 honore
1554 2840 1689 2910 [lege
1717 2840 1913 2911 onere]

253 2925 670 3000 etpraavalido
739 2927 944 2983 robore
1004 2928 1462 2983 demonstratur.
1511 2927 1726 2984 Verum
1775 2929 1915 3001 quia

251 3017 533 3091 peccasti,
568 3019 624 3072 et
655 3015 821 3088 quasi
849 3032 1002 3087 aqua
1046 3034 1172 3089 quae
1222 3015 1482 3088 quolibet
1531 3017 1764 3073 vasculo
1795 3035 1910 3073 non

255 3108 512 3176 tenetur,
588 3103 903 3177 voluptatis
976 3105 1199 3162 eﬁ'usus
1272 3122 1334 3161 es
1394 3106 1636 3178 impetu,
1698 3106 1911 3162 idcirco

254 3192 532 3271 praecipio
566 3193 692 3260 tibi,
747 3198 810 3249 ut
860 3193 1011 3249 ultra
1062 3211 1177 3250 non
1224 3211 1448 3267 pecces,
1479 3194 1677 3267 sisque
1707 3195 1765 3252 in
1797 3197 1910 3251 l‘ra-

254 3287 416 3340 trum
449 3299 715 3350 numero,
748 3300 947 3355 pinnas
994 3284 1216 3355 peccati
1261 3282 1453 3350 luens,
1497 3284 1650 3356 quod
1685 3284 1909 3357 primo-

250 3371 439 3446 geniti
469 3373 732 3429 ordinem
779 3371 1108 3444 perdidisti.
1163 3371 1543 3444 [Principium
1587 3377 1780 3429 autem
1808 3375 1908 3430 do-

246 3461 397 3519 loris
425 3465 516 3518 est
546 3460 739 3517 omnis
767 3461 1215 3533 primogenitus,
1249 3461 1389 3533 quia
1417 3478 1519 3534 pro
1550 3477 1616 3516 eo
1648 3478 1908 3518 commo-

246 3553 467 3607 ventur
482 3550 714 3606 viscera
741 3554 1051 3622 parentum
1080 3551 1146 3622 ².]
1181 3549 1402 3605 Simeon
1441 3553 1495 3605 et
1523 3551 1651 3605 Levi
1682 3553 1907 3622 fratres,

2005 1066 2183 1137 patris
2235 1067 2336 1121 tui.
2396 1065 2619 1123 Catulus
2674 1067 2845 1124 leonis
2899 1066 3059 1139 Juda,
3126 1068 3195 1124 ad
3249 1069 3514 1141 praedam,
3573 1071 3660 1141 ﬁli

2011 1155 2110 1221 mi,
2169 1155 2480 1226 ascendisti,
2561 1158 2898 1228 requiescens
2974 1157 3282 1213 accubuisti
3331 1166 3392 1214 ut
3447 1160 3548 1227 leo,
3607 1167 3659 1215 et

2012 1246 2171 1315 quasi
2199 1245 2446 1300 lemnam.
2482 1246 2612 1314 Quis
2639 1248 2923 1301 suscitabit
2950 1263 3075 1302 eum
3105 1246 3257 1317 (Gen.
3293 1265 3444 1314 xux,
3468 1248 3521 1315 8,
3554 1247 3659 1321 9)?

2013 1333 2159 1399 Quia
2185 1334 2341 1388 Juda
2385 1336 2645 1403 confessio
2698 1335 2818 1390 sive
2876 1336 2992 1391 laus
3038 1336 3475 1408 interpretatur,
3509 1340 3661 1393 recte

2012 1422 2291 1478 scribitur
2321 1424 2390 1478 de
2419 1424 2450 1478 J
2459 1425 2592 1491 uda,
2619 1424 3030 1494 Conﬁtebuntur
3050 1427 3154 1481 tibi
3170 1429 3395 1497 fratres.
3427 1426 3515 1482 vel
3545 1426 3662 1482 lau-

2013 1510 2317 1567 dabuntte.
2373 1513 2442 1567 Et
2497 1512 2630 1568 licet
2682 1514 2753 1570 de
2783 1513 3009 1570 Christo
3067 1515 3287 1585 grande
3317 1515 3658 1587 mysterium

2014 1599 2113 1664 sit,
2143 1604 2339 1655 tamen
2368 1602 2694 1657 secundum
2725 1601 2980 1658 litteram
3028 1602 3340 1675 signiﬁcat,
3373 1604 3530 1675 quod
3560 1618 3664 1676 per

2013 1687 2193 1744 David
2227 1690 2469 1762 stirpem
2500 1696 2921 1763 generarentur
2950 1707 3136 1763 reges,
3183 1695 3240 1747 et
3268 1692 3424 1764 quod
3454 1692 3659 1747 adora-

2015 1782 2143 1833 rent
2173 1795 2303 1833 eum
2338 1795 2541 1834 omnes
2566 1779 2776 1836 tribus.
2830 1779 2954 1835 Non
2995 1780 3153 1835 enim
3186 1780 3287 1846 ait,
3321 1779 3423 1835 ﬁlii
3458 1779 3663 1836 matris

2013 1870 2147 1929 tua},
2209 1868 2331 1939 sed,
2388 1869 2502 1938 ﬁlii
2553 1870 2726 1940 patris
2783 1869 2888 1923 tui.
2948 1869 3016 1924 Et
3067 1868 3222 1941 quod
3264 1868 3555 1942 sequitur,
3585 1868 3667 1925 Ad

2010 1956 2283 2028 praedam,
2313 1956 2407 2028 ﬁli
2433 1958 2533 2024 mi,
2584 1958 2901 2028 aseendisti,
2944 1958 3200 2014 ostendit
3238 1974 3371 2014 eum
3407 1958 3666 2030 captivos

2016 2045 2264 2117 populos
2313 2063 2443 2102 esse
2499 2048 2837 2109 ducturum,
2897 2051 2956 2103 et
3005 2049 3178 2119 juxta
3217 2047 3664 2120 intelligentiam

2017 2134 2395 2190 sacratiorem
2456 2137 2793 2191 ascendisse
2866 2136 2925 2190 in
2996 2135 3204 2200 altum,
3266 2141 3323 2190 et
3378 2136 3664 2207 captivam

2019 2221 2255 2278 duxisse
2283 2224 2677 2295 captivitatem
2712 2226 2885 2296 (Psal.
2917 2241 3087 2291 van,
3120 2224 3225 2291 49;
3258 2225 3450 2296 Ephes.
3477 2242 3553 2281 1v.
3586 2227 3663 2295 8).

2016 2309 2164 2379 Sive,
2226 2311 2379 2383 quod
2444 2312 2656 2368 melius
2710 2318 2869 2384 puto,
2949 2311 3257 2385 captivitas
3310 2311 3664 2383 passionem,

2022 2416 2302 2457 ascensus
2360 2401 2842 2457 resurrectionem
2915 2400 3228 2474 signiﬁcat.
3296 2401 3545 2471 Alligans
3598 2401 3669 2457 ad

2018 2490 2242 2543 vineam
2294 2490 2512 2562 pullum
2561 2507 2744 2555 suum,
2799 2499 2850 2547 et
2904 2491 2973 2546 ad
3028 2492 3193 2546 vitem
3244 2492 3459 2545 asinam
3485 2507 3666 2547 suam.

2018 2578 2181 2643 Quod
2244 2577 2509 2634 videlicet
2562 2578 2786 2651 pullum
2847 2579 3024 2635 asinae
3082 2579 3257 2649 (Joan.
3299 2578 3542 2648 1:11,”),
3574 2579 3668 2635 cui

2022 2667 2354 2739 supersedit
2369 2669 2565 2737 Jesus,
2585 2669 2812 2739 hocest,
2833 2669 3140 2741 gentilium
3160 2668 3465 2741 populum,
3488 2668 3668 2726 vineis

2022 2756 2448 2829 apostolorum,
2501 2758 2599 2829 qui
2641 2775 2706 2814 ex
2746 2757 2965 2813 Judaeis
2997 2762 3155 2827 sunt,
3183 2757 3579 2830 copulaverit:
3614 2762 3672 2814 et

2022 2845 2093 2901 ad
2125 2844 2324 2910 vitem,
2372 2846 2513 2907 sive.
2565 2851 2629 2902 ut
2678 2847 2735 2902 in
2776 2847 3012 2903 Hebraeo
3042 2847 3312 2917 habetur,
3344 2846 3575 2912 Sorech,
3608 2846 3666 2902 id

2019 2938 2129 3003 est,
2160 2936 2387 2991 electam
2432 2938 2617 3001 vitem,
2666 2934 2987 3009 alligaverit
3033 2936 3285 3003 asinam,
3335 2934 3426 2991 cui
3458 2952 3668 3008 super-

2021 3024 2174 3080 sedit
2206 3023 2452 3080 Ecclesia
2488 3041 2556 3080 ex
2581 3024 2919 3082 nationibus
2959 3028 3331 3098 congregata.
3370 3024 3535 3088 Quod
3565 3042 3668 3082 au-

2019 3116 2137 3169 tem
2169 3113 2330 3181 dicit,
2363 3115 2475 3169 Fili
2519 3115 2617 3182 mi,
2664 3114 3104 3171 conversionem
3150 3115 3220 3169 ad
3269 3112 3567 3175 Christum
3599 3113 3671 3170 de

2019 3201 2146 3274 ipso
2198 3202 2353 3259 Juda
2410 3203 2545 3259 facit
2573 3204 2616 3273 ³,
2676 3221 2742 3260 eo
2795 3207 2946 3276 quod
2979 3203 3368 3261 Christusasit
3399 3203 3673 3261 universa

2017 3290 2302 3348 facturus.
2367 3292 2545 3359 [Quod
2621 3296 2816 3349 autem
2891 3292 3127 3362 dicitur,
3202 3294 3317 3349 Non
3389 3295 3678 3364 auferetur

2016 3384 2286 3452 sceptrum
2314 3381 2383 3437 de
2410 3380 2579 3449 Juda,
2611 3389 2662 3437 et
2690 3381 2805 3437 dua:
2861 3382 2930 3438 de
2984 3382 3281 3449 femoribus
3331 3381 3469 3453 ejus,
3510 3380 3677 3438 donec

2019 3470 2208 3523 veniat
2234 3469 2334 3523 ille
2362 3471 2458 3541 qui
2485 3471 2780 3526 mittendus
2831 3479 2947 3537 est;
3009 3480 3060 3528 et
3118 3473 3233 3542 ipse
3279 3472 3386 3527 erit
3414 3473 3672 3541 expecta-

2020 3557 2094 3612 tio
2123 3560 2371 3625 gentium
2426 3562 2583 3622 (Gen.
2633 3576 2781 3627 xmx,
2842 3560 2952 3628 10),
3015 3559 3308 3631 signiﬁcat
3360 3559 3521 3630 quod
3555 3575 3673 3615 non

248 3656 391 3696 vasa
425 3641 738 3711 iniquitatis
792 3639 1094 3695 bellantia:
1146 3641 1205 3693 in
1245 3640 1540 3694 concilium
1581 3656 1769 3696 eorum
1798 3657 1909 3697 non
2017 3643 2332 3699 deﬁcerent
2354 3646 2650 3717 principes
2672 3647 2743 3702 de
2764 3646 2919 3701 tribu
2939 3651 2973 3701 J
2977 3647 3094 3703 uda
3116 3662 3302 3717 usque
3320 3646 3670 3718 aditempus,

248 3730 441 3786 veniat
464 3730 656 3785 anima
683 3745 823 3799 mea,
852 3733 907 3784 et
953 3729 1014 3783 in
1041 3732 1182 3783 coetu
1212 3728 1439 3784 illorum
1490 3745 1597 3784 non
1628 3731 1700 3784 sit
1726 3731 1905 3801 gloria
1936 3718 1980 3785 C
2020 3748 2136 3804 quo
2161 3736 2336 3788 natus
2358 3737 2449 3789 est
2468 3733 2754 3802 Christus,
2779 3734 2881 3806 qui
2904 3736 3123 3792 missus
3143 3751 3178 3791 a
3199 3739 3367 3790 Patre
3385 3738 3674 3804 exspecta-

247 3832 423 3874 mea:
484 3820 615 3891 quia
669 3817 730 3872 in
783 3819 971 3888 furore
1021 3833 1120 3873 suo
1174 3816 1485 3873 occiderunt
1537 3819 1738 3886 virum,
1770 3820 1910 3874 etin

252 3907 539 3964 voluntate
565 3923 668 3962 sua
722 3906 1067 3980 suﬂ'oderunt
1119 3924 1359 3962 murum.
1411 3907 1725 3962 Maledictus
1751 3910 1912 3980 furor

249 4010 471 4067 eorum,
531 3997 664 4065 quia
715 3997 976 4066 pertinax
994 4011 1014 4056 ,·
1071 4004 1122 4050 et
1176 3995 1487 4064 indignatio
1534 4011 1737 4063 eorum,
1779 3999 1909 4068 quia

243 4084 690 4153 dura,l)ividam
742 4100 831 4139 eos
892 4085 951 4139 in
1004 4084 1185 4151 Iacob,
1234 4088 1287 4138 et
1342 4083 1653 4155 dispergam
1695 4086 1821 4140 illos
1848 4087 1908 4139 in

242 4173 423 4229 Israel
454 4171 603 4244 (Gen.
666 4188 819 4239 χιιι,
877 4173 954 4243 5).
1022 4172 1325 4244 Signiﬁcat
1379 4180 1577 4228 autem
1640 4191 1756 4229 non
1814 4174 1907 4229 sui

243 4260 487 4319 consilii
544 4261 746 4329 fuisse,
805 4262 959 4333 quod
1019 4260 1249 4316 Sichem
1307 4266 1365 4316 et
1393 4262 1908 4320 Emorfoederatos

239 4350 412 4408 viros
440 4350 876 4417 interfecerunt,
910 4354 967 4406 et
998 4354 1202 4405 contra
1251 4350 1337 4405 fas
1386 4351 1444 4406 in
1487 4352 1646 4421 pacis
1672 4356 1729 4407 et
1760 4354 1905 4407 ami-

240 4439 530 4498 citiarum
555 4445 815 4512 tempore
837 4440 1186 4512 sanguinem
1210 4439 1487 4495 fuderunt
1506 4439 1899 4509 innocentem,

241 4532 312 4586 et
342 4528 510 4600 quasi
564 4529 825 4600 quodam
888 4529 1100 4596 furore,
1163 4527 1247 4582 sic
1306 4527 1647 4584 crudelitate
1670 4531 1902 4601 raptati,

242 4633 459 4675 muros
489 4616 729 4689 hospitae
793 4616 956 4672 urbis
1014 4620 1349 4672 everterunt
1405 4616 1557 4688 (Gen.
1612 4620 1904 4684 xxx1v,23

237 4705 421 4779 seqq).
457 4705 617 4761 Unde
673 4705 853 4762 dicit:
915 4704 1230 4761 Maledictus
1284 4707 1444 4775 furor
1499 4722 1708 4777 eorum,
1768 4710 1905 4780 quia

232 4780 534 4871 pertinax,
564 4799 621 4849 et
679 4793 926 4865 reliqua.
988 4799 1051 4850 Et
1104 4794 1416 4865 dispergam
1474 4796 1599 4851 illos
1628 4798 1687 4851 in
1714 4798 1901 4852 Israel.

239 4882 389 4941 Levi
420 4882 573 4938 enim
609 4882 1003 4938 hereditatem
1040 4882 1331 4953 propriam
1379 4900 1491 4937 non
1522 4884 1766 4956 accepit,
1802 4885 1899 4940 sed

236 4973 313 5030 in
343 4970 621 5027 omnibus
650 4971 900 5043 sceptris
925 4987 1137 5043 paucas
1163 4973 1335 5027 urbes
1358 4972 1428 5026 ad
1453 4972 1901 5029 inhabitandam

237 5059 483 5119 habuit.
515 5065 590 5116 De
620 5060 892 5117 Simeonc
923 5077 1054 5115 vero
1084 5058 1144 5114 in
1177 5059 1322 5115 libro
1344 5060 1483 5115 Jesu
1507 5061 1791 5133 scriptum
1815 5068 1905 5119 est

238 5152 437 5223 (Iosue
462 5167 575 5221 XIX,
614 5150 664 5217 Ι,
693 5154 770 5220 2),
807 5150 962 5220 quod
994 5154 1051 5203 et
1083 5148 1206 5218 ipse
1237 5148 1537 5220 proprium
1574 5150 1904 5207 funiculum

242 5254 371 5295 non
399 5238 704 5312 acceperit,
740 5239 841 5294 sed
873 5238 943 5293 do
978 5236 1132 5295 tribu
1161 5238 1315 5292 Juda
1355 5237 1637 5309 quiddam
1668 5257 1903 5312 accepe-

241 5327 370 5386 rit:
402 5327 560 5396 Juda,
622 5336 672 5382 te
731 5327 1037 5382 laudabunt
1090 5327 1295 5397 fratres
1344 5328 1445 5397 tui,
1477 5343 1674 5381 manus
1702 5332 1815 5386 tua?
1847 5332 1907 5384 in

330 5522 459 5597 {Ex
488 5522 857 5597 Hieronymo,
891 5522 988 5597 lib.
1034 5524 1240 5591 Quaest.
1275 5524 1335 5576 in
1366 5521 1547 5597 Cenes.

326 5595 349 5668 ξ
380 5594 508 5668 Haec
533 5594 766 5652 uncinis
795 5594 1024 5651 inclusa
1055 5610 1172 5668 non
1207 5597 1345 5649 sunt
1378 5594 1731 5668 Hieronymi.

325 5667 348 5702 ³
374 5666 610 5725 Hieron.
669 5672 726 5726 et
780 5683 890 5726 ms.
953 5666 1182 5725 Corbei.
1235 5666 1607 5739 apostrophen
1623 5668 1693 5725 ad
1720 5671 1904 5743 ipsum

2020 3820 2102 3875 tio
2132 3825 2221 3875 est
2250 3820 2516 3892 gentium
2549 3822 2613 3893 ‘.]
2635 3823 2881 3880 Zab-ulon
2904 3825 2963 3879 in
2988 3824 3169 3880 littore
3189 3823 3361 3878 maris
3380 3822 3670 3889 habitabit,

2019 3913 2070 3965 et
2100 3911 2158 3963 in
2189 3911 2419 3966 statione
2447 3913 2695 3978 navium,
2742 3914 3061 3984 pertingens
3091 3928 3267 3986 usque
3295 3911 3365 3967 ad
3392 3910 3673 3968 Sidonem.

2022 3997 2242 4053 Isaehar
2271 4000 2462 4054 asinus
2499 4001 2677 4070 fortis,
2730 4001 2997 4056 accubans
3045 4002 3193 4057 inter
3222 4002 3501 4067 terminos,
3532 3999 3673 4055 vidit

2021 4088 2267 4159 requiem
2322 4087 2462 4159 quod
2518 4097 2651 4144 esset
2707 4091 2866 4159 bona,
2925 4098 2975 4146 et
3014 4099 3219 4145 terram
3259 4089 3399 4162 quod
3428 4090 3672 4161 optima:

2017 4178 2069 4232 ct
2096 4178 2380 4248 supposuit
2409 4178 2699 4232 humerum
2746 4195 2906 4233 suum
2959 4179 3030 4235 ad
3083 4178 3431 4250 portandum.
3462 4180 3669 4247 factus-

2015 4281 2118 4335 que
2173 4267 2250 4319 est
2308 4265 2538 4321 tributis
2590 4268 2828 4321 serviens
2884 4265 3036 4333 (Gen.
3079 4284 3230 4332 xux,
3288 4266 3493 4336 13-45).
3528 4265 3675 4332 Quia

2015 4370 2195 4424 supra
2227 4353 2483 4410 Zabulon
2528 4353 2773 4422 dixerat,
2813 4357 2968 4427 quod
3018 4355 3201 4411 maris
3250 4355 3444 4427 Magni
3473 4354 3673 4410 littora

2015 4448 2168 4498 esset
2226 4460 2629 4515 possessurus,
2686 4444 2959 4500 Sidonem
3018 4461 3252 4517 quoque
3312 4449 3379 4500 et
3408 4444 3668 4516 reliquas

2012 4530 2319 4587 Phamices
2350 4533 2523 4588 urbes
2554 4533 2939 4605 contingeret,
2992 4550 3149 4590 nunc
3197 4533 3270 4589 ad
3325 4532 3668 4591 mediterra-

2012 4635 2148 4675 nam
2210 4620 2566 4691 provinciam
2652 4621 2822 4687 redit,
2899 4626 2957 4677 et
3015 4621 3269 4689 Isachar,
3355 4620 3454 4694 qui
3506 4622 3675 4692 juxta

2010 4707 2384 4779 Nephthalim
2444 4708 2897 4781 pulcherrimam
2960 4710 3017 4765 in
3075 4709 3314 4766 Galilma
3373 4709 3671 4782 regionem

2012 4813 2403 4870 possessurus
2418 4802 2525 4866 est,
2544 4798 2946 4855 benedictione
2968 4816 3075 4855 sua
3094 4798 3485 4854 habitatorem
3514 4796 3669 4853 facit.

2009 4886 2259 4941 Asinum
2290 4890 2485 4941 autem
2519 4903 2752 4941 osseum
2786 4887 2871 4942 vel
2907 4889 3111 4943 fortem
3144 4891 3328 4958 vocat,
3378 4890 3436 4941 et
3465 4887 3670 4942 hume-

2011 4990 2141 5030 rum
2176 4974 2315 5029 dicit
2347 4976 2732 5046 supposuisse
2765 4977 2835 5031 ad
2888 4976 3279 5047 portandum;
3322 4975 3463 5046 quia
3490 4973 3550 5030 in
3578 4974 3666 5030 la-

1939 5086 1981 5149 D
2012 5063 2151 5119 bore
2194 5068 2357 5118 terra:
2401 5068 2459 5119 et
2507 5064 2786 5120 vehendis
2835 5064 2904 5119 ad
2953 5080 3135 5131 mare,
3178 5080 3304 5135 qua:
3358 5063 3416 5121 in
3446 5061 3667 5147 ﬁnibus

2017 5152 2142 5207 suis
2197 5152 2609 5220 nascebantur,
2672 5151 2993 5224 plurimum
3064 5152 3375 5218 laboraret,
3431 5144 3667 5223 regibus

2015 5257 2251 5312 quoque
2309 5241 2529 5295 tributa
2593 5245 2987 5312 comportans.
3058 5240 3237 5295 Aiunt
3290 5239 3510 5295 Hebraei
3567 5254 3670 5311 per

2015 5329 2420 5403 metaphoram
2479 5328 2815 5402 signiﬁcari,
2869 5330 3023 5401 quod
3072 5329 3401 5402 Scripturas
3431 5331 3666 5385 sanctas

2013 5524 2209 5581 Iudam
2238 5525 2392 5594 facit.

2086 5596 2106 5629 ⁸
2135 5599 2260 5651 Non
2295 5598 2435 5650 sunt
2462 5593 2584 5650 hinc
2611 5594 2965 5668 Hieronymi.
