4070 6166
153 356 317 429 1873

1270 362 1371 429 DE
1413 356 2124 430 BENEDICTIONIBUS
2168 361 2435 427 JACOB.

3404 363 3558 428 i374

153 496 494 558 novissimis
512 497 880 573 temporibus
910 499 1115 557 facturi
1170 506 1339 557 erant
1391 500 1600 557 Judaei.
1652 499 1801 570 Quia
1827 497 1884 565 Α
1912 499 2392 558 manifestissime
2422 499 2494 557 ad
2526 498 2739 556 Judam
2763 496 3144 558 refertur.Diu
3177 500 3331 559 enim
3364 498 3476 559 fuit
3492 517 3563 558 ex

153 590 217 646 in
251 590 441 661 furore
464 605 563 645 suo
590 588 902 645 occiderunt
929 591 1108 645 virum
1138 590 1303 662 (Ibid.
1337 589 1373 659 ),
1397 591 1454 645 id
1503 596 1591 647 est
1611 589 1807 646 Chris-

153 681 307 745 tum,
340 679 412 734 de
443 695 558 751 quo
584 678 838 735 dicitur:
874 682 1019 735 Ecce
1050 681 1155 747 vir,
1203 682 1387 737 oriens
1429 696 1629 736 nomen
1684 679 1808 750 ejus

151 768 339 840 (Zach.
371 769 579 839 v1,12).
613 768 680 823 Et
720 766 898 823 alibi:
951 769 1180 824 Femina
1234 769 1595 825 circumdabit
1624 770 1808 825 virum

155 857 373 929 (Jerem.
406 874 560 912 xxxx.
593 856 704 929 2'2).
740 856 1090 929 Suﬂ‘oderunt
1112 876 1335 915 murum
1364 858 1518 927 (Gen.
1544 876 1696 927 xux,
1726 859 1806 930 6),

156 952 215 1008 id
247 957 356 1023 est,
390 951 558 1008 illum
592 952 913 1024 spiritalem
957 954 1346 1012 fortissimum
1388 974 1648 1021 murum,
1707 954 1807 1027 qui

160 1042 421 1098 custodit
488 1041 682 1109 Israel,
750 1042 951 1099 lancea
1017 1046 1419 1101 confoderunt.
1497 1045 1809 1101 Maledictus

156 1133 320 1202 furor
346 1147 555 1199 eorum,
588 1132 716 1203 quia
744 1133 1020 1203 pertinax.
1041 1132 1198 1203 (Ibid.
1231 1134 1311 1204 7).
1344 1134 1547 1206 utique
1573 1134 1809 1206 quando

159 1219 358 1275 furore
387 1220 615 1276 accensi
637 1224 693 1276 et
724 1221 829 1287 ira,
863 1221 1203 1277 obtulerunt
1245 1222 1544 1279 Christum
1607 1222 1809 1278 Pontio

162 1307 350 1364 Pilato
380 1308 641 1365 dicentes
667 1326 679 1364 :
714 1309 1022 1381 Crucitige,
1050 1311 1346 1383 cruciﬁge,
1377 1314 1554 1380 (Joan.
1588 1329 1703 1383 xIx,
1732 1314 1808 1381 6).

159 1398 229 1453 Et
258 1397 577 1468 indignatio
596 1414 805 1467 eorum,
839 1401 970 1469 quia
999 1399 1137 1455 (Iura
1162 1400 1314 1471 (Gen.
1344 1419 1497 1468 xux,
1538 1404 1593 1471 7)
1620 1419 1635 1456 :
1670 1401 1811 1456 dum

160 1486 481 1543 Barrabam
518 1486 805 1543 latronem
864 1492 1148 1560 peterent,
1204 1495 1261 1545 et
1305 1490 1625 1563 principem
1678 1490 1812 1568 ‘vitaa

160 1575 623 1648 crucifigeudum
644 1575 1005 1648 postularent
1036 1577 1244 1647 (Matth.
1280 1597 1453 1645 xxvu,
1499 1580 1610 1650 21).
1664 1580 1813 1634 Divi-

163 1664 289 1721 dam
315 1681 403 1721 eos
434 1666 495 1720 in
522 1666 703 1731 Jacob,
726 1673 779 1721 et
805 1665 1125 1741 dispergam
1157 1669 1282 1724 illos
1314 1671 1371 1723 in
1430 1670 1600 1724 Israel
1658 1668 1809 1740 (Gen.

162 1771 312 1821 xux,
333 1754 390 1826 7)
410 1754 580 1826 :quia
600 1754 863 1810 nonnulli
886 1772 954 1811 ex
985 1755 1131 1828 ipsis
1162 1758 1813 1830 crediderunt,quidam

159 1842 221 1898 in
252 1842 597 1907 infidelitate
629 1850 1097 1914 permanserunt.
1128 1846 1413 1901 Dicuntur
1444 1847 1601 1902 enim
1645 1847 1815 1903 divisi

160 1930 231 2002 ii,
256 1931 353 2003 qui
386 1933 456 1985 ab
490 1931 575 1987 eis
607 1938 974 2003 separantur,
1043 1939 1101 1989 et
1165 1937 1407 1991 veniunt
1457 1936 1528 1990 ad
1592 1937 1764 1991 fidem
1803 1953 1816 1992 :

161 2019 418 2093 dispersi
450 2025 667 2091 autem,
694 2037 944 2093 quorum
978 2024 1166 2094 patria
1188 2024 1525 2096 temploque
1541 2025 1821 2080 subverso

163 2127 275 2183 per
331 2111 532 2166 orbem
591 2116 751 2166 terra:
813 2109 1181 2168 incredulum
1245 2129 1432 2185 genus
1502 2116 1819 2187 spargitur.

161 2199 330 2265 Iuda,
362 2199 741 2255 telaudabunl
787 2202 996 2270 fratres
1041 2202 1127 2255 tui
1176 2201 1335 2273 (Ibid.
1368 2202 1445 2273 8).
1505 2202 1611 2258 Per
1668 2203 1823 2259 hunc

163 2288 380 2344 ludam
412 2305 584 2344 verus
637 2287 935 2344 confessor
974 2288 1323 2360 exprimitur
1377 2290 1664 2358 Christus,
1721 2291 1821 2364 qui

166 2394 241 2434 ex
261 2378 391 2449 ejus
423 2377 580 2433 tribu
605 2378 930 2433 secundum
966 2395 1200 2433 carnem
1224 2384 1311 2435 est
1330 2380 1585 2451 genitus.
1621 2380 1820 2453 Ipsum

167 2463 502 2521 laudabunt
534 2464 740 2520 fratres
772 2465 887 2535 sui,
914 2465 1161 2538 apostoli
1215 2466 1455 2537 scilicet,
1507 2472 1562 2522 et
1618 2485 1822 2523 omnes

167 2552 501 2609 coheeredes
530 2554 679 2624 ejus,
713 2553 814 2624 qui
864 2570 965 2626 per
1023 2555 1395 2627 adoptionem
1454 2554 1658 2622 Patris,
1719 2556 1821 2611 filii

170 2641 276 2698 Dei
308 2641 497 2698 effecti
529 2647 688 2714 sunt,
750 2647 808 2699 et
863 2643 1073 2698 Christi
1136 2646 1342 2699 fratres
1396 2661 1499 2716 per
1547 2645 1822 2717 gratiam,

164 2746 426 2804 quorum
456 2731 583 2802 ipse
616 2736 705 2787 est
731 2730 1010 2787 Dominus
1041 2749 1145 2803 per
1176 2737 1465 2788 naturam.
1490 2734 1678 2789 Manus
1718 2739 1824 2789 tua:

163 2822 231 2877 in
290 2821 586 2877 cervicibus
644 2821 997 2877 inimicorum
1062 2830 1281 2876 tuorum
1337 2823 1523 2894 (Ibid).
1594 2823 1824 2879 Eisdem

169 2910 335 2966 enim
361 2908 636 2965 manibus
667 2913 843 2980 atque
873 2910 1075 2965 eodem
1108 2909 1299 2965 crucis
1330 2915 1542 2982 tropaeo
1574 2917 1631 2967 et
1686 2928 1826 2967 suos

170 2998 341 3067 texit,
374 3002 428 3053 et
476 2998 747 3053 inimicos
798 3002 854 3053 et
910 3000 1274 3053 adversaries
1332 3004 1650 3070 potestates
1695 3017 1825 3055 cur-

169 3088 351 3143 vavit.
382 3087 561 3142 Juxta
591 3087 745 3159 quod
796 3091 853 3142 et
907 3091 1076 3142 Pater
1132 3088 1420 3159 promittit
1476 3089 1526 3143 ei
1585 3088 1822 3145 dicens:

171 3176 313 3233 Sede
361 3176 431 3231 ad
488 3176 770 3232 dexteram
834 3193 1032 3245 meam,
1099 3176 1267 3232 donec
1320 3194 1519 3248 ponam
1576 3180 1827 3234 inimicos

178 3272 298 3320 tuos
355 3266 652 3320 scabeltum
699 3265 896 3336 pedum
947 3238 1167 3321 tuorum
1216 3238 1388 3337 (Psal.
1441 3283 1553 3322 cxx.
1610 3267 1823 3339 1).Ad-
1855 3238 1899 3305 C

170 3353 412 3410 orabunt
442 3355 632 3423 teﬁlii
673 3356 848 3426 patris
905 3355 991 3408 tui
1033 3354 1185 3424 (Gen.
1246 3372 1396 3423 xmx,
1437 3356 1530 3425 8):
1591 3358 1826 3426 quando

169 3441 351 3499 multi
372 3459 440 3498 ex
472 3442 804 3498 ﬁliisJacob
836 3444 1085 3498 adorant
1127 3460 1283 3513 eum,
1326 3461 1427 3516 per
1483 3444 1826 3500 electionem

167 3530 381 3604 gratias
399 3530 542 3588 salvi
569 3531 703 3587 facti
737 3533 912 3603 (Rom.
945 3549 1023 3598 χι,
1064 3532 1141 3596 5).
1180 3532 1405 3588 Catulus
1462 3534 1641 3588 leonis
1687 3533 1827 3589 Iuda

165 3619 335 3691 (Ibid.
358 3621 434 3691 9).
487 3620 729 3685 Quando
784 3620 1080 3676 nascendo
1135 3621 1325 3676 factus
1380 3626 1469 3677 est
1523 3620 1823 3694 parvulus,

170 3717 333 3773 sicut
379 3718 665 3790 scriptum
724 3726 850 3774 est:
908 3719 1181 3773 Parvulas
1232 3729 1394 3775 nutus
1482 3724 1563 3776 est
1649 3722 1823 3787 nobis,

169 3806 310 3879 (lsa.
344 3820 417 3877 lx,
449 3806 528 3878 6).
575 3805 654 3861 Ad
681 3805 946 3878 praedam,
971 3807 1059 3878 ﬁli
1114 3808 1212 3873 mi,
1271 3807 1564 3864 ascendisti
1621 3807 1678 3863 id
1740 3811 1829 3863 est

172 3895 506 3951 ascendens
536 3894 596 3950 in
629 3895 1177 3968 crucem,!captivos
1222 3895 1471 3968 populos
1529 3897 1827 3952 redemisti

173 3988 236 4040 et
268 3999 419 4055 quos
440 3983 537 4039 ille
567 3984 898 4039 contrarius
927 3984 1237 4055 invaserat,
1290 3991 1350 4040 tu
1413 3986 1667 4043 moriens
1715 3987 1829 4042 eri-

172 4072 394 4145 puisti:
429 4072 683 4143 denique
712 4072 944 4128 rediens
988 4073 1061 4127 ab
1121 4073 1346 4141 inferis,
1405 4075 1722 4130 ascendisti
1767 4074 1827 4129 in

164 4161 696 4232 altum.captivam
730 4161 947 4216 duxisti
981 4161 1374 4234 captivitatem
1427 4165 1605 4234 (Psal,
1657 4182 1825 4231 vau,

158 4249 289 4320 49).
354 4250 708 4323 Requiescens
744 4250 1053 4305 accubuisti
1091 4259 1151 4307 ut
1196 4251 1277 4307 leo
1334 4251 1464 4323 (Gen
1524 4271 1669 4308 χιιι.
1746 4255 1822 4323 9).

158 4335 657 4394 Manifestissime
715 4337 983 4395 Christus
1033 4338 1088 4393 in
1180 4340 1453 4411 passione
1530 4342 1824 4409 accubuit,

154 4426 408 4499 quando
432 4426 710 4482 inclinato
740 4427 927 4499 capite
948 4426 1191 4482 tradidit
1207 4428 1823 4503 spiritum(loan.xx1x,

153 4516 285 4586 30),
318 4519 376 4571 et
404 4516 640 4587 quando
673 4515 731 4571 in
764 4515 1034 4588 sepulcro
1062 4532 1327 4588 securus,
1362 4517 1522 4574 velut
1568 4519 1823 4591 quodam

1915 591 2139 648 semine
2160 590 2318 647 illius
2340 592 2686 647 intemerata
2707 590 2861 662 apud
2888 591 3126 647 Judzeos
3156 591 3448 650 successio
3479 608 3564 649 rs-

1914 682 2037 771 gpi,
2070 682 2253 736 donec
2283 680 2549 736 Christus
2583 685 2942 747 nasceretur,
2976 681 3130 737 sicut
3173 698 3353 751 supra
3411 680 3563 737 dixi-

1917 769 2072 826 mus.
2110 771 2370 840 Alligans
2395 770 2465 825 ad
2494 771 2708 825 vineam
2758 769 2981 842 pullum
3035 788 3202 826 suum
3237 770 3393 843 (Ibid.
3444 771 3560 841 41).

1918 860 2120 917 Pullus
2180 878 2323 916 suus
2382 860 2635 933 populus
2694 864 2780 916 est
2843 862 3140 933 gentibus,
3201 860 3291 916 cui
3373 860 3565 917 adhuc

1920 967 2222 1023 nunquam
2256 952 2442 1006 fuerat
2470 949 2615 1024 legis
2632 967 2783 1005 onus
2813 950 3179 1023 impositum.
3213 951 3570 1023 Hunccopu-

1916 1040 2058 1096 lavit
2096 1040 2427 1107 advineam,
2462 1040 2530 1095 ad
2566 1039 2857 1111 apostolos
2908 1038 3149 1107 scilicet,
3195 1040 3292 1111 qui
3339 1056 3407 1096 ex
3460 1039 3566 1095 Ju-

1921 1129 2060 1184 daeis
2112 1133 2268 1185 sunt.
2330 1129 2475 1186 Nam
2527 1128 2690 1184 vinea
2750 1129 2981 1183 Domini
3042 1129 3293 1185 Sabaoth
3354 1130 3570 1185 domus

1920 1217 2095 1274 Israel
2129 1219 2463 1290 cst(Isa.v,
2496 1218 2573 1294 7).
2644 1221 2708 1274 Et
2772 1219 2843 1274 ad
2901 1221 3069 1274 vitem
3132 1221 3351 1274 asinam
3408 1234 3572 1274 suam

1921 1308 2074 1377 (Gen.
2112 1325 2262 1371 xux,
2324 1308 2432 1377 12).
2494 1308 2842 1380 Ipsmdicit,
2912 1310 3020 1377 Ego
3083 1325 3207 1363 sum
3274 1309 3403 1363 vitis
3443 1324 3571 1362 vera

1922 1399 2098 1469 (Joan.
2128 1415 2218 1464 xv,
2252 1397 2325 1469 1).
2358 1398 2444 1452 Ad
2467 1397 2617 1453 hanc
2671 1396 2808 1469 ergo
2849 1397 3025 1452 vitem
3085 1396 3293 1469 alligat
3339 1396 3570 1452 asinam

1923 1512 2114 1565 suam,
2145 1500 2511 1568 Synagogam
2537 1494 2936 1566 tardigradam
2995 1494 3235 1566 scilicet,
3298 1499 3354 1550 et
3409 1493 3570 1567 gravi

1927 1584 2070 1655 legis
2117 1585 2369 1655 pondere
2427 1584 2785 1656 depressam.
2856 1585 3010 1639 Lavit
3068 1584 3125 1639 in
3197 1584 3318 1640 vino
3376 1583 3574 1639 stolam

1923 1691 2078 1729 suam
2102 1674 2256 1745 (Gen.
2288 1691 2440 1740 xux,
2480 1673 2584 1743 l1),
2639 1672 2756 1727 sive
2815 1688 3047 1728 carnem
3095 1689 3263 1728 suam
3325 1672 3382 1727 in
3439 1689 3573 1727 san-

1926 1762 2103 1834 guine
2134 1762 2447 1834 passionis,
2472 1761 2592 1816 sive
2624 1767 2889 1816 sanctam
2922 1760 3239 1816 Ecclesiam
3286 1758 3389 1815 illo
3418 1759 3573 1830 vino,

1850 1872 1897 1937 B
1928 1852 2081 1925 quod
2114 1868 2216 1923 pro
2241 1850 2443 1906 multis
2469 1850 2802 1905 etfundetur
2831 1850 2887 1905 in
2922 1849 3329 1906 remissionem
3362 1864 3571 1921 pecca-

1930 1944 2121 1995 torum
2154 1940 2379 2009 (Matth.
2412 1939 2682 2010 xxv1.28).
2735 1943 2798 1995 Et
2856 1941 2913 1993 in
2965 1940 3235 2007 sanguine
3281 1953 3401 1993 uva:
3454 1937 3577 2009 pal-

1931 2030 2071 2084 lium
2098 2046 2260 2083 suum
2290 2020 2447 2100 (Gen,
2489 2044 2639 2095 xux,
2704 2028 2790 2095 11)
2852 2026 3093 2082 Pallium
3153 2030 3357 2097 gentes
3412 2029 3576 2092 sunt,

1931 2135 2079 2189 quas
2110 2118 2335 2188 corpori
2362 2134 2468 2173 suo
2491 2116 2707 2187 junxit,
2741 2116 2891 2170 sicut
2923 2115 3239 2170 scribitur:
3279 2115 3405 2169 Vivo
3459 2130 3575 2185 ego,

1930 2205 2061 2260 dicit
2086 2206 2388 2272 Domimus,
2420 2206 2534 2260 nisi
2554 2205 2647 2259 hos
2693 2219 2878 2259 omnes
2932 2204 3161 2258 induam
3215 2205 3358 2257 sicut
3412 2203 3577 2258 vesti—

1925 2298 2172 2349 mentum
2203 2295 2330 2366 (Isa,
2361 2311 2511 2360 xux,
2549 2292 2656 2362 18),
2693 2292 3039 2348 Pulchriores
3070 2292 3216 2347 oeuli
3270 2292 3387 2362 ejus
3445 2292 3577 2346 vino

1932 2382 2082 2454 (Gen.
2117 2400 2264 2449 xux,
2300 2382 2408 2453 12).
2442 2380 2605 2436 Oculi
2636 2380 2846 2438 Christi
2880 2379 3127 2452 apostoli
3161 2382 3378 2435 suntet
3408 2396 3580 2434 evan-

1932 2469 2176 2542 gelistae,
2232 2470 2330 2543 qui
2364 2469 2560 2525 lumen
2620 2470 2874 2526 scientiae
2922 2468 3190 2524 Ecclesiae
3245 2470 3575 2539 'prmstant:

1933 2575 2181 2630 quorum
2216 2563 2502 2631 praecepta
2535 2559 2934 2615 austeritatem
2992 2558 3107 2613 vini
3169 2557 3371 2629 priscae
3428 2556 3577 2630 legis

1933 2653 2231 2723 superant,
2265 2648 2404 2720 quia
2431 2647 2601 2717 longe
2627 2648 2843 2703 leviora
2890 2651 3047 2702 sunt.
3104 2653 3167 2703 Et
3221 2647 3408 2702 dentes
3461 2647 3582 2715 eius

1935 2738 2070 2793 lacte
2099 2738 2442 2794 candidiores
2490 2738 2669 2808 (Ibid).
2733 2737 2946 2792 Dentes
3006 2740 3386 2808 praceptores
3442 2738 3581 2792 sunt

1934 2827 2142 2894 sancti,
2178 2826 2278 2898 qui
2306 2827 2630 2898 precidunt
2646 2827 2717 2881 ab
2748 2826 3046 2881 erroribus
3078 2825 3365 2893 homines,
3394 2828 3452 2880 et
3480 2839 3580 2879 eos

1934 2916 2100 2989 quasi
2125 2917 2482 2972 comedendo
2512 2916 2571 2971 in
2602 2914 2817 2971 Christi
2875 2931 3087 2985 corpus
3147 2912 3577 2969 transmittunt.

1934 3004 2310 3060 Candidiores
2343 3009 2535 3059 autem
2569 3004 2752 3059 effecti
2796 3008 2936 3059 sunt
2988 3003 3252 3058 doctores
3311 3000 3580 3057 Ecclesiae

1936 3089 2084 3145 lacte
2113 3090 2321 3145 veteris
2356 3090 2519 3162 legis.
2555 3091 2798 3145 Zabulon
2826 3090 3091 3145 habitavit
3122 3091 3180 3144 in
3213 3087 3403 3145 littore
3452 3104 3578 3145 me-

1940 3181 2033 3249 ris,
2066 3187 2115 3235 et
2154 3181 2211 3234 in
2243 3180 2477 3235 statione
2507 3181 2731 3234 navium
2763 3179 2917 3250 (Gen.
2953 3196 3103 3243 xux,
3159 3178 3265 3247 13).
3324 3176 3580 3233 Zabulon

1935 3268 2349 3340 interpretatur
2377 3268 2761 3323 habitaculum
2778 3266 3141 3336 fortitudinis,
3176 3269 3231 3321 et
3263 3263 3579 3320 Ecclesiam

1936 3357 2247 3428 significat.
2282 3356 2409 3411 Haec
2441 3356 2499 3411 in
2531 3356 2724 3411 littore
2755 3354 2937 3411 maris
2966 3354 3194 3412 habitat
3235 3357 3292 3409 et
3345 3352 3406 3409 in
3461 3356 3579 3409 sta-

1935 3446 2093 3502 tione
2126 3447 2455 3513 navium,ut
2486 3446 2859 3501 credentibus
2891 3445 2967 3499 sit
2996 3443 3311 3515 refugium,
3345 3446 3401 3498 et
3424 3442 3582 3514 peri-

1936 3535 2278 3589 clitantibus
2308 3535 2671 3589 demonstret
2698 3534 2832 3588 fidei
2880 3538 3133 3605 portum.
3188 3532 3320 3586 Hmc
3381 3535 3583 3587 contra

1936 3640 2139 3679 omnes
2169 3622 2435 3678 turbines
2459 3621 2654 3677 saeculi
2686 3622 3039 3676 inconcussa
3079 3620 3355 3674 firmitate
3394 3619 3581 3674 solida

1937 3714 2160 3782 spectat
2182 3709 2914 3782 naufragiumJudaeorum,
2933 3713 2991 3765 et
3020 3707 3422 3763 haereticorum
3446 3723 3577 3779 pro-

1937 3799 2133 3867 cellas,
2167 3797 2265 3872 qui
2297 3798 2808 3854 °circumferuntur
2843 3796 2999 3853 omni
3056 3799 3225 3850 vento
3280 3794 3576 3865 doctrinm,

1937 3905 2185 3961 quorum
2217 3886 2323 3943 etsi
2351 3886 2620 3942 tunditur
2651 3886 2953 3956 fluctibus,
2981 3902 3095 3940 non
3166 3889 3363 3938 tamen
3423 3884 3578 3939 fran-

1936 3977 2113 4049 gitur.
2166 3975 2442 4031 Pcrtendit
2496 3978 2678 4030 autem
2721 3991 2888 4046 usque
2930 3973 3003 4029 ad
3062 3972 3316 4028 Sidonem
3373 3971 3577 4043 (Ibid),

1937 4074 2046 4131 hoc
2074 4082 2160 4130 est
2190 4089 2377 4144 usque
2407 4074 2475 4126 ad
2510 4078 2731 4145 gentes.
2767 4071 3003 4143 Legitur
3050 4071 3225 4126 etiam
3278 4070 3336 4124 in
3398 4073 3580 4125 Evan-

1937 4163 2087 4235 gelio
2117 4163 2251 4217 inde
2298 4167 2633 4233 nssumptos
2691 4178 2820 4217 esse
2869 4159 3165 4233 apostolos
3222 4159 3474 4230 aliquos,
3523 4161 3582 4213 et

1936 4252 2081 4325 ipsis
2112 4251 2254 4306 locis
2292 4250 2597 4305 Dominum
2625 4267 2776 4320 saepe
2806 4249 3259 4311 docuisse,sicut
3290 4245 3574 4319 scriptum

1936 4346 2042 4397 est.
2082 4342 2244 4395 Terra
2290 4340 2555 4405 Zabulon,
2614 4347 2664 4394 et
2715 4343 2861 4393 terra
2928 4337 3297 4408 Nephthalim,
3346 4335 3580 4407 populus

1932 4432 2027 4502 qui
2054 4429 2265 4485 sedebat
2294 4432 2349 4483 in
2374 4429 2627 4495 tenebris,
2664 4427 2799 4482 vidit
2832 4429 3009 4483 lucem
3040 4441 3303 4495 magnam
3365 4424 3573 4495 (Matth.

1937 4536 2012 4587 1v,
2066 4518 2153 4587 l5,
2190 4518 2276 4585 16,
2308 4533 2377 4571 ea:
2406 4518 2508 4572 Isa.
2547 4534 2621 4587 ιχ,
2664 4515 2730 4587 Ι).
2769 4516 2947 4572 Sidon
2980 4515 3396 4587 interpretatur
3422 4529 3580 4569 vena-

150 4603 432 4676 corporis
462 4620 670 4660 somno
701 4605 942 4677 quievit.
976 4605 1083 4660 Sed
1119 4621 1297 4677 quare
1320 4611 1384 4661 ut
1414 4609 1524 4673 leo,
1555 4611 1611 4663 et
1663 4607 1822 4664 velut
1852 4601 1898 4666 D
1930 4616 2034 4673 tor,
2066 4605 2151 4660 vel
2208 4607 2484 4661 venatrix.
2518 4605 2831 4661 Venatores
2892 4604 2991 4677 qui
3054 4607 3213 4665 sunt,
3265 4601 3377 4656 nisi
3434 4618 3579 4674 apo-

146 4691 402 4749 catulus
424 4692 611 4749 leonis
637 4693 666 4749 ?
687 4695 746 4749 In
772 4710 980 4750 somno
1001 4694 1156 4750 enim
1191 4711 1297 4749 suo
1329 4693 1416 4751 leo
1450 4696 1820 4769 luit,quando

144 4797 286 4838 non
312 4782 790 4849 necessitate,sed
818 4786 1102 4856 potestate
1132 4782 1241 4838 hoc
1272 4783 1466 4855 ipsum
1486 4786 1816 4858 complevit,

140 4878 322 4936 sicut
351 4878 477 4951 ipse
506 4880 683 4936 dicit:
718 4881 882 4936 Nemo
912 4880 1054 4935 tollit
1104 4897 1137 4934 a
1175 4897 1261 4935 me
1318 4883 1565 4937 animam
1618 4900 1816 4953 meam,

130 4967 253 5027 sed
279 4984 377 5038 ego
403 4985 545 5040 pono
575 4984 697 5025 eam
719 4974 905 5041 (Joan.
948 4986 1003 5039 x,
1056 4969 1163 5040 l8).
1221 4971 1384 5035 Quod
1442 4988 1576 5026 vero
1632 4973 1816 5038 addit,

125 5063 206 5115 et
222 5061 293 5113 ut
320 5059 537 5114 catulus
561 5059 771 5115 leonis:
807 5058 941 5114 inde
962 5057 1121 5113 enim
1173 5063 1443 5115 mortuus
1502 5061 1658 5116 unde
1714 5079 1816 5117 na-

132 5152 280 5205 tus.
317 5146 474 5202 Bene
502 5165 639 5221 ergo
672 5148 941 5205 Christus
970 5151 1036 5202 ut
1066 5147 1155 5203 leo
1188 5148 1495 5220 requievit,
1547 5150 1648 5223 qui
1703 5169 1817 5207 non

128 5235 358 5293 solum
420 5237 626 5293 mortis
672 5236 1048 5293 acerbitatem
1073 5254 1188 5291 non
1256 5236 1472 5305 timuit,
1541 5240 1640 5295 sed
1672 5245 1728 5295 et
1759 5242 1815 5296 iu

124 5326 296 5399 ipsa
344 5326 548 5381 mortis
606 5327 918 5400 imperium
974 5325 1127 5380 vicit.
1183 5327 1345 5392 Quod
1405 5332 1596 5382 autem
1655 5328 1813 5400 dicit,

126 5416 301 5484 Quis
326 5416 614 5471 suscitabit
645 5433 769 5471 eum
797 5416 949 5484 (Gen.
984 5431 1130 5479 κων,
1161 5414 1217 5479 9)
1246 5414 1274 5470 ?
1295 5416 1441 5481 Quia
1473 5417 1671 5473 nullus
1704 5420 1813 5474 nisi

120 5507 309 5576 ipse,
334 5505 507 5573 juxta
536 5506 692 5577 quod
728 5505 852 5577 ipse
882 5506 959 5559 ait
987 5520 1000 5558 :
1033 5504 1239 5559 Solvite
1280 5507 1543 5577 templum
1595 5508 1711 5577 hoc,
1766 5516 1820 5564 et

118 5597 215 5653 in
250 5593 438 5649 triduo
469 5595 798 5653 resuscitabo
829 5593 970 5649 illud
1027 5595 1205 5666 (.Ioan.
1272 5610 1330 5648 ιι.
1385 5596 1492 5669 19).
1552 5598 1665 5653 Non
1724 5598 1818 5655 de-

118 5683 307 5760 ﬁciet
336 5683 455 5740 duc
477 5684 721 5753 delude,
749 5689 808 5742 et
838 5682 1063 5757 reliqua
1088 5682 1413 5757 (6871.10.18,
1448 5686 1502 5755 9,
1538 5687 1646 5758 10).
1698 5687 1817 5744 Hoc

1930 4695 2059 4751 stoli
2090 4695 2118 4749 ‘t
2155 4694 2355 4761 Qui,ut
2377 4711 2555 4769 supra
2586 4693 2938 4763 diximus,ex
2966 4691 3082 4748 illis
3112 4691 3257 4747 locis
3287 4691 3575 4762 assumpti

1930 4788 2088 4851 sunt,
2122 4782 2191 4836 de
2223 4781 2435 4853 quibus
2466 4774 2717 4838 dicitur:
2747 4786 2969 4838 Mittam
3018 4789 3296 4837 venatores
3352 4780 3574 4849 multos,

1928 4882 1980 4928 et
2008 4872 2357 4927 venabantur
2384 4886 2473 4926 vos
2501 4872 2561 4925 in
2591 4873 2743 4926 omni
2770 4880 2947 4927 monte
3006 4872 3223 4941 (Jerem.
3284 4886 3390 4930 xw,
3471 4868 3574 4939 16).

1928 4970 2154 5027 [sachar
2184 4970 2371 5023 asinus
2398 4970 2562 5039 fortis
2593 4969 2746 5039 (Gen.
2798 4986 2947 5038 κως,
3007 4968 3115 5038 14).
3171 4966 3426 5031 lsachar,
3476 4964 3577 5038 qui

1929 5058 2345 5130 interpretatur
2376 5073 2597 5122 merces,
2629 5057 2875 5112 refertur
2898 5056 2968 5110 ad
3000 5054 3281 5128 populum
3312 5053 3575 5127 gentium

1928 5164 2105 5219 quem
2143 5146 2422 5202 Dominus
2454 5145 2761 5217 sanguinis
2793 5144 2885 5199 sui
2911 5144 3095 5215 pretio
3120 5146 3410 5198 mercatus
3465 5148 3575 5199 est.

1929 5236 2031 5291 Hic
2064 5234 2298 5291 lsachar
2328 5234 2532 5289 asinus
2564 5235 2729 5290 fortis
2755 5233 3051 5298 scribitur,
3084 5232 3223 5303 quia
3256 5232 3417 5304 prius
3475 5250 3575 5305 ρο-

1928 5324 2103 5399 pulus
2120 5322 2358 5397 gentilis
2382 5321 2549 5395 quasi
2584 5323 2821 5377 brutum
2853 5327 2910 5377 et
2933 5320 3300 5376 luxuriosum
3334 5321 3574 5390 animal,

1928 5413 2207 5485 nullaque
2239 5412 2463 5467 ratione
2488 5410 2769 5475 substitit,
2799 5411 2896 5465 sed
2932 5411 3307 5482 postmodum
3356 5410 3570 5483 jugum

1927 5501 2246 5574 disciplina:
2288 5500 2631 5571 evangelica:
2665 5499 2912 5554 libenter
2949 5499 3218 5571 portavit.
3271 5499 3370 5553 llic
3425 5516 3580 5555 accu-

1928 5594 2059 5649 bans
2081 5594 2225 5647 inter
2251 5593 2541 5660 terminos,
2576 5590 2711 5646 vidit
2744 5591 2987 5662 requiem
3037 5588 3177 5661 quod
3227 5590 3361 5644 esset
3414 5588 3577 5659 bona,

1927 5687 1978 5742 et
2033 5685 2239 5740 terram
2286 5679 2426 5754 quod
2463 5681 2669 5754 aptiyna
2698 5678 2875 5757 .(Ibid.
2914 5680 3022 5755 15).
3082 5678 3239 5739 Inter
3293 5678 3580 5735 terminos
