4084 6176
481 317 638 389 1378

1969 323 2361 393 APPENDIX
2373 368 2387 388 .

3728 322 3887 401 ιθπφ

475 458 671 514 autem
699 455 912 516 cubare
943 457 1455 533 ‘,—est.praestolato
1487 459 1692 518 mundi
1725 462 1839 518 (ine
1879 459 2110 533 requie-
2142 465 2197 531 Α
2225 461 2502 518 cornibus
2533 460 2857 534 potestatis.
2891 462 3032 530 Quis
3060 464 3267 520 autem
3316 458 3541 521 nesciat
3594 460 3880 525 semitam

480 545 932 621 scere,nihilque
953 547 1022 604 de
1044 548 1114 604 iis
1135 566 1261 621 qua:
1293 568 1448 607 nunc
1478 555 1781 607 versantur
1814 551 1871 605 in
1898 551 2110 618 medio,

478 650 755 706 quaerere,
789 637 888 693 sed
922 636 1129 694 ultima
1158 640 1512 697 desiderare.
1570 642 1639 696 Et
1698 642 1861 696 fortis
1914 641 2118 696 asinus

476 726 738 797 requiem
770 732 826 782 et
854 732 1067 783 terram
1118 729 1399 800 optimam
1450 730 1625 797 videt,
1677 746 1811 786 cum
1868 727 2117 801 simplex

476 814 777 887 gentilitas
798 816 1013 873 idcirco
1046 835 1106 872 se
1137 818 1209 872 ad
1258 819 1436 873 robur
1476 818 1613 874 boni
1670 819 1862 891 operis
1923 817 2114 889 erigit.

460 903 611 983 quia
640 904 711 958 ad
734 908 957 959 aeternas
988 906 1114 961 vitia
1149 907 1398 977 patriam
1458 909 1665 963 tendit.
1715 909 1874 964 Unde
1932 908 2108 962 etiam

471 992 713 1064 apponit
738 992 1050 1049 humerum
1084 1013 1258 1051 suum
1291 998 1360 1051 ad
1396 998 1769 1068 portandum,
1806 997 1943 1069 quia
1973 996 2115 1050 dum

472 1082 544 1136 ad
575 1081 925 1152 promissam
957 1083 1216 1154 requiem
1250 1084 1543 1156 pervenire
1574 1086 1885 1153 desiderat,
1911 1089 2119 1139 cuncta

469 1172 883 1226 mandatorum
907 1188 1086 1227 onera
1115 1171 1363 1229 libenter
1392 1180 1598 1245 portat.
1634 1175 1795 1230 Unde
1824 1176 2006 1229 factus
2025 1178 2114 1229 est

469 1259 707 1314 tributis
728 1261 1006 1327 serviens,
1043 1261 1149 1316 hoc
1197 1268 1304 1331 est,
1365 1263 1589 1319 Christo
1640 1264 1757 1336 regi
1814 1281 1932 1320 suae
2005 1264 2116 1317 fide

469 1347 623 1403 bona
653 1355 707 1403 et
746 1365 987 1421 operum
1044 1350 1325 1405 bonorum
1380 1353 1628 1407 offerens
1681 1369 1946 1409 numera.
1999 1354 2115 1407 Dan

459 1434 732 1507 judicabit
757 1438 1021 1508 populum
1054 1455 1215 1492 suum
1244 1441 1382 1494 sicut
1412 1441 1538 1494 alia:
1588 1442 1764 1495 tribus
1812 1443 1869 1495 in
1928 1441 2113 1495 Israel.

466 1526 587 1581 Fiat
617 1526 737 1580 Dan
765 1527 985 1582 coluber
1040 1529 1100 1582 in
1154 1530 1266 1593 via,
1318 1535 1550 1583 cerastes
1591 1531 1649 1583 in
1703 1532 1903 1584 semita
1963 1528 2113 1599 (Gen.

465 1632 616 1685 XLIX,
650 1615 737 1682 46,
774 1616 883 1687 17),
916 1620 973 1670 et
1003 1616 1248 1687 reliqua.
1302 1617 1513 1672 Dicunt
1543 1618 1784 1689 quidam
1824 1617 2114 1672 Antichri-

468 1708 630 1759 stum
650 1720 753 1775 per
776 1703 896 1758 base
928 1704 1101 1759 verba
1118 1704 1439 1775 prtedicide
1470 1705 1583 1761 ista
1618 1706 1768 1761 tribu
1803 1707 2110 1774 futurum”,

467 1807 572 1863 pro
603 1807 669 1847 eo
702 1792 857 1863 quod
891 1791 1002 1847 hoc
1032 1791 1155 1848 loco
1186 1793 1310 1849 Dan
1341 1800 1398 1849 et
1455 1793 1692 1850 coluber
1721 1794 2002 1851 usseritur
2060 1798 2116 1850 et

470 1880 831 1949 mordens,et
853 1881 1003 1952 quod
1041 1880 1396 1938 intertribus
1429 1883 1604 1938 Israel
1637 1885 1867 1956 primus
1902 1889 2018 1939 Dan
2044 1886 2114 1939 ad

467 1967 804 2040 aquilonem
837 1973 1287 2026 castrametatus
1318 1976 1425 2040 est,
1448 1971 1611 2028 illum
1642 1973 1979 2045 significans
2013 1972 2112 2044 qui

468 2074 531 2114 se
561 2058 618 2112 in
651 2056 933 2114 lateribus
960 2059 1250 2131 aquilonis
1283 2062 1482 2117 sedere
1515 2063 1656 2117 dicit
1686 2063 1868 2134 (Num.
1904 2080 1964 2117 ιι.
1998 2064 2109 2131 25),

466 2151 524 2203 et
548 2147 619 2202 de
649 2164 763 2219 quo
795 2148 1117 2220 ﬁguraliter
1146 2149 1287 2204 dicit
1318 2151 1597 2222 propheta
1631 2168 1643 2205 :
1705 2154 1739 2207 A
1776 2154 1896 2207 Dan
1953 2152 2111 2206 audi-

465 2244 550 2293 tus.
570 2241 647 2291 est
674 2236 936 2308 fremitus
964 2254 1233 2307 equorum
1260 2240 1375 2310 ejus
1407 2240 1631 2310 (Jerem.
1664 2258 1786 2309 vux,
1830 2241 1940 2308 46).
2001 2239 2109 2307 Qui

466 2342 581 2380 non
611 2325 804 2380 solum
846 2325 1104 2393 coluber,
1164 2330 1265 2381 sed
1322 2328 1498 2383 etiam
1543 2336 1801 2397 cerastes
1849 2335 2106 2384 vocatur.

386 2451 392 2458 ι
464 2414 673 2487 Κὲρατα
702 2414 858 2470 enim
888 2416 1081 2471 Graece
1109 2432 1317 2471 cornua
1339 2417 1637 2473 dicuntur.
1671 2419 1921 2491 Serpens
1971 2435 2108 2491 ergo

462 2503 560 2560 ille
588 2507 872 2560 cornutus
901 2521 1028 2560 esse
1060 2504 1418 2576 perhibetur,
1450 2524 1552 2578 per
1577 2525 1752 2579 quem
1785 2508 1958 2580 digne
1989 2513 2105 2562 An-

466 2592 777 2648 tichristus
794 2593 1244 2665 asseritur,quia
1263 2599 1467 2651 contra
1488 2596 1664 2651 vitam
1690 2596 1949 2651 ﬁdelium
1971 2614 2104 2652 cum

463 2699 663 2745 morsu
719 2682 1002 2754 pestiferm
1060 2682 1486 2755 praedicationis
1544 2685 1872 2741 armabitur
1927 2686 2103 2742 etiam

535 2841 549 2875 ¹
579 2841 659 2896 Ex
684 2842 980 2915 Gregorio,
1011 2842 1108 2915 lib.
1148 2845 1173 2898 1
1207 2845 1403 2900 Mora].
1438 2862 1486 2899 c.
1514 2846 1568 2899 6.

531 2915 553 2988 ξ
583 2915 662 2988 Ex
693 2914 990 2988 Gregorio,
1014 2914 1114 2988 lib.
1149 2933 1279 2971 xxxi
1302 2916 1503 2972 Moral.
1528 2935 1577 2972 c.
1613 2918 1699 2973 40.

530 2983 553 3019 ³
599 2987 661 3041 In
691 2983 860 3044 Corb.
897 2983 1007 3043 ms.
1040 2987 1127 3043 sic
1158 2988 1374 3044 desinit
1409 3005 1421 3042 :
1458 2989 1717 3045 Asccnsor
1743 2993 1841 3062 qui
1869 2995 1966 3059 cst,

2223 551 2622 622 angustiorem
2647 568 2775 608 esse
2797 569 2974 624 quam
3003 552 3153 609 viam
3182 552 3211 610 ‘?
3236 552 3322 609 Fit
3363 569 3499 627 ergo
3552 552 3678 609 Dan
3732 553 3886 611 colu-

2224 639 2326 695 ber
2355 641 2413 696 in
2438 641 2549 706 via,
2582 641 2719 713 quia
2748 641 2806 696 in
2848 643 3153 714 praesentis
3216 644 3343 698 vitae
3411 642 3739 699 latitudine
3785 659 3884 699 eos

2222 728 2523 785 ambulare
2556 736 2847 802 provocat,
2879 732 3096 802 quibus
3137 731 3307 804 quasi
3365 731 3661 803 parcendo
3724 730 3889 787 blan-

2225 818 2420 874 ditur:
2454 820 2557 875 sed
2608 820 2667 874 in
2698 821 2791 876 via
2822 821 3067 887 mordet,
3101 824 3240 891 quia
3266 837 3366 877 eos
3396 821 3621 892 quibus
3642 819 3882 876 liberta-

2223 908 2342 961 tem
2374 906 2596 977 tribuit,
2630 908 2843 963 erroris
2876 908 2967 964 sui
3000 924 3241 965 vonemo
3289 910 3607 965 consumit.
3654 909 3750 964 Fit
3797 926 3879 965 ce-

2223 1000 2408 1052 rastes
2438 996 2496 1051 in
2528 996 2738 1052 semita
2771 1015 2783 1064 ;
2818 997 2959 1070 quia
2988 1015 3134 1069 quos
3156 997 3356 1054 ﬁdeles
3390 997 3625 1070 reperit,
3664 1002 3726 1053 et
3747 1015 3871 1056 sese

2227 1084 2379 1140 inter
2406 1090 2658 1157 augusta
2706 1087 2971 1158 praecepti
3033 1085 3285 1143 caelestis
3336 1087 3547 1142 itinera
3588 1087 3881 1143 constt-in.

2227 1179 2449 1246 gentes,
2490 1174 2811 1230 nonsolum
2869 1175 3134 1247 nequitia
3190 1175 3417 1232 callidae
3473 1175 3878 1247 persuasionis

2227 1262 2474 1334 impetit,
2508 1264 2605 1318 sed
2639 1263 2811 1318 etiam
2843 1268 3059 1319 terrore
3093 1265 3397 1336 potestatis
3430 1264 3674 1336 premit,
3709 1270 3769 1319 et
3827 1267 3878 1320 in

2228 1352 2651 1423 persecutionis
2675 1351 2976 1424 languore,
3009 1358 3139 1426 post
3170 1353 3450 1409 beneficia
3480 1354 3623 1407 ϐείω
3679 1354 3881 1410 dulce-

2226 1440 2381 1496 dinis
2411 1446 2638 1497 exercet
2667 1458 2887 1497 cornua
2916 1443 3239 1513 potestatis.
3278 1443 3476 1514 Equus
3520 1442 3655 1511 iste,
3709 1446 3877 1514 cujus

2227 1528 2478 1601 ungulas
2499 1535 2749 1586 cerastes
2770 1532 3034 1587 mordere
3056 1531 3456 1601 dicitur,hunc
3480 1532 3781 1587 mundum
3804 1533 3883 1588 in-

2226 1616 2442 1688 sinuat,
2475 1619 2575 1689 qui
2608 1636 2708 1690 per
2737 1617 3046 1675 elationem
3099 1637 3268 1676 suam
3336 1621 3396 1675 in
3446 1637 3621 1675 cursu
3686 1620 3881 1677 laben-

2226 1705 2374 1761 tium
2410 1710 2743 1779 temporum
2762 1714 3020 1779 spumat.
3055 1714 3122 1763 Et
3152 1709 3291 1780 quia
3316 1708 3723 1766 Antichristus
3781 1726 3880 1766 ex-

2222 1799 2411 1852 trema
2437 1796 2641 1850 mundi
2674 1796 2853 1868 hujus
2882 1796 3321 1869 apprehendere
3353 1798 3578 1867 nititur,
3626 1804 3883 1855 cerastes

2228 1883 2339 1939 iste
2376 1884 2512 1957 equi
2563 1885 2815 1957 ungulas
2872 1886 3139 1941 mordere
3176 1885 3539 1957 perhibetur.
3621 1887 3885 1960 Ungulas

2229 1973 2445 2045 quippe
2475 1973 2606 2044 equi
2642 1975 2927 2042 mordere,
2961 1979 3051 2030 est
3079 1979 3339 2031 extrema
3370 1973 3569 2031 saeculi
3624 1975 3882 2032 feriendo

2225 2063 2579 2134 contingere.
2646 2065 2706 2120 Ut
2753 2063 2915 2119 cadat
2969 2064 3273 2119 ascensor3
3327 2066 3442 2137 ejus
3491 2072 3642 2121 retro
3719 2067 3877 2136 (Ibid.

2223 2153 2332 2223 17),
2368 2152 2537 2207 Plebs
2568 2152 2823 2207 inﬁdelis
2843 2153 3068 2219 Judzea,
3096 2154 3310 2209 erroris
3341 2152 3434 2209 sui
3491 2152 3730 2225 laqueis
3782 2172 3873 2210 ωδ

2221 2244 2448 2312 pta,pro
2476 2241 3143 2297 ChristoAntichristum
3167 2245 3481 2314 exspectat.
3505 2242 3667 2298 Bene
3689 2243 3871 2299 Jacob

2219 2331 2424 2386 eodem
2453 2329 2577 2386 loco
2600 2338 2834 2401 repente
2865 2331 2923 2385 in
2955 2329 3272 2387 electorum
3296 2347 3494 2387 vocem
3548 2348 3871 2388 conversus

2218 2423 2307 2475 est
2372 2418 2592 2485 dicens,
2653 2418 2907 2474 Salutare
2958 2423 3115 2474 tuum
3188 2420 3522 2491 exspectabo,
3590 2423 3869 2476 Domine:

2216 2507 2274 2562 id
2297 2512 2404 2577 est,
2437 2525 2552 2563 non
2593 2506 3028 2564 sicutinfideles
3072 2506 3514 2576 Antichristum,
3568 2509 3673 2564 sed
3732 2525 3867 2566 eum

2217 2597 2316 2670 qui
2347 2597 2407 2653 in
2425 2596 2884 2668 redemptionem
2907 2601 3167 2653 nostram
3200 2602 3482 2654 venturus
3511 2602 3625 2669 est,
3662 2615 3865 2655 verum

2216 2687 2387 2743 credo
2413 2685 2663 2742 ﬁdeliter
2689 2686 3009 2742 Christum.
3043 2689 3245 2742 Amen.

2211 2849 2457 2920 quisquis
2488 2848 2878 2918 iniquitatibus
2933 2848 3094 2920 hujus
3142 2846 3336 2903 mundi
3385 2848 3705 2918 extollitur,
3765 2847 3863 2919 qui

2213 2927 2361 2976 retro
2390 2936 2587 2975 canere
2605 2920 2828 2974 dicitur.

773 3354 939 3446 DE
1010 3354 2151 3452 BENEDICTIONIBUS
2217 3359 2608 3453 JACOB
2678 3357 3543 3453 PATBIARCHZE.

1776 3584 2012 3646 ALIUD
2059 3585 2157 3647 EX
2169 3585 2268 3646 EM
2283 3586 2481 3646 PLAR
2508 3586 2548 3643 ¹.

520 3941 903 3998 Sacrosancta
933 3944 1108 4012 atque
1141 3957 1395 4012 praesaga
1441 3944 1778 3997 sanctorum
1832 3940 2090 3997 Patriar-
2125 3942 2166 4008 (ζ
2206 3940 2382 3996 finem
2407 3945 2635 3996 servata
2662 3943 2819 3995 sunt.
2853 3938 2988 4002 Quae
3041 3954 3178 4009 ergo
3237 3938 3420 4008 [antea
3480 3935 3603 4009 ego]
3664 3936 3853 3993 histo-

449 4030 693 4086 charum
741 4029 1086 4099 benedictio,
1150 4046 1276 4101 quae
1330 4046 1431 4102 per
1487 4030 1767 4102 Spiritum
1826 4035 2094 4085 sanctum

449 4123 624 4191 atque
654 4136 717 4174 os
745 4119 895 4174 beati
917 4119 1096 4174 Jacob
1129 4117 1379 4191 singulis
1409 4123 1498 4174 est
1518 4120 1870 4191 competenti
1910 4118 2095 4191 quali-

447 4212 565 4265 tate
624 4207 959 4277 distributa,
1020 4224 1126 4263 nec
1176 4224 1278 4280 per
1334 4208 1533 4263 omnia
1590 4225 1763 4264 sensu
1806 4207 2090 4262 litterario

447 4295 918 4370 potestintelligi,
952 4297 1206 4353 maxime
1237 4313 1371 4353 cum
1426 4298 1580 4353 idem
1643 4298 1846 4353 beatus
1906 4297 2090 4352 Patri-

444 4387 624 4443 archa
651 4387 827 4456 dicat,
860 4389 924 4445 Ut
946 4390 1267 4444 annuntiem
1299 4388 1445 4443 vobis
1500 4404 1619 4458 quae
1675 4391 1903 4443 ventura
1966 4394 2096 4441 sunt

447 4478 509 4533 in
538 4478 847 4532 novissimis
874 4476 1063 4533 diebus
1093 4478 1246 4548 (Gen.
1308 4494 1458 4538 xle,
1507 4478 1580 4546 1),
1641 4493 1746 4531 nec
1806 4476 1887 4531 ita
1940 4481 2094 4531 exte-

447 4565 686 4622 nuanda
727 4581 831 4637 per
882 4581 1127 4621 sensum
1182 4564 1582 4638 allegoricum,
1635 4570 1700 4620 ut
1750 4564 2092 4620 omnimodo

445 4654 594 4728 [ϐοά.
627 4654 1172 4725 omninojevacuari
1205 4655 1412 4712 debeat
1467 4671 1677 4711 sensus
1735 4653 2090 4710 historicus:

446 4745 587 4817 quia
606 4747 663 4801 et
690 4744 982 4816 quaedam,
1016 4743 1099 4799 uti
1131 4749 1263 4815 post
1294 4742 1643 4812 videbimus,
1673 4742 1757 4799 sic
1800 4742 1950 4815 [Cod.
1985 4743 2085 4812 ita]

447 4834 532 4891 eis
556 4833 830 4907 praedicta
850 4837 1007 4900 sunt,
1043 4835 1105 4887 ut
1136 4833 1194 4887 in
1218 4832 1480 4904 proximo
1529 4832 1796 4904 quaedam
1827 4833 1868 4900 ε,
1930 4848 2089 4904 quaa-

444 4923 582 4980 dam
614 4921 800 4979 multo
831 4926 964 4994 post
994 4921 1292 4977 venerint:
1331 4925 1525 4977 tamen
1555 4920 1726 4994 plura
1762 4938 1830 4976 ex
1858 4920 1977 4976 illis
2037 4920 2095 4975 in

522 5108 537 5139 ¹
575 5103 659 5157 Ad
694 5118 838 5157 mss.
883 5100 1008 5155 cod.
1043 5099 1409 5155 Bibliothecae
1461 5100 1520 5156 S.
1575 5099 1907 5167 Salvatoris,
1968 5116 2095 5170 quae

450 5174 723 5231 Bononiae
752 5178 859 5241 est,
891 5173 1286 5244 fragmentum
1309 5172 1416 5227 hoc
1450 5172 1872 5239 recensuimus,
1908 5188 2095 5242 neque

450 5248 610 5305 enim
639 5245 891 5326 instituti
927 5244 1108 5326 nostri
1143 5249 1468 5326 qst,_totuni
1504 5245 1852 5326 opusculum
1886 5244 2096 5326 exscri-

2207 4028 2428 4084 rialiter
2457 4028 2515 4083 in
2544 4027 2688 4100 ipsis
2719 4027 2910 4083 verbis
2940 4025 3264 4098 intelligere
3328 4042 3679 4098 possumus,
3744 4025 3867 4099 pri-

2208 4135 2368 4175 mum
2393 4119 2562 4189 quasi
2596 4118 2980 4172 fundamenta
3001 4115 3559 4187 jaciendo,donante
3590 4115 3869 4171 Domino.

2206 4207 2459 4263 strictim
2486 4207 2815 4278 pandamus
2847 4223 2858 4260 :
2893 4222 3020 4277 quae
3048 4209 3247 4259 autem
3288 4202 3652 4259 omnimodis
3712 4203 3869 4260 litte-

2206 4313 2330 4352 ram
2360 4295 2658 4368 refugiunt
2685 4294 2728 4361 ³,
2760 4312 2847 4363 ea,
2874 4311 2977 4365 per
3007 4293 3372 4366 spiritualem
3409 4291 3871 4364 intelligentiam

2205 4386 2358 4442 sicut
2376 4390 2434 4441 et
2462 4383 2711 4457 spiritali
2749 4389 2891 4439 sunt
2954 4382 3254 4438 intellectu
3297 4381 3612 4454 carpenda,
3665 4383 3868 4440 discu-

2210 4474 2452 4530 tiamus.

2836 4561 2926 4618 DE
2961 4560 3227 4617 RUBEN.

2279 4653 2467 4736 Ruben
2494 4653 2894 4725 primogenitus
2940 4666 3116 4720 meus,
3177 4654 3237 4705 tu
3289 4649 3557 4722 fortitudo
3614 4667 3767 4719 mea,
3821 4659 3877 4707 et

2198 4744 2551 4816 principium
2577 4742 2781 4799 doloris
2808 4742 2917 4796 mei
2947 4760 2965 4796 :
2994 4742 3151 4813 prior
3181 4742 3238 4794 in
3270 4739 3449 4810 donis,
3482 4740 3665 4810 major
3696 4741 3869 4813 impe-

2204 4832 2293 4886 rio
2322 4830 2479 4902 (Ibid.
2527 4833 2602 4899 3),
2664 4831 2865 4886 Patet‘
2914 4828 3121 4885 litters:
3166 4844 3409 4890 sensus,
3461 4827 3604 4900 quia
3662 4828 3869 4884 beatus

2203 4920 2381 4976 Jacob
2407 4919 2666 4992 primum
2690 4917 2875 4974 ﬁlium
2902 4919 3105 4974 Ruben
3129 4933 3198 4974 ex
3230 4916 3327 4979 Lia
3357 4932 3535 4977 uxore
3591 4934 3709 4973 sua
3736 4935 3868 4974 sus-

2274 5102 2297 5134 ²
2332 5099 2517 5155 Verba
2543 5101 2603 5154 in
2620 5099 2881 5170 proximo.
2909 5098 3181 5168 quaedam,
3207 5114 3337 5170 qua:
3368 5096 3639 5166 ejusdem
3672 5113 3869 5170 recur-

2207 5189 2277 5228 su
2299 5171 2455 5226 vocis
2482 5168 2833 5240 exciderant,
2865 5186 2896 5225 e
2940 5185 3048 5223 ms.
3103 5168 3465 5224 sutfecimus.
3510 5172 3641 5224 Mox
3700 5168 3864 5224 addit

2208 5245 2363 5298 idem
2395 5260 2537 5298 mss.
2571 5241 2790 5315 futura,
2821 5240 3090 5296 videlicet
3112 5243 3169 5296 in
3202 5240 3369 5309 ﬁnem
3397 5244 3599 5311 futura
3644 5250 3863 5295 sei-irata

450 5322 605 5385 bere,
639 5316 796 5387 quod
828 5333 1015 5387 nuper
1043 5315 1115 5371 cl.
1155 5317 1209 5371 P.
1243 5315 1640 5387 Mingarcllius
1673 5316 2095 5374 Anecdot..tom.
2136 5325 2177 5387 ι)
2212 5319 2366 5387 sunt.

457 5408 501 5445 11
521 5388 779 5461 periecit.
806 5389 963 5461 Quin
997 5388 1171 5461 etiam
1204 5387 1494 5459 quidquid
1542 5389 1650 5443 hoc
1682 5394 1771 5445 est
1792 5404 1977 5461 operae
2009 5404 2099 5461 se-

452 5457 664 5518 cundis
694 5457 853 5512 curis
875 5457 1295 5515 reservavimus
1329 5478 1342 5528 ;
1369 5457 1513 5516 nam
1544 5477 1678 5515 cum
1710 5479 1743 5516 a
1791 5457 1863 5514 cl.
1923 5476 1973 5514 ν.
2036 5459 2098 5513 Ρ.

450 5535 556 5591 Ab.
582 5528 935 5585 'l‘rombellio
968 5531 1217 5585 missum
1252 5533 1320 5586 ad
1357 5549 1462 5587 nos
1492 5537 1580 5586 est
1610 5534 1736 5603 ejus
1763 5548 1852 5586 ms
1902 5547 2100 5586 exem-

452 5606 596 5682 plar.
642 5605 879 5682 peracta
897 5604 1023 5673 jam
1055 5603 1308 5659 editione
1356 5604 1550 5676 priore
1599 5604 1701 5661 illa
1749 5609 1974 5673 nostra,
2035 5619 2101 5659 eo

452 5672 540 5740 uti
573 5672 691 5733 non
717 5672 909 5732 licuit.

2280 5388 2301 5419 ³
2333 5384 2629 5457 Legimus,
2653 5401 2777 5457 quae
2805 5394 2997 5440 autem
3018 5383 3343 5457 omnimodis
3403 5384 3651 5440 litteram
3707 5385 3859 5455 refu-

2209 5459 2367 5530 giunt
2410 5455 2473 5530 ea
2492 5473 2607 5526 per,
2650 5455 2758 5513 etc.
2792 5474 2822 5512 e
2848 5473 2958 5513 ms.
2992 5455 3146 5523 cod.,
3176 5472 3312 5511 cum
3338 5461 3512 5513 antea
3538 5461 3699 5511 esset
3744 5468 3857 5527 quae

2211 5528 2396 5601 autem
2427 5528 2614 5583 littera
2644 5530 2952 5601 refugiunt,
2985 5531 3093 5583 etc.

2280 5600 2304 5635 δ
2333 5600 2628 5655 Contrario
2659 5597 2838 5658 sensu
2871 5604 3043 5658 antea
3073 5602 3197 5656 erat
3237 5599 3409 5656 Latet.
3470 5598 3711 5666 Leviora
3763 5597 3857 5652 in-

2211 5673 2302 5731 fra
2331 5670 2743 5735 emendamus.
