4070 6166
172 323 341 395 τ3⁶1τ

1294 326 1395 397 DE
1440 334 1591 397 BEN
1600 328 2151 397 EDICTIONIBUS
2195 336 2225 393 .l
2237 332 2457 397 ACOB.

3423 330 3579 403 I378

162 466 409 540 ceperit,
443 467 545 539 qui
577 465 629 524 si
661 484 722 524 se
751 464 927 541 digne
974 473 1134 526 tanto
1158 475 1320 542 patre
1376 474 1702 537 tractasset,
1743 470 1814 525 ad
1844 472 1900 536 Α
1931 474 2017 523 tus
2046 469 2215 525 Israel
2245 469 2493 537 Domino,
2520 468 2787 540 primitiae
2814 468 3042 538 frugum
3068 471 3186 541 ejus
3209 470 3339 542 (Jer.
3368 488 3430 544 ιι,
3480 476 3536 547 3)
3557 493 3576 530 :

165 574 307 612 eum
340 556 734 630 primogenita
764 574 1128 631 regnumque
1147 558 1478 630 pertineret.
1500 558 1661 614 Unde
1684 556 1826 612 dicit

164 646 285 703 sibi
315 662 448 701 eum
482 646 963 718 primogenitum,
995 647 1161 718 quasi
1189 646 1280 702 cui
1304 647 1654 701 deberentur
1673 647 1826 701 dona

166 736 603 808 primogenita:
643 736 743 790 sed
777 740 834 791 et
881 736 1277 791 fortitudinem
1325 753 1492 790 suam
1550 752 1683 790 eum
1719 751 1823 788 no-

166 826 382 891 minat,
432 840 498 880 eo
547 824 703 895 quod
754 825 932 879 robur
982 824 1214 895 imperii
1264 826 1335 879 ad
1377 841 1510 879 eum
1559 822 1828 878 debuerit

168 914 486 970 declinare.
523 914 652 969 Haec
680 918 876 969 autem
918 930 1031 969 non
1062 913 1191 969 ideo
1220 912 1533 968 indicative
1566 911 1824 983 protulit,

171 1004 333 1076 quod
366 1004 447 1057 ita
477 1003 674 1058 futura
702 1019 831 1058 esse
865 1007 966 1057 aut
995 1001 1339 1073 praeviderit,
1400 1001 1485 1055 vel
1545 1000 1824 1068 voluerit;

171 1094 283 1149 sed
313 1098 379 1149 ut
409 1109 545 1148 cum
583 1109 684 1164 per
712 1090 833 1147 haec
865 1091 1020 1147 dicta
1050 1092 1149 1163 ad,
1182 1090 1586 1163 pmnitentiam
1629 1089 1830 1144 cohor-

173 1187 424 1248 taretur,
458 1199 591 1237 cum
609 1182 907 1250 recoleret,
932 1198 965 1235 a
988 1185 1206 1252 quanta
1228 1180 1514 1252 dignitate
1538 1179 1828 1251 peccando

172 1272 515 1328 decidisset.
562 1270 727 1326 Unde
775 1269 934 1338 dicit,
984 1274 1033 1324 et
1087 1271 1429 1341 principium
1477 1269 1679 1324 doloris
1719 1269 1833 1322 mei

171 1360 366 1431 (Ibid.)
396 1378 408 1426 ;
445 1358 803 1432 principium
844 1375 1098 1430 namque
1129 1357 1347 1412 doloris
1371 1356 1526 1412 illius
1567 1358 1696 1423 fuit,
1730 1355 1829 1427 qui

172 1448 371 1521 ruptis
400 1447 760 1503 castimonia:
793 1446 1061 1517 habenis,
1085 1447 1330 1503 infrenis
1361 1447 1531 1502 irruit
1564 1447 1668 1502 'ad
1702 1462 1832 1500 cou-

173 1538 567 1610 stuprandam
591 1538 905 1607 conjugem
933 1536 1139 1607 patris,
1158 1552 1287 1607 quae
1306 1552 1397 1591 res
1417 1551 1530 1590 non
1554 1533 1832 1590 mediocri

177 1626 381 1683 dolore
412 1642 547 1682 eum
572 1624 913 1681 stimulasse
934 1625 1228 1680 credenda
1256 1631 1363 1680 est.
1427 1625 1578 1679 Bene
1636 1629 1834 1679 autem

181 1717 394 1773 dicitur
424 1714 772 1791 pripcipium
808 1713 1025 1769 doloris
1049 1714 1179 1783 iste,
1213 1714 1351 1786 quia
1380 1718 1437 1768 et
1466 1711 1676 1785 reliqui
1720 1712 1834 1767 fra-

1936 557 2032 629 qui
2068 558 2346 613 fortitudo
2378 556 2536 613 illius
2572 557 2699 616 fuit.
2734 558 2967 628 quando
3025 558 3208 627 (Forte
3256 564 3579 636 quondam)

1938 647 1993 700 in
2028 645 2376 718 patriarchis
2409 652 2463 701 et
2495 646 2796 717 prophetis
2848 650 2905 699 et
2965 647 3185 703 cmteris
3243 651 3578 723 quibusque

1935 734 2270 789 fortissimis
2317 734 2458 789 viris
2488 740 2690 790 contra
2737 734 3128 791 idololatriam
3180 742 3237 791 et
3306 738 3577 796 vitiorum

1937 824 2198 878 omnium
2239 824 2531 895 impuram
2553 829 2838 879 catervam
2874 825 3097 880 fortiter
3125 827 3445 895 dimicavit,
3478 831 3579 902 qui

1936 918 2131 968 tamen
2154 913 2505 984 principium
2529 913 2745 968 doloris
2765 914 2894 983 ejus
2920 915 3235 984 praeexistit
3255 917 3295 982 ³,
3346 921 3582 990 quando

1938 1002 2279 1057 adveniente
2310 1002 2604 1056 Salvatore
2636 1003 2693 1057 in
2735 1002 3141 1060 incredulitate
3198 1022 3574 1076 permanens,

1938 1092 2263 1146 doctrinam
2295 1090 2452 1145 illius
2485 1091 2780 1163 suscipere
2804 1097 2996 1147 mente
3021 1093 3247 1150 tumida
3269 1098 3579 1153 recusavit.

1940 1180 2100 1235 Unde
2133 1180 2623 1235 Dominusvidens
2655 1180 2943 1235 civitatem
2981 1181 3328 1251 Jerusalem,
3354 1184 3585 1242 ﬂevisse

1940 1269 2196 1323 dicitur:
2257 1272 2313 1323 et
2369 1269 2423 1323 in
2484 1268 2680 1323 Lazari
2775 1269 3219 1327 resuscitatioue
3285 1290 3387 1345 pro
3452 1276 3582 1344 ejus

1942 1357 2138 1430 populi
2163 1359 2417 1412 caecitate
2449 1357 2803 1428 laerymatus
2835 1375 2962 1413 esse
3021 1360 3381 1430 perhibetur.
3432 1364 3580 1419 Cum

1942 1452 2134 1502 autem
2168 1446 2400 1513 dicitur,
2440 1448 2594 1517 prior
2626 1448 2683 1500 in
2714 1446 2909 1501 donis:
2955 1448 3286 1503 ostenditur
3341 1451 3580 1522 quidem

1943 1536 2311 1606 praecessisse
2367 1535 2638 1590 eumdem
2697 1535 2979 1606 populum
3031 1538 3582 1596 muneribusaDeo

1944 1623 2195 1689 collatis,
2256 1618 2711 1679 subsecuturam'
2756 1640 2888 1678 vero
2936 1626 3200 1696 gentium
3238 1627 3583 1696 Ecclesiam,

1946 1730 2073 1784 quae
2134 1713 2355 1768 eisdem
2398 1717 2457 1767 at
2515 1710 2696 1766 multo
2744 1712 3069 1783 potioribus
3125 1718 3283 1769 esset
3309 1716 3586 1773 donanda

180 1813 300 1863 tres
328 1804 588 1862 accusati
621 1808 760 1860 sunt
780 1820 815 1859 a
846 1804 1015 1859 beato
1047 1802 1265 1874 Joseph
1298 1803 1452 1875 apud
1479 1805 1703 1873 patrem
1724 1800 1835 1856 cri-
1866 1843 1914 1908 Β
1946 1800 2421 1856 charismatibus.
2457 1802 2600 1855 Cum
2620 1816 2751 1855 vero
2774 1801 3100 1873 subiungit,
3133 1803 3309 1874 major
3328 1804 3587 1875 imperio,

177 1896 341 1952 mine
363 1894 639 1966 pessimo.
665 1892 826 1957 Quod
854 1895 1049 1947 antem
1069 1891 1171 1959 ait,
1194 1893 1351 1963 prior
1368 1892 1425 1947 in
1441 1890 1827 1963 donis(Ibid.),

177 1985 252 2041 ad
288 1980 676 2055 primogenita
706 1980 959 2053 pertinet
974 1996 1102 2051 quae
1121 1979 1203 2035 illi
1233 1984 1514 2052 tanquam
1539 1978 1830 2051 primoge-

177 2073 307 2130 nito
332 2071 731 2128 debebantur:
766 2069 924 2141 quod
953 2084 1087 2124 vero
1127 2067 1453 2140 subjungit,
1485 2068 1661 2140 major
1726 2067 1831 2121 im-

172 2164 332 2236 perio
362 2160 571 2233 (Ibid.),
603 2162 803 2231 aperte
829 2156 1163 2214 declaratur
1193 2158 1265 2213 ad
1297 2173 1431 2213 eum
1454 2154 1831 2227 pertinuisse,

179 2257 249 2308 ut
278 2252 352 2306 de
380 2250 508 2321 ejus
529 2248 754 2306 semine
785 2263 951 2320 reges
1007 2246 1372 2318 reliquorum
1398 2246 1651 2301 fratrum
1674 2260 1835 2299 crea-

180 2344 408 2397 rentur.
441 2338 602 2404 Quod
622 2353 753 2392 vero
784 2335 885 2403 ait,
907 2336 1110 2407 e/fusus
1141 2351 1195 2391 es
1223 2336 1367 2392 sicut
1396 2352 1541 2406 aqua
1568 2332 1728 2404 (Ibid.
1753 2334 1831 2399 4).

182 2430 343 2489 hunc
383 2427 858 2484 habetsensum:
910 2425 1076 2481 Sicut
1130 2441 1284 2496 aqua
1343 2441 1472 2496 quae
1530 2439 1664 2479 vase
1720 2413 1855 2477 non'

183 2518 515 2583 cohibetur,
565 2530 1038 2588 quaquaversum
1104 2514 1254 2580 ﬂuit,
1312 2518 1370 2570 et
1418 2512 1517 2569 ubi
1565 2510 1839 2567 declivior

185 2608 357 2663 locus
385 2603 755 2660 humiliorem
787 2620 850 2659 se
880 2602 1211 2676 praebuerit,
1245 2606 1363 2658 toto
1404 2602 1627 2672 impetu
1684 2598 1836 2655 deci-

186 2698 314 2753 dit:
350 2696 427 2751 ita
456 2699 518 2749 tu
552 2692 713 2749 nulla
745 2710 1023 2749 mensura
1052 2691 1345 2765 conjugali
1375 2691 1680 2746 libidinem
1742 2705 1835 2744 co-

182 2784 454 2842 hibusti:
506 2784 607 2840 sed
653 2799 769 2854 quo
818 2786 872 2837 te
952 2782 1207 2853 impetus
1255 2780 1570 2852 voluptatis
1645 2777 1841 2834 allexit

185 2876 302 2948 [AL
336 2874 703 2943 allexerunt],
737 2887 802 2927 eo
852 2871 1140 2927 sentinam
1199 2874 1315 2925 tuae
1354 2866 1839 2940 concupiscentiae

188 2962 503 3021 ditl‘udisti.
537 2962 681 3017 Cum
712 2976 848 3016 vero
869 2960 1197 3032 subjuugit,
1238 2975 1348 3014 non
1380 2974 1589 3013 crescas
1620 2956 1838 3029 (Ibid.),

191 3052 464 3126 prohibet
491 3067 627 3107 eum
656 3049 901 3105 ulterius
932 3066 967 3103 a
996 3048 1096 3103 tali
1128 3052 1187 3103 et
1216 3046 1397 3104 simili
1448 3044 1836 3118 turpitudine.

197 3142 362 3199 Unde
392 3140 450 3197 et
480 3138 766 3196 Dominus
797 3138 869 3192 ad
902 3137 1040 3194 Cain
1072 3136 1220 3201 [ϐοά.
1255 3141 1409 3204 eum]
1467 3136 1711 3191 Peccasti
1757 3142 1836 3205 tu,

1944 1907 2056 1945 non
2095 1889 2310 1944 mirum
2353 1889 2401 1944 si
2434 1887 2753 1944 honoretur
2782 1889 2984 1945 eadem
3017 1906 3183 1963 gens,
3229 1908 3356 1964 quae
3399 1894 3597 1966 prima;

1941 1978 2192 2034 credidit
2213 1976 2710 2050 praerogativa(Al.
2728 1979 3051 2051 progativo)
3070 1985 3332 2051 patrum:
3353 1984 3590 2053 quando

1946 2068 2152 2123 beatus
2165 2066 2466 2139 apostolus
2482 2065 2965 2122 Paulusmultum
2980 2084 3082 2139 per
3097 2085 3331 2125 omnem
3344 2073 3589 2128 modum

1941 2155 2200 2229 amplius
2225 2171 2355 2211 esse
2383 2156 2587 2211 Judaeo
2637 2156 2812 2211 dicat.
2865 2156 3040 2211 Addit
3088 2156 3331 2224 interea,
3376 2159 3591 2233 effusus

1937 2262 1993 2301 es
2037 2247 2180 2301 sicut
2219 2260 2383 2316 aqua,
2444 2244 2883 2299 effrenationem
2941 2243 3099 2300 illius
3142 2246 3341 2317 populi
3395 2252 3592 2305 mente

1944 2333 2346 2399 considerans,
2379 2332 2479 2403 qui
2512 2348 2883 2404 nequaquam
2913 2349 3048 2388 vase
3077 2331 3223 2406 legis
3253 2351 3319 2390 ac
3375 2352 3591 2408 praece-

1944 2428 2182 2495 ptorum
2212 2420 2545 2477 divinorum
2605 2422 2891 2477 coercitus
2949 2426 3038 2477 est
3085 2438 3363 2480 mensura
3393 2426 3434 2491 ‘,
3486 2425 3629 2481 sed?

1946 2511 2188 2583 abjectis
2242 2510 2507 2567 omnium
2565 2515 2984 2582 praeceptorum
3051 2511 3153 2568 Dei
3202 2513 3477 2579 vinculis,
3530 2516 3595 2571 in

1943 2600 2262 2657 Salvatoris
2294 2616 2492 2656 necem
2525 2603 2644 2656 toto
2676 2604 2887 2655 conatu
2919 2599 3232 2658 locutionis
3263 2620 3386 2659 sua
3434 2606 3592 2661 rivos

1945 2690 2167 2747 eli'udit.
2232 2690 2371 2745 Nam
2409 2689 2564 2760 quod
2613 2705 2715 2761 per
2757 2705 2970 2761 aquam
3020 2690 3235 2747 locutio
3292 2692 3449 2749 bona
3500 2693 3589 2750 vel

1948 2779 2102 2835 mala
2140 2778 2524 2852 significetur,
2556 2778 2856 2850 Scriptura
2893 2778 3060 2835 testis
3089 2784 3181 2836 est
3207 2781 3424 2851 divina,
3459 2800 3589 2855 quae

1956 2869 2014 2923 in
2052 2870 2207 2924 bono
2254 2868 2432 2924 dicit:
2492 2869 2645 2939 Aqua
2686 2868 2967 2939 profunda
3012 2871 3176 2925 verba
3213 2886 3283 2925 ea:
3327 2887 3420 2927 ore
3473 2874 3588 2928 viri

1946 2959 2126 3029 (Prov.
2189 2974 2349 3022 xvnr,
2408 2958 2485 3027 4),
2544 2956 2803 3028 itemque
2858 2957 2918 3012 in
2964 2958 3140 3013 malo.
3202 2960 3308 3028 Qui
3357 2961 3597 3017 dimittit

1945 3063 2149 3118 aquam
2171 3048 2336 3116 caput
2363 3049 2441 3100 est
2461 3047 2806 3117 jurgiorum.
2857 3047 3018 3111 Quod
3070 3062 3204 3103 vero
3262 3049 3589 3122 subjuugit,

1946 3139 2067 3191 Non
2093 3151 2322 3198 crescas,
2355 3135 2611 3190 ostendit
2657 3134 2928 3191 eumdem
2967 3135 3272 3207 populum,
3330 3136 3485 3193 sicut
3535 3144 3594 3195 et

191 3234 405 3304 quiesce
431 3229 585 3298 (Gen.
622 3246 696 3286 1v.
722 3230 775 3298 7,
807 3243 913 3283 sec.
947 3227 1111 3298 LXX).
1144 3228 1267 3292 Quo
1299 3230 1493 3281 autem
1542 3224 1658 3280 ista
1712 3226 1838 3279 ten-
1870 3229 1913 3296 ί]
1951 3224 2138 3281 oculis
2168 3223 2487 3291 cernimus,
2521 3223 2672 3279 inter
2700 3226 2942 3280 cunctas
2973 3229 3176 3296 gentes
3233 3226 3593 3296 paucissimo

192 3321 356 3388 dant,
392 3319 706 3391 subjuucta
724 3316 901 3373 verba
930 3319 1254 3371 testantur:
1283 3316 1417 3385 quia
1446 3312 1842 3368 ascendisticu-

191 3411 300 3466 bile
326 3410 505 3482 patris
533 3408 637 3478 tui,
672 3413 721 3462 et
752 3405 1049 3460 maculasti
1075 3407 1313 3459 stratum
1339 3404 1455 3475 ejus
1487 3402 1638 3473 (Gen.
1689 3418 1841 3462 xux.

193 3501 269 3569 li).
302 3496 607 3554 Manifesta
636 3496 792 3552 enim
826 3494 919 3549 his
939 3493 1131 3549 verbis
1173 3491 1381 3547 incesti
1414 3489 1655 3561 crimen,
1685 3488 1840 3560 quod

191 3588 295 3644 ille
321 3588 383 3643 in
420 3585 620 3643 Balam
652 3582 1041 3641 concubinam
1076 3580 1259 3653 patris
1303 3579 1396 3637 sui
1445 3578 1839 3643 commiserat,

188 3681 616 3749 exaggeratur:
651 3674 806 3745 quod
833 3689 904 3727 ne
926 3671 1018 3727 cui
1072 3672 1264 3726 forsan
1314 3668 1625 3724 violentam
1656 3666 1845 3721 videa-

194 3771 297 3822 tur
317 3782 383 3821 eo
400 3764 553 3837 quod
578 3762 850 3835 superius
882 3760 1254 3833 praemissum
1304 3762 1394 3814 est
1439 3757 1546 3829 [AL
1581 3755 1843 3828 praemis-

193 3872 332 3912 sum
356 3853 474 3927 sit].

274 3942 630 3999 Annunliabo
678 3942 824 3998 vobis
856 3956 974 4012 qua:
1006 3947 1235 3994 ventura
1263 3945 1393 3992 sunt
1445 3937 1503 3990 in
1534 3935 1845 3990 novissimis

191 4034 385 4091 diebus
412 4051 423 4089 :
459 4032 661 4089 audiat
689 4030 829 4103 quid
862 4030 1011 4084 liber
1040 4026 1523 4099 Paralipomenon
1556 4025 1627 4080 de
1658 4024 1767 4079 hac
1785 4040 1845 4079 re

188 4124 389 4181 dicat:
422 4122 560 4179 Filii
586 4135 798 4193 quoque
831 4118 1039 4186 Ruben,
1066 4118 1167 4172 iste
1217 4115 1619 4189 poimogenitus
1676 4112 1845 4169 Israel

1952 3330 2198 3370 numero
2229 3313 2624 3368 diminutum:
2661 3327 2841 3384 quare
2868 3316 3063 3368 autem
3115 3312 3228 3370 ista
3278 3330 3597 3387 perpessus

1952 3404 2047 3473 sit,
2080 3403 2394 3473 subjuncta
2422 3402 2595 3457 verba
2622 3405 2935 3469 testantur,
2976 3403 3109 3473 quia
3154 3402 3450 3459 ascendisti
3502 3421 3596 3460 cu-

1953 3492 2060 3547 bile
2083 3492 2261 3562 patris
2309 3492 2412 3556 tui,
2445 3499 2497 3546 et
2523 3491 2815 3545 maculain
2872 3498 3109 3545 stratum
3155 3493 3303 3564 ejus:
3335 3508 3440 3564 per
3495 3509 3599 3549 cu-

1952 3579 2067 3634 bile
2098 3580 2283 3650 patris
2313 3578 2398 3632 tui
2430 3578 2470 3648 δ,
2504 3594 2737 3633 carnem
2763 3578 3081 3634 Salvatoris
3110 3578 3460 3637 insinuans:
3492 3597 3599 3637 nec

1952 3667 2169 3722 mirum
2193 3664 2383 3721 cubile
2412 3665 2595 3736 patris
2627 3667 2777 3735 ejus,
2809 3669 3014 3738 gentes
3042 3670 3101 3721 et
3138 3682 3348 3738 corpus
3406 3668 3601 3723 Domi-

1954 3756 2149 3811 nicum
2181 3752 2457 3825 intelligi:
2491 3752 2629 3824 quia
2658 3754 2731 3808 ab
2760 3771 2825 3809 eo
2856 3753 3012 3808 idem
3062 3753 3314 3826 populus
3364 3760 3598 3813 creatus

1954 3849 2063 3901 est.
2098 3844 2243 3899 Nam
2275 3842 2559 3915 scriptum
2609 3841 2680 3897 de
2709 3859 2796 3910 eo,
2850 3842 3051 3898 Omnia
3092 3858 3194 3914 per
3240 3845 3422 3914 ipsum
3448 3846 3597 3917 facta

1951 3941 2079 3989 sunt
2111 3933 2287 4004 (Joan.
2324 3949 2363 3997 ι,
2413 3930 2505 4001 3);
2558 3947 2661 4002 per
2716 3934 2964 3986 stratum
3016 3948 3143 3987 vero
3190 3931 3346 3988 idem
3385 3948 3599 4005 corpus

1953 4021 2336 4094 intelligitur:
2372 4020 2525 4093 quod
2561 4019 2726 4092 quasi
2770 4037 2803 4075 a
2832 4019 3049 4075 Judaeis
3090 4020 3450 4079 maculatum
3486 4029 3597 4093 est,

1954 4111 2188 4185 quando
2238 4127 2439 4165 eorum
2484 4107 2904 4165 acclamatione
2954 4110 3236 4167 Dominus
3315 4110 3377 4166 in
3426 4129 3599 4169 cruce

182 4215 234 4287 (1
293 4213 481 4268 Paral.
536 4229 591 4281 v,
648 4211 735 4281 3):
788 4208 913 4279 ipse
962 4207 1226 4279 quippeat
1258 4204 1368 4260 fuit
1414 4202 1844 4276 primogenitus

184 4304 319 4374 ejus
345 4320 359 4369 ;
395 4300 493 4356 sed
527 4315 661 4354 cum
687 4296 964 4352 violasset
984 4302 1176 4350 torum
1200 4293 1383 4366 patris
1401 4293 1513 4359 sui,
1546 4292 1683 4346 data
1706 4294 1846 4346 sunt

177 4388 580 4466 primogenita
600 4388 729 4459 ejus
763 4384 900 4441 ﬁliis
929 4384 1168 4454 Joseph,
1205 4382 1339 4437 filiis
1373 4379 1568 4448 Israel,
1602 4384 1659 4436 et
1725 4396 1841 4435 non

178 4486 275 4539 est
295 4483 601 4553 reputatus
632 4478 692 4532 in
724 4473 1179 4549 primogenitum
1206 4490 1219 4526 :
1252 4470 1444 4544 typice
1473 4474 1670 4526 autem
1725 4469 1843 4525 Ru-

180 4573 299 4627 ben
334 4570 442 4625 iste
466 4566 894 4641 primogenitus
917 4561 1201 4636 populum
1226 4558 1842 4633 designatludaicum,
1878 4600 1921 4641 η
1952 4575 2106 4623 XLIX,
2136 4558 2213 4628 5).
2248 4556 2410 4611 Patet
2433 4554 2636 4610 litterae
2659 4572 2889 4623 sensus,
2910 4556 3048 4628 quia
3075 4555 3137 4611 hi
3161 4556 3274 4612 duo
3297 4556 3506 4613 fratres
3524 4556 3600 4613 ob

178 4660 287 4733 qui
320 4655 750 4730 primogenitus
782 4654 893 4709 fuit
923 4651 1236 4722 Dei,juxta
1268 4651 1421 4722 quod
1469 4650 1540 4705 de
1572 4648 1670 4705 illo
1724 4648 1840 4704 Do-
1875 4645 1919 4665 ”
1954 4646 2353 4703 ulciscendum
2389 4651 2659 4717 stuprum
2692 4647 2930 4714 sororis,
2980 4645 3300 4701 subornata
3347 4663 3490 4719 pace
3541 4652 3600 4701 et

180 4749 388 4805 minus
419 4747 490 4802 ad
536 4746 772 4817 Moysen
832 4742 947 4799 ait:
1007 4742 1184 4797 Filius
1238 4740 1635 4811 primogenitus
1694 4754 1842 4793 meus
1952 4737 2104 4792 {ictis
2123 4734 2399 4790 amicitiis
2431 4735 2782 4806 deccperunt
2812 4735 3055 4808 Sychem
3090 4739 3146 4791 et
3176 4736 3591 4808 Emorpatrem

179 4838 358 4895 Israel
387 4840 463 4892 est
493 4834 685 4907 (Exod.
722 4851 799 4900 1v,
830 4835 865 4886 2
903 4832 941 4904 ).
978 4831 1040 4885 Et
1084 4831 1290 4886 beatus
1318 4828 1621 4899 Jeremias,
1668 4828 1840 4881 Sanc-
1952 4825 2132 4890 illius,
2166 4841 2313 4898 quos
2347 4840 2471 4879 vasa
2505 4825 2821 4895 iniquitatis
2850 4825 3111 4881 bellantia
3143 4824 3428 4894 nominat,
3463 4823 3602 4896 quia

1953 4217 2300 4274 suspensus,
2324 4204 2380 4255 et
2408 4199 2611 4254 lancea
2640 4200 3144 4257 transverberatus
3176 4204 3351 4272 atque
3391 4216 3598 4257 cruore

1954 4291 2188 4363 proprio
2219 4294 2308 4346 est
2338 4289 2630 4359 perfusus.

2167 4376 2530 4434 SECUNDUS
2559 4377 2825 4433 PATRIA
2839 4378 3021 4433 RCHA
3037 4423 3050 4443 ,
3092 4378 3380 4435 SIMEON.

2023 4468 2237 4524 Simeon
2269 4471 2318 4521 et
2350 4467 2477 4522 Levi
2529 4483 2661 4521 vasa
2718 4468 3032 4537 iniquitatis
3088 4468 3353 4524 bellantia
3379 4470 3400 4503 ⁶
3431 4468 3590 4538 (Gen.
3624 4444 3627 4447 Δ

2022 5039 2043 5077 δ
2075 5039 2133 5097 In
2176 5057 2287 5094 ms.
2332 5040 2414 5095 tui
2446 5044 2616 5095 tacet.
2650 5038 2729 5094 Ex
2761 5057 2874 5111 quo
2906 5055 3037 5094 mox
3085 5036 3260 5094 verba
3284 5039 3487 5111 ﬁgentes
3545 5044 3601 5093 et

1948 5130 2140 5184 corpus
2172 5112 2555 5175 Dmninicum,-
2597 5109 2980 5166 emendamus
3041 5127 3144 5181 pro
3195 5109 3413 5181 quibus
3469 5114 3598 5165 erat

1948 5188 2127 5253 gentis
2154 5200 2351 5255 corpus
2383 5186 2704 5238 Dmninieaz.

2020 5249 2485 5334 fll'rose'quimur
2541 5271 2630 5334 ex"
2660 5254 2861 5308 eodem
2911 5270 3019 5308 ms.
3075 5251 3383 5334 pericopen
3431 5249 3583 5334 banc

260 5056 276 5089 ι
312 5054 499 5137 Atque
542 5050 635 5105 hic
667 5049 837 5104 irruit
867 5044 1113 5119 legimus
1143 5061 1173 5100 e
1205 5059 1347 5099 mss.
1383 5058 1484 5115 pro
1516 5059 1631 5113 quo
1670 5045 1841 5098 antea

189 5134 370 5250 ανξιῘὲ
399 5195 526 5250 cod.
561 5194 763 5248 Ruben
798 5187 1171 5263 primogeniti
1208 5185 1406 5251 Israel,
1432 5186 1556 5263 ipse
1583 5201 1831 5263 quoque.

255 5270 281 5303 ³
313 5263 667 5323 Lacuuulam
701 5258 1103 5333 supplevimus
1125 5277 1155 5314 e
1186 5275 1329 5313 mss.
1359 5258 1533 5312 verbo
1552 5258 1835 5328 prwexsli-

283 5338 437 5380 ηατηή
472 5341 638 5380 ηηίριι
670 5335 908 5380 (learnt:
945 5348 1077 5380 mox
1126 5330 1298 5380 etiam
1350 5331 1589 5380 verbum
1651 5327 1835 5380 susci-

2020 5258 2040 5291 θ
2064 5262 2304 5380 l'rosetsil

1950 5328 2124 5380 aliam
2160 5328 2229 5380 de
2291 5326 2304 5379 i

178 5342 253 5397 tit
283 5338 439 5411 quod
472 5341 643 5392 antea
670 5322 909 5390 deerat:
945 5348 1079 5387 mox
1126 5330 1298 5385 etiam
1350 5322 1590 5386 verbum
1651 5327 1835 5383 susci-

181 5427 328 5454 nnrn

1950 5328 2124 5383 aliam
2160 5322 2481 5380 deSimeon
2506 5325 2575 5379 ad
2599 5325 2772 5379 linem
2803 5340 3009 5394 usque,
3046 5322 3149 5395 pro
3182 5322 3296 5396 qua
3327 5323 3388 5378 in
3447 5322 3596 5378 Mar-

1950 5399 2140 5454 tiantei
2171 5397 2423 5452 editione
2472 5396 2638 5454 nauci
2701 5412 2903 5450 versus
2943 5412 3009 5449 ex
3065 5413 3198 5450 vero
3248 5394 3597 5454 Hieronymo

181 5427 345 5486 pere.
1950 5412 2140 5454 manem
2171 5412 2423 5452 editione
2472 5413 2638 5468 pauc:
2673 5412 2903 5476 _versus
2943 5412 3009 5449 ex
3065 5413 3198 5450 vero
3248 5412 3597 5467 meronymo

256 5486 277 5518 ‘
326 5480 514 5536 Verba
562 5478 891 5534 Divinarum
940 5475 1203 5531 coercitus
1260 5476 1334 5528 est
1387 5489 1666 5539 mensura,
1749 5470 1839 5527 sed
1946 5469 2449 5538 describebantur,
2487 5472 2829 5538 monuitque
2862 5467 2984 5538 ipse
3015 5468 3205 5525 editor
3233 5470 3443 5524 caetera
3492 5465 3597 5539 ba-

174 5556 410 5630 abjectis
437 5553 685 5608 omnium
724 5556 1146 5630 prmceptorum,
1206 5562 1334 5627 quae
1386 5544 1604 5630 ultimae
1654 5543 1836 5630 hujus
1948 5542 2065 5630 b'eri
2095 5541 2337 5627 totidem
2369 5540 2635 5630 versjbps
2695 5539 2753 5595 in
2803 5543 2859 5594 S.
2926 5539 3113 5596 Patris
3174 5538 3591 5611 Quaestionibw

175 5610 347 5685 vocis
372 5639 634 5693 recursu,
668 5610 915 5693 solemni
947 5610 1399 5677 amanuensium
1425 5617 1593 5691 lapsu
1616 5610 1839 5674 exci'ds-
1944 5613 2220 5672 Hebraicis
2248 5627 2430 5687 supra
2448 5610 2645 5667 editis.

176 5702 343 5769 rant,
373 5713 407 5758 e
436 5712 548 5756 ms.
583 5690 945 5753 suli'ecimus.
