4084 6176
458 293 483 350 Ι
495 292 612 353 379
1958 286 2082 349 ΑΡ]

2192 287 2382 351 iDlX.
3697 284 3859 351 i380

450 424 718 495 iniquum
744 420 908 477 valde
932 420 1043 477 fuit
1071 419 1387 477 amicitiam
1439 423 1838 494 praetendisse,
1875 428 1931 475 et
1966 439 2091 476 eam
2127 428 2176 488 Α
2209 423 2449 477 victoria
2479 429 2535 478 et
2568 423 2760 495 potius
2781 422 2935 480 caede
2965 423 3224 497 gloriari,
3255 423 3315 480 in
3349 440 3466 496 qua
3501 441 3618 480 non
3666 423 3859 479 virtus

448 518 650 584 postea
681 510 1024 583 prodidisse.
1058 513 1120 565 In
1148 512 1379 567 consilio
1423 528 1615 568 eorum
1662 527 1729 566 ne
1758 513 1938 566 veniat
1968 514 2093 565 ani-
2206 510 2507 566 bellatoris
2533 515 2761 583 poterat
2803 511 3052 582 laudari,
3103 513 3204 568 sed
3244 513 3442 584 potius
3489 512 3721 567 falsitas
3763 513 3861 567 de-

444 618 537 656 ma
569 617 687 655 mea
718 600 878 671 (Ibid.
934 602 1010 668 6).
1065 600 1329 656 videlicet
1360 618 1668 656 exsecrans
1725 618 1958 655 omnem
2016 601 2095 655 si-
2204 601 2457 671 ceptoris
2487 601 2745 671 coargui.
2771 603 2913 669 Quia
2943 604 2999 655 in
3031 603 3221 671 furore
3273 619 3374 658 suo
3399 602 3723 659 occiderunt
3772 603 3856 655 vi-

446 691 728 745 mulatam
790 704 1012 761 pacem.
1072 688 1234 744 Unde
1293 695 1351 743 et
1400 690 1605 743 beatus
1656 689 1831 743 David
1877 689 2094 743 talibus
2166 706 2349 759 .rum,
2408 698 2458 744 et
2505 690 2787 744 voluntate
2836 707 2936 744 sua
2982 690 3325 761 suﬂ‘oderunt
3369 708 3597 745 murum
3646 691 3854 761 (Ibid.).

443 779 776 850 quibusque
806 777 957 831 fictis
988 777 1363 849 imprecatur,
1416 780 1512 849 qui
1559 778 1861 848 loquuntur
1905 794 2095 848 pacem
2204 777 2310 831 Per
2340 779 2528 832 virum
2563 778 2811 849 Sychem
2843 777 3088 851 intelligi
3123 779 3315 842 debet,
3347 784 3404 833 et
3429 796 3533 851 per
3551 795 3693 833 eum
3726 794 3858 832 om-

441 882 567 922 cum
616 868 870 937 proximo
918 882 1036 932 suo,
1064 866 1242 920 mala
1297 874 1489 946 autem
1544 875 1674 921 sunt
1731 867 1790 920 in
1837 867 2092 921 cordibus
2202 884 2307 920 nes
2338 867 2435 938 qui
2470 868 2599 935 ejus
2630 884 2807 920 causa
2839 867 3122 939 perempti
3155 873 3298 922 sunt
3351 869 3502 939 (Gen.
3536 885 3737 934 xuiv,
3786 868 3856 921 25

441 971 647 1011 eorum.
699 956 774 1009 De
845 955 942 1009 illo
996 954 1293 1009 secundum
1357 972 1520 1025 opera
1596 956 1838 1026 ipsorum
1917 956 2087 1024 (Psal.
2198 960 2366 1027 seqq).
2401 956 2683 1011 Sutl‘ossio
2732 961 2929 1010 autem
2963 956 3113 1010 muri
3147 973 3260 1010 non
3312 957 3550 1028 quidem
3602 957 3662 1010 in
3704 956 3856 1010 libro

441 1062 615 1108 xxvu,
637 1044 690 1109 3,
723 1044 802 1110 4).
843 1044 1004 1108 Quod
1029 1059 1158 1097 vero
1191 1044 1519 1115 subjungit,
1545 1049 1601 1099 et
1622 1045 1681 1098 in
1704 1044 2088 1099 caztuillorum
2200 1045 2487 1100 Genescos
2517 1043 2730 1116 legitur
2761 1045 2977 1099 ibidem
3016 1044 3194 1100 fuisse
3221 1050 3468 1117 patrata.

437 1149 546 1188 non
576 1135 645 1187 sit
674 1133 855 1203 gloria
881 1146 1004 1184 mea
1034 1130 1186 1201 (Gen.
1214 1149 1365 1202 xux,
1398 1133 1474 1204 6),
1498 1132 1729 1188 nolebat
1751 1132 1954 1205 utique
1986 1132 2086 1187 tali

1258 1491 1657 1547 ADMONITIO
1715 1491 1787 1546 IN
1839 1490 2025 1546 DUOS
2080 1489 2491 1554 SEQUENTES
2527 1491 2952 1548 TRACTATUS
2984 1494 3023 1548 ¹.

508 1789 938 1857 Ουδεεῐίοηίὺυε
970 1786 1262 1842 Hebraicis
1292 1787 1350 1841 in
1384 1787 1675 1857 Gcnesim,
1708 1785 1964 1859 genuino
2024 1787 2355 1859 Hieronymi
2388 1787 2568 1858 operi,
2603 1788 2758 1858 quod
2792 1803 2975 1859 supra
3001 1787 3373 1844 recensuimu
3389 1804 3439 1855 s,
3470 1788 3625 1845 duos
3675 1789 3855 1847 hosce

436 1879 795 1953 apocryphos
819 1877 1123 1931 Tractatus
1155 1875 1429 1930 continuo
1460 1876 1724 1930 subdunt
1756 1875 2020 1947 plerique
2055 1893 2199 1931 mss.
2232 1875 2389 1941 libri,
2421 1893 2570 1948 quos
2601 1876 2752 1931 inter
2778 1882 2838 1931 et
2861 1892 3048 1943 meus,
3081 1893 3197 1949 quo
3220 1877 3549 1948 smpissime
3572 1883 3715 1933 utor
3741 1879 3851 1936 hoc

435 1974 616 2025 torno.
650 1969 719 2022 Et
742 1966 899 2038 prior
929 1964 1187 2037 quidem,
1220 1964 1319 2036 qui
1342 1965 1422 2019 ibi
1453 1965 1792 2035 Explanatio
1822 1965 2004 2020 decem
2060 1966 2437 2021 Tentationum
2482 1982 2552 2021 ex
2594 1966 3011 2021 Deuteronomio
3059 1965 3421 2033 inscribitur,
3468 1967 3705 2036 iamdiu
3749 1985 3855 2023 an-

435 2061 528 2113 tea
556 2056 751 2112 locum
788 2055 939 2109 inter
979 2054 1122 2109 falso
1154 2054 1374 2108 tributa
1394 2057 1448 2107 S.
1478 2053 1705 2108 Doctori
1739 2068 1914 2125 opera
1947 2054 2282 2119 obtinebat,
2316 2053 2464 2109 alter
2490 2071 2646 2119 vero,
2679 2055 2850 2124 cujus
2897 2055 3037 2110 item
3097 2053 3302 2110 titulus
3345 2055 3401 2109 in
3453 2070 3522 2111 eo
3572 2072 3694 2113 ms.
3744 2061 3853 2121 est,

433 2146 762 2218 Explanatio
785 2144 999 2199 Ca-ntici
1028 2142 1285 2199 Debborae
1305 2148 1358 2198 et
1382 2144 1593 2197 Barach
1623 2160 1692 2196 ea:
1718 2143 1858 2198 libro
1885 2142 2158 2208 Judicum,
2196 2143 2451 2213 primum
2484 2142 2805 2196 subdititiis
2838 2143 3050 2197 fetibus
3082 2160 3115 2198 a
3144 2143 3480 2198 Martianazo
3534 2144 3857 2213 adjunctus

436 2238 525 2290 est
551 2251 616 2289 ac
650 2232 941 2305 vulgatus.
975 2231 1289 2303 Utriusque
1318 2233 1649 2297 Auctorem,
1684 2247 1859 2303 quem
1893 2248 2076 2286 unum
2108 2230 2501 2301 eumdemque
2524 2246 2653 2285 esse
2700 2246 2768 2285 ex
2814 2230 2948 2302 styli
2993 2247 3059 2285 ac
3108 2231 3529 2287 sententiarum
3577 2233 3859 2289 similitn~

439 2322 575 2378 dine
605 2321 750 2377 nihil
781 2325 870 2377 est
899 2320 1168 2384 dubium,
1200 2320 1387 2374 editor
1418 2318 1832 2374 Benedictinus
1863 2336 1995 2375 eum
2030 2324 2194 2392 putat
2220 2335 2349 2374 esse
2383 2318 2704 2387 Hebraeum,
2740 2319 2936 2375 nescio
2967 2336 3140 2391 quem
3174 2337 3208 2375 a
3239 2320 3479 2375 Rabano
3540 2321 3853 2377 laudatum

428 2410 885 2466 -Prtefationibus
914 2409 1415 2464 Commentarium
1450 2409 1505 2463 in
1531 2407 1713 2463 libros
1754 2408 1977 2479 Regum
2000 2413 2056 2463 et
2086 2406 2590 2479 Paralipomenon,
2622 2423 2798 2478 quem
2831 2424 3039 2463 rursus
3066 2408 3339 2464 eumdem
3369 2425 3503 2464 cum
3565 2427 3635 2465 eo
3690 2410 3852 2479 facit,

437 2498 539 2570 qui
568 2497 629 2553 in
674 2498 834 2569 ipsos
892 2496 1112 2568 Regum
1146 2499 1202 2551 et
1229 2494 1708 2566 Paralipomenon
1740 2495 1921 2552 libros
1954 2497 2283 2565 Quwstiones
2314 2496 2623 2562 Hebraicas,
2659 2494 2803 2551 falso
2851 2495 3054 2551 itidem
3105 2496 3453 2570 Hieronymo
3503 2498 3851 2571 inscriptas,

437 2603 692 2659 moxque
723 2602 756 2640 a
786 2585 954 2641 nobis
990 2585 1485 2655 recognoscendas
1517 2584 1904 2641 concinnavit.
1941 2585 2001 2639 In
2021 2600 2197 2657 quam
2229 2599 2338 2655 ego
2377 2584 2728 2638 sententiam
2761 2600 2877 2639 non
2908 2584 3126 2640 invitus
3165 2585 3592 2641 concesserim:
3660 2588 3850 2660 siqui-

442 2676 574 2730 dem
608 2674 863 2730 maxima
890 2672 950 2727 in
984 2672 1293 2728 scribendo
1320 2674 1472 2728 inter
1500 2677 1817 2745 utrumque
1847 2673 2154 2729 intercedit
2182 2672 2399 2744 ingenii
2433 2671 2780 2727 similitudo.
2815 2672 3029 2728 Verum
3063 2689 3251 2746 neque
3281 2674 3442 2730 istud
3501 2679 3848 2747 praeteream

439 2763 921 2829 animadvertere,
956 2778 1070 2817 non
1102 2761 1283 2816 videri
1318 2763 1623 2817 Tractatus
1646 2763 1791 2841 istos
1820 2779 2138 2834 eorumque
2167 2763 2476 2817 Auctorem
2509 2760 2744 2816 Rabano
2776 2760 3123 2827 innotuisse,
3147 2779 3280 2817 cum
3312 2761 3751 2819 Deuteronomii
3783 2781 3851 2820 ac

439 2852 717 2908 Judicum
748 2851 928 2907 libros
959 2850 1455 2919 interpretaretur.
1491 2850 1751 2922 Denique
1780 2852 2167 2919 Erasmus,de
2197 2850 2408 2923 priore,
2442 2849 2599 2921 quod
2633 2849 2802 2923 plane
2828 2849 2989 2905 dicas
3019 2856 3075 2905 et
3105 2851 3175 2905 de
3204 2849 3405 2922 altero,
3465 2852 3551 2906 sic
3606 2852 3851 2923 judica-

436 2941 539 2997 vit.
571 2940 770 3013 Stylus
799 2944 889 2995 est
921 2958 1033 2995 non
1066 2939 1316 3009 alicujus
1348 2939 1688 2995 recentioris
1721 2956 1732 2994 :
1767 2947 2002 3010 apparet
2044 2940 2435 3011 fragmentum
2467 2955 2596 2995 esse
2651 2940 2991 3011 decerptum
3041 2954 3109 2993 ex
3159 2939 3606 2996 Commentariis
3657 2940 3846 2996 alicu-

431 3032 535 3103 jus
561 3048 574 3086 :
611 3047 746 3084 nam
779 3034 836 3085 et
866 3030 1179 3100 abruptum
1213 3033 1302 3085 est
1333 3028 1568 3083 initium
1600 3034 1658 3083 et
1687 3027 1956 3083 similiter
1985 3027 2220 3096 desinit,
2250 3033 2314 3082 ut
2343 3028 2565 3099 incipit.
2598 3028 2793 3099 Neque
2824 3028 2987 3083 video
3048 3045 3153 3083 cur
3183 3028 3497 3100 quisquam
3548 3028 3662 3085 hoc
3720 3029 3846 3086 exi-

440 3118 696 3175 stimarit
726 3118 1072 3190 Hieronymo
1105 3116 1504 3201 tribuend‘um,
1538 3117 1650 3173 nisi
1685 3117 1829 3172 forte
1858 3117 2137 3187 deceptus
2166 3114 2274 3170 hac
2306 3116 2662 3186 conjectura,
2723 3116 2876 3189 quod
2936 3116 3353 3188 interpretatur
3398 3116 3626 3190 aliquot
3674 3134 3850 3175 voces

442 3206 772 3262 Hebraicas.

501 3510 932 3606 DECEM
1001 3512 1865 3608 TENTATIONES
1937 3512 2388 3607 POPULI
2460 3512 2913 3606 ISBAEL
2983 3512 3114 3606 IN
3167 3512 3785 3606 DESERTO.

2188 3871 2247 3925 in
2281 3871 2472 3926 Exodo
2504 3869 2757 3943 legitur:
2789 3872 3052 3940 Jurgatus
3076 3871 3313 3941 populus
3358 3874 3551 3926 contra
3612 3873 3847 3943 Moysen

2193 3961 2298 4015 ait:
2333 3961 2413 4015 Da
2441 3960 2596 4015 nobis
2635 3977 2841 4032 aquam
2896 3962 2956 4013 ut
3010 3959 3262 4015 bibamus
3312 3960 3510 4030 (Exod.
3564 3976 3707 4031 xvn,
3764 3961 3849 4029 2),

509 3875 634 3930 Haec
660 3875 787 3928 sunt
815 3872 1004 3943 verba,
1039 3888 1154 3943 quae
1182 3871 1410 3927 locutus
1466 3880 1545 3927 est
1598 3872 1802 3943 Moyses
1847 3870 1918 3926 ad
1963 3888 2078 3927 om-

433 3979 560 4018 nem
606 3963 797 4027 Israel,
844 3964 903 4016 in
952 3963 1192 4016 transitu
1233 3961 1511 4026 Iordanis,
1556 3964 1613 4016 in
1652 3960 1969 4031 solitudine,
2023 3962 2082 4015 in

434 4051 744 4120 campestri,
800 4053 991 4103 contra
1038 4065 1188 4103 mare
1246 4049 1506 4113 Rubrum,
1558 4047 1704 4102 inter
1750 4048 1987 4101 Pharum
2034 4054 2085 4106 et

439 4138 695 4210 Thophel,
723 4141 776 4192 et
800 4138 985 4193 Laban
1034 4145 1086 4192 et
1132 4136 1356 4193 Aseroth
1385 4140 1437 4191 et
1483 4137 1611 4190 auri
1660 4136 2078 4194 abundantiam.

438 4226 695 4284 Undecim
723 4225 941 4281 dierum
970 4227 1080 4280 iter
1106 4224 1173 4280 de
1215 4226 1387 4280 IIoreb
1428 4224 1499 4280 ad
1534 4233 1772 4281 montem
1809 4225 1949 4295 Seir,
1997 4242 2082 4280 us-

433 4331 535 4389 que
565 4315 948 4371 Gades—Barac
973 4315 1150 4382 (Deut.
1187 4332 1225 4378 I,
1282 4317 1330 4381 1,
1384 4315 1458 4385 2).
1521 4313 1649 4368 Haec
1700 4318 1839 4370 sunt
1881 4314 2078 4382 verba,

435 4404 652 4476 quibus
683 4403 964 4477 corripuit
1022 4407 1245 4474 Moyses
1297 4402 1450 4457 ﬁlios
1500 4402 1675 4458 Israel
1729 4419 1833 4473 pro
1883 4403 2080 4458 decem

433 4492 879 4557 tentationibus,
914 4492 1132 4562 quibus
1165 4491 1475 4546 Dominum
1504 4494 1893 4547 tentaverunt.
1922 4491 2084 4546 Unde

434 4580 718 4637 Dominus
749 4581 806 4635 in
842 4579 987 4635 libro
1019 4580 1405 4635 Numerorum
1435 4579 1613 4635 dicit:
1652 4580 1714 4634 At
1744 4596 1929 4635 omnes
1986 4580 2082 4636 ho-

433 4672 610 4737 mines
641 4671 742 4741 qui
770 4668 1023 4725 viderunt
1053 4669 1391 4739 majestatem
1420 4685 1616 4735 meam;
1658 4677 1709 4724 et
1753 4671 1913 4739 signa
1959 4684 2085 4741 quae

431 4760 539 4831 feci
566 4759 882 4830 iangypto
933 4762 985 4814 et
1027 4759 1083 4812 in
1134 4758 1450 4828 solitudine,
1501 4764 1554 4813 et
1603 4762 1951 4814 tentaverunt
1997 4774 2086 4813 me

428 4849 548 4920 jam
570 4865 676 4920 per
701 4848 883 4903 decem
914 4849 1074 4914 vices,
1130 4863 1229 4902 nec
1265 4846 1582 4902 obedierunt
1627 4849 1746 4902 voci
1773 4863 1926 4913 meae,
1972 4864 2083 4903 non

434 4937 693 4994 videbunt
745 4940 952 4993 terram
994 4953 1091 5008 pro
1147 4952 1254 5007 qua
1302 4937 1497 5007 juran
1566 4936 1816 5008 patribus
1893 4952 2084 4991 eorum

437 5028 620 5099 (Num.
654 5044 768 5094 xw,
808 5028 900 5094 22,
930 5027 1042 5098 23).
1078 5027 1232 5092 Quas
1290 5026 1645 5080 tentationcs
1686 5024 1780 5079 hic
1833 5025 2085 5081 breviter

438 5120 495 5172 et
525 5118 771 5173 obscure
794 5116 1022 5188 Moyses
1052 5117 1359 5169 enumerat
1389 5114 1591 5170 dicens
1617 5132 1628 5169 :
1659 5114 1717 5169 In
1765 5113 2080 5181 solitudine,

438 5203 497 5259 in
530 5221 646 5277 qua
665 5205 922 5261 ostendit
941 5221 1040 5260 eos
1072 5221 1174 5277 pro
1205 5221 1366 5276 aqua:
1418 5203 1665 5275 penuria
1712 5202 1942 5257 duabus
1995 5202 2081 5257 vi-

2193 4049 2420 4112 Quibus
2453 4048 2755 4120 respondit
2803 4048 3065 4120 Moyses:
3104 4047 3247 4116 Quid
3292 4049 3614 4119 jurgamini
3652 4056 3849 4104 contra

2191 4155 2315 4193 me:
2371 4154 2472 4193 cur
2525 4140 2746 4196 tentatis
2804 4138 3091 4193 Dominum
3142 4138 3374 4209 (Ibid)?
3430 4142 3507 4192 De
3584 4138 3853 4193 secunda

2191 4228 2507 4284 tentatione
2537 4229 2618 4282 ita
2647 4227 2704 4281 in
2738 4226 2884 4282 libro
2914 4226 3305 4281 Numerorum
3353 4224 3611 4282 dicitur:
3678 4226 3849 4282 Cum-

2191 4333 2295 4388 que
2324 4317 2597 4385 indigeret
2626 4332 2770 4387 aqua
2804 4315 3067 4387 populus,
3121 4319 3231 4371 etc.
3276 4317 3465 4387 (Num.
3513 4333 3607 4381 xx,
3639 4316 3723 4386 2),
3756 4333 3855 4372 us-

2193 4422 2307 4477 que
2337 4406 2407 4460 ad
2441 4421 2575 4459 eum
2607 4403 2797 4459 locum
2831 4404 2886 4458 in
2913 4421 3028 4476 quo
3058 4403 3140 4458 ait
3167 4421 3178 4459 :
3243 4406 3346 4459 Hoc
3386 4408 3487 4468 est,
3536 4420 3689 4475 aqua
3716 4420 3849 4461 con-

2193 4494 2562 4560 tradictionis,
2590 4494 2689 4547 ubi
2709 4493 2925 4564 jurgati
2951 4499 3083 4548 sunt
3139 4494 3245 4563 ﬁlii
3289 4494 3458 4549 Israel
3495 4502 3694 4549 contra
3753 4494 3853 4550 Do-

2190 4585 2408 4638 minum
2438 4586 2487 4638 et
2516 4582 2885 4652 sanctiﬁcatus
2914 4590 2990 4636 est
3030 4585 3087 4637 in
3117 4584 3196 4637 cis
3253 4582 3393 4655 (Ibid
3477 4582 3591 4649 13).
3650 4582 3849 4639 Tertia

2194 4670 2440 4726 tentatio
2488 4671 2823 4726 continetur
2860 4670 2920 4725 in
2970 4686 3035 4726 eo
3080 4671 3235 4742 quod
3279 4669 3398 4725 ait:
3440 4672 3502 4726 In
3550 4674 3853 4743 campestri

2192 4768 2383 4816 contra
2412 4775 2562 4815 mare
2610 4759 2872 4815 Rubrum.
2925 4758 2986 4814 In
3020 4776 3136 4831 quo
3164 4758 3291 4815 loco
3325 4776 3742 4816 murmurasse
3768 4759 3853 4816 di-

2194 4853 2412 4904 cuntur
2441 4851 2642 4903 contra
2672 4847 3011 4916 Dominum,
3039 4847 3527 4919 quiaperemptos
3544 4848 3851 4921 Egyptian

2195 4938 2397 5008 fuisse,
2430 4937 2611 5009 Moysi
2646 4954 2759 4991 non
2789 4936 3160 4991 crediderunt
3188 4936 3200 4969 ¹
3233 4935 3341 4990 sibi
3377 4936 3449 4991 de
3503 4936 3686 4991 verbo
3750 4938 3850 4993 Do-

2195 5027 2337 5083 mini
2377 5025 2612 5094 dicenti,
2646 5026 2746 5081 sed
2790 5024 2983 5097 potius
3005 5041 3104 5080 eos
3125 5041 3187 5080 se
3212 5023 3495 5096 subsequi
3517 5024 3850 5080 timuerunt

2195 5115 2387 5187 (Exod.
2422 5131 2512 5182 xv,
2561 5114 2673 5186 22).
2732 5113 2898 5168 Unde
2945 5113 3197 5169 dicitur:
3253 5114 3443 5168 Patres
3500 5116 3685 5169 nostri
3738 5128 3847 5168 non

2195 5205 2585 5260 intellexerunt
2612 5203 2956 5269 mirabilia’,
3007 5207 3119 5257 etc.
3152 5203 3322 5275 (Psal.
3376 5219 3465 5268 cv,
3495 5203 3574 5274 7).
3624 5205 3843 5268 Quarta

439 5263 605 5349 cibus
637 5298 895 5349 tentasse
932 5263 1274 5349 Dominum:
1309 5295 1382 5348 De
1416 5263 1606 5365 prima
1633 5292 1951 5347 tentatione
2003 5292 2086 5346 ita
2116 5263 2158 5331 C
2196 5298 2252 5349 et
2280 5294 2486 5366 quinta
2515 5292 2757 5348 tentatio
2783 5263 3114 5348 continetur
3143 5263 3203 5347 i‘u
3230 5308 3297 5347 eo
3335 5263 3492 5364 quod
3524 5263 3609 5347 ait
3632 5263 3662 5346 ε⁷
3702 5292 3846 5348 Inter

513 5472 528 5507 ¹
560 5472 708 5528 Editi
743 5471 875 5525 libri
908 5472 1062 5527 hunc
1092 5472 1283 5527 locum
1320 5474 1643 5539 mutarunt,
1671 5469 1869 5540 legunt
1890 5470 2043 5526 enim
2072 5488 2085 5525 :

442 5546 583 5616 Quia
606 5543 952 5616 perimendos
982 5546 1048 5598 ΛΞ
1086 5546 1261 5615 ῃριίοδ
1315 5559 1426 5599 esse
1472 5543 1647 5625 Moysi
1699 5559 1810 5597 non
1854 5542 2088 5598 credide-
2268 5542 2372 5625 9'In
2407 5557 2533 5595 meo
2582 5556 2693 5595 ms.
2731 5542 2882 5599 Unde
2925 5542 3129 5597 dicitur
3149 5542 3207 5597 in
3244 5542 3487 5625 psalmo,

442 5624 593 5672 runt.
617 5607 746 5672 sibi.
774 5614 861 5672 de.
891 5619 1003 5672 etc.
1049 5562 1190 5672 glas.
1217 5630 1421 5672 omnes
1463 5618 1740 5672 retinent.
1787 5615 1942 5672 quod
1983 5630 2090 5672 nos
2195 5617 2301 5672 stri
2329 5614 2392 5670 in
2419 5612 2649 5672 Eat/pta
2677 5628 2786 5670 non
2815 5612 3203 5671 intellexerunt
3226 5612 3487 5671 mirabili

1110 5612 1190 5672 ss.
1217 5630 1421 5673 omnes
1463 5612 1740 5682 retinent,
1787 5615 1942 5686 quod
1983 5630 2090 5673 nos
2195 5614 2301 5672 stri
2329 5614 2392 5670 in
2419 5612 2649 5685 Egypto
2677 5628 2786 5670 non
2815 5612 3203 5671 intellexerunt
3226 5612 3520 5671 mirabilia
3570 5615 3682 5685 tua,
3726 5626 3836 5670 non

441 5607 746 5686 Funtfsibi,
774 5614 861 5688 de,
891 5619 1003 5673 etc.

2197 5470 2533 5595 edi‘iilmriiib
2582 5556 2693 5595 ms.
2731 5540 2882 5599 Unde
2925 5540 3129 5597 dicitur
3149 5541 3207 5597 in
3244 5541 3479 5612 psalmo,
3512 5541 3707 5596 Patres
3741 5554 3837 5595 no-
