4070 6166
196 241 365 307 1381·

1295 240 1397 305 DE
1439 242 1489 303 X
1533 241 2172 306 TENTATIONIBUS
2216 241 2524 306 ISRAEL.

3454 245 3476 305 Ι
3487 244 3613 306 382

192 377 432 432 Pharan
472 379 523 431 et
572 375 823 449 ThOphel,
872 379 926 433 et
966 377 1170 433 Laban.
1224 376 1449 431 Pharan
1504 377 1846 448 intcrprcta-
1881 383 1930 446 Α
1961 379 2172 447 egressi
2198 393 2479 431 sumusea:
2526 378 2755 447 Αἰαίη)ιο
2805 376 2967 447 (Ibid.
3028 374 3094 430 18
3150 377 3321 449 seqq.)
3375 381 3401 431 .9
3457 379 3600 435 Item

192 471 295 521 tur
324 482 528 537 onager
559 484 572 531 ;
604 465 885 538 Thophel,
917 467 1155 521 stultitia
1176 485 1195 533 ;
1219 466 1415 521 Laban
1445 466 1653 521 album.
1688 466 1849 529 Quod

194 555 279 610 ita
310 554 829 627 intelligitur,quia
851 555 1075 612 similes
1108 570 1325 627 onagro
1351 554 1482 609 t'acti
1518 554 1620 609 ﬁlii
1655 554 1849 625 Israel,

199 645 382 699 stulte
410 648 657 714 egerunt
686 649 980 700 tentantes
1007 642 1321 699 Dominum
1354 642 1584 697 duabus
1628 642 1854 698 vicibus

197 748 383 803 super
411 731 564 793 albo,
598 732 784 803 idest,
829 749 1007 804 super
1052 748 1288 801 manna,
1340 732 1553 786 Manna
1599 748 1731 786 vero
1772 730 1851 785 al-

196 823 341 878 bum
376 822 611 887 dicitur,
648 826 712 877 ut
741 827 837 877 est
867 821 1009 876 illud
1059 821 1232 876 Exodi
1267 839 1279 876 :
1315 822 1721 891 Appellavitque
1768 820 1857 875 do-

197 927 324 965 mus
358 911 524 971 Israel
547 927 747 966 nomen
780 912 896 981 ejus
926 914 1089 979 Man,
1126 909 1265 980 quod
1295 914 1424 964 erat
1462 912 1624 979 quasi
1671 925 1855 964 semen

194 999 486 1055 coriandri
512 1000 705 1053 album
737 999 926 1070 (Exod.
974 1016 1087 1068 xw,
1133 998 1246 1066 3|).
1297 997 1420 1052 Una
1461 997 1705 1052 tentatio
1748 999 1862 1052 fuit

197 1105 377 1159 super
406 1088 561 1145 idem
595 1104 834 1158 manna,
884 1088 1041 1143 sicut
1091 1087 1150 1140 in
1212 1087 1403 1140 Exodo
1459 1086 1727 1140 dicitur:
1762 1087 1861 1140 IIic

197 1180 280 1232 est
309 1192 489 1231 sermo
526 1192 689 1247 quem
736 1179 995 1247 praecepit
1040 1176 1302 1229 Dominus
1349 1191 1367 1227 :
1412 1174 1635 1242 colligat
1683 1190 1753 1229 ex
1799 1190 1859 1229 eo

199 1267 577 1337 unusquisque
620 1266 888 1336 quantum
929 1264 1139 1333 sufﬁcit
1203 1263 1272 1318 ad
1322 1262 1637 1318 vescendum
1696 1262 1854 1334 (Ibid.

197 1356 318 1423 32).
374 1359 439 1409 Et
485 1359 619 1425 post
667 1370 900 1425 pauca:
935 1354 1090 1408 Dixit
1138 1351 1207 1407 ad
1253 1368 1339 1407 eos
1383 1352 1606 1422 Moyses,
1662 1351 1861 1407 Nullus

200 1461 276 1500 ex
325 1460 385 1499 eo
427 1447 657 1498 reservet
705 1444 765 1497 in
816 1458 980 1496 mane
1013 1443 1026 1475 '
1064 1442 1173 1509 Qui
1218 1457 1328 1496 non
1370 1439 1664 1495 audierunt
1709 1456 1859 1508 eum,

200 1534 302 1588 sed
327 1534 660 1587 dimiserunt
692 1547 763 1586 exc
799 1547 859 1585 eo
888 1531 1115 1603 quidam
1142 1546 1312 1601 usque
1338 1545 1499 1583 mane
1528 1530 1544 1600 (
1554 1528 1692 1584 Ibid.
1749 1529 1858 1598 16).

206 1621 401 1677 Altera
426 1620 537 1676 fuit
567 1618 831 1689 tentatio,
865 1621 937 1673 de
986 1635 1103 1689 qua
1140 1622 1273 1690 post
1315 1634 1502 1688 pauca
1548 1617 1607 1671 in
1658 1616 1860 1671 eodem

207 1710 357 1765 libro
407 1710 668 1776 dicitur;
710 1709 816 1763 Sea:
863 1708 1053 1763 diebus
1101 1708 1361 1775 colligite,
1420 1707 1478 1760 in
1533 1706 1621 1760 die
1677 1714 1860 1761 autem

199 1802 443 1870 septima
473 1799 773 1853 Sabbatum
802 1806 880 1852 est
901 1797 1145 1863 Domini,
1170 1796 1377 1851 idcirco
1394 1812 1502 1849 non
1528 1796 1862 1849 invenietur.

210 1888 370 1943 Venit
399 1897 583 1942 autem
612 1888 843 1958 septima
864 1886 999 1941 dies.
1034 1888 1086 1941 et
1116 1887 1319 1955 egressi
1347 1884 1412 1939 de
1437 1883 1637 1955 p0puto
1670 1887 1729 1938 ut
1757 1884 1867 1938 rot-

209 1979 470 2047 ligercnt,
502 1993 612 2032 non
662 1979 1009 2031 invenerunt.
1053 1977 1209 2029 Dixit
1252 1982 1437 2028 autem
1485 1975 1747 2028 Dominus
1800 1972 1871 2027 ad

214 2066 437 2136 Moysen
468 2082 488 2126 ;
523 2066 802 2137 Usquequo
832 2082 938 2120 non
972 2065 1143 2119 vultis
1173 2079 1391 2118 servare
1426 2062 1685 2116 mandata
1728 2078 1868 2128 mea,

214 2159 267 2211 et
304 2156 473 2225 legem
504 2172 682 2209 meam
713 2156 739 2208 ?
772 2160 880 2209 etc.
916 2153 1075 2225 (Ibid.
1108 2153 1179 2206 26
1208 2152 1401 2223 seqq).
1459 2151 1629 2205 Sexta
1676 2155 1871 2205 tenta-

209 2245 298 2299 tio
332 2244 671 2299 continetur
699 2243 757 2298 in
790 2260 856 2298 eo
887 2243 1046 2315 quod
1077 2243 1158 2296 ait
1186 2258 1197 2296 :
1235 2246 1296 2297 Et
1326 2241 1571 2295 Aseroth.
1626 2239 1870 2294 Aseroth

223 2350 365 2389 vero
391 2333 593 2388 civitas
621 2336 711 2389 est
735 2332 927 2387 vicina
980 2330 1304 2400 solitudini,
1363 2334 1420 2384 et
1462 2329 1874 2400 interpretatur

230 2423 380 2478 Villa
413 2421 472 2477 in
504 2423 678 2492 cujus
708 2421 1021 2490 territorio,
1054 2420 1112 2475 id
1148 2424 1254 2489 est,
1297 2419 1355 2473 in
1405 2416 1689 2489 sepulcris
1735 2433 1872 2471 con-

226 2510 602 2584 cupiscentize
636 2511 788 2567 facta
826 2510 1007 2567 fuisse
1055 2508 1272 2581 legitur
1328 2506 1585 2562 secunda
1632 2504 1874 2560 tentatio

225 2599 517 2670 carnium,
547 2598 605 2653 in
633 2615 750 2670 qua
775 2602 831 2652 et
862 2598 1052 2669 prima
1073 2595 1313 2652 tentatio
1336 2594 1600 2651 carnium
1630 2593 1877 2666 comple-

224 2688 426 2743 ctitur.
461 2688 540 2744 De
571 2688 763 2760 prima
790 2687 872 2741 ita
902 2686 954 2741 ic
1002 2686 1151 2741 libro
1188 2685 1364 2739 Exodi
1415 2682 1629 2756 legitur
1662 2701 1674 2738 :
1706 2685 1873 2739 Dixe-

222 2770 359 2833 runt
389 2778 590 2848 Moyses
621 2784 669 2832 et
698 2782 882 2833 Aaron
910 2775 979 2830 ad
1007 2790 1192 2830 omnes
1222 2776 1364 2844 ﬁlios
1394 2773 1560 2828 Israel
1595 2790 1606 2827 :
1656 2774 1876 2844 Vespere

223 2868 433 2931 scietis,
466 2868 596 2937 quia
624 2866 893 2922 Dominus
930 2864 1183 2920 eduxerit
1220 2879 1306 2918 vos
1336 2862 1403 2917 de
1445 2866 1592 2917 terra
1630 2863 1873 2935 ZEgypti,

227 2961 281 3013 et
338 2972 498 3011 mane
554 2954 808 3011 videbitis
863 2954 1100 3022 gloriam
1149 2949 1673 3012 Dominiaudivit
1727 2953 1877 3007 enim

227 3061 488 3100 murmur
520 3052 758 3100 vestrum
792 3062 804 3111 ;
838 3059 936 3099 nec
984 3050 1171 3099 contra
1218 3057 1315 3097 nos
1364 3045 1437 3096 est
1488 3057 1741 3095 murmur
1786 3057 1874 3095 ve-

1964 464 2136 537 paulo
2170 471 2297 537 post
2332 482 2345 521 :
2378 466 2566 521 Adhuc
2594 481 2791 520 carnes
2818 469 2979 520 erant
3008 466 3156 520 inter
3182 467 3369 522 dentes
3397 483 3603 537 eorum,

1962 571 2059 610 nec
2085 554 2352 624 defecerat
2383 555 2763 625 hujuscemodi
2790 556 2964 625 cibus,
3013 556 3068 609 et
3130 571 3253 610 ecce
3296 562 3460 626 [uror
3502 559 3608 613 Do-

1961 644 2104 697 mini
2131 646 2432 699 concitalus
2482 646 2542 698 in
2591 644 2879 715 populum,
2928 645 3199 715 percussit
3256 661 3379 699 eum
3434 653 3607 717 plaga

1961 749 2163 800 magna
2191 734 2360 786 nimis
2392 733 2549 802 (Ibid.
2581 734 2650 785 33
2679 732 2872 804 seqq.).
2901 732 3160 803 Septima
3197 734 3439 788 tcntatio
3468 752 3605 790 con—

1966 820 2181 874 Iinetur
2211 820 2266 873 in
2301 836 2366 874 eo
2397 822 2551 891 quod
2584 820 2667 875 ait
2698 837 2710 877 :
2742 823 2841 877 Ubi
2870 823 2996 875 auri
3026 830 3103 875 est
3126 820 3463 891 plurimum.
3494 825 3606 880 No-

1965 909 2210 963 tandum
2256 926 2511 980 namque
2574 911 2727 981 quod
2780 910 2837 963 in
2886 910 3123 964 Hebraeo
3169 916 3226 964 et
3270 913 3611 969 abundantia

1965 1000 2092 1052 auri
2124 998 2427 1053 habeatur.
2460 999 2837 1053 Abundantia
2877 999 3033 1053 enim
3086 1000 3212 1053 auri
3261 999 3613 1074 intelligitur

1968 1086 2184 1141 vitulus
2217 1104 2449 1153 aureus,
2483 1104 2655 1157 quem
2694 1087 2957 1142 t'abricati
2986 1093 3127 1142 sunt
3158 1088 3269 1143 sibi
3300 1088 3406 1143 ﬁlii
3440 1090 3612 1146 Israel

1970 1175 2027 1230 in
2081 1176 2241 1243 deos,
2290 1181 2553 1229 morante
2591 1176 2787 1247 Moyse
2819 1192 2951 1231 cum
2998 1176 3244 1231 Domino
3301 1177 3359 1231 in
3416 1185 3614 1235 monte

1968 1256 2350 1334 Sinai(E.1:od.
2392 1281 2567 1331 xxxu,
2632 1265 2653 1317 1
2717 1265 2910 1335 scqq.).
2966 1264 3183 1319 Idcirco
3239 1264 3616 1323 abundandia

1969 1354 2093 1408 auri
2128 1352 2359 1419 dicitur,
2395 1352 2531 1425 quia
2560 1353 2616 1407 in
2654 1353 2806 1408 idolo
2841 1352 3021 1408 moles
3053 1353 3317 1409 omnium
3346 1362 3614 1428 peccato-

1968 1458 2101 1495 rum
2132 1443 2419 1512 consistit,
2472 1447 2529 1497 et
2583 1443 2805 1497 idolum
2868 1460 2969 1514 pro
3031 1442 3308 1499 omnibus
3356 1446 3616 1515 peccatis

1971 1530 2250 1585 abundat.
2286 1530 2500 1585 Octava
2542 1530 2784 1585 teutatio
2816 1532 2837 1564 ‘
2868 1531 3198 1586 continetur
3244 1532 3303 1586 in
3354 1549 3419 1588 eo
3459 1535 3615 1605 quod

1972 1619 2056 1673 ait
2086 1637 2099 1674 :
2136 1619 2394 1675 Undecim
2422 1619 2615 1673 diebus
2644 1618 2709 1674 de
2740 1620 2911 1674 Horeb
2941 1635 3042 1687 per
3070 1622 3220 1674 viam
3239 1623 3441 1676 montis
3472 1622 3614 1678 Seir.

1975 1708 2136 1771 Quod
2173 1707 2230 1761 in
2260 1707 2498 1763 Hebrmo
2535 1708 2613 1762 ita
2644 1707 2895 1762 habetur
2929 1725 2940 1762 ε
2980 1708 3236 1765 Undecim
3265 1708 3484 1765 dierum
3514 1713 3623 1766 iter

1978 1796 2046 1850 de
2076 1796 2256 1851 Horeb
2286 1796 2356 1851 ad
2384 1805 2625 1851 montem
2649 1796 2790 1851 Seir.
2828 1796 3124 1851 Fabricato
3178 1797 3374 1869 itaque
3414 1798 3472 1853 in
3506 1799 3619 1855 Ho-

1980 1885 2080 1939 reb
2104 1884 2277 1955 idolo,
2322 1885 2631 1939 undecimo
2662 1885 2754 1940 die
2786 1891 3067 1940 venerunt
3092 1886 3161 1941 ad
3197 1891 3453 1943 montem
3476 1878 3620 1945 Seir.

1980 1973 2079 2043 qui
2113 1979 2202 2027 est
2250 1973 2306 2027 iu
2359 1974 2698 2028 suburbano
2746 1974 2995 2029 civitatis
3045 1974 3469 2043 Cades-Barne,
3522 1977 3621 2031 ubi

1982 2060 2087 2114 tilii
2140 2060 2314 2115 Israel
2366 2065 2735 2115 tentaverunt
2783 2061 3116 2132 Dominum,
3167 2063 3319 2117 sicut
3365 2064 3424 2119 in
3473 2064 3622 2120 libro

1980 2149 2368 2203 Numerorum
2402 2148 2573 2203 scribi
2586 2154 2678 2203 tur
2709 2165 2721 2203 :
2752 2154 3034 2221 Usquequo
3050 2151 3340 2206 multitudo
3361 2151 3480 2209 Iure
3503 2171 3625 2224 pes-

1980 2240 2123 2292 sima
2152 2246 2465 2293 murmurat
2481 2241 2667 2292 contra
2688 2254 2772 2293 me
2809 2241 2834 2289 .9
2862 2239 3112 2308 querelas
3154 2239 3401 2308 ﬁliorum
3447 2244 3624 2299 Israel

1980 2327 2170 2381 audivi
2201 2345 2218 2392 ;
2247 2326 2335 2381 dic
2361 2342 2485 2397 ergo
2522 2327 2627 2393 eis,
2682 2327 2804 2381 Vivo
2853 2343 2965 2397 ego,
3016 2329 3095 2382 ait
3151 2330 3435 2400 Dominus,
3484 2334 3626 2388 sicut

1984 2416 2152 2470 locuti
2176 2415 2587 2481 estis,audiente
2608 2418 2799 2481 me,sic
2816 2418 3022 2486 [aviam
3050 2417 3290 2484 vobis,ln
3318 2418 3628 2478 solitudine

1986 2504 2090 2559 hac
2108 2505 2366 2575 jacebunt
2393 2504 2663 2559 cadavera
2712 2512 2887 2559 vestra
2937 2505 3118 2573 (Num.
3169 2524 3264 2562 xxv
3306 2510 3375 2562 27
3416 2510 3624 2581 seqq.).

1983 2594 2054 2666 Et
2112 2599 2243 2666 post
2307 2592 2614 2665 paululum
2644 2610 2664 2653 ;
2686 2594 2853 2649 Juxta
2913 2610 3205 2649 numerum
3259 2597 3629 2667 quadraginta

1982 2682 2195 2738 dierum
2236 2683 2431 2753 quibus
2459 2681 2843 2738 considerastis
2873 2691 3096 2749 terram,
3147 2702 3327 2741 annus
3379 2703 3485 2759 pro
3541 2689 3633 2743 die

1982 2773 2397 2844 computabitur.
2414 2773 2794 2843 Quadraginta
2824 2773 2983 2827 annis
3009 2774 3285 2844 recipietis
3314 2776 3630 2847 iniquitates

1984 2872 2210 2930 vestras,
2268 2870 2321 2916 et
2367 2863 2551 2916 scietis
2608 2861 2875 2916 ultionem
2928 2878 3149 2923 meum;
3179 2866 3441 2934 quoniam
3486 2867 3626 2921 sicut

1985 2952 2193 3005 locutus
2224 2967 2364 3017 sum,
2400 2953 2477 3006 ita
2509 2952 2713 3020 faciam
2733 2951 2862 3005 huic
2897 2951 3247 3007 multitudini
3300 2954 3321 2987 ⁵
3345 2956 3623 3025 pessimae,

1984 3056 2103 3113 qua:
2151 3041 2503 3094 consurrexit
2559 3038 2845 3094 adversum
2900 3056 3013 3096 me.
3079 3041 3142 3095 In
3205 3042 3507 3099 solitudine
3527 3046 3629 3100 hac

222 3141 426 3199 stram,
454 3131 547 3187 sed
575 3140 763 3188 contra
793 3132 1085 3186 Dominum
1114 3130 1253 3199 (Ibid
1280 3132 1316 3184 6
1361 3145 1506 3200 seqq.
1561 3130 1577 3201 )
1609 3150 1628 3194 ,-
1659 3134 1716 3184 et
1746 3133 1876 3200 post
1907 3118 1948 3183 C
1986 3130 2195 3199 deﬁciet
2223 3137 2273 3184 et
2302 3129 2569 3183 morietur
2598 3127 2755 3197 (Ibid.
2807 3128 2873 3183 3’s
2924 3130 3120 3200 seqq).
3178 3130 3441 3204 Itemque
3475 3152 3488 3190 :
3524 3136 3626 3189 Lo-

225 3238 460 3295 pauca:
507 3221 740 3278 Locutus
790 3226 868 3277 est
933 3221 1196 3276 Dominus
1238 3220 1313 3274 ad
1360 3219 1599 3290 Moysen,
1648 3218 1875 3273 dicens:

222 3310 426 3367 Audivi
448 3312 913 3366 murmurationes
942 3310 1188 3380 filiorum
1234 3308 1406 3364 Israel
1463 3324 1483 3367 .·
1541 3307 1762 3378 loquere
1808 3306 1878 3362 ad

224 3415 317 3456 eos
362 3416 384 3462 ;
432 3399 651 3471 Vespere
690 3398 980 3454 comedetis
1036 3413 1248 3464 carnes,
1300 3406 1352 3452 et
1398 3412 1559 3451 mane
1600 3395 1876 3451 saturabi-

224 3488 374 3543 mini
397 3487 658 3560 panibus,
679 3489 966 3558 scietisque
994 3486 1134 3559 quod
1162 3501 1259 3555 ego
1288 3502 1409 3540 sum
1438 3485 1699 3539 Dominus
1739 3485 1877 3539 Deus

226 3586 421 3644 vester,
450 3581 677 3634 Factum
706 3580 787 3632 est
836 3592 962 3647 ergo
1012 3591 1244 3646 vespere,
1290 3578 1343 3630 et
1390 3572 1749 3628 conscendens
1788 3588 1875 3626 co-

225 3667 426 3721 turnix
453 3668 665 3737 operuit
694 3667 874 3720 castra
904 3664 1061 3735 (Ibid.
1096 3663 1154 3717 It
1191 3663 1381 3734 seqq.).
1442 3662 1523 3716 De
1571 3660 1828 3716 secunda
1857 3660 1879 3693 ²

224 3758 427 3811 autem
458 3754 516 3810 in
549 3752 823 3809 Numeris
853 3753 1070 3808 dicitur
1098 3771 1109 3808 :
1136 3754 1348 3807 Interea
1376 3754 1557 3807 ortum
1598 3758 1674 3805 est
1722 3766 1875 3804 mur-

223 3859 358 3898 mur
382 3843 573 3914 pOpuli
618 3843 777 3914 quasi
819 3841 1129 3897 dolentium
1176 3855 1275 3909 pro
1326 3840 1508 3895 labore
1556 3847 1745 3895 contra
1777 3840 1877 3895 Do-

225 3934 465 3987 minum.
499 3931 651 4000 Quod
680 3948 805 3987 cum
830 3930 1098 3997 audisset,
1161 3932 1223 3985 ir.
1249 3933 1336 3984 tus
1366 3937 1463 3998 est,
1522 3937 1572 3983 et
1623 3944 1879 3984 accensus

226 4023 376 4093 ignis
407 4022 625 4076 Domini
653 4022 674 4054 ²
701 4020 975 4076 devoravit
1004 4028 1310 4074 extremam
1330 4028 1551 4089 partem
1575 4020 1879 4073 castrorum

226 4111 417 4184 (Num.
451 4126 528 4165 χι.
562 4110 615 4180 4)
649 4128 662 4177 ;
697 4114 753 4165 et
802 4114 931 4181 post
979 4124 1165 4180 pauca
1210 4124 1223 4162 :
1256 4106 1715 4176 Sanctiﬁcamini,
1758 4123 1879 4162 cras

224 4202 433 4257 etenim
495 4197 778 4255 comedetis
808 4213 1018 4252 carnes.
1041 4198 1147 4267 Ego
1172 4198 1321 4250 enim
1353 4196 1544 4251 audivi
1572 4212 1662 4250 vos
1679 4195 1879 4262 dicere,

226 4290 363 4359 Quis
392 4287 541 4343 dabit
570 4287 724 4342 nobis
754 4302 931 4342 escam
958 4286 1213 4340 carnium
1237 4288 1261 4337 Ρ
1293 4286 1434 4339 Bene
1462 4284 1617 4339 nobis
1647 4293 1768 4340 erat
1818 4287 1873 4340 in

226 4379 480 4448 AEgypto.
514 4374 674 4429 Dabit
721 4375 996 4429 Dominus
1044 4372 1193 4427 vobis
1239 4388 1454 4441 carnes,
1503 4380 1552 4427 et
1594 4372 1879 4427 comedetis

1985 3223 2145 3273 cutus
2182 3221 2262 3273 est
2287 3217 2491 3288 Moyses
2518 3218 2778 3271 universa
2806 3217 2971 3272 verba
2999 3217 3116 3274 Ιιίεε
3144 3219 3213 3273 ad
3230 3219 3374 3290 ﬁlios
3430 3222 3629 3290 Israel,

1987 3315 2041 3362 et
2072 3307 2217 3361 luxit
2243 3307 2477 3378 populus
2506 3307 2690 3361 nimis.
2724 3307 2787 3360 Et
2815 3322 2934 3361 ecce
2972 3324 3135 3363 mane
3173 3310 3355 3379 primo
3402 3304 3633 3381 surgen-

1984 3401 2085 3460 tes,
2118 3394 2482 3451 ascenderunt
2512 3395 2765 3449 verticem
2800 3397 3021 3463 montis,
3074 3406 3124 3452 et
3170 3397 3437 3454 dixerunt
3465 3417 3485 3454 :
3516 3404 3634 3456 Ρα-

1986 3486 2098 3538 rati
2124 3500 2311 3538 sumus
2339 3483 2630 3538 ascendere
2659 3483 2732 3537 ad
2761 3484 2956 3550 locum,
3007 3485 3072 3539 de
3127 3502 3231 3556 quo
3290 3487 3507 3543 locutus
3556 3499 3635 3546 est

1987 3574 2264 3636 Dominus,
2323 3574 2455 3643 quia
2510 3573 2871 3641 peccavimus.
2948 3573 3154 3640 Quibus
3210 3573 3435 3645 Moyses,
3502 3576 3633 3645 Cur,

1986 3663 2187 3733 inquit,
2236 3658 2703 3731 transgredimlni
2744 3659 2968 3715 verbum
3016 3661 3255 3729 Domini,
3305 3662 3446 3733 quod
3486 3664 3635 3719 vobis

1987 3765 2093 3804 non
2127 3749 2274 3805 cedet
2302 3750 2360 3803 in
2385 3764 2708 3821 prosperum
2729 3752 2754 3801 .9
2783 3749 2962 3804 Nolite
2988 3748 3296 3815 ascendere,
3327 3767 3441 3805 non
3484 3754 3634 3807 enim

1987 3843 2062 3895 est
2085 3839 2344 3895 Dominus
2371 3839 2430 3893 in
2457 3837 2632 3892 medio
2684 3845 2941 3903 vestrum,
3002 3854 3070 3892 ne
3116 3840 3394 3895 corruatis
3451 3857 3632 3896 coram

1989 3930 2233 3983 inimicis
2265 3928 2454 3983 vestris
2503 3924 2663 3997 (Ibid.
2714 3926 2784 3980 39
2838 3926 3030 3997 seqq.).
3094 3927 3351 4000 Itemque
3379 3946 3401 3991 ,·
3424 3933 3491 3986 At
3538 3930 3635 3987 illi

1985 4017 2356 4073 contenebrati
2391 4015 2746 4071 ascenderunt
2776 4017 3025 4071 verticem
3056 4019 3257 4072 montis
3288 4036 3312 4083 ;
3341 4020 3480 4075 Area
3529 4037 3632 4075 au-

1986 4115 2094 4163 tem
2126 4106 2435 4162 testamenti
2467 4105 2708 4172 Domini,
2769 4110 2820 4159 et
2878 4104 3077 4176 Moyses
3132 4123 3243 4161 non
3302 4112 3632 4164 recesserunt

1986 4194 2050 4251 de
2078 4194 2293 4250 castris.
2327 4192 2607 4249 Descendit
2637 4193 2957 4247 Amalecites
3001 4204 3051 4248 et
3110 4194 3477 4265 Chanunaeus,
3538 4200 3634 4269 qui

1986 4284 2303 4339 haldtabant
2335 4285 2395 4337 in
2424 4286 2623 4352 monte,
2669 4291 2720 4337 et
2767 4284 3079 4353 percutiens
3134 4300 3220 4339 eos
3265 4288 3427 4355 atque
3453 4288 3634 4341 conci-

1985 4373 2135 4441 dens,
2166 4375 2474 4445 persecutus
2503 4380 2580 4427 est
2611 4388 2700 4426 eos
2730 4388 2897 4442 usque
2927 4372 3129 4426 IIormn
3157 4372 3325 4443 (Ibid.
3358 4374 3631 4447 44seqq.).

226 4482 341 4521 non
374 4481 485 4520 uno
514 4464 621 4531 die,
674 4480 774 4518 nec
812 4463 1043 4529 duobus,
1094 4462 1179 4515 vel
1221 4462 1482 4533 quinque,
1533 4465 1628 4516 aut
1670 4462 1873 4529 decem,
1912 4488 1953 4551 Β
1987 4462 2153 4517 Mons
2187 4461 2393 4528 iste,iu
2431 4477 2577 4533 quos
2611 4459 2924 4515 Amalecite
2953 4465 3012 4515 ct
3053 4459 3415 4518 Chananteus
3460 4462 3632 4519 habi-

229 4570 331 4610 nec
368 4555 570 4624 viginti
616 4552 851 4623 quidem,
890 4550 982 4606 sed
1028 4565 1195 4620 usque
1237 4550 1311 4605 ad
1358 4566 1595 4605 mensem
1641 4550 1875 4617 dierum,

224 4645 396 4699 donec
424 4649 579 4697 exeat
600 4658 698 4712 per
738 4657 902 4695 nares
946 4646 1170 4706 vestras,
1228 4643 1279 4693 et
1321 4642 1565 4693 vertatur
1619 4640 1677 4694 in
1736 4656 1877 4695 nau-

223 4750 379 4788 seam
411 4750 425 4799 ;
456 4747 517 4787 eo
562 4730 702 4801 quod
750 4730 1065 4798 reputeritis
1110 4728 1401 4783 Dominum
1448 4728 1546 4798 qui
1594 4730 1654 4782 in
1699 4727 1878 4783 medio

1987 4556 2110 4606 tare
2166 4551 2461 4615 dicuntur,
2517 4566 2687 4603 mons
2742 4548 2866 4602 Seir
2928 4549 3303 4621 intelligitur,
3361 4552 3516 4608 sicut
3569 4551 3630 4607 in

1987 4638 2433 4694 Deuteronomio
2494 4638 2769 4693 scribitur
2830 4654 2841 4691 :
2900 4642 3094 4709 Itaque
3145 4655 3385 4710 egressus
3441 4642 3630 4697 Amor-

1986 4729 2193 4796 rhaeus,
2224 4730 2322 4798 qui
2350 4726 2631 4782 habitabat
2666 4729 2724 4780 in
2754 4726 3051 4791 montibus,
3082 4731 3129 4781 et
3151 4728 3234 4783 ob:
3254 4729 3370 4783 iam
3388 4731 3630 4796 veniens,

224 4824 397 4880 vestri
441 4830 542 4889 est,
596 4824 649 4875 et
694 4820 959 4890 ﬂcveritis
1015 4834 1199 4873 coram
1266 4832 1327 4872 eo
1360 4816 1639 4885 .dicentes,
1701 4818 1880 4886 Quare
1981 4822 2299 4890 persecutus
2348 4824 2425 4871 est
2483 4831 2589 4883 vos,
2647 4817 2787 4870 sicut
2841 4814 3020 4870 solent
3076 4832 3202 4888 apes
3251 4820 3547 4891 persequi:
3581 4826 3633 4876 et

221 5003 351 5057 sunt
384 5000 658 5055 recordati
686 4997 1130 5054 multitudidinis
1151 4995 1547 5054 misericordize
1574 4999 1706 5064 tua),
1739 5004 1786 5054 et
1809 4999 1881 5055 ad

226 5072 579 5128 iracundiam
629 5074 1061 5142 provocaverunt
1120 5074 1172 5123 te
1226 5084 1391 5139 super
1436 5086 1592 5123 mare
1646 5073 1703 5124 in
1732 5074 1879 5127 mari

228 5146 430 5201 Rubro.

305 5218 317 5250 ³
354 5214 512 5270 Idem
544 5230 657 5280 ms,
694 5214 931 5276 :Nullus
974 5212 1324 5282 relinquatur
1370 5227 1438 5265 ex
1484 5226 1542 5265 eo
1590 5214 1646 5267 in
1694 5230 1872 5269 mane.

299 5287 321 5320 ²
351 5286 675 5341 Emendant
704 5286 854 5340 hanc
883 5284 1191 5339 lectionem
1224 5282 1362 5357 editi
1399 5281 1555 5350 libri,
1589 5288 1643 5338 et
1670 5302 1773 5357 pro
1799 5302 1877 5341 sc-

224 5358 411 5414 cunda
444 5361 671 5428 ponunt
716 5359 946 5427 septima
981 5380 994 5421 ;
1028 5370 1133 5428 pro
1170 5356 1397 5428 septima
1429 5363 1877 5428 consequenter

226 5440 418 5487 octava
446 5424 476 5496 ’ς
508 5431 565 5483 et
595 5445 694 5500 pro
724 5424 912 5483 octava
942 5424 1085 5481 nona
1122 5426 1179 5479 in
1212 5426 1297 5479 eis
1329 5424 1560 5497 legitur.
1616 5424 1726 5483 tl'oc
1772 5446 1872 5485 au-

224 5507 349 5557 tem
372 5501 454 5555 ita
472 5501 874 5572 castigandum
902 5501 1343 5572 putaverunt,ut
1373 5513 1653 5572 numerus
1674 5500 1872 5557 decem

224 5575 273 5633 Τ
277 5569 647 5631 entationuni
673 5569 1045 5629 manifestius
1073 5571 1378 5643 appareret
1420 5569 1477 5625 in
1516 5572 1875 5645 expositione

1986 5013 2185 5053 earum
2219 5013 2231 5064 ;
2266 4995 2362 5051 sed
2400 4994 2627 5050 monuit
2656 5011 2763 5049 nos
2796 4998 3011 5049 Auctor
3056 4993 3302 5065 hujusce
3338 4993 3631 5067 (Opusculi

1986 5071 2134 5124 duas
2164 5084 2291 5123 esse
2350 5070 2675 5121 tentationes
2731 5068 2987 5120 carnium
3042 5072 3097 5119 εἴ
3148 5066 3442 5124 secundum
3497 5082 3626 5122 esse

1985 5140 2402 5211 contentamin
2434 5142 2635 5211 prima.
2672 5136 2832 5191 Unde
2863 5155 3144 5193 numerus
3176 5139 3466 5210 septimus
3525 5155 3626 5211 po-

1988 5218 2099 5268 test
2121 5212 2302 5282 accipi
2330 5209 2436 5282 hoc
2469 5210 2589 5282 loco
2614 5226 2715 5280 pro
2746 5210 3152 5282 octavoqﬁetiam
3188 5209 3453 5265 numero.

2055 5285 2075 5319 ³
2109 5281 2359 5338 Rursum
2396 5281 2451 5334 in
2484 5281 2685 5335 eodem
2748 5296 2882 5346 ms.,
2941 5281 3001 5333 Et
3030 5298 3284 5339 accensus
3341 5286 3419 5338 est
3449 5283 3509 5338 in
3546 5283 3627 5339 eis

1985 5357 2127 5426 ignis
2157 5354 2391 5408 Domini.

2055 5429 2074 5461 ⁴
2106 5426 2283 5481 Addit
2315 5440 2481 5479 meus
2513 5440 2646 5491 ms,.
2676 5427 2728 5477 et
2760 5438 2901 5479 nona
2927 5426 3179 5492 tentatio,
3213 5432 3321 5485 etc.

2054 5500 2074 5535 ³
2105 5498 2310 5563 Idem,
2342 5496 2493 5551 omni
2520 5494 2871 5550 multitudini
2901 5494 3051 5571 huic,
3084 5504 3195 5554 etc.
