4070 6166
507 293 671 359 1383

1999 288 2414 354 ΑιΡΡΕΝῢἸΧ.

500 426 784 482 cecidztde
812 424 935 480 Seir
976 437 1147 495 usque
1192 422 1395 480 Roma
1441 424 1613 497 (Deut.
1662 443 1700 492 ι,
1753 426 1861 497 44).
1916 425 2148 480 Decima

2261 424 2516 480 viderunt
2544 425 2883 495 majestatem
2912 436 3112 491 meam,
3144 438 3270 495 quae
3290 424 3405 495 feci
3448 424 3509 478 in
3529 425 3735 498 «Egypto,
3776 437 3827 485 tt.

500 514 744 571 tentatio
803 511 1137 569 continetur
1218 514 1275 567 in
1366 530 1432 568 eo
1507 515 1669 585 quod
1722 513 1803 569 ait
1881 531 1895 569 :
1979 515 2152 584 Usque

497 603 905 669 Gades-Durae;
924 602 1082 656 unde
1104 602 1331 674 Moyses
1358 603 1517 658 misit
1535 601 1930 674 exploratores
1950 603 2018 656 ad
2044 608 2154 657 ter-

498 709 623 747 ram
656 691 1141 747 considerandam
1166 690 1705 757 Chanaan,sicutin
1730 690 1878 746 libro
1900 692 2151 746 Numero

498 797 631 835 rum
683 780 943 835 dicitur:
980 781 1042 834 Et
1089 780 1296 834 locutus
1341 783 1418 834 est
1466 780 1725 834 Dominus
1772 779 1843 834 ad
1889 781 2103 851 Moysen
2132 798 2151 833 :

496 870 644 926 Mitte
677 870 824 925 viros
854 870 951 942 qui
995 868 1338 923 considerent
1384 871 1592 923 terram
1644 869 1928 938 Chanaan,
1988 885 2153 939 quam

494 958 724 1014 daturus
779 975 901 1013 sum
956 958 1093 1027 ﬁliis
1150 958 1589 1028 Israel'(Num.
1647 975 1771 1025 xm,
1835 960 1890 1026 2,
1949 959 2023 1029 3).
2086 962 2159 1013 Et

497 1047 674 1120 paulo
708 1052 878 1119 post:
912 1048 977 1101 Et
1017 1046 1161 1100 dixit
1221 1047 1485 1101 Dominus
1544 1046 1615 1100 ad
1656 1049 1871 1118 Moysen
1903 1064 1914 1102 :
1952 1049 2150 1118 Usque-

495 1153 601 1209 quo
652 1137 895 1191 detrahet
949 1135 1092 1189 mihi
1117 1135 1351 1207 populus
1381 1137 1484 1189 iste
1511 1139 1536 1189 Ρ
1568 1137 1850 1209 Quousque
1894 1152 2007 1190 non
2033 1152 2151 1192 cre-

496 1225 629 1281 dent
650 1226 792 1280 mihi
820 1227 882 1279 in
909 1224 1161 1279 omnibus
1194 1216 1416 1295 signis,
1468 1239 1592 1295 quae
1637 1226 1747 1293 Ieci
1783 1240 1967 1280 coram
2014 1226 2094 1289 eis
2123 1225 2157 1279 ‘P

494 1315 713 1370 Feriam
743 1316 917 1385 igitur
944 1329 1030 1368 eos
1079 1313 1417 1385 pestilentia,
1477 1318 1638 1385 atque
1691 1329 2025 1369 consumam.
2086 1315 2153 1369 Te

503 1411 690 1459 autem
716 1405 922 1473 faciam
952 1405 1013 1457 in
1040 1405 1255 1470 gentem
1287 1419 1547 1471 magnam
1576 1404 1761 1470 (Num.
1794 1419 1910 1467 xw,
1938 1402 2027 1467 41,
2060 1402 2150 1471 l2)

502 1493 649 1547 item
686 1497 818 1563 post
864 1491 1104 1563 paulum
1159 1508 1171 1546 :
1208 1492 1456 1547 Attamen
1503 1507 1687 1547 omnes
1737 1492 1982 1547 homines
2031 1493 2147 1562 qui,

2263 516 2324 568 in
2349 514 2665 579 solitudine,
2697 516 2750 569 et
2778 514 3120 569 tentaaerunt
3163 528 3253 568 me
3284 515 3411 584 jam
3448 529 3537 584 per
3574 514 3729 569 deum
3756 520 3827 573 ω-

2261 618 2345 656 ces
2372 618 2473 656 nec
2496 601 2816 657 obediemnt
2840 603 2961 657 voci
2974 617 3128 669 mese,
3160 618 3278 658 non
3299 603 3547 657 uidebunt
3564 607 3829 677 terrampm

2262 707 2367 760 qua
2388 693 2584 762 juravi
2607 692 2858 762 patribus
2884 707 3071 746 eorum
3098 707 3199 746 nec
3228 692 3515 762 quisquam
3536 707 3600 746 ex
3622 693 3738 764 illis,
3756 697 3827 766 qui

2260 779 2561 835 detraxerit
2590 780 2754 845 mihi,
2789 779 3097 834 intuebitur
3122 796 3245 834 eam
3275 782 3456 851 (Num,
3490 795 3593 846 xiv,
3627 782 3705 851 22,
3740 782 3821 854 23).

2261 867 2377 922 Nec
2403 874 2703 924 moveatur
2734 869 2891 940 quis,
2921 867 3075 939 quod
3133 885 3172 922 a
3213 868 3440 924 deserto
3480 868 3702 936 Pharon,
3740 885 3824 925 non

2262 957 2334 1012 de
2362 958 2767 1012 Gades-Barac
2798 957 3024 1029 Moyses
3054 956 3447 1029 exploratores
3484 956 3650 1015 misit.
3689 957 3833 1014 Cadus

2262 1045 2415 1101 enim
2452 1048 2639 1101 Barne
2668 1047 2797 1118 ipsa
2825 1051 2915 1101 est
2942 1045 3190 1115 Pharao,
3226 1046 3387 1117 quod
3421 1046 3478 1100 in
3524 1044 3667 1100 libro
3698 1046 3828 1102 locus

2262 1136 2344 1191 ita
2374 1136 2591 1191 dicitur
2623 1153 2635 1202 ;
2667 1140 2897 1191 Locutus
2925 1138 3000 1189 est
3031 1134 3197 1189 Caleb
3225 1136 3305 1189 ad.
3335 1136 3491 1190 Iosue
3516 1153 3535 1189 :
3561 1137 3695 1191 Nosti
3732 1134 3829 1207 quid

2262 1226 2470 1282 locutus
2493 1227 2565 1279 sit
2600 1225 2860 1279 Dominus
2887 1224 2959 1278 ad
2987 1224 3195 1294 Moysen
3227 1223 3295 1279 de
3318 1240 3406 1279 me
3436 1225 3487 1278 et
3529 1227 3589 1278 te
3602 1225 3657 1278 in
3680 1222 3826 1278 Callet.

2260 1316 2459 1369 Barac.
2521 1312 2896 1382 Quadraginta
2951 1328 3224 1368 annorum
3293 1322 3490 1378 erant,
3548 1310 3735 1383 quando
3765 1327 3828 1367 sn

2259 1405 2413 1459 misit
2466 1403 2664 1474 Moyses
2727 1402 2801 1456 ad-
2874 1400 3329 1457 consideraan
3411 1405 3608 1456 terram
3679 1402 3829 1472 (lonia.

2260 1508 2372 1560 xw,
2403 1492 2458 1559 6,
2488 1491 2568 1560 7).

570 1662 825 1716 ‘Totam
858 1660 1007 1716 hanc
1055 1658 1360 1732 pericopen
1422 1660 1727 1716 duodecim
1787 1660 1901 1716 fere
1950 1677 2226 1716 versuum
2284 1659 2490 1715 exinde
2545 1675 2733 1730 usque
2797 1659 2869 1713 ad
2923 1658 3113 1724 verba,
3144 1658 3452 1714 intuebitur
3477 1673 3613 1725 eam,
3641 1673 3700 1713 ex
3735 1673 3830 1713 meo

496 1749 610 1788 ms.
644 1731 870 1787 suﬁ'eci.

2006 2059 2319 2166 'ITEM
2354 2075 2374 2121 ¹

1134 2280 1565 2341 SUCCINC'I‘A
1611 2279 2250 2340 COMMEMUHATIO
2296 2277 2567 2340 DECEM
2605 2278 3181 2339 'l‘ENTATlONUM
3212 2277 3258 2337 ³.

2093 2468 2305 2487 *—

564 2600 755 2657 Prima
802 2599 1043 2655 tentatio
1090 2598 1152 2655 in
1200 2599 1347 2655 mari
1397 2599 1593 2655 Rubro
1628 2616 1640 2655 :
1690 2598 1844 2654 unde
1865 2597 2151 2671 scriptum
2182 2601 2228 2665 B
2261 2597 2487 2670 quinta,
2522 2598 2591 2653 ad
2626 2613 2810 2669 aquas
2840 2596 3317 2652 contradictionis
3349 2613 3364 2651 :
3400 2614 3518 2653 una
3568 2599 3686 2652 ante
3725 2609 3838 2649 mor-

495 2693 585 2745 est
615 2689 672 2744 in
718 2687 966 2755 Pssimo,
1003 2692 1067 2746 Et
1096 2689 1454 2744 irritaverant
1483 2687 1832 2743 ascendentes
1865 2689 1924 2742 in
1972 2688 2141 2755 mari,

493 2779 645 2833 mari
672 2778 850 2834 Rubro
896 2778 1183 2846 Secunda,
1235 2777 1306 2832 de
1352 2776 1647 2832 creatione
1691 2774 1875 2831 vituli.
1926 2775 2141 2846 Tertia,

500 2867 653 2940 quod
688 2867 1181 2922 murmuraverint
1211 2866 1465 2921 dicentes
1500 2881 1510 2921 :
1549 2865 1726 2933 Quare
1772 2880 1871 2919 nos
1944 2864 2140 2920 eduxi-

488 2958 562 3011 sti
590 2956 655 3014 de
682 2959 915 3028 Egi/pio
940 2957 968 3011 ‘I
999 2956 1213 3013 Animze
1241 2959 1446 3012 nostra?
1483 2958 1752 3009 nauseant
1807 2970 1973 3025 super
2026 2954 2145 3009 cibo

492 3029 781 3101 levissimo.
832 3046 899 3100 Et
926 3047 1077 3101 misit
1123 3047 1200 3100 eis
1246 3053 1518 3116 serpentes
1570 3045 1792 3113 ignitos.
1835 3044 2053 3108 Quarta
2091 3047 2149 3098 et

566 3189 581 3221 ¹
618 3187 774 3241 Idem
807 3202 917 3241 ms.
949 3187 1103 3253 Quod
1131 3202 1201 3241 ea:
1227 3186 1365 3240 libro
1394 3187 1518 3241 Iesu
1554 3184 1921 3239 animadverti
1975 3185 2149 3253 facile

491 3266 691 3382 potasti
732 3258 812 3312 Ita
855 3258 1056 3312 etenim
1102 3258 1161 3312 in
1207 3257 1391 3312 eodem
1434 3257 1571 3311 libro
1624 3255 1885 3311 scribitur
1927 3271 1939 3309 :
1976 3257 2147 3311 Locu-

517 3344 602 3396 us,
635 3344 666 3383 e
694 3343 744 3382 c.

2256 2690 2373 2741 tem
2407 2686 2615 2756 Mariae,
2650 2685 2763 2741 alia
2795 2689 2924 2758 post
2954 2688 3199 2741 mortem
3234 2685 3449 2740 Mariae.
3473 2680 3838 2757 Sexta,quando

2259 2792 2475 2831 manna
2505 2774 2864 2848 computruit
2893 2774 3064 2841 eis,et
3091 2775 3391 2830 vermibus
3420 2770 3842 2844 ebuﬂivit.Septi-

2259 2882 2354 2919 ma
2380 2869 2436 2919 et
2482 2868 2704 2930 octava,
2751 2865 2822 2918 de
2869 2862 3290 2919 coturnicibus.
3341 2863 3528 2931 Nona;
3578 2864 3642 2919 de
3684 2860 3839 2916 Chore.

2256 2954 2510 3018 Decima,
2546 2953 2616 3008 de
2645 2951 3133 3024 exploratoribus.

2326 3187 2348 3220 ³
2396 3188 2552 3261 Hauc
2607 3184 2925 3256 superioris
2967 3184 3163 3261 libelli
3218 3184 3377 3241 velut
3437 3180 3847 3261 ἀνακεφαλαίωσιν

2254 3274 2321 3313 ex
2352 3258 2552 3313 eodem
2585 3273 2713 3312 meo
2747 3273 2858 3313 me.
2892 3257 3196 3314 subnecte.

894 3639 1883 3758 COMMENTARIUS
1945 3643 2073 3739 IN
2145 3642 2782 3739 CANTICUM
2852 3641 3509 3736 DEBB‘OPuE.

565 4015 743 4086 (Judic
775 4032 827 4071 ν.
861 4047 929 4055 -
960 4016 1122 4072 Vera.
1183 4017 1259 4088 Ι.)
1302 4039 1328 4067 ››
1377 4017 1836 4091 Cecincruntque
1880 4019 2141 4074 Debbora
2169 4023 2211 4090 C
2252 4036 2317 4074 ac
2344 4018 2531 4074 nubes
2561 4017 2928 4073 stillaverunt
2958 4017 3146 4089 aquis.
3187 4041 3206 4066 ι·
3244 3988 3439 4074 Terra:
3467 4022 3657 4075 motus
3682 4010 3851 4072 montis

494 4107 551 4160 et
583 4102 761 4159 Barac
793 4104 948 4159 filius
979 4105 1283 4163 Abinoem.
1317 4128 1344 4154 η
1379 4106 1555 4161 Barac
1586 4107 1672 4161 vir
1702 4106 1978 4162 Debborze
2011 4124 2144 4178 pro-

500 4192 756 4265 phetidis
788 4193 967 4249 fuisse
998 4194 1269 4249 traditur.
1305 4196 1429 4266 Ipse
1458 4194 1633 4250 etiam
1663 4195 1904 4250 Baracin
1938 4212 2145 4267 praece-

496 4281 772 4336 dentibus
805 4281 1082 4354 Lapidoth
1118 4268 1666 4355 vocatur,Lapidoth
1691 4284 1846 4339 enim
1868 4284 2143 4355 interpre-

499 4373 673 4433 tatur,
698 4371 894 4441 fulgur
925 4387 937 4424 :
974 4370 1153 4427 Barac
1176 4371 1900 4444 quoquefulmenﬁulgnr
1928 4372 2142 4429 idcirco

498 4458 639 4529 quia
667 4463 982 4530 antequam
1017 4458 1398 4516 ulcisceretur
1430 4460 1605 4516 Israel
1655 4462 1725 4516 de
1773 4460 2149 4532 Chanameis,

495 4546 667 4617 quasi
703 4546 897 4619 fulgur
926 4546 1352 4620 splendebatin
1384 4549 1598 4622 populo
1651 4550 1874 4605 meritis
1923 4549 2147 4605 scilicet

495 4638 553 4690 et
581 4635 982 4707 praerogativis
1012 4653 1294 4708 operum:
1330 4644 1640 4710 postquam
1682 4655 1815 4694 vero
1869 4639 2025 4694 ultus
2057 4642 2147 4694 est

496 4721 676 4779 Israel
711 4723 781 4778 de
809 4723 1177 4791 Cbananceis,
1232 4725 1474 4793 fulmen,
1533 4727 1589 4782 id
1648 4733 1755 4793 est,
1815 4726 2146 4799 percutiens

491 4817 739 4869 vocatus
771 4818 878 4868 cst.

567 4902 756 4975 (Vers.
792 4902 843 4973 4,
877 4902 957 4976 5.)
993 4901 1286 4971 uDominc,
1349 4920 1482 4957 cum
1537 4902 1723 4958 exires
1783 4904 1854 4958 de
1913 4903 2061 4969 Seir,
2093 4907 2149 4958 et

500 4992 782 5067 transires
843 5009 946 5064 per
1006 4991 1272 5064 regiones
1332 4992 1536 5057 Edom,
1611 4997 1765 5047 terra
1820 4996 1980 5047 mola
2038 4995 2147 5057 est,

499 5078 625 5133 cceli
659 5095 724 5134 ac
756 5080 941 5135 nubes
973 5079 1341 5136 stillaverunt
1362 5080 1554 5151 aquis.
1585 5104 1605 5129 ι
1644 5079 1844 5136 Exisse
1868 5080 2148 5136 Dominus

500 5166 715 5222 dicitur
746 5169 815 5223 de
844 5169 989 5235 Seir,
1020 5174 1076 5225 et
1106 5170 1390 5226 transisse
1420 5185 1518 5239 per
1549 5170 1820 5234 Edom,eo
1844 5169 1995 5240 quod
2025 5169 2151 5224 Idu-

499 5254 868 5328 maeislegem
898 5275 1067 5314 suam
1117 5260 1371 5331 recipere
1426 5257 1782 5324 nolentibus,
1836 5262 1890 5313 in
1953 5263 2152 5314 monte

499 5341 659 5398 Sinai
692 5342 878 5416 legem
911 5346 1088 5403 Israel
1122 5349 1366 5414 dederit,
1396 5370 1423 5399 ‹‹
1459 5348 1638 5403 Terra
1681 5354 1839 5403 mota
1885 5352 1992 5413 est,
2025 5346 2153 5403 cceli

2253 4109 2394 4163 Sina
2427 4107 2794 4163 describitur.
2834 4112 2895 4161 [ιι
2925 4107 3078 4178 quod
3125 4106 3313 4161 dicit:
3357 4132 3379 4157 α
3417 4107 3556 4162 (Σωῐί
3610 4123 3669 4163 ac
3711 4102 3852 4159 nubes

2254 4196 2622 4252 still‘averunt
2650 4194 2843 4268 aquis,
2882 4219 2908 4244 ››
2940 4196 3011 4250 ad
3044 4196 3418 4267 praesentiam
3472 4193 3710 4264 Domini,
3755 4184 3851 4244 cos-li

2253 4285 2423 4357 quasi
2456 4285 2709 4357 quodam
2745 4300 2953 4356 pavore
2983 4284 3226 4339 sudores
3252 4284 3591 4340 amittentes
3643 4296 3665 4326 ο
3718 4276 3849 4349 aquis

2253 4373 2571 4429 stillavisse
2602 4373 2900 4428 dicuntur.
2937 4372 3219 4428 Similiter
3258 4377 3318 4428 et
3366 4396 3393 4422 ‹‹
3451 4376 3673 4428 montes
3715 4367 3851 4423 ﬂuxe-

2254 4468 2394 4518 runt
2425 4480 2459 4517 a
2490 4461 2636 4517 facie
2668 4462 2918 4517 Domini.
2956 4483 2984 4509 »
3016 4462 3177 4527 Quod
3210 4478 3343 4516 vero
3377 4462 3706 4534 sequitur,n
3736 4448 3857 4511 Sinti

2254 4569 2287 4607 a
2344 4551 2488 4607 facio
2536 4550 2770 4606 Domini
2820 4550 2920 4605 Dei
2976 4549 3172 4616 Israel,
3231 4573 3251 4599 ι
3306 4542 3854 4606 ευὺθυάἰθηᾶιιωοείν

2254 4639 2614 4697 contremuit
2641 4644 2700 4695 et
2730 4639 2993 4694 fumavit.

2327 4726 2515 4798 (Vera.
2554 4726 2634 4797 6.)
2667 4749 2692 4775 «
2729 4725 2788 4779 ln
2848 4725 3057 4781 diebus
3125 4725 3350 4798 Sangar
3418 4726 3525 4782 filii
3581 4721 3770 4787 Anath,
3812 4715 3853 4770 in

2256 4815 2468 4870 diebus
2497 4813 2663 4869 Jabel
2698 4814 3047 4885 quieverunt
3076 4814 3318 4881 semitae,
3379 4821 3437 4871 et
3476 4814 3575 4888 qui
3622 4802 3854 4882 ingredie‘

2257 4905 2473 4959 bantur
2498 4919 2601 4974 per
2620 4920 2746 4974 cas,
2772 4895 3233 4959 'ambulaverunt
3263 4921 3365 4975 per
3396 4904 3573 4960 calles
3620 4899 3803 4955 devios.
3829 4911 3848 4935 ν

2261 4992 2562 5059 Quievisse
2587 4991 2866 5047 dicuntur
2896 4992 3139 5055 semitae.
3201 4993 3339 5065 quia
3380 4998 3635 5064 tempore
3675 4992 3851 5055 Sanga?

2261 5081 2430 5135 ducis
2464 5080 2663 5149 Israel,
2696 5085 3106 5152 praeoccupalaa
3137 5086 3302 5135 erant
3333 5081 3554 5136 semitae
3590 5078 3658 5133 ab
3693 5066 3851 5129 inimi-

2259 5171 2344 5225 cis
2377 5169 2573 5239 Israel,
2617 5174 2675 5225 et
2731 5186 2845 5224 non
2906 5170 3203 5225 audebant
3259 5170 3312 5224 in
3367 5170 3606 5225 domum
3664 5152 3849 5217 Domini

2260 5258 2441 5314 libere
2475 5257 2679 5311 orandi
2713 5257 2903 5329 gratia
2934 5259 3251 5313 ascendere
3280 5277 3293 5325 ;
3328 5259 3427 5313 sed
3478 5257 3575 5327 qui
3621 5244 3853 5324 ingredie-

2261 5348 2477 5402 bantur
2508 5363 2609 5418 per
2663 5362 2785 5413 eas,
2849 5346 3057 5402 timore
3114 5345 3489 5402 inimicorum
3549 5342 3770 5397 latenter
3811 5334 3851 5386 ei

567 5521 1093 5609 (a)Perpera.m..et
1148 5526 1306 5583 nullo
1373 5542 1551 5585 sensu
1614 5528 1937 5609 excuderet
1980 5526 2353 5585 Martianzeus
2410 5527 2727 5598 miscentur,
2764 5541 2867 5598 pro
2922 5527 3249 5595 emittentes,
3282 5517 3757 5599 quemadmodum
3801 5522 3852 5568 οι

497 5593 634 5654 meo
659 5606 772 5652 ms.
787 5593 1051 5654 restitui.
