  <div class='ocr_page' id='page_1' title='image "/cluster/home/n/w/nwhite01/storage/ocr_20150623/23/hvd.32044052772480/700.png"; bbox 0 0 4070 6166; ppageno 0'>
   <div class='ocr_carea' id='block_1_1' title="bbox 175 301 338 367">
    <p class='ocr_par' dir='ltr' id='par_1_1' title="bbox 175 301 338 367">
     <span class='ocr_line' id='line_1_1' title="bbox 175 301 338 367; baseline 0.012 -1"><span class='ocrx_word' id='word_1_1' title='bbox 175 301 338 367; x_wconf 72' lang='lat' dir='ltr'>I385</span> 
     </span>
    </p>
   </div>
   <div class='ocr_carea' id='block_1_2' title="bbox 1161 302 2601 369">
    <p class='ocr_par' dir='ltr' id='par_1_2' title="bbox 1161 302 2601 369">
     <span class='ocr_line' id='line_1_2' title="bbox 1161 302 2601 369; baseline 0.001 -2"><span class='ocrx_word' id='word_1_2' title='bbox 1161 303 1571 367; x_wconf 82' lang='lat' dir='ltr'>COMMENT.</span> <span class='ocrx_word' id='word_1_3' title='bbox 1619 304 1699 365; x_wconf 90' lang='lat' dir='ltr'><strong>IN</strong></span> <span class='ocrx_word' id='word_1_4' title='bbox 1742 302 2145 367; x_wconf 79' lang='lat' dir='ltr'>CANTICUM</span> <span class='ocrx_word' id='word_1_5' title='bbox 2188 305 2601 369; x_wconf 68' lang='lat' dir='ltr'>DEBBORE.</span> 
     </span>
    </p>
   </div>
   <div class='ocr_carea' id='block_1_3' title="bbox 3421 310 3583 375">
    <p class='ocr_par' dir='ltr' id='par_1_3' title="bbox 3421 310 3583 375">
     <span class='ocr_line' id='line_1_3' title="bbox 3421 310 3583 375; baseline 0.019 -3"><span class='ocrx_word' id='word_1_6' title='bbox 3421 310 3583 375; x_wconf 65' lang='lat' dir='ltr'>sm</span> 
     </span>
    </p>
   </div>
   <div class='ocr_carea' id='block_1_4' title="bbox 170 435 3577 513">
    <p class='ocr_par' dir='ltr' id='par_1_4' title="bbox 170 435 3577 513">
     <span class='ocr_line' id='line_1_4' title="bbox 170 435 3577 513; baseline 0.003 -22"><span class='ocrx_word' id='word_1_7' title='bbox 170 453 277 510; x_wconf 91' lang='lat' dir='ltr'>per</span> <span class='ocrx_word' id='word_1_8' title='bbox 304 435 485 493; x_wconf 90' lang='lat' dir='ltr'>calles</span> <span class='ocrx_word' id='word_1_9' title='bbox 515 436 712 495; x_wconf 88' lang='lat' dir='ltr'>devios</span> <span class='ocrx_word' id='word_1_10' title='bbox 758 437 1171 494; x_wconf 78' lang='lat' dir='ltr'>ascendebant.</span> <span class='ocrx_word' id='word_1_11' title='bbox 1206 439 1286 493; x_wconf 91' lang='lat' dir='ltr'>De</span> <span class='ocrx_word' id='word_1_12' title='bbox 1326 438 1539 511; x_wconf 83' lang='lat' dir='ltr'>quibus</span> <span class='ocrx_word' id='word_1_13' title='bbox 1570 437 1824 493; x_wconf 89' lang='lat' dir='ltr'>inimicis</span> <span class='ocrx_word' id='word_1_14' title='bbox 1854 438 1908 504; x_wconf 81' lang='grc' dir='ltr'><strong>Α</strong></span> <span class='ocrx_word' id='word_1_15' title='bbox 1936 437 2073 493; x_wconf 81' lang='lat' dir='ltr'>ditis</span> <span class='ocrx_word' id='word_1_16' title='bbox 2096 455 2273 510; x_wconf 80' lang='lat' dir='ltr'>super</span> <span class='ocrx_word' id='word_1_17' title='bbox 2297 440 2548 497; x_wconf 79' lang='lat' dir='ltr'>nitentes</span> <span class='ocrx_word' id='word_1_18' title='bbox 2570 441 2769 498; x_wconf 81' lang='lat' dir='ltr'>asinos</span> <span class='ocrx_word' id='word_1_19' title='bbox 2788 441 2884 513; x_wconf 90' lang='lat' dir='ltr'>(b).</span> <span class='ocrx_word' id='word_1_20' title='bbox 2912 462 2939 491; x_wconf 84' lang='grc'><strong>››</strong></span> <span class='ocrx_word' id='word_1_21' title='bbox 2970 442 3037 499; x_wconf 89' lang='lat' dir='ltr'>In</span> <span class='ocrx_word' id='word_1_22' title='bbox 3068 441 3326 512; x_wconf 72' lang='lat' dir='ltr'>Hebrum,</span> <span class='ocrx_word' id='word_1_23' title='bbox 3358 447 3577 505; x_wconf 84' lang='lat' dir='ltr'>asinas.</span> 
     </span>
    </p>
   </div>
   <div class='ocr_carea' id='block_1_5' title="bbox 172 524 1820 598">
    <p class='ocr_par' dir='ltr' id='par_1_5' title="bbox 172 524 1820 598">
     <span class='ocr_line' id='line_1_5' title="bbox 172 524 1820 598; baseline 0.001 -19"><span class='ocrx_word' id='word_1_24' title='bbox 172 543 288 581; x_wconf 90' lang='lat' dir='ltr'>non</span> <span class='ocrx_word' id='word_1_25' title='bbox 326 525 495 598; x_wconf 81' lang='lat' dir='ltr'>plene</span> <span class='ocrx_word' id='word_1_26' title='bbox 526 542 623 581; x_wconf 83' lang='lat' dir='ltr'>eos</span> <span class='ocrx_word' id='word_1_27' title='bbox 680 524 959 581; x_wconf 78' lang='lat' dir='ltr'>liberasse</span> <span class='ocrx_word' id='word_1_28' title='bbox 1015 530 1237 598; x_wconf 83' lang='lat' dir='ltr'>Sangar</span> <span class='ocrx_word' id='word_1_29' title='bbox 1295 527 1570 581; x_wconf 78' lang='lat' dir='ltr'>srribitur</span> <span class='ocrx_word' id='word_1_30' title='bbox 1627 526 1820 597; x_wconf 72' lang='lat' dir='ltr'>(Judir.</span> 
     </span>
    </p>
   </div>
   <div class='ocr_carea' id='block_1_6' title="bbox 168 615 1821 687">
    <p class='ocr_par' dir='ltr' id='par_1_6' title="bbox 168 615 1821 687">
     <span class='ocr_line' id='line_1_6' title="bbox 168 615 1821 687; baseline 0.001 -19"><span class='ocrx_word' id='word_1_31' title='bbox 168 632 254 681; x_wconf 79' lang='lat' dir='ltr'>in,</span> <span class='ocrx_word' id='word_1_32' title='bbox 286 615 567 683; x_wconf 83' lang='lat' dir='ltr'>31).Quod</span> <span class='ocrx_word' id='word_1_33' title='bbox 602 632 734 671; x_wconf 85' lang='lat' dir='ltr'>vero</span> <span class='ocrx_word' id='word_1_34' title='bbox 790 615 1175 687; x_wconf 83' lang='lat' dir='ltr'>interponitur</span> <span class='ocrx_word' id='word_1_35' title='bbox 1228 615 1400 686; x_wconf 88' lang='lat' dir='ltr'>paulo</span> <span class='ocrx_word' id='word_1_36' title='bbox 1441 615 1733 686; x_wconf 83' lang='lat' dir='ltr'>superius,</span> <span class='ocrx_word' id='word_1_37' title='bbox 1766 616 1821 669; x_wconf 77' lang='lat' dir='ltr'>in</span> 
     </span>
    </p>
   </div>
   <div class='ocr_carea' id='block_1_7' title="bbox 163 703 1823 775">
    <p class='ocr_par' dir='ltr' id='par_1_7' title="bbox 163 703 1823 775">
     <span class='ocr_line' id='line_1_7' title="bbox 163 703 1823 775; baseline 0.001 -18"><span class='ocrx_word' id='word_1_38' title='bbox 163 703 356 759; x_wconf 80' lang='lat' dir='ltr'>diebus</span> <span class='ocrx_word' id='word_1_39' title='bbox 402 703 577 771; x_wconf 85' lang='lat' dir='ltr'>Jahel,</span> <span class='ocrx_word' id='word_1_40' title='bbox 622 704 1067 775; x_wconf 84' lang='lat' dir='ltr'>intelligendum</span> <span class='ocrx_word' id='word_1_41' title='bbox 1125 709 1231 772; x_wconf 85' lang='lat' dir='ltr'>est,</span> <span class='ocrx_word' id='word_1_42' title='bbox 1293 705 1429 775; x_wconf 83' lang='lat' dir='ltr'>quia</span> <span class='ocrx_word' id='word_1_43' title='bbox 1477 706 1823 774; x_wconf 81' lang='lat' dir='ltr'>interempto</span> 
     </span>
    </p>
   </div>
   <div class='ocr_carea' id='block_1_8' title="bbox 163 791 1822 865">
    <p class='ocr_par' dir='ltr' id='par_1_8' title="bbox 163 791 1822 865">
     <span class='ocr_line' id='line_1_8' title="bbox 163 791 1822 865; baseline 0 -18"><span class='ocrx_word' id='word_1_44' title='bbox 163 791 369 848; x_wconf 79' lang='lat' dir='ltr'>Sisara</span> <span class='ocrx_word' id='word_1_45' title='bbox 399 810 433 848; x_wconf 89' lang='lat' dir='ltr'>a</span> <span class='ocrx_word' id='word_1_46' title='bbox 461 792 650 852; x_wconf 88' lang='lat' dir='ltr'>Jahel.</span> <span class='ocrx_word' id='word_1_47' title='bbox 686 798 899 865; x_wconf 66' lang='lat' dir='ltr'>aperta:</span> <span class='ocrx_word' id='word_1_48' title='bbox 949 798 1089 848; x_wconf 89' lang='lat' dir='ltr'>sunt</span> <span class='ocrx_word' id='word_1_49' title='bbox 1120 793 1220 847; x_wconf 69' lang='lat' dir='ltr'>via:</span> <span class='ocrx_word' id='word_1_50' title='bbox 1269 798 1324 848; x_wconf 88' lang='lat' dir='ltr'>et</span> <span class='ocrx_word' id='word_1_51' title='bbox 1354 794 1574 865; x_wconf 80' lang='lat' dir='ltr'>absque</span> <span class='ocrx_word' id='word_1_52' title='bbox 1608 792 1722 847; x_wconf 91' lang='lat' dir='ltr'>ullo</span> <span class='ocrx_word' id='word_1_53' title='bbox 1752 793 1822 847; x_wconf 89' lang='lat' dir='ltr'>ti-</span> 
     </span>
    </p>
   </div>
   <div class='ocr_carea' id='block_1_9' title="bbox 162 881 1823 953">
    <p class='ocr_par' dir='ltr' id='par_1_9' title="bbox 162 881 1823 953">
     <span class='ocr_line' id='line_1_9' title="bbox 162 881 1823 953; baseline 0.001 -17"><span class='ocrx_word' id='word_1_54' title='bbox 162 898 330 937; x_wconf 85' lang='lat' dir='ltr'>more</span> <span class='ocrx_word' id='word_1_55' title='bbox 355 883 509 937; x_wconf 78' lang='lat' dir='ltr'>ibant</span> <span class='ocrx_word' id='word_1_56' title='bbox 548 883 605 936; x_wconf 92' lang='lat' dir='ltr'><strong>in</strong></span> <span class='ocrx_word' id='word_1_57' title='bbox 631 883 871 937; x_wconf 90' lang='lat' dir='ltr'>domum</span> <span class='ocrx_word' id='word_1_58' title='bbox 908 882 1160 947; x_wconf 86' lang='lat' dir='ltr'>Domini,</span> <span class='ocrx_word' id='word_1_59' title='bbox 1188 883 1284 953; x_wconf 83' lang='lat' dir='ltr'>qui</span> <span class='ocrx_word' id='word_1_60' title='bbox 1312 888 1482 937; x_wconf 87' lang='lat' dir='ltr'>antea</span> <span class='ocrx_word' id='word_1_61' title='bbox 1516 899 1615 952; x_wconf 90' lang='lat' dir='ltr'>per</span> <span class='ocrx_word' id='word_1_62' title='bbox 1646 881 1823 937; x_wconf 89' lang='lat' dir='ltr'>calles</span> 
     </span>
    </p>
   </div>
   <div class='ocr_carea' id='block_1_10' title="bbox 159 964 1821 1043">
    <p class='ocr_par' dir='ltr' id='par_1_10' title="bbox 159 964 1821 1043">
     <span class='ocr_line' id='line_1_10' title="bbox 159 964 1821 1043; baseline 0 -17"><span class='ocrx_word' id='word_1_63' title='bbox 159 971 363 1026; x_wconf 89' lang='lat' dir='ltr'>devios</span> <span class='ocrx_word' id='word_1_64' title='bbox 384 970 523 1026; x_wconf 90' lang='lat' dir='ltr'>illuc</span> <span class='ocrx_word' id='word_1_65' title='bbox 555 964 1000 1043; x_wconf 81' lang='lat' dir='ltr'>gradiebantur.</span> <span class='ocrx_word' id='word_1_66' title='bbox 1046 976 1105 1025; x_wconf 68' lang='lat' dir='ltr'>Et</span> <span class='ocrx_word' id='word_1_67' title='bbox 1136 974 1288 1043; x_wconf 85' lang='lat' dir='ltr'>quod</span> <span class='ocrx_word' id='word_1_68' title='bbox 1316 970 1480 1026; x_wconf 83' lang='lat' dir='ltr'>Jahel</span> <span class='ocrx_word' id='word_1_69' title='bbox 1516 976 1652 1026; x_wconf 87' lang='lat' dir='ltr'>ante</span> <span class='ocrx_word' id='word_1_70' title='bbox 1680 972 1821 1026; x_wconf 84' lang='lat' dir='ltr'>Deb-</span> 
     </span>
    </p>
   </div>
   <div class='ocr_carea' id='block_1_11' title="bbox 161 1058 1826 1131">
    <p class='ocr_par' dir='ltr' id='par_1_11' title="bbox 161 1058 1826 1131">
     <span class='ocr_line' id='line_1_11' title="bbox 161 1058 1826 1131; baseline 0 -17"><span class='ocrx_word' id='word_1_71' title='bbox 161 1060 370 1114; x_wconf 89' lang='lat' dir='ltr'>boram</span> <span class='ocrx_word' id='word_1_72' title='bbox 403 1059 495 1114; x_wconf 90' lang='lat' dir='ltr'>hic</span> <span class='ocrx_word' id='word_1_73' title='bbox 532 1060 791 1131; x_wconf 82' lang='lat' dir='ltr'>ponitur,</span> <span class='ocrx_word' id='word_1_74' title='bbox 824 1058 1180 1115; x_wconf 73' lang='lat' dir='ltr'>humilitatis</span> <span class='ocrx_word' id='word_1_75' title='bbox 1212 1077 1390 1115; x_wconf 80' lang='lat' dir='ltr'>causa</span> <span class='ocrx_word' id='word_1_76' title='bbox 1420 1059 1528 1113; x_wconf 85' lang='lat' dir='ltr'>hoc</span> <span class='ocrx_word' id='word_1_77' title='bbox 1562 1059 1826 1115; x_wconf 89' lang='lat' dir='ltr'>Debbora</span> 
     </span>
    </p>
   </div>
   <div class='ocr_carea' id='block_1_12' title="bbox 159 1147 1822 1220">
    <p class='ocr_par' dir='ltr' id='par_1_12' title="bbox 159 1147 1822 1220">
     <span class='ocr_line' id='line_1_12' title="bbox 159 1147 1822 1220; baseline 0 -18"><span class='ocrx_word' id='word_1_78' title='bbox 159 1149 374 1203; x_wconf 87' lang='lat' dir='ltr'>fecisse</span> <span class='ocrx_word' id='word_1_79' title='bbox 414 1147 650 1215; x_wconf 89' lang='lat' dir='ltr'>dicitur,</span> <span class='ocrx_word' id='word_1_80' title='bbox 701 1165 767 1203; x_wconf 95' lang='lat' dir='ltr'>eo</span> <span class='ocrx_word' id='word_1_81' title='bbox 808 1151 961 1220; x_wconf 88' lang='lat' dir='ltr'>quod</span> <span class='ocrx_word' id='word_1_82' title='bbox 1016 1148 1179 1203; x_wconf 84' lang='lat' dir='ltr'>Juhel</span> <span class='ocrx_word' id='word_1_83' title='bbox 1243 1166 1387 1204; x_wconf 80' lang='lat' dir='ltr'>uxor</span> <span class='ocrx_word' id='word_1_84' title='bbox 1457 1148 1601 1205; x_wconf 80' lang='lat' dir='ltr'>Aber</span> <span class='ocrx_word' id='word_1_85' title='bbox 1648 1147 1822 1203; x_wconf 63' lang='lat' dir='ltr'>Cinaei</span> 
     </span>
    </p>
   </div>
   <div class='ocr_carea' id='block_1_13' title="bbox 160 1235 839 1293">
    <p class='ocr_par' dir='ltr' id='par_1_13' title="bbox 160 1235 839 1293">
     <span class='ocr_line' id='line_1_13' title="bbox 160 1235 839 1293; baseline -0.003 -1"><span class='ocrx_word' id='word_1_86' title='bbox 160 1235 430 1293; x_wconf 88' lang='lat' dir='ltr'>Sisaram</span> <span class='ocrx_word' id='word_1_87' title='bbox 462 1235 839 1293; x_wconf 79' lang='lat' dir='ltr'>interfecerit.</span> 
     </span>
    </p>
   </div>
   <div class='ocr_carea' id='block_1_14' title="bbox 238 1325 1819 1397">
    <p class='ocr_par' dir='ltr' id='par_1_14' title="bbox 238 1325 1819 1397">
     <span class='ocr_line' id='line_1_14' title="bbox 238 1325 1819 1397; baseline 0.001 -18"><span class='ocrx_word' id='word_1_88' title='bbox 238 1326 423 1397; x_wconf 87' lang='lat' dir='ltr'>(Vers.</span> <span class='ocrx_word' id='word_1_89' title='bbox 490 1326 571 1393; x_wconf 88' lang='lat'>7.)</span> <span class='ocrx_word' id='word_1_90' title='bbox 626 1348 654 1373; x_wconf 75' lang='grc' dir='ltr'>ιι</span> <span class='ocrx_word' id='word_1_91' title='bbox 722 1327 1110 1381; x_wconf 88' lang='lat' dir='ltr'>Cessaverunt</span> <span class='ocrx_word' id='word_1_92' title='bbox 1175 1326 1438 1397; x_wconf 89' lang='lat' dir='ltr'>(autem),</span> <span class='ocrx_word' id='word_1_93' title='bbox 1513 1327 1690 1380; x_wconf 81' lang='lat' dir='ltr'>fortes</span> <span class='ocrx_word' id='word_1_94' title='bbox 1759 1325 1819 1380; x_wconf 94' lang='lat' dir='ltr'>in</span> 
     </span>
    </p>
   </div>
   <div class='ocr_carea' id='block_1_15' title="bbox 1937 529 3593 601">
    <p class='ocr_par' dir='ltr' id='par_1_15' title="bbox 1937 529 3593 601">
     <span class='ocr_line' id='line_1_15' title="bbox 1937 529 3593 601; baseline 0.005 -21"><span class='ocrx_word' id='word_1_95' title='bbox 1937 552 1961 572; x_wconf 77' lang='grc' dir='ltr'>ιε</span> <span class='ocrx_word' id='word_1_96' title='bbox 2000 529 2063 581; x_wconf 58' lang='lat' dir='ltr'>lit</span> <span class='ocrx_word' id='word_1_97' title='bbox 2109 529 2322 582; x_wconf 79' lang='lat' dir='ltr'>sedetis</span> <span class='ocrx_word' id='word_1_98' title='bbox 2384 530 2436 583; x_wconf 91' lang='lat' dir='ltr'>in</span> <span class='ocrx_word' id='word_1_99' title='bbox 2463 530 2708 600; x_wconf 85' lang='lat' dir='ltr'>judicio.</span> <span class='ocrx_word' id='word_1_100' title='bbox 2747 552 2773 579; x_wconf 75' lang='grc' dir='ltr'>ι)</span> <span class='ocrx_word' id='word_1_101' title='bbox 2838 536 2899 586; x_wconf 87' lang='lat' dir='ltr'>In</span> <span class='ocrx_word' id='word_1_102' title='bbox 2948 531 3204 601; x_wconf 83' lang='lat' dir='ltr'>Hebraeo,</span> <span class='ocrx_word' id='word_1_103' title='bbox 3239 556 3264 583; x_wconf 84' lang='grc'>‹‹</span> <span class='ocrx_word' id='word_1_104' title='bbox 3298 534 3593 597; x_wconf 66' lang='grc' dir='ltr'>Βθᾶθηιθε·</span> 
     </span>
    </p>
   </div>
   <div class='ocr_carea' id='block_1_16' title="bbox 1934 618 3579 694">
    <p class='ocr_par' dir='ltr' id='par_1_16' title="bbox 1934 618 3579 694">
     <span class='ocr_line' id='line_1_16' title="bbox 1934 618 3579 694; baseline 0.006 -25"><span class='ocrx_word' id='word_1_105' title='bbox 1934 633 2113 687; x_wconf 79' lang='lat' dir='ltr'>super</span> <span class='ocrx_word' id='word_1_106' title='bbox 2154 618 2468 687; x_wconf 71' lang='lat' dir='ltr'>judicium.</span> <span class='ocrx_word' id='word_1_107' title='bbox 2527 620 2594 675; x_wconf 83' lang='lat' dir='ltr'>Et</span> <span class='ocrx_word' id='word_1_108' title='bbox 2641 619 2956 675; x_wconf 88' lang='lat' dir='ltr'>ambulatis</span> <span class='ocrx_word' id='word_1_109' title='bbox 3006 620 3065 677; x_wconf 92' lang='lat' dir='ltr'>in</span> <span class='ocrx_word' id='word_1_110' title='bbox 3122 621 3233 688; x_wconf 88' lang='lat' dir='ltr'>via,</span> <span class='ocrx_word' id='word_1_111' title='bbox 3267 621 3579 694; x_wconf 71' lang='lat' dir='ltr'>loquimini</span> 
     </span>
    </p>
   </div>
   <div class='ocr_carea' id='block_1_17' title="bbox 1936 703 3583 772">
    <p class='ocr_par' dir='ltr' id='par_1_17' title="bbox 1936 703 3583 772">
     <span class='ocr_line' id='line_1_17' title="bbox 1936 703 3583 772; baseline 0.009 -19"><span class='ocrx_word' id='word_1_112' title='bbox 1936 703 2030 755; x_wconf 79' lang='lat' dir='ltr'>ubi</span> <span class='ocrx_word' id='word_1_113' title='bbox 2067 704 2252 759; x_wconf 73' lang='lat' dir='ltr'>collisi</span> <span class='ocrx_word' id='word_1_114' title='bbox 2283 710 2423 759; x_wconf 88' lang='lat' dir='ltr'>sunt</span> <span class='ocrx_word' id='word_1_115' title='bbox 2461 722 2695 772; x_wconf 73' lang='lat' dir='ltr'>currus,</span> <span class='ocrx_word' id='word_1_116' title='bbox 2751 713 2804 761; x_wconf 91' lang='lat' dir='ltr'>et</span> <span class='ocrx_word' id='word_1_117' title='bbox 2846 706 3103 763; x_wconf 87' lang='lat' dir='ltr'>hostium</span> <span class='ocrx_word' id='word_1_118' title='bbox 3143 710 3461 767; x_wconf 77' lang='lat' dir='ltr'>suffocatus</span> <span class='ocrx_word' id='word_1_119' title='bbox 3489 716 3583 767; x_wconf 84' lang='lat' dir='ltr'>est</span> 
     </span>
    </p>
   </div>
   <div class='ocr_carea' id='block_1_18' title="bbox 1932 793 3580 867">
    <p class='ocr_par' dir='ltr' id='par_1_18' title="bbox 1932 793 3580 867">
     <span class='ocr_line' id='line_1_18' title="bbox 1932 793 3580 867; baseline 0.008 -24"><span class='ocrx_word' id='word_1_120' title='bbox 1932 793 2237 857; x_wconf 72' lang='lat' dir='ltr'>exercitus,</span> <span class='ocrx_word' id='word_1_121' title='bbox 2271 794 2347 846; x_wconf 92' lang='lat' dir='ltr'>ibi</span> <span class='ocrx_word' id='word_1_122' title='bbox 2375 796 2942 866; x_wconf 70' lang='lat' dir='ltr'>narrenturjustitiaa</span> <span class='ocrx_word' id='word_1_123' title='bbox 2976 796 3228 867; x_wconf 90' lang='lat' dir='ltr'>Domini,</span> <span class='ocrx_word' id='word_1_124' title='bbox 3261 798 3580 856; x_wconf 67' lang='lat' dir='ltr'>clementia</span> 
     </span>
    </p>
   </div>
   <div class='ocr_carea' id='block_1_19' title="bbox 1934 878 3583 959">
    <p class='ocr_par' dir='ltr' id='par_1_19' title="bbox 1934 878 3583 959">
     <span class='ocr_line' id='line_1_19' title="bbox 1934 878 3583 959; baseline 0.007 -26"><span class='ocrx_word' id='word_1_125' title='bbox 1934 878 2098 959; x_wconf 72' lang='lat' dir='ltr'>fortis</span> <span class='ocrx_word' id='word_1_126' title='bbox 2130 881 2327 937; x_wconf 82' lang='lat' dir='ltr'>Israel.</span> <span class='ocrx_word' id='word_1_127' title='bbox 2356 905 2382 931; x_wconf 72' lang='lat' dir='ltr'>n</span> <span class='ocrx_word' id='word_1_128' title='bbox 2411 885 2766 940; x_wconf 86' lang='lat' dir='ltr'>Ascensores</span> <span class='ocrx_word' id='word_1_129' title='bbox 2794 884 3097 941; x_wconf 84' lang='lat' dir='ltr'>asinarum</span> <span class='ocrx_word' id='word_1_130' title='bbox 3130 886 3381 959; x_wconf 87' lang='lat' dir='ltr'>populus</span> <span class='ocrx_word' id='word_1_131' title='bbox 3402 888 3583 945; x_wconf 84' lang='lat' dir='ltr'>Israel</span> 
     </span>
    </p>
   </div>
   <div class='ocr_carea' id='block_1_20' title="bbox 1932 969 3593 1044">
    <p class='ocr_par' dir='ltr' id='par_1_20' title="bbox 1932 969 3593 1044">
     <span class='ocr_line' id='line_1_20' title="bbox 1932 969 3593 1044; baseline 0.007 -22"><span class='ocrx_word' id='word_1_132' title='bbox 1932 969 2178 1037; x_wconf 86' lang='lat' dir='ltr'>dicitur;</span> <span class='ocrx_word' id='word_1_133' title='bbox 2204 971 2379 1025; x_wconf 79' lang='lat' dir='ltr'>asinae</span> <span class='ocrx_word' id='word_1_134' title='bbox 2406 989 2540 1027; x_wconf 90' lang='lat' dir='ltr'>vero</span> <span class='ocrx_word' id='word_1_135' title='bbox 2578 972 2637 1026; x_wconf 90' lang='lat' dir='ltr'>in</span> <span class='ocrx_word' id='word_1_136' title='bbox 2666 974 2883 1044; x_wconf 86' lang='lat' dir='ltr'>quibus</span> <span class='ocrx_word' id='word_1_137' title='bbox 2932 977 3279 1043; x_wconf 88' lang='lat' dir='ltr'>ascendunt,</span> <span class='ocrx_word' id='word_1_138' title='bbox 3312 977 3593 1034; x_wconf 72' lang='lat' dir='ltr'>doctores.</span> 
     </span>
    </p>
   </div>
   <div class='ocr_carea' id='block_1_21' title="bbox 1934 1057 3579 1134">
    <p class='ocr_par' dir='ltr' id='par_1_21' title="bbox 1934 1057 3579 1134">
     <span class='ocr_line' id='line_1_21' title="bbox 1934 1057 3579 1134; baseline 0.006 -22"><span class='ocrx_word' id='word_1_139' title='bbox 1934 1057 2121 1113; x_wconf 88' lang='lat' dir='ltr'>tribus</span> <span class='ocrx_word' id='word_1_140' title='bbox 2150 1058 2321 1115; x_wconf 90' lang='lat' dir='ltr'>Israel</span> <span class='ocrx_word' id='word_1_141' title='bbox 2345 1061 2641 1128; x_wconf 91' lang='lat' dir='ltr'>dicuntur,</span> <span class='ocrx_word' id='word_1_142' title='bbox 2683 1078 2859 1133; x_wconf 73' lang='lat' dir='ltr'>super</span> <span class='ocrx_word' id='word_1_143' title='bbox 2885 1079 3134 1134; x_wconf 87' lang='lat' dir='ltr'>quorum</span> <span class='ocrx_word' id='word_1_144' title='bbox 3155 1064 3422 1121; x_wconf 89' lang='lat' dir='ltr'>doctrina</span> <span class='ocrx_word' id='word_1_145' title='bbox 3442 1065 3579 1125; x_wconf 88' lang='lat' dir='ltr'>reli-</span> 
     </span>
    </p>
   </div>
   <div class='ocr_carea' id='block_1_22' title="bbox 1931 1148 3591 1227">
    <p class='ocr_par' dir='ltr' id='par_1_22' title="bbox 1931 1148 3591 1227">
     <span class='ocr_line' id='line_1_22' title="bbox 1931 1148 3591 1227; baseline 0.007 -27"><span class='ocrx_word' id='word_1_146' title='bbox 1931 1163 2085 1227; x_wconf 86' lang='lat' dir='ltr'>quus</span> <span class='ocrx_word' id='word_1_147' title='bbox 2116 1148 2366 1219; x_wconf 91' lang='lat' dir='ltr'>populus</span> <span class='ocrx_word' id='word_1_148' title='bbox 2397 1149 2565 1220; x_wconf 90' lang='lat' dir='ltr'>quasi</span> <span class='ocrx_word' id='word_1_149' title='bbox 2611 1167 2788 1221; x_wconf 87' lang='lat' dir='ltr'>super</span> <span class='ocrx_word' id='word_1_150' title='bbox 2830 1151 3027 1209; x_wconf 84' lang='lat' dir='ltr'>asinae</span> <span class='ocrx_word' id='word_1_151' title='bbox 3074 1155 3388 1210; x_wconf 86' lang='lat' dir='ltr'>ascendere</span> <span class='ocrx_word' id='word_1_152' title='bbox 3426 1154 3591 1211; x_wconf 63' lang='lat' dir='ltr'>dicio.</span> 
     </span>
    </p>
   </div>
   <div class='ocr_carea' id='block_1_23' title="bbox 1930 1237 3577 1313">
    <p class='ocr_par' dir='ltr' id='par_1_23' title="bbox 1930 1237 3577 1313">
     <span class='ocr_line' id='line_1_23' title="bbox 1930 1237 3577 1313; baseline 0.007 -24"><span class='ocrx_word' id='word_1_153' title='bbox 1930 1240 2045 1303; x_wconf 89' lang='lat' dir='ltr'>tur,</span> <span class='ocrx_word' id='word_1_154' title='bbox 2080 1237 2135 1291; x_wconf 90' lang='lat' dir='ltr'>id</span> <span class='ocrx_word' id='word_1_155' title='bbox 2160 1241 2266 1301; x_wconf 88' lang='lat' dir='ltr'>est,</span> <span class='ocrx_word' id='word_1_156' title='bbox 2297 1237 2680 1310; x_wconf 79' lang='lat' dir='ltr'>requiescere.</span> <span class='ocrx_word' id='word_1_157' title='bbox 2714 1240 2780 1295; x_wconf 87' lang='lat' dir='ltr'>Et</span> <span class='ocrx_word' id='word_1_158' title='bbox 2803 1239 2913 1311; x_wconf 89' lang='lat' dir='ltr'>ipsi</span> <span class='ocrx_word' id='word_1_159' title='bbox 2943 1240 3119 1297; x_wconf 66' lang='lat' dir='ltr'>asinae</span> <span class='ocrx_word' id='word_1_160' title='bbox 3136 1242 3435 1313; x_wconf 86' lang='lat' dir='ltr'>dicuntur,</span> <span class='ocrx_word' id='word_1_161' title='bbox 3466 1244 3577 1301; x_wconf 84' lang='lat' dir='ltr'>hoc</span> 
     </span>
    </p>
   </div>
   <div class='ocr_carea' id='block_1_24' title="bbox 1929 1326 3581 1406">
    <p class='ocr_par' dir='ltr' id='par_1_24' title="bbox 1929 1326 3581 1406">
     <span class='ocr_line' id='line_1_24' title="bbox 1929 1326 3581 1406; baseline 0.006 -26"><span class='ocrx_word' id='word_1_162' title='bbox 1929 1330 2038 1389; x_wconf 87' lang='lat' dir='ltr'>est,</span> <span class='ocrx_word' id='word_1_163' title='bbox 2070 1326 2400 1397; x_wconf 87' lang='lat' dir='ltr'>gradientes</span> <span class='ocrx_word' id='word_1_164' title='bbox 2423 1328 2609 1383; x_wconf 89' lang='lat' dir='ltr'>instar</span> <span class='ocrx_word' id='word_1_165' title='bbox 2630 1329 2804 1384; x_wconf 79' lang='lat' dir='ltr'>asinae</span> <span class='ocrx_word' id='word_1_166' title='bbox 2827 1328 2886 1384; x_wconf 93' lang='lat' dir='ltr'><strong>in</strong></span> <span class='ocrx_word' id='word_1_167' title='bbox 2918 1329 3063 1401; x_wconf 91' lang='lat' dir='ltr'>lege,</span> <span class='ocrx_word' id='word_1_168' title='bbox 3096 1331 3371 1389; x_wconf 88' lang='lat' dir='ltr'>sedentes</span> <span class='ocrx_word' id='word_1_169' title='bbox 3398 1350 3581 1406; x_wconf 88' lang='lat' dir='ltr'>super</span> 
     </span>
    </p>
   </div>
   <div class='ocr_carea' id='block_1_25' title="bbox 164 1414 3583 1495">
    <p class='ocr_par' dir='ltr' id='par_1_25' title="bbox 164 1414 3583 1495">
     <span class='ocr_line' id='line_1_25' title="bbox 164 1414 3583 1495; baseline 0.002 -24"><span class='ocrx_word' id='word_1_170' title='bbox 164 1414 346 1471; x_wconf 86' lang='lat' dir='ltr'>Israel</span> <span class='ocrx_word' id='word_1_171' title='bbox 374 1414 743 1486; x_wconf 86' lang='lat' dir='ltr'>quieverunt,</span> <span class='ocrx_word' id='word_1_172' title='bbox 792 1415 973 1470; x_wconf 90' lang='lat' dir='ltr'>donec</span> <span class='ocrx_word' id='word_1_173' title='bbox 1007 1418 1270 1490; x_wconf 80' lang='lat' dir='ltr'>surgeret</span> <span class='ocrx_word' id='word_1_174' title='bbox 1324 1414 1604 1484; x_wconf 84' lang='lat' dir='ltr'>Debbora,</span> <span class='ocrx_word' id='word_1_175' title='bbox 1639 1418 1823 1469; x_wconf 86' lang='lat' dir='ltr'>mater</span> <span class='ocrx_word' id='word_1_176' title='bbox 1921 1414 2237 1485; x_wconf 86' lang='lat' dir='ltr'>judicium,</span> <span class='ocrx_word' id='word_1_177' title='bbox 2273 1415 2329 1469; x_wconf 89' lang='lat' dir='ltr'>id</span> <span class='ocrx_word' id='word_1_178' title='bbox 2363 1421 2451 1471; x_wconf 88' lang='lat' dir='ltr'>est</span> <span class='ocrx_word' id='word_1_179' title='bbox 2488 1433 2665 1489; x_wconf 89' lang='lat' dir='ltr'>super</span> <span class='ocrx_word' id='word_1_180' title='bbox 2721 1416 2931 1489; x_wconf 87' lang='lat' dir='ltr'>legem.</span> <span class='ocrx_word' id='word_1_181' title='bbox 2997 1419 3132 1483; x_wconf 66' lang='lat' dir='ltr'>Quae</span> <span class='ocrx_word' id='word_1_182' title='bbox 3183 1422 3360 1478; x_wconf 88' lang='lat' dir='ltr'>etiam</span> <span class='ocrx_word' id='word_1_183' title='bbox 3399 1436 3583 1495; x_wconf 76' lang='lat' dir='ltr'>super</span> 
     </span>
    </p>
   </div>
   <div class='ocr_carea' id='block_1_26' title="bbox 157 1502 3585 1582">
    <p class='ocr_par' dir='ltr' id='par_1_26' title="bbox 157 1502 3585 1582">
     <span class='ocr_line' id='line_1_26' title="bbox 157 1502 3585 1582; baseline 0.002 -23"><span class='ocrx_word' id='word_1_184' title='bbox 157 1506 223 1559; x_wconf 88' lang='lat' dir='ltr'><strong>in</strong></span> <span class='ocrx_word' id='word_1_185' title='bbox 273 1502 459 1559; x_wconf 81' lang='lat' dir='ltr'>Israel.</span> <span class='ocrx_word' id='word_1_186' title='bbox 502 1526 528 1547; x_wconf 74' lang='grc' dir='ltr'><strong>η</strong></span> <span class='ocrx_word' id='word_1_187' title='bbox 560 1503 761 1558; x_wconf 88' lang='lat' dir='ltr'>Fortes</span> <span class='ocrx_word' id='word_1_188' title='bbox 817 1503 911 1557; x_wconf 92' lang='lat' dir='ltr'>hic</span> <span class='ocrx_word' id='word_1_189' title='bbox 970 1503 1236 1557; x_wconf 88' lang='lat' dir='ltr'>doctores</span> <span class='ocrx_word' id='word_1_190' title='bbox 1297 1507 1355 1557; x_wconf 90' lang='lat' dir='ltr'>et</span> <span class='ocrx_word' id='word_1_191' title='bbox 1414 1502 1821 1574; x_wconf 82' lang='lat' dir='ltr'>praedicatores</span> <span class='ocrx_word' id='word_1_192' title='bbox 1922 1502 2216 1572; x_wconf 87' lang='lat' dir='ltr'>judicium</span> <span class='ocrx_word' id='word_1_193' title='bbox 2248 1504 2449 1559; x_wconf 91' lang='lat' dir='ltr'>sedere</span> <span class='ocrx_word' id='word_1_194' title='bbox 2478 1505 2774 1571; x_wconf 89' lang='lat' dir='ltr'>dicuntur,</span> <span class='ocrx_word' id='word_1_195' title='bbox 2834 1506 2891 1561; x_wconf 89' lang='lat' dir='ltr'>id</span> <span class='ocrx_word' id='word_1_196' title='bbox 2920 1511 3011 1564; x_wconf 88' lang='lat' dir='ltr'>est</span> <span class='ocrx_word' id='word_1_197' title='bbox 3066 1525 3244 1581; x_wconf 87' lang='lat' dir='ltr'>super</span> <span class='ocrx_word' id='word_1_198' title='bbox 3280 1509 3489 1582; x_wconf 83' lang='lat' dir='ltr'>legem,</span> <span class='ocrx_word' id='word_1_199' title='bbox 3522 1514 3585 1567; x_wconf 75' lang='lat' dir='ltr'>et</span> 
     </span>
    </p>
   </div>
   <div class='ocr_carea' id='block_1_27' title="bbox 158 1590 1818 1665">
    <p class='ocr_par' dir='ltr' id='par_1_27' title="bbox 158 1590 1818 1665">
     <span class='ocr_line' id='line_1_27' title="bbox 158 1590 1818 1665; baseline -0.001 -19"><span class='ocrx_word' id='word_1_200' title='bbox 158 1592 312 1665; x_wconf 85' lang='lat' dir='ltr'>legis</span> <span class='ocrx_word' id='word_1_201' title='bbox 340 1591 501 1661; x_wconf 85' lang='lat' dir='ltr'>dicit,</span> <span class='ocrx_word' id='word_1_202' title='bbox 536 1591 636 1663; x_wconf 86' lang='lat' dir='ltr'><strong>qui</strong></span> <span class='ocrx_word' id='word_1_203' title='bbox 671 1592 982 1663; x_wconf 77' lang='lat' dir='ltr'>quievisse,</span> <span class='ocrx_word' id='word_1_204' title='bbox 1016 1592 1069 1644; x_wconf 86' lang='lat' dir='ltr'>id</span> <span class='ocrx_word' id='word_1_205' title='bbox 1105 1596 1212 1659; x_wconf 88' lang='lat' dir='ltr'>est,</span> <span class='ocrx_word' id='word_1_206' title='bbox 1250 1608 1364 1645; x_wconf 89' lang='lat' dir='ltr'>non</span> <span class='ocrx_word' id='word_1_207' title='bbox 1406 1592 1586 1645; x_wconf 81' lang='lat' dir='ltr'>fuisse</span> <span class='ocrx_word' id='word_1_208' title='bbox 1618 1590 1818 1645; x_wconf 91' lang='lat' dir='ltr'>dicun-</span> 
     </span>
    </p>
   </div>
   <div class='ocr_carea' id='block_1_28' title="bbox 165 1678 1823 1752">
    <p class='ocr_par' dir='ltr' id='par_1_28' title="bbox 165 1678 1823 1752">
     <span class='ocr_line' id='line_1_28' title="bbox 165 1678 1823 1752; baseline -0.001 -17"><span class='ocrx_word' id='word_1_209' title='bbox 165 1688 282 1751; x_wconf 88' lang='lat' dir='ltr'>tur,</span> <span class='ocrx_word' id='word_1_210' title='bbox 314 1680 498 1735; x_wconf 91' lang='lat' dir='ltr'>donec</span> <span class='ocrx_word' id='word_1_211' title='bbox 529 1684 794 1751; x_wconf 85' lang='lat' dir='ltr'>surgeret</span> <span class='ocrx_word' id='word_1_212' title='bbox 842 1697 968 1751; x_wconf 78' lang='lat' dir='ltr'>quae</span> <span class='ocrx_word' id='word_1_213' title='bbox 1021 1679 1196 1735; x_wconf 82' lang='lat' dir='ltr'>Israel</span> <span class='ocrx_word' id='word_1_214' title='bbox 1240 1684 1295 1734; x_wconf 90' lang='lat' dir='ltr'>et</span> <span class='ocrx_word' id='word_1_215' title='bbox 1328 1678 1735 1752; x_wconf 70' lang='lat' dir='ltr'>praedicatione</span> <span class='ocrx_word' id='word_1_216' title='bbox 1765 1682 1823 1734; x_wconf 91' lang='lat' dir='ltr'>et</span> 
     </span>
    </p>
   </div>
   <div class='ocr_carea' id='block_1_29' title="bbox 160 1766 1819 1833">
    <p class='ocr_par' dir='ltr' id='par_1_29' title="bbox 160 1766 1819 1833">
     <span class='ocr_line' id='line_1_29' title="bbox 160 1766 1819 1833; baseline 0 -10"><span class='ocrx_word' id='word_1_217' title='bbox 160 1768 561 1824; x_wconf 86' lang='lat' dir='ltr'>exhortatione</span> <span class='ocrx_word' id='word_1_218' title='bbox 588 1770 841 1833; x_wconf 90' lang='lat' dir='ltr'>doceret,</span> <span class='ocrx_word' id='word_1_219' title='bbox 874 1773 930 1823; x_wconf 91' lang='lat' dir='ltr'>et</span> <span class='ocrx_word' id='word_1_220' title='bbox 978 1767 1223 1823; x_wconf 85' lang='lat' dir='ltr'>consilio</span> <span class='ocrx_word' id='word_1_221' title='bbox 1271 1769 1341 1821; x_wconf 91' lang='lat' dir='ltr'>ab</span> <span class='ocrx_word' id='word_1_222' title='bbox 1374 1767 1644 1823; x_wconf 85' lang='lat' dir='ltr'>hostibus</span> <span class='ocrx_word' id='word_1_223' title='bbox 1676 1766 1819 1823; x_wconf 89' lang='lat' dir='ltr'>libe-</span> 
     </span>
    </p>
   </div>
   <div class='ocr_carea' id='block_1_30' title="bbox 157 1856 1820 1928">
    <p class='ocr_par' dir='ltr' id='par_1_30' title="bbox 157 1856 1820 1928">
     <span class='ocr_line' id='line_1_30' title="bbox 157 1856 1820 1928; baseline -0.002 -15"><span class='ocrx_word' id='word_1_224' title='bbox 157 1861 338 1913; x_wconf 88' lang='lat' dir='ltr'>raret.</span> <span class='ocrx_word' id='word_1_225' title='bbox 371 1857 486 1913; x_wconf 84' lang='lat' dir='ltr'>Hos</span> <span class='ocrx_word' id='word_1_226' title='bbox 535 1856 709 1913; x_wconf 79' lang='lat' dir='ltr'>etiam</span> <span class='ocrx_word' id='word_1_227' title='bbox 745 1857 923 1912; x_wconf 86' lang='lat' dir='ltr'>fortes</span> <span class='ocrx_word' id='word_1_228' title='bbox 974 1856 1031 1911; x_wconf 92' lang='lat' dir='ltr'><strong>in</strong></span> <span class='ocrx_word' id='word_1_229' title='bbox 1083 1856 1486 1928; x_wconf 89' lang='lat' dir='ltr'>superioribus</span> <span class='ocrx_word' id='word_1_230' title='bbox 1518 1856 1589 1911; x_wconf 89' lang='lat' dir='ltr'>ad</span> <span class='ocrx_word' id='word_1_231' title='bbox 1623 1856 1820 1912; x_wconf 89' lang='lat' dir='ltr'>Domi-</span> 
     </span>
    </p>
   </div>
   <div class='ocr_carea' id='block_1_31' title="bbox 156 1944 1822 2001">
    <p class='ocr_par' dir='ltr' id='par_1_31' title="bbox 156 1944 1822 2001">
     <span class='ocr_line' id='line_1_31' title="bbox 156 1944 1822 2001; baseline -0.001 0"><span class='ocrx_word' id='word_1_232' title='bbox 156 1963 308 2001; x_wconf 82' lang='lat' dir='ltr'>num</span> <span class='ocrx_word' id='word_1_233' title='bbox 342 1962 537 2001; x_wconf 90' lang='lat' dir='ltr'>secum</span> <span class='ocrx_word' id='word_1_234' title='bbox 573 1945 1032 2001; x_wconf 87' lang='lat' dir='ltr'>benedicendum</span> <span class='ocrx_word' id='word_1_235' title='bbox 1084 1948 1287 2000; x_wconf 86' lang='lat' dir='ltr'>eadem</span> <span class='ocrx_word' id='word_1_236' title='bbox 1336 1945 1599 1999; x_wconf 90' lang='lat' dir='ltr'>Debbora</span> <span class='ocrx_word' id='word_1_237' title='bbox 1631 1944 1822 2000; x_wconf 86' lang='lat' dir='ltr'>verbis</span> 
     </span>
    </p>
   </div>
   <div class='ocr_carea' id='block_1_32' title="bbox 159 2033 1825 2107">
    <p class='ocr_par' dir='ltr' id='par_1_32' title="bbox 159 2033 1825 2107">
     <span class='ocr_line' id='line_1_32' title="bbox 159 2033 1825 2107; baseline -0.002 -15"><span class='ocrx_word' id='word_1_238' title='bbox 159 2036 263 2093; x_wconf 88' lang='lat' dir='ltr'>his</span> <span class='ocrx_word' id='word_1_239' title='bbox 294 2038 588 2107; x_wconf 88' lang='lat' dir='ltr'>provocat,</span> <span class='ocrx_word' id='word_1_240' title='bbox 646 2035 844 2090; x_wconf 85' lang='lat' dir='ltr'>dicens</span> <span class='ocrx_word' id='word_1_241' title='bbox 874 2050 885 2089; x_wconf 74' lang='grc' dir='ltr'>ε</span> <span class='ocrx_word' id='word_1_242' title='bbox 922 2058 948 2085; x_wconf 89' lang='grc'><em>‹‹</em></span> <span class='ocrx_word' id='word_1_243' title='bbox 984 2033 1092 2097; x_wconf 91' lang='lat' dir='ltr'>Qui</span> <span class='ocrx_word' id='word_1_244' title='bbox 1151 2038 1364 2105; x_wconf 90' lang='lat' dir='ltr'>sponte</span> <span class='ocrx_word' id='word_1_245' title='bbox 1420 2033 1722 2089; x_wconf 89' lang='lat' dir='ltr'>obtulistis</span> <span class='ocrx_word' id='word_1_246' title='bbox 1755 2033 1825 2089; x_wconf 89' lang='lat' dir='ltr'>de</span> 
     </span>
    </p>
   </div>
   <div class='ocr_carea' id='block_1_33' title="bbox 160 2120 1827 2195">
    <p class='ocr_par' dir='ltr' id='par_1_33' title="bbox 160 2120 1827 2195">
     <span class='ocr_line' id='line_1_33' title="bbox 160 2120 1827 2195; baseline -0.002 -15"><span class='ocrx_word' id='word_1_247' title='bbox 160 2124 345 2180; x_wconf 89' lang='lat' dir='ltr'>Israel</span> <span class='ocrx_word' id='word_1_248' title='bbox 400 2124 629 2180; x_wconf 85' lang='lat' dir='ltr'>animas</span> <span class='ocrx_word' id='word_1_249' title='bbox 668 2129 893 2180; x_wconf 89' lang='lat' dir='ltr'>vestras</span> <span class='ocrx_word' id='word_1_250' title='bbox 951 2124 1022 2178; x_wconf 88' lang='lat' dir='ltr'>ad</span> <span class='ocrx_word' id='word_1_251' title='bbox 1086 2122 1435 2195; x_wconf 83' lang='lat' dir='ltr'>periculum,</span> <span class='ocrx_word' id='word_1_252' title='bbox 1501 2120 1827 2178; x_wconf 90' lang='lat' dir='ltr'>benedieite</span> 
     </span>
    </p>
   </div>
   <div class='ocr_carea' id='block_1_34' title="bbox 160 2211 1829 2284">
    <p class='ocr_par' dir='ltr' id='par_1_34' title="bbox 160 2211 1829 2284">
     <span class='ocr_line' id='line_1_34' title="bbox 160 2211 1829 2284; baseline -0.001 -16"><span class='ocrx_word' id='word_1_253' title='bbox 160 2214 411 2270; x_wconf 88' lang='lat' dir='ltr'>Domino</span> <span class='ocrx_word' id='word_1_254' title='bbox 477 2216 639 2281; x_wconf 91' lang='lat' dir='ltr'>(vers.</span> <span class='ocrx_word' id='word_1_255' title='bbox 708 2213 781 2284; x_wconf 90' lang='lat'>2).</span> <span class='ocrx_word' id='word_1_256' title='bbox 822 2212 946 2267; x_wconf 78' lang='grc' dir='ltr'>»Ηὶ</span> <span class='ocrx_word' id='word_1_257' title='bbox 1019 2213 1221 2276; x_wconf 88' lang='lat' dir='ltr'>fortes,</span> <span class='ocrx_word' id='word_1_258' title='bbox 1281 2211 1337 2265; x_wconf 87' lang='lat' dir='ltr'>id</span> <span class='ocrx_word' id='word_1_259' title='bbox 1402 2215 1511 2277; x_wconf 87' lang='lat' dir='ltr'>est,</span> <span class='ocrx_word' id='word_1_260' title='bbox 1552 2212 1829 2267; x_wconf 85' lang='lat' dir='ltr'>doctores</span> 
     </span>
    </p>
   </div>
   <div class='ocr_carea' id='block_1_35' title="bbox 157 2299 1824 2373">
    <p class='ocr_par' dir='ltr' id='par_1_35' title="bbox 157 2299 1824 2373">
     <span class='ocr_line' id='line_1_35' title="bbox 157 2299 1824 2373; baseline -0.003 -15"><span class='ocrx_word' id='word_1_261' title='bbox 157 2302 448 2358; x_wconf 86' lang='lat' dir='ltr'>obtulisse</span> <span class='ocrx_word' id='word_1_262' title='bbox 470 2302 747 2358; x_wconf 88' lang='lat' dir='ltr'>dicuntur</span> <span class='ocrx_word' id='word_1_263' title='bbox 768 2301 997 2358; x_wconf 89' lang='lat' dir='ltr'>animas</span> <span class='ocrx_word' id='word_1_264' title='bbox 1021 2318 1159 2357; x_wconf 89' lang='lat' dir='ltr'>suas</span> <span class='ocrx_word' id='word_1_265' title='bbox 1182 2302 1253 2356; x_wconf 88' lang='lat' dir='ltr'>ad</span> <span class='ocrx_word' id='word_1_266' title='bbox 1280 2299 1693 2373; x_wconf 87' lang='lat' dir='ltr'>periculum,id</span> <span class='ocrx_word' id='word_1_267' title='bbox 1715 2302 1824 2369; x_wconf 88' lang='lat' dir='ltr'>est,</span> 
     </span>
    </p>
   </div>
   <div class='ocr_carea' id='block_1_36' title="bbox 174 2388 1827 2465">
    <p class='ocr_par' dir='ltr' id='par_1_36' title="bbox 174 2388 1827 2465">
     <span class='ocr_line' id='line_1_36' title="bbox 174 2388 1827 2465; baseline -0.002 -17"><span class='ocrx_word' id='word_1_268' title='bbox 174 2392 292 2465; x_wconf 86' lang='lat' dir='ltr'>legi</span> <span class='ocrx_word' id='word_1_269' title='bbox 323 2391 422 2447; x_wconf 91' lang='lat' dir='ltr'>Dei</span> <span class='ocrx_word' id='word_1_270' title='bbox 455 2395 510 2447; x_wconf 92' lang='lat' dir='ltr'>et</span> <span class='ocrx_word' id='word_1_271' title='bbox 557 2391 817 2447; x_wconf 88' lang='lat' dir='ltr'>servituti</span> <span class='ocrx_word' id='word_1_272' title='bbox 863 2393 990 2462; x_wconf 82' lang='lat' dir='ltr'>ejus</span> <span class='ocrx_word' id='word_1_273' title='bbox 1040 2408 1101 2446; x_wconf 87' lang='lat' dir='ltr'>se</span> <span class='ocrx_word' id='word_1_274' title='bbox 1131 2390 1484 2457; x_wconf 89' lang='lat' dir='ltr'>subdidisse,</span> <span class='ocrx_word' id='word_1_275' title='bbox 1517 2393 1569 2445; x_wconf 86' lang='lat' dir='ltr'>et</span> <span class='ocrx_word' id='word_1_276' title='bbox 1601 2388 1694 2445; x_wconf 90' lang='lat' dir='ltr'>die</span> <span class='ocrx_word' id='word_1_277' title='bbox 1724 2406 1827 2444; x_wconf 91' lang='lat' dir='ltr'>no-</span> 
     </span>
    </p>
   </div>
   <div class='ocr_carea' id='block_1_37' title="bbox 178 2478 1831 2553">
    <p class='ocr_par' dir='ltr' id='par_1_37' title="bbox 178 2478 1831 2553">
     <span class='ocr_line' id='line_1_37' title="bbox 178 2478 1831 2553; baseline -0.002 -16"><span class='ocrx_word' id='word_1_278' title='bbox 178 2486 397 2553; x_wconf 90' lang='lat' dir='ltr'>ctuque</span> <span class='ocrx_word' id='word_1_279' title='bbox 426 2479 486 2536; x_wconf 92' lang='lat' dir='ltr'>in</span> <span class='ocrx_word' id='word_1_280' title='bbox 518 2479 997 2536; x_wconf 81' lang='lat' dir='ltr'>meditationibus</span> <span class='ocrx_word' id='word_1_281' title='bbox 1035 2478 1180 2552; x_wconf 90' lang='lat' dir='ltr'>legis</span> <span class='ocrx_word' id='word_1_282' title='bbox 1212 2496 1423 2552; x_wconf 91' lang='lat' dir='ltr'>corpus</span> <span class='ocrx_word' id='word_1_283' title='bbox 1455 2478 1831 2550; x_wconf 82' lang='lat' dir='ltr'>animamque</span> 
     </span>
    </p>
   </div>
   <div class='ocr_carea' id='block_1_38' title="bbox 180 2570 538 2625">
    <p class='ocr_par' dir='ltr' id='par_1_38' title="bbox 180 2570 538 2625">
     <span class='ocr_line' id='line_1_38' title="bbox 180 2570 538 2625; baseline -0.006 0"><span class='ocrx_word' id='word_1_284' title='bbox 180 2576 475 2625; x_wconf 86' lang='lat' dir='ltr'>mactasse</span> <span class='ocrx_word' id='word_1_285' title='bbox 500 2570 538 2623; x_wconf 78' lang='grc' dir='ltr'>ι.</span> 
     </span>
    </p>
   </div>
   <div class='ocr_carea' id='block_1_39' title="bbox 251 2656 1832 2734">
    <p class='ocr_par' dir='ltr' id='par_1_39' title="bbox 251 2656 1832 2734">
     <span class='ocr_line' id='line_1_39' title="bbox 251 2656 1832 2734; baseline 0.006 -23"><span class='ocrx_word' id='word_1_286' title='bbox 251 2658 440 2732; x_wconf 85' lang='lat' dir='ltr'>(Vers.</span> <span class='ocrx_word' id='word_1_287' title='bbox 473 2659 552 2727; x_wconf 88' lang='lat'>8.)</span> <span class='ocrx_word' id='word_1_288' title='bbox 582 2681 610 2707; x_wconf 78' lang='grc' dir='ltr'>«ι</span> <span class='ocrx_word' id='word_1_289' title='bbox 642 2657 798 2714; x_wconf 86' lang='lat' dir='ltr'>Nova</span> <span class='ocrx_word' id='word_1_290' title='bbox 823 2656 975 2713; x_wconf 89' lang='lat' dir='ltr'>bella</span> <span class='ocrx_word' id='word_1_291' title='bbox 1022 2656 1194 2731; x_wconf 83' lang='lat' dir='ltr'>elegit</span> <span class='ocrx_word' id='word_1_292' title='bbox 1218 2658 1524 2730; x_wconf 88' lang='lat' dir='ltr'>Dominus,</span> <span class='ocrx_word' id='word_1_293' title='bbox 1557 2666 1614 2716; x_wconf 89' lang='lat' dir='ltr'>et</span> <span class='ocrx_word' id='word_1_294' title='bbox 1634 2667 1832 2734; x_wconf 89' lang='lat' dir='ltr'>portas</span> 
     </span>
    </p>
   </div>
   <div class='ocr_carea' id='block_1_40' title="bbox 176 2746 1831 2824">
    <p class='ocr_par' dir='ltr' id='par_1_40' title="bbox 176 2746 1831 2824">
     <span class='ocr_line' id='line_1_40' title="bbox 176 2746 1831 2824; baseline 0.002 -19"><span class='ocrx_word' id='word_1_295' title='bbox 176 2748 440 2805; x_wconf 89' lang='lat' dir='ltr'>hostium</span> <span class='ocrx_word' id='word_1_296' title='bbox 472 2746 597 2819; x_wconf 91' lang='lat' dir='ltr'>ipse</span> <span class='ocrx_word' id='word_1_297' title='bbox 645 2747 948 2803; x_wconf 89' lang='lat' dir='ltr'>subvertit.</span> <span class='ocrx_word' id='word_1_298' title='bbox 990 2746 1239 2819; x_wconf 84' lang='lat' dir='ltr'>Clypeus</span> <span class='ocrx_word' id='word_1_299' title='bbox 1288 2753 1344 2803; x_wconf 92' lang='lat' dir='ltr'>et</span> <span class='ocrx_word' id='word_1_300' title='bbox 1371 2748 1540 2804; x_wconf 89' lang='lat' dir='ltr'>hasta</span> <span class='ocrx_word' id='word_1_301' title='bbox 1570 2750 1619 2806; x_wconf 90' lang='lat' dir='ltr'>si</span> <span class='ocrx_word' id='word_1_302' title='bbox 1652 2768 1831 2824; x_wconf 87' lang='lat' dir='ltr'>appa—</span> 
     </span>
    </p>
   </div>
   <div class='ocr_carea' id='block_1_41' title="bbox 174 2836 1845 2909">
    <p class='ocr_par' dir='ltr' id='par_1_41' title="bbox 174 2836 1845 2909">
     <span class='ocr_line' id='line_1_41' title="bbox 174 2836 1845 2909; baseline 0 -16"><span class='ocrx_word' id='word_1_303' title='bbox 174 2842 428 2893; x_wconf 88' lang='lat' dir='ltr'>ruerunt</span> <span class='ocrx_word' id='word_1_304' title='bbox 476 2836 537 2891; x_wconf 89' lang='lat' dir='ltr'>in</span> <span class='ocrx_word' id='word_1_305' title='bbox 586 2836 975 2909; x_wconf 88' lang='lat' dir='ltr'>quadraginta</span> <span class='ocrx_word' id='word_1_306' title='bbox 1033 2836 1295 2890; x_wconf 91' lang='lat' dir='ltr'>millibus</span> <span class='ocrx_word' id='word_1_307' title='bbox 1344 2838 1539 2894; x_wconf 90' lang='lat' dir='ltr'>Israel.</span> <span class='ocrx_word' id='word_1_308' title='bbox 1599 2862 1625 2889; x_wconf 85' lang='lat'>»</span> <span class='ocrx_word' id='word_1_309' title='bbox 1670 2842 1845 2907; x_wconf 87' lang='lat' dir='ltr'>Quod.</span> 
     </span>
    </p>
   </div>
   <div class='ocr_carea' id='block_1_42' title="bbox 175 2923 1832 3000">
    <p class='ocr_par' dir='ltr' id='par_1_42' title="bbox 175 2923 1832 3000">
     <span class='ocr_line' id='line_1_42' title="bbox 175 2923 1832 3000; baseline 0.002 -18"><span class='ocrx_word' id='word_1_310' title='bbox 175 2926 322 2982; x_wconf 91' lang='lat' dir='ltr'>dicit</span> <span class='ocrx_word' id='word_1_311' title='bbox 356 2925 594 2998; x_wconf 83' lang='lat' dir='ltr'>clypeus</span> <span class='ocrx_word' id='word_1_312' title='bbox 624 2930 681 2981; x_wconf 90' lang='lat' dir='ltr'>et</span> <span class='ocrx_word' id='word_1_313' title='bbox 708 2925 895 2991; x_wconf 85' lang='lat' dir='ltr'>hasta,</span> <span class='ocrx_word' id='word_1_314' title='bbox 930 2923 1375 2996; x_wconf 85' lang='lat' dir='ltr'>intelligendum</span> <span class='ocrx_word' id='word_1_315' title='bbox 1407 2933 1497 2982; x_wconf 88' lang='lat' dir='ltr'>est</span> <span class='ocrx_word' id='word_1_316' title='bbox 1527 2927 1633 2983; x_wconf 88' lang='lat' dir='ltr'>hoc</span> <span class='ocrx_word' id='word_1_317' title='bbox 1664 2929 1832 3000; x_wconf 88' lang='lat' dir='ltr'>quasi</span> 
     </span>
    </p>
   </div>
   <div class='ocr_carea' id='block_1_43' title="bbox 177 3013 1836 3086">
    <p class='ocr_par' dir='ltr' id='par_1_43' title="bbox 177 3013 1836 3086">
     <span class='ocr_line' id='line_1_43' title="bbox 177 3013 1836 3086; baseline 0.002 -17"><span class='ocrx_word' id='word_1_318' title='bbox 177 3015 568 3086; x_wconf 89' lang='lat' dir='ltr'>jurejurando</span> <span class='ocrx_word' id='word_1_319' title='bbox 602 3013 840 3084; x_wconf 81' lang='lat' dir='ltr'>dixisse,</span> <span class='ocrx_word' id='word_1_320' title='bbox 874 3014 1025 3086; x_wconf 89' lang='lat' dir='ltr'>quod</span> <span class='ocrx_word' id='word_1_321' title='bbox 1063 3014 1119 3068; x_wconf 94' lang='lat' dir='ltr'>in</span> <span class='ocrx_word' id='word_1_322' title='bbox 1155 3014 1539 3086; x_wconf 73' lang='lat' dir='ltr'>quadraginta</span> <span class='ocrx_word' id='word_1_323' title='bbox 1572 3017 1836 3073; x_wconf 91' lang='lat' dir='ltr'>millibus</span> 
     </span>
    </p>
   </div>
   <div class='ocr_carea' id='block_1_44' title="bbox 182 3101 1830 3176">
    <p class='ocr_par' dir='ltr' id='par_1_44' title="bbox 182 3101 1830 3176">
     <span class='ocr_line' id='line_1_44' title="bbox 182 3101 1830 3176; baseline 0.002 -17"><span class='ocrx_word' id='word_1_324' title='bbox 182 3102 361 3160; x_wconf 85' lang='lat' dir='ltr'>Israel</span> <span class='ocrx_word' id='word_1_325' title='bbox 395 3119 501 3159; x_wconf 89' lang='lat' dir='ltr'>nec</span> <span class='ocrx_word' id='word_1_326' title='bbox 550 3101 808 3175; x_wconf 79' lang='lat' dir='ltr'>clypeus,</span> <span class='ocrx_word' id='word_1_327' title='bbox 863 3118 965 3157; x_wconf 90' lang='lat' dir='ltr'>nec</span> <span class='ocrx_word' id='word_1_328' title='bbox 1018 3101 1187 3158; x_wconf 85' lang='lat' dir='ltr'>hasta</span> <span class='ocrx_word' id='word_1_329' title='bbox 1217 3102 1459 3159; x_wconf 88' lang='lat' dir='ltr'>inveniri</span> <span class='ocrx_word' id='word_1_330' title='bbox 1492 3110 1706 3176; x_wconf 89' lang='lat' dir='ltr'>posset.</span> <span class='ocrx_word' id='word_1_331' title='bbox 1742 3106 1830 3162; x_wconf 89' lang='lat' dir='ltr'>Id-</span> 
     </span>
    </p>
   </div>
   <div class='ocr_carea' id='block_1_45' title="bbox 1929 1590 3583 1671">
    <p class='ocr_par' dir='ltr' id='par_1_45' title="bbox 1929 1590 3583 1671">
     <span class='ocr_line' id='line_1_45' title="bbox 1929 1590 3583 1671; baseline 0.007 -27"><span class='ocrx_word' id='word_1_332' title='bbox 1929 1590 2231 1646; x_wconf 86' lang='lat' dir='ltr'>ambulare</span> <span class='ocrx_word' id='word_1_333' title='bbox 2260 1590 2319 1645; x_wconf 92' lang='lat' dir='ltr'><strong>in</strong></span> <span class='ocrx_word' id='word_1_334' title='bbox 2352 1592 2444 1647; x_wconf 89' lang='lat' dir='ltr'>via</span> <span class='ocrx_word' id='word_1_335' title='bbox 2475 1593 2584 1647; x_wconf 89' lang='lat' dir='ltr'>sub</span> <span class='ocrx_word' id='word_1_336' title='bbox 2641 1593 2786 1665; x_wconf 84' lang='lat' dir='ltr'>lege,</span> <span class='ocrx_word' id='word_1_337' title='bbox 2827 1610 2894 1650; x_wconf 93' lang='lat' dir='ltr'>eo</span> <span class='ocrx_word' id='word_1_338' title='bbox 2924 1596 3079 1666; x_wconf 90' lang='lat' dir='ltr'>quod</span> <span class='ocrx_word' id='word_1_339' title='bbox 3120 1596 3273 1654; x_wconf 86' lang='lat' dir='ltr'>viam</span> <span class='ocrx_word' id='word_1_340' title='bbox 3306 1596 3452 1669; x_wconf 80' lang='lat' dir='ltr'>legis</span> <span class='ocrx_word' id='word_1_341' title='bbox 3483 1615 3583 1671; x_wconf 73' lang='lat' dir='ltr'>no-</span> 
     </span>
    </p>
   </div>
   <div class='ocr_carea' id='block_1_46' title="bbox 1930 1681 3583 1759">
    <p class='ocr_par' dir='ltr' id='par_1_46' title="bbox 1930 1681 3583 1759">
     <span class='ocr_line' id='line_1_46' title="bbox 1930 1681 3583 1759; baseline 0.007 -26"><span class='ocrx_word' id='word_1_342' title='bbox 1930 1695 2226 1750; x_wconf 87' lang='lat' dir='ltr'>quaquam</span> <span class='ocrx_word' id='word_1_343' title='bbox 2282 1681 2645 1737; x_wconf 80' lang='lat' dir='ltr'>excederent.</span> <span class='ocrx_word' id='word_1_344' title='bbox 2704 1682 2994 1755; x_wconf 90' lang='lat' dir='ltr'>Populum</span> <span class='ocrx_word' id='word_1_345' title='bbox 3041 1684 3237 1757; x_wconf 81' lang='lat' dir='ltr'>itaque</span> <span class='ocrx_word' id='word_1_346' title='bbox 3267 1686 3368 1757; x_wconf 90' lang='lat' dir='ltr'>qui</span> <span class='ocrx_word' id='word_1_347' title='bbox 3400 1702 3583 1759; x_wconf 77' lang='lat' dir='ltr'>super</span> 
     </span>
    </p>
   </div>
   <div class='ocr_carea' id='block_1_47' title="bbox 1932 1767 3587 1846">
    <p class='ocr_par' dir='ltr' id='par_1_47' title="bbox 1932 1767 3587 1846">
     <span class='ocr_line' id='line_1_47' title="bbox 1932 1767 3587 1846; baseline 0.006 -25"><span class='ocrx_word' id='word_1_348' title='bbox 1932 1767 2036 1822; x_wconf 85' lang='lat' dir='ltr'>has</span> <span class='ocrx_word' id='word_1_349' title='bbox 2075 1768 2292 1837; x_wconf 82' lang='lat' dir='ltr'>asinus,</span> <span class='ocrx_word' id='word_1_350' title='bbox 2344 1769 2401 1824; x_wconf 92' lang='lat' dir='ltr'>id</span> <span class='ocrx_word' id='word_1_351' title='bbox 2452 1776 2542 1825; x_wconf 90' lang='lat' dir='ltr'>est</span> <span class='ocrx_word' id='word_1_352' title='bbox 2590 1788 2768 1843; x_wconf 89' lang='lat' dir='ltr'>super</span> <span class='ocrx_word' id='word_1_353' title='bbox 2815 1772 2922 1827; x_wconf 92' lang='lat' dir='ltr'>hos</span> <span class='ocrx_word' id='word_1_354' title='bbox 2952 1772 3218 1829; x_wconf 89' lang='lat' dir='ltr'>doctores</span> <span class='ocrx_word' id='word_1_355' title='bbox 3248 1776 3587 1846; x_wconf 57' lang='lat' dir='ltr'>requiesce.</span> 
     </span>
    </p>
   </div>
   <div class='ocr_carea' id='block_1_48' title="bbox 1930 1856 3585 1928">
    <p class='ocr_par' dir='ltr' id='par_1_48' title="bbox 1930 1856 3585 1928">
     <span class='ocr_line' id='line_1_48' title="bbox 1930 1856 3585 1928; baseline 0.006 -19"><span class='ocrx_word' id='word_1_356' title='bbox 1930 1856 2048 1922; x_wconf 89' lang='lat' dir='ltr'>bat,</span> <span class='ocrx_word' id='word_1_357' title='bbox 2120 1863 2388 1928; x_wconf 86' lang='lat' dir='ltr'>provocat</span> <span class='ocrx_word' id='word_1_358' title='bbox 2454 1858 2721 1915; x_wconf 85' lang='lat' dir='ltr'>Debbora</span> <span class='ocrx_word' id='word_1_359' title='bbox 2759 1860 2829 1915; x_wconf 90' lang='lat' dir='ltr'>ad</span> <span class='ocrx_word' id='word_1_360' title='bbox 2872 1860 3336 1918; x_wconf 89' lang='lat' dir='ltr'>benedicendum</span> <span class='ocrx_word' id='word_1_361' title='bbox 3378 1862 3585 1919; x_wconf 78' lang='lat' dir='ltr'>Domi-</span> 
     </span>
    </p>
   </div>
   <div class='ocr_carea' id='block_1_49' title="bbox 1931 1947 3588 2023">
    <p class='ocr_par' dir='ltr' id='par_1_49' title="bbox 1931 1947 3588 2023">
     <span class='ocr_line' id='line_1_49' title="bbox 1931 1947 3588 2023; baseline 0.004 -22"><span class='ocrx_word' id='word_1_362' title='bbox 1931 1950 2163 2010; x_wconf 84' lang='lat' dir='ltr'>num,et</span> <span class='ocrx_word' id='word_1_363' title='bbox 2185 1947 2305 2001; x_wconf 88' lang='lat' dir='ltr'>ait:</span> <span class='ocrx_word' id='word_1_364' title='bbox 2358 1948 2694 2018; x_wconf 82' lang='lat' dir='ltr'>Loquimini,</span> <span class='ocrx_word' id='word_1_365' title='bbox 2754 1948 2810 2004; x_wconf 90' lang='lat' dir='ltr'>id</span> <span class='ocrx_word' id='word_1_366' title='bbox 2871 1954 2980 2015; x_wconf 89' lang='lat' dir='ltr'>est,</span> <span class='ocrx_word' id='word_1_367' title='bbox 3041 1951 3280 2007; x_wconf 76' lang='lat' dir='ltr'>laudate.</span> <span class='ocrx_word' id='word_1_368' title='bbox 3314 1951 3383 2006; x_wconf 89' lang='lat' dir='ltr'>Et</span> <span class='ocrx_word' id='word_1_369' title='bbox 3412 1951 3588 2023; x_wconf 87' lang='lat' dir='ltr'>quasi</span> 
     </span>
    </p>
   </div>
   <div class='ocr_carea' id='block_1_50' title="bbox 1932 2033 3576 2108">
    <p class='ocr_par' dir='ltr' id='par_1_50' title="bbox 1932 2033 3576 2108">
     <span class='ocr_line' id='line_1_50' title="bbox 1932 2033 3576 2108; baseline 0.005 -21"><span class='ocrx_word' id='word_1_370' title='bbox 1932 2033 2427 2106; x_wconf 88' lang='lat' dir='ltr'>interrogassent:</span> <span class='ocrx_word' id='word_1_371' title='bbox 2463 2035 2567 2091; x_wconf 92' lang='lat' dir='ltr'>Ubi</span> <span class='ocrx_word' id='word_1_372' title='bbox 2598 2043 2656 2093; x_wconf 93' lang='lat' dir='ltr'>et</span> <span class='ocrx_word' id='word_1_373' title='bbox 2685 2039 2921 2108; x_wconf 81' lang='lat' dir='ltr'>quando</span> <span class='ocrx_word' id='word_1_374' title='bbox 2972 2038 3345 2096; x_wconf 88' lang='lat' dir='ltr'>laudabimus</span> <span class='ocrx_word' id='word_1_375' title='bbox 3375 2038 3576 2096; x_wconf 79' lang='lat' dir='ltr'>Domi-</span> 
     </span>
    </p>
   </div>
   <div class='ocr_carea' id='block_1_51' title="bbox 1936 2122 3582 2195">
    <p class='ocr_par' dir='ltr' id='par_1_51' title="bbox 1936 2122 3582 2195">
     <span class='ocr_line' id='line_1_51' title="bbox 1936 2122 3582 2195; baseline 0.005 -18"><span class='ocrx_word' id='word_1_376' title='bbox 1936 2140 2076 2178; x_wconf 90' lang='lat' dir='ltr'>num</span> <span class='ocrx_word' id='word_1_377' title='bbox 2098 2124 2125 2177; x_wconf 76' lang='lat' dir='ltr'>‘I</span> <span class='ocrx_word' id='word_1_378' title='bbox 2157 2122 2255 2178; x_wconf 93' lang='lat' dir='ltr'>illa</span> <span class='ocrx_word' id='word_1_379' title='bbox 2288 2124 2622 2195; x_wconf 86' lang='lat' dir='ltr'>respondit:</span> <span class='ocrx_word' id='word_1_380' title='bbox 2659 2147 2687 2175; x_wconf 88' lang='grc'><strong>‹‹</strong></span> <span class='ocrx_word' id='word_1_381' title='bbox 2720 2124 2824 2182; x_wconf 92' lang='lat' dir='ltr'>Ubi</span> <span class='ocrx_word' id='word_1_382' title='bbox 2858 2125 3049 2182; x_wconf 84' lang='lat' dir='ltr'>collisi</span> <span class='ocrx_word' id='word_1_383' title='bbox 3088 2131 3228 2184; x_wconf 89' lang='lat' dir='ltr'>sunt</span> <span class='ocrx_word' id='word_1_384' title='bbox 3255 2144 3489 2195; x_wconf 87' lang='lat' dir='ltr'>currus,</span> <span class='ocrx_word' id='word_1_385' title='bbox 3520 2132 3582 2185; x_wconf 72' lang='lat' dir='ltr'>et</span> 
     </span>
    </p>
   </div>
   <div class='ocr_carea' id='block_1_52' title="bbox 1936 2212 3586 2283">
    <p class='ocr_par' dir='ltr' id='par_1_52' title="bbox 1936 2212 3586 2283">
     <span class='ocr_line' id='line_1_52' title="bbox 1936 2212 3586 2283; baseline 0.004 -17"><span class='ocrx_word' id='word_1_386' title='bbox 1936 2212 2194 2267; x_wconf 89' lang='lat' dir='ltr'>hostium</span> <span class='ocrx_word' id='word_1_387' title='bbox 2261 2213 2580 2270; x_wconf 75' lang='lat' dir='ltr'>suffocatus</span> <span class='ocrx_word' id='word_1_388' title='bbox 2644 2220 2735 2270; x_wconf 89' lang='lat' dir='ltr'>est</span> <span class='ocrx_word' id='word_1_389' title='bbox 2801 2216 3108 2283; x_wconf 81' lang='lat' dir='ltr'>exercitus,</span> <span class='ocrx_word' id='word_1_390' title='bbox 3151 2216 3232 2272; x_wconf 93' lang='lat' dir='ltr'>ibi</span> <span class='ocrx_word' id='word_1_391' title='bbox 3273 2220 3586 2272; x_wconf 80' lang='lat' dir='ltr'>narrentur</span> 
     </span>
    </p>
   </div>
   <div class='ocr_carea' id='block_1_53' title="bbox 1929 2300 3588 2373">
    <p class='ocr_par' dir='ltr' id='par_1_53' title="bbox 1929 2300 3588 2373">
     <span class='ocr_line' id='line_1_53' title="bbox 1929 2300 3588 2373; baseline 0.002 -18"><span class='ocrx_word' id='word_1_392' title='bbox 1929 2301 2175 2373; x_wconf 81' lang='lat' dir='ltr'>justitiae</span> <span class='ocrx_word' id='word_1_393' title='bbox 2226 2300 2479 2369; x_wconf 89' lang='lat' dir='ltr'>Domini,</span> <span class='ocrx_word' id='word_1_394' title='bbox 2529 2301 2840 2359; x_wconf 90' lang='lat' dir='ltr'>clementia</span> <span class='ocrx_word' id='word_1_395' title='bbox 2887 2303 3053 2360; x_wconf 80' lang='lat' dir='ltr'>fortis</span> <span class='ocrx_word' id='word_1_396' title='bbox 3108 2303 3321 2373; x_wconf 87' lang='lat' dir='ltr'>Israel;</span> <span class='ocrx_word' id='word_1_397' title='bbox 3355 2325 3382 2355; x_wconf 84' lang='grc'><strong>»</strong></span> <span class='ocrx_word' id='word_1_398' title='bbox 3434 2320 3502 2361; x_wconf 87' lang='lat' dir='ltr'>ac</span> <span class='ocrx_word' id='word_1_399' title='bbox 3532 2303 3588 2361; x_wconf 85' lang='lat' dir='ltr'>si</span> 
     </span>
    </p>
   </div>
   <div class='ocr_carea' id='block_1_54' title="bbox 1938 2389 3589 2464">
    <p class='ocr_par' dir='ltr' id='par_1_54' title="bbox 1938 2389 3589 2464">
     <span class='ocr_line' id='line_1_54' title="bbox 1938 2389 3589 2464; baseline 0.003 -19"><span class='ocrx_word' id='word_1_400' title='bbox 1938 2389 2189 2446; x_wconf 88' lang='lat' dir='ltr'>diceret:</span> <span class='ocrx_word' id='word_1_401' title='bbox 2214 2390 2488 2454; x_wconf 87' lang='lat' dir='ltr'>Quamvis</span> <span class='ocrx_word' id='word_1_402' title='bbox 2512 2407 2743 2462; x_wconf 89' lang='lat' dir='ltr'>semper</span> <span class='ocrx_word' id='word_1_403' title='bbox 2766 2401 2819 2446; x_wconf 87' lang='lat' dir='ltr'>et</span> <span class='ocrx_word' id='word_1_404' title='bbox 2842 2392 3060 2464; x_wconf 89' lang='lat' dir='ltr'>ubique</span> <span class='ocrx_word' id='word_1_405' title='bbox 3084 2397 3235 2449; x_wconf 89' lang='lat' dir='ltr'>Deus</span> <span class='ocrx_word' id='word_1_406' title='bbox 3252 2391 3589 2450; x_wconf 77' lang='lat' dir='ltr'>laudandus</span> 
     </span>
    </p>
   </div>
   <div class='ocr_carea' id='block_1_55' title="bbox 1940 2479 3587 2553">
    <p class='ocr_par' dir='ltr' id='par_1_55' title="bbox 1940 2479 3587 2553">
     <span class='ocr_line' id='line_1_55' title="bbox 1940 2479 3587 2553; baseline 0.002 -18"><span class='ocrx_word' id='word_1_407' title='bbox 1940 2479 2052 2547; x_wconf 80' lang='lat' dir='ltr'>sit,</span> <span class='ocrx_word' id='word_1_408' title='bbox 2092 2484 2283 2534; x_wconf 86' lang='lat' dir='ltr'>tamen</span> <span class='ocrx_word' id='word_1_409' title='bbox 2316 2480 2489 2536; x_wconf 90' lang='lat' dir='ltr'>modo</span> <span class='ocrx_word' id='word_1_410' title='bbox 2539 2479 2869 2537; x_wconf 89' lang='lat' dir='ltr'>laudandus</span> <span class='ocrx_word' id='word_1_411' title='bbox 2900 2495 2934 2536; x_wconf 90' lang='lat' dir='ltr'>a</span> <span class='ocrx_word' id='word_1_412' title='bbox 2971 2479 3137 2536; x_wconf 91' lang='lat' dir='ltr'>nobis</span> <span class='ocrx_word' id='word_1_413' title='bbox 3171 2481 3366 2553; x_wconf 85' lang='lat' dir='ltr'>potius</span> <span class='ocrx_word' id='word_1_414' title='bbox 3397 2485 3457 2537; x_wconf 91' lang='lat' dir='ltr'>et</span> <span class='ocrx_word' id='word_1_415' title='bbox 3488 2482 3587 2539; x_wconf 77' lang='lat' dir='ltr'>be-</span> 
     </span>
    </p>
   </div>
   <div class='ocr_carea' id='block_1_56' title="bbox 1942 2568 3590 2641">
    <p class='ocr_par' dir='ltr' id='par_1_56' title="bbox 1942 2568 3590 2641">
     <span class='ocr_line' id='line_1_56' title="bbox 1942 2568 3590 2641; baseline 0.002 -18"><span class='ocrx_word' id='word_1_416' title='bbox 1942 2568 2296 2625; x_wconf 83' lang='lat' dir='ltr'>nedicendus</span> <span class='ocrx_word' id='word_1_417' title='bbox 2362 2575 2470 2637; x_wconf 91' lang='lat' dir='ltr'>est,</span> <span class='ocrx_word' id='word_1_418' title='bbox 2540 2568 2642 2641; x_wconf 92' lang='lat' dir='ltr'>qui</span> <span class='ocrx_word' id='word_1_419' title='bbox 2672 2569 2945 2625; x_wconf 88' lang='lat' dir='ltr'>inimicos</span> <span class='ocrx_word' id='word_1_420' title='bbox 3012 2574 3245 2626; x_wconf 86' lang='lat' dir='ltr'>nostros</span> <span class='ocrx_word' id='word_1_421' title='bbox 3281 2569 3590 2639; x_wconf 71' lang='lat' dir='ltr'>subvertit,</span> 
     </span>
    </p>
   </div>
   <div class='ocr_carea' id='block_1_57' title="bbox 1942 2657 2936 2731">
    <p class='ocr_par' dir='ltr' id='par_1_57' title="bbox 1942 2657 2936 2731">
     <span class='ocr_line' id='line_1_57' title="bbox 1942 2657 2936 2731; baseline -0.001 -18"><span class='ocrx_word' id='word_1_422' title='bbox 1942 2657 2096 2713; x_wconf 87' lang='lat' dir='ltr'>sicut</span> <span class='ocrx_word' id='word_1_423' title='bbox 2124 2658 2417 2731; x_wconf 62' lang='lat' dir='ltr'>[Egyptios</span> <span class='ocrx_word' id='word_1_424' title='bbox 2451 2659 2509 2714; x_wconf 92' lang='lat' dir='ltr'>in</span> <span class='ocrx_word' id='word_1_425' title='bbox 2540 2657 2688 2714; x_wconf 89' lang='lat' dir='ltr'>mari</span> <span class='ocrx_word' id='word_1_426' title='bbox 2721 2657 2936 2714; x_wconf 79' lang='lat' dir='ltr'>Rubro.</span> 
     </span>
    </p>
   </div>
   <div class='ocr_carea' id='block_1_58' title="bbox 2013 2836 3603 2909">
    <p class='ocr_par' dir='ltr' id='par_1_58' title="bbox 2013 2836 3603 2909">
     <span class='ocr_line' id='line_1_58' title="bbox 2013 2836 3603 2909; baseline -0.001 -19"><span class='ocrx_word' id='word_1_427' title='bbox 2013 2836 2197 2907; x_wconf 89' lang='lat' dir='ltr'>(Vers.</span> <span class='ocrx_word' id='word_1_428' title='bbox 2234 2836 2325 2904; x_wconf 81' lang='lat' dir='ltr'>ll)</span> <span class='ocrx_word' id='word_1_429' title='bbox 2355 2860 2381 2886; x_wconf 83' lang='lat'><strong><em>«</em></strong></span> <span class='ocrx_word' id='word_1_430' title='bbox 2416 2837 2578 2891; x_wconf 90' lang='lat' dir='ltr'>&#39;I‘unc</span> <span class='ocrx_word' id='word_1_431' title='bbox 2638 2836 2939 2895; x_wconf 85' lang='lat' dir='ltr'>descendit</span> <span class='ocrx_word' id='word_1_432' title='bbox 2968 2836 3221 2909; x_wconf 82' lang='lat' dir='ltr'>populus</span> <span class='ocrx_word' id='word_1_433' title='bbox 3252 2836 3484 2894; x_wconf 91' lang='lat' dir='ltr'>Domini</span> <span class='ocrx_word' id='word_1_434' title='bbox 3515 2838 3603 2897; x_wconf 73' lang='lat' dir='ltr'>ad,</span> 
     </span>
    </p>
   </div>
   <div class='ocr_carea' id='block_1_59' title="bbox 1946 2923 3596 3000">
    <p class='ocr_par' dir='ltr' id='par_1_59' title="bbox 1946 2923 3596 3000">
     <span class='ocr_line' id='line_1_59' title="bbox 1946 2923 3596 3000; baseline 0.001 -18"><span class='ocrx_word' id='word_1_435' title='bbox 1946 2931 2227 2999; x_wconf 88' lang='lat' dir='ltr'>portas,et</span> <span class='ocrx_word' id='word_1_436' title='bbox 2254 2924 2509 2982; x_wconf 78' lang='lat' dir='ltr'>obtinuit</span> <span class='ocrx_word' id='word_1_437' title='bbox 2540 2923 2952 2997; x_wconf 86' lang='lat' dir='ltr'>principatum.</span> <span class='ocrx_word' id='word_1_438' title='bbox 2985 2945 3011 2977; x_wconf 75' lang='grc' dir='ltr'><strong>ο</strong></span> <span class='ocrx_word' id='word_1_439' title='bbox 3050 2926 3135 2983; x_wconf 82' lang='lat' dir='ltr'>Ad</span> <span class='ocrx_word' id='word_1_440' title='bbox 3178 2931 3378 2999; x_wconf 89' lang='lat' dir='ltr'>portas</span> <span class='ocrx_word' id='word_1_441' title='bbox 3408 2943 3596 3000; x_wconf 84' lang='lat' dir='ltr'>popu-</span> 
     </span>
    </p>
   </div>
   <div class='ocr_carea' id='block_1_60' title="bbox 1948 3010 3592 3087">
    <p class='ocr_par' dir='ltr' id='par_1_60' title="bbox 1948 3010 3592 3087">
     <span class='ocr_line' id='line_1_60' title="bbox 1948 3010 3592 3087; baseline 0.002 -18"><span class='ocrx_word' id='word_1_442' title='bbox 1948 3017 2038 3071; x_wconf 89' lang='lat' dir='ltr'>lus</span> <span class='ocrx_word' id='word_1_443' title='bbox 2075 3014 2297 3070; x_wconf 90' lang='lat' dir='ltr'>Domini</span> <span class='ocrx_word' id='word_1_444' title='bbox 2331 3014 2651 3079; x_wconf 88' lang='lat' dir='ltr'>descendit,</span> <span class='ocrx_word' id='word_1_445' title='bbox 2688 3013 2743 3068; x_wconf 92' lang='lat' dir='ltr'>id</span> <span class='ocrx_word' id='word_1_446' title='bbox 2774 3019 2883 3080; x_wconf 85' lang='lat' dir='ltr'>est,</span> <span class='ocrx_word' id='word_1_447' title='bbox 2916 3015 2988 3069; x_wconf 89' lang='lat' dir='ltr'>ad</span> <span class='ocrx_word' id='word_1_448' title='bbox 3021 3010 3218 3087; x_wconf 79' lang='lat' dir='ltr'>portas</span> <span class='ocrx_word' id='word_1_449' title='bbox 3238 3016 3446 3072; x_wconf 77' lang='lat' dir='ltr'>domus</span> <span class='ocrx_word' id='word_1_450' title='bbox 3477 3016 3592 3073; x_wconf 84' lang='lat' dir='ltr'>Do-</span> 
     </span>
    </p>
   </div>
   <div class='ocr_carea' id='block_1_61' title="bbox 1946 3102 3596 3177">
    <p class='ocr_par' dir='ltr' id='par_1_61' title="bbox 1946 3102 3596 3177">
     <span class='ocr_line' id='line_1_61' title="bbox 1946 3102 3596 3177; baseline 0.002 -18"><span class='ocrx_word' id='word_1_451' title='bbox 1946 3105 2113 3175; x_wconf 89' lang='lat' dir='ltr'>mini,</span> <span class='ocrx_word' id='word_1_452' title='bbox 2147 3102 2285 3177; x_wconf 86' lang='lat' dir='ltr'>quia</span> <span class='ocrx_word' id='word_1_453' title='bbox 2314 3102 2616 3158; x_wconf 88' lang='lat' dir='ltr'>benedicto</span> <span class='ocrx_word' id='word_1_454' title='bbox 2647 3102 2893 3159; x_wconf 91' lang='lat' dir='ltr'>Domino</span> <span class='ocrx_word' id='word_1_455' title='bbox 2918 3107 2976 3160; x_wconf 91' lang='lat' dir='ltr'>et</span> <span class='ocrx_word' id='word_1_456' title='bbox 2995 3102 3324 3161; x_wconf 84' lang='lat' dir='ltr'>collaudato</span> <span class='ocrx_word' id='word_1_457' title='bbox 3379 3104 3438 3159; x_wconf 91' lang='lat' dir='ltr'>in</span> <span class='ocrx_word' id='word_1_458' title='bbox 3465 3103 3596 3163; x_wconf 86' lang='lat' dir='ltr'>loco</span> 
     </span>
    </p>
   </div>
   <div class='ocr_carea' id='block_1_62' title="bbox 181 3170 3605 3266">
    <p class='ocr_par' dir='ltr' id='par_1_62' title="bbox 181 3170 3605 3266">
     <span class='ocr_line' id='line_1_62' title="bbox 181 3170 3605 3266; baseline 0.001 -17"><span class='ocrx_word' id='word_1_459' title='bbox 181 3195 336 3249; x_wconf 88' lang='lat' dir='ltr'>circo</span> <span class='ocrx_word' id='word_1_460' title='bbox 361 3193 636 3247; x_wconf 88' lang='lat' dir='ltr'>Dominus</span> <span class='ocrx_word' id='word_1_461' title='bbox 668 3208 815 3246; x_wconf 84' lang='lat' dir='ltr'>nova</span> <span class='ocrx_word' id='word_1_462' title='bbox 846 3190 996 3245; x_wconf 90' lang='lat' dir='ltr'>bella</span> <span class='ocrx_word' id='word_1_463' title='bbox 1043 3189 1288 3263; x_wconf 90' lang='lat' dir='ltr'>elegisse</span> <span class='ocrx_word' id='word_1_464' title='bbox 1335 3192 1569 3261; x_wconf 87' lang='lat' dir='ltr'>dicitur,</span> <span class='ocrx_word' id='word_1_465' title='bbox 1611 3200 1668 3255; x_wconf 89' lang='lat' dir='ltr'>et</span> <span class='ocrx_word' id='word_1_466' title='bbox 1699 3212 1827 3266; x_wconf 91' lang='lat' dir='ltr'>por-</span> <span class='ocrx_word' id='word_1_467' title='bbox 1858 3170 1901 3238; x_wconf 75' lang='lat' dir='ltr'>C</span> <span class='ocrx_word' id='word_1_468' title='bbox 1941 3193 2210 3259; x_wconf 71' lang='lat' dir='ltr'>victoriae,</span> <span class='ocrx_word' id='word_1_469' title='bbox 2252 3192 2682 3247; x_wconf 89' lang='lat' dir='ltr'>descenderunt</span> <span class='ocrx_word' id='word_1_470' title='bbox 2746 3190 2804 3249; x_wconf 88' lang='lat' dir='ltr'>in</span> <span class='ocrx_word' id='word_1_471' title='bbox 2845 3192 3087 3247; x_wconf 87' lang='lat' dir='ltr'>domum</span> <span class='ocrx_word' id='word_1_472' title='bbox 3130 3192 3380 3262; x_wconf 76' lang='lat' dir='ltr'>Domini,</span> <span class='ocrx_word' id='word_1_473' title='bbox 3414 3197 3480 3249; x_wconf 86' lang='lat' dir='ltr'>ut</span> <span class='ocrx_word' id='word_1_474' title='bbox 3506 3192 3605 3251; x_wconf 73' lang='lat' dir='ltr'>ibt.</span> 
     </span>
    </p>
   </div>
   <div class='ocr_carea' id='block_1_63' title="bbox 183 3280 1832 3353">
    <p class='ocr_par' dir='ltr' id='par_1_63' title="bbox 183 3280 1832 3353">
     <span class='ocr_line' id='line_1_63' title="bbox 183 3280 1832 3353; baseline 0.001 -15"><span class='ocrx_word' id='word_1_475' title='bbox 183 3288 273 3339; x_wconf 88' lang='lat' dir='ltr'>tas</span> <span class='ocrx_word' id='word_1_476' title='bbox 325 3281 587 3337; x_wconf 86' lang='lat' dir='ltr'>hostium</span> <span class='ocrx_word' id='word_1_477' title='bbox 635 3280 1007 3349; x_wconf 83' lang='lat' dir='ltr'>subvertisse,</span> <span class='ocrx_word' id='word_1_478' title='bbox 1058 3297 1123 3335; x_wconf 88' lang='lat' dir='ltr'>eo</span> <span class='ocrx_word' id='word_1_479' title='bbox 1190 3282 1342 3353; x_wconf 88' lang='lat' dir='ltr'>quod</span> <span class='ocrx_word' id='word_1_480' title='bbox 1392 3281 1462 3335; x_wconf 91' lang='lat' dir='ltr'>de</span> <span class='ocrx_word' id='word_1_481' title='bbox 1505 3282 1832 3340; x_wconf 86' lang='lat' dir='ltr'>inermibus</span> 
     </span>
    </p>
   </div>
   <div class='ocr_carea' id='block_1_64' title="bbox 183 3368 1832 3433">
    <p class='ocr_par' dir='ltr' id='par_1_64' title="bbox 183 3368 1832 3433">
     <span class='ocr_line' id='line_1_64' title="bbox 183 3368 1832 3433; baseline 0.001 -7"><span class='ocrx_word' id='word_1_482' title='bbox 183 3374 364 3428; x_wconf 87' lang='lat' dir='ltr'>tortes</span> <span class='ocrx_word' id='word_1_483' title='bbox 395 3376 450 3426; x_wconf 89' lang='lat' dir='ltr'>et</span> <span class='ocrx_word' id='word_1_484' title='bbox 505 3368 843 3425; x_wconf 89' lang='lat' dir='ltr'>victoriosos</span> <span class='ocrx_word' id='word_1_485' title='bbox 904 3368 1117 3424; x_wconf 90' lang='lat' dir='ltr'>fecerit.</span> <span class='ocrx_word' id='word_1_486' title='bbox 1176 3369 1338 3433; x_wconf 88' lang='lat' dir='ltr'>Quod</span> <span class='ocrx_word' id='word_1_487' title='bbox 1397 3386 1529 3425; x_wconf 91' lang='lat' dir='ltr'>vero</span> <span class='ocrx_word' id='word_1_488' title='bbox 1560 3371 1832 3428; x_wconf 68' lang='lat' dir='ltr'>Israelita:</span> 
     </span>
    </p>
   </div>
   <div class='ocr_carea' id='block_1_65' title="bbox 182 3457 1832 3531">
    <p class='ocr_par' dir='ltr' id='par_1_65' title="bbox 182 3457 1832 3531">
     <span class='ocr_line' id='line_1_65' title="bbox 182 3457 1832 3531; baseline -0.001 -14"><span class='ocrx_word' id='word_1_489' title='bbox 182 3460 369 3517; x_wconf 87' lang='lat' dir='ltr'>armis</span> <span class='ocrx_word' id='word_1_490' title='bbox 397 3458 698 3531; x_wconf 83' lang='lat' dir='ltr'>exspoliati</span> <span class='ocrx_word' id='word_1_491' title='bbox 759 3457 1009 3513; x_wconf 88' lang='lat' dir='ltr'>fuissent</span> <span class='ocrx_word' id='word_1_492' title='bbox 1065 3458 1299 3513; x_wconf 85' lang='lat' dir='ltr'>aJabin</span> <span class='ocrx_word' id='word_1_493' title='bbox 1360 3475 1492 3531; x_wconf 88' lang='lat' dir='ltr'>rege</span> <span class='ocrx_word' id='word_1_494' title='bbox 1534 3459 1832 3529; x_wconf 86' lang='lat' dir='ltr'>Chanaan,</span> 
     </span>
    </p>
   </div>
   <div class='ocr_carea' id='block_1_66' title="bbox 180 3545 1833 3619">
    <p class='ocr_par' dir='ltr' id='par_1_66' title="bbox 180 3545 1833 3619">
     <span class='ocr_line' id='line_1_66' title="bbox 180 3545 1833 3619; baseline 0.001 -16"><span class='ocrx_word' id='word_1_495' title='bbox 180 3549 243 3604; x_wconf 90' lang='lat' dir='ltr'>in</span> <span class='ocrx_word' id='word_1_496' title='bbox 278 3546 682 3619; x_wconf 89' lang='lat' dir='ltr'>superioribus</span> <span class='ocrx_word' id='word_1_497' title='bbox 722 3545 1069 3615; x_wconf 88' lang='lat' dir='ltr'>declaratur,</span> <span class='ocrx_word' id='word_1_498' title='bbox 1102 3546 1200 3601; x_wconf 92' lang='lat' dir='ltr'>ubi</span> <span class='ocrx_word' id='word_1_499' title='bbox 1255 3546 1504 3602; x_wconf 86' lang='lat' dir='ltr'>dicitur:</span> <span class='ocrx_word' id='word_1_500' title='bbox 1554 3547 1833 3604; x_wconf 87' lang='lat' dir='ltr'>Clamave-</span> 
     </span>
    </p>
   </div>
   <div class='ocr_carea' id='block_1_67' title="bbox 182 3636 1837 3707">
    <p class='ocr_par' dir='ltr' id='par_1_67' title="bbox 182 3636 1837 3707">
     <span class='ocr_line' id='line_1_67' title="bbox 182 3636 1837 3707; baseline 0 -15"><span class='ocrx_word' id='word_1_501' title='bbox 182 3641 426 3707; x_wconf 85' lang='lat' dir='ltr'>runtque</span> <span class='ocrx_word' id='word_1_502' title='bbox 454 3636 564 3704; x_wconf 80' lang='lat' dir='ltr'>ﬁlii</span> <span class='ocrx_word' id='word_1_503' title='bbox 602 3636 772 3691; x_wconf 86' lang='lat' dir='ltr'>Israel</span> <span class='ocrx_word' id='word_1_504' title='bbox 817 3636 887 3689; x_wconf 86' lang='lat' dir='ltr'>ad</span> <span class='ocrx_word' id='word_1_505' title='bbox 916 3636 1228 3690; x_wconf 86' lang='lat' dir='ltr'>Dominum.</span> <span class='ocrx_word' id='word_1_506' title='bbox 1274 3636 1573 3707; x_wconf 84' lang='lat' dir='ltr'>Nongentos</span> <span class='ocrx_word' id='word_1_507' title='bbox 1602 3638 1837 3693; x_wconf 75' lang='lat' dir='ltr'>habebat</span> 
     </span>
    </p>
   </div>
   <div class='ocr_carea' id='block_1_68' title="bbox 180 3726 1840 3797">
    <p class='ocr_par' dir='ltr' id='par_1_68' title="bbox 180 3726 1840 3797">
     <span class='ocr_line' id='line_1_68' title="bbox 180 3726 1840 3797; baseline 0.001 -16"><span class='ocrx_word' id='word_1_508' title='bbox 180 3726 419 3797; x_wconf 84' lang='lat' dir='ltr'>falcatos</span> <span class='ocrx_word' id='word_1_509' title='bbox 474 3740 686 3795; x_wconf 85' lang='lat' dir='ltr'>currus,</span> <span class='ocrx_word' id='word_1_510' title='bbox 744 3732 794 3780; x_wconf 89' lang='lat' dir='ltr'>et</span> <span class='ocrx_word' id='word_1_511' title='bbox 840 3740 938 3795; x_wconf 84' lang='lat' dir='ltr'>per</span> <span class='ocrx_word' id='word_1_512' title='bbox 1006 3726 1208 3794; x_wconf 77' lang='lat' dir='ltr'>viginti</span> <span class='ocrx_word' id='word_1_513' title='bbox 1261 3742 1440 3781; x_wconf 87' lang='lat' dir='ltr'>annos</span> <span class='ocrx_word' id='word_1_514' title='bbox 1498 3727 1840 3783; x_wconf 82' lang='lat' dir='ltr'>vehementer</span> 
     </span>
    </p>
   </div>
   <div class='ocr_carea' id='block_1_69' title="bbox 182 3811 1841 3888">
    <p class='ocr_par' dir='ltr' id='par_1_69' title="bbox 182 3811 1841 3888">
     <span class='ocr_line' id='line_1_69' title="bbox 182 3811 1841 3888; baseline 0.001 -19"><span class='ocrx_word' id='word_1_515' title='bbox 182 3815 460 3888; x_wconf 76' lang='lat' dir='ltr'>oppressit</span> <span class='ocrx_word' id='word_1_516' title='bbox 489 3828 577 3869; x_wconf 86' lang='lat' dir='ltr'>eos</span> <span class='ocrx_word' id='word_1_517' title='bbox 604 3812 801 3881; x_wconf 74' lang='lat' dir='ltr'>(ludio.</span> <span class='ocrx_word' id='word_1_518' title='bbox 836 3826 912 3883; x_wconf 86' lang='lat' dir='ltr'>1v,</span> <span class='ocrx_word' id='word_1_519' title='bbox 953 3813 1029 3883; x_wconf 89' lang='lat'>3).</span> <span class='ocrx_word' id='word_1_520' title='bbox 1093 3811 1479 3869; x_wconf 88' lang='lat' dir='ltr'>Vehementer</span> <span class='ocrx_word' id='word_1_521' title='bbox 1529 3819 1587 3869; x_wconf 90' lang='lat' dir='ltr'>et</span> <span class='ocrx_word' id='word_1_522' title='bbox 1616 3814 1841 3871; x_wconf 82' lang='lat' dir='ltr'>fortiter</span> 
     </span>
    </p>
   </div>
   <div class='ocr_carea' id='block_1_70' title="bbox 185 3900 1839 3975">
    <p class='ocr_par' dir='ltr' id='par_1_70' title="bbox 185 3900 1839 3975">
     <span class='ocr_line' id='line_1_70' title="bbox 185 3900 1839 3975; baseline 0.001 -17"><span class='ocrx_word' id='word_1_523' title='bbox 185 3902 485 3975; x_wconf 89' lang='lat' dir='ltr'>oppressit</span> <span class='ocrx_word' id='word_1_524' title='bbox 515 3918 632 3965; x_wconf 90' lang='lat' dir='ltr'>eos,</span> <span class='ocrx_word' id='word_1_525' title='bbox 668 3901 809 3973; x_wconf 88' lang='lat' dir='ltr'>quia</span> <span class='ocrx_word' id='word_1_526' title='bbox 837 3900 1017 3956; x_wconf 90' lang='lat' dir='ltr'>armis</span> <span class='ocrx_word' id='word_1_527' title='bbox 1043 3901 1397 3973; x_wconf 78' lang='lat' dir='ltr'>exspoliasse</span> <span class='ocrx_word' id='word_1_528' title='bbox 1445 3903 1659 3960; x_wconf 86' lang='lat' dir='ltr'>dicitur</span> <span class='ocrx_word' id='word_1_529' title='bbox 1684 3920 1696 3959; x_wconf 93' lang='lat'>:</span> <span class='ocrx_word' id='word_1_530' title='bbox 1726 3903 1839 3961; x_wconf 86' lang='lat' dir='ltr'>sic-</span> 
     </span>
    </p>
   </div>
   <div class='ocr_carea' id='block_1_71' title="bbox 188 3989 1842 4063">
    <p class='ocr_par' dir='ltr' id='par_1_71' title="bbox 188 3989 1842 4063">
     <span class='ocr_line' id='line_1_71' title="bbox 188 3989 1842 4063; baseline 0.001 -16"><span class='ocrx_word' id='word_1_531' title='bbox 188 3997 261 4058; x_wconf 79' lang='lat' dir='ltr'>ut</span> <span class='ocrx_word' id='word_1_532' title='bbox 305 3992 364 4046; x_wconf 94' lang='lat' dir='ltr'>in</span> <span class='ocrx_word' id='word_1_533' title='bbox 413 3990 559 4046; x_wconf 92' lang='lat' dir='ltr'>libro</span> <span class='ocrx_word' id='word_1_534' title='bbox 610 3989 900 4046; x_wconf 90' lang='lat' dir='ltr'>Samuelis</span> <span class='ocrx_word' id='word_1_535' title='bbox 949 3989 1262 4046; x_wconf 85' lang='lat' dir='ltr'>scribitur:</span> <span class='ocrx_word' id='word_1_536' title='bbox 1325 3992 1842 4063; x_wconf 49' lang='lat' dir='ltr'>Cumque‘venisset</span> 
     </span>
    </p>
   </div>
   <div class='ocr_carea' id='block_1_72' title="bbox 187 4078 1843 4152">
    <p class='ocr_par' dir='ltr' id='par_1_72' title="bbox 187 4078 1843 4152">
     <span class='ocr_line' id='line_1_72' title="bbox 187 4078 1843 4152; baseline 0.001 -17"><span class='ocrx_word' id='word_1_537' title='bbox 187 4082 309 4136; x_wconf 84' lang='lat' dir='ltr'>dies</span> <span class='ocrx_word' id='word_1_538' title='bbox 335 4078 549 4152; x_wconf 64' lang='lat' dir='ltr'>pra&#39;lii,</span> <span class='ocrx_word' id='word_1_539' title='bbox 591 4096 702 4134; x_wconf 84' lang='lat' dir='ltr'>non</span> <span class='ocrx_word' id='word_1_540' title='bbox 726 4080 977 4134; x_wconf 82' lang='lat' dir='ltr'>inventus</span> <span class='ocrx_word' id='word_1_541' title='bbox 1000 4086 1079 4133; x_wconf 87' lang='lat' dir='ltr'>est</span> <span class='ocrx_word' id='word_1_542' title='bbox 1106 4080 1249 4135; x_wconf 84' lang='lat' dir='ltr'>ensis</span> <span class='ocrx_word' id='word_1_543' title='bbox 1279 4088 1329 4135; x_wconf 87' lang='lat' dir='ltr'>et</span> <span class='ocrx_word' id='word_1_544' title='bbox 1360 4081 1548 4136; x_wconf 87' lang='lat' dir='ltr'>lancea</span> <span class='ocrx_word' id='word_1_545' title='bbox 1579 4084 1640 4137; x_wconf 87' lang='lat' dir='ltr'>in</span> <span class='ocrx_word' id='word_1_546' title='bbox 1672 4098 1843 4137; x_wconf 87' lang='lat' dir='ltr'>manu</span> 
     </span>
    </p>
   </div>
   <div class='ocr_carea' id='block_1_73' title="bbox 186 4168 1841 4243">
    <p class='ocr_par' dir='ltr' id='par_1_73' title="bbox 186 4168 1841 4243">
     <span class='ocr_line' id='line_1_73' title="bbox 186 4168 1841 4243; baseline 0.001 -17"><span class='ocrx_word' id='word_1_547' title='bbox 186 4171 354 4227; x_wconf 84' lang='lat' dir='ltr'>totius</span> <span class='ocrx_word' id='word_1_548' title='bbox 396 4169 590 4241; x_wconf 81' lang='lat' dir='ltr'>populi</span> <span class='ocrx_word' id='word_1_549' title='bbox 634 4170 731 4239; x_wconf 88' lang='lat' dir='ltr'>qui</span> <span class='ocrx_word' id='word_1_550' title='bbox 774 4176 933 4224; x_wconf 85' lang='lat' dir='ltr'>erant</span> <span class='ocrx_word' id='word_1_551' title='bbox 960 4184 1085 4223; x_wconf 88' lang='lat' dir='ltr'>cum</span> <span class='ocrx_word' id='word_1_552' title='bbox 1110 4168 1248 4225; x_wconf 88' lang='lat' dir='ltr'>Saul</span> <span class='ocrx_word' id='word_1_553' title='bbox 1279 4172 1328 4225; x_wconf 86' lang='lat' dir='ltr'>et</span> <span class='ocrx_word' id='word_1_554' title='bbox 1352 4170 1644 4243; x_wconf 83' lang='lat' dir='ltr'>Jonathan,</span> <span class='ocrx_word' id='word_1_555' title='bbox 1677 4185 1841 4228; x_wconf 78' lang='lat' dir='ltr'>exce-</span> 
     </span>
    </p>
   </div>
   <div class='ocr_carea' id='block_1_74' title="bbox 182 4257 1659 4332">
    <p class='ocr_par' dir='ltr' id='par_1_74' title="bbox 182 4257 1659 4332">
     <span class='ocr_line' id='line_1_74' title="bbox 182 4257 1659 4332; baseline 0.001 -18"><span class='ocrx_word' id='word_1_556' title='bbox 182 4264 279 4332; x_wconf 90' lang='lat' dir='ltr'>pto</span> <span class='ocrx_word' id='word_1_557' title='bbox 312 4257 447 4314; x_wconf 88' lang='lat' dir='ltr'>Saul</span> <span class='ocrx_word' id='word_1_558' title='bbox 475 4260 528 4313; x_wconf 83' lang='lat' dir='ltr'>et</span> <span class='ocrx_word' id='word_1_559' title='bbox 555 4257 829 4313; x_wconf 83' lang='lat' dir='ltr'>Jonathan</span> <span class='ocrx_word' id='word_1_560' title='bbox 856 4258 979 4329; x_wconf 85' lang='lat' dir='ltr'>ﬁlio</span> <span class='ocrx_word' id='word_1_561' title='bbox 1006 4259 1127 4326; x_wconf 80' lang='lat' dir='ltr'>eius</span> <span class='ocrx_word' id='word_1_562' title='bbox 1156 4258 1203 4325; x_wconf 94' lang='lat' dir='ltr'>(I</span> <span class='ocrx_word' id='word_1_563' title='bbox 1236 4259 1361 4326; x_wconf 76' lang='lat' dir='ltr'>Reg.</span> <span class='ocrx_word' id='word_1_564' title='bbox 1392 4276 1517 4328; x_wconf 83' lang='lat' dir='ltr'>xm,</span> <span class='ocrx_word' id='word_1_565' title='bbox 1547 4260 1659 4331; x_wconf 87' lang='lat'>22).</span> 
     </span>
    </p>
   </div>
   <div class='ocr_carea' id='block_1_75' title="bbox 263 4345 1843 4421">
    <p class='ocr_par' dir='ltr' id='par_1_75' title="bbox 263 4345 1843 4421">
     <span class='ocr_line' id='line_1_75' title="bbox 263 4345 1843 4421; baseline 0.003 -20"><span class='ocrx_word' id='word_1_566' title='bbox 263 4346 453 4421; x_wconf 77' lang='lat' dir='ltr'>(Vera.</span> <span class='ocrx_word' id='word_1_567' title='bbox 495 4347 550 4413; x_wconf 86' lang='lat'>9,</span> <span class='ocrx_word' id='word_1_568' title='bbox 585 4346 671 4412; x_wconf 84' lang='grc'>10,</span> <span class='ocrx_word' id='word_1_569' title='bbox 706 4346 814 4416; x_wconf 87' lang='grc'>11.)</span> <span class='ocrx_word' id='word_1_570' title='bbox 848 4368 875 4396; x_wconf 87' lang='grc'>‹‹</span> <span class='ocrx_word' id='word_1_571' title='bbox 936 4350 1043 4400; x_wconf 87' lang='lat' dir='ltr'>Cor</span> <span class='ocrx_word' id='word_1_572' title='bbox 1101 4361 1294 4401; x_wconf 91' lang='lat' dir='ltr'>meum</span> <span class='ocrx_word' id='word_1_573' title='bbox 1328 4345 1521 4420; x_wconf 91' lang='lat' dir='ltr'>diligit</span> <span class='ocrx_word' id='word_1_574' title='bbox 1549 4347 1843 4421; x_wconf 88' lang='lat' dir='ltr'>principes</span> 
     </span>
    </p>
   </div>
   <div class='ocr_carea' id='block_1_76' title="bbox 189 4434 1841 4509">
    <p class='ocr_par' dir='ltr' id='par_1_76' title="bbox 189 4434 1841 4509">
     <span class='ocr_line' id='line_1_76' title="bbox 189 4434 1841 4509; baseline 0.001 -17"><span class='ocrx_word' id='word_1_575' title='bbox 189 4435 427 4492; x_wconf 63' lang='lat' dir='ltr'>Israel”.</span> <span class='ocrx_word' id='word_1_576' title='bbox 454 4460 480 4484; x_wconf 84' lang='lat'><em>»</em></span> <span class='ocrx_word' id='word_1_577' title='bbox 504 4434 835 4494; x_wconf 88' lang='lat' dir='ltr'>Notandum</span> <span class='ocrx_word' id='word_1_578' title='bbox 869 4435 1023 4507; x_wconf 86' lang='lat' dir='ltr'>quod</span> <span class='ocrx_word' id='word_1_579' title='bbox 1073 4434 1133 4490; x_wconf 93' lang='lat' dir='ltr'>in</span> <span class='ocrx_word' id='word_1_580' title='bbox 1163 4434 1420 4503; x_wconf 68' lang='lat' dir='ltr'>Hebraeo,</span> <span class='ocrx_word' id='word_1_581' title='bbox 1474 4453 1590 4492; x_wconf 93' lang='lat' dir='ltr'>non</span> <span class='ocrx_word' id='word_1_582' title='bbox 1621 4437 1841 4509; x_wconf 87' lang='lat' dir='ltr'>princi—</span> 
     </span>
    </p>
   </div>
   <div class='ocr_carea' id='block_1_77' title="bbox 1941 3280 3589 3351">
    <p class='ocr_par' dir='ltr' id='par_1_77' title="bbox 1941 3280 3589 3351">
     <span class='ocr_line' id='line_1_77' title="bbox 1941 3280 3589 3351; baseline 0.001 -13"><span class='ocrx_word' id='word_1_583' title='bbox 1941 3282 2115 3339; x_wconf 90' lang='lat' dir='ltr'>etiam</span> <span class='ocrx_word' id='word_1_584' title='bbox 2174 3281 2489 3337; x_wconf 90' lang='lat' dir='ltr'>Dominum</span> <span class='ocrx_word' id='word_1_585' title='bbox 2546 3280 2965 3351; x_wconf 89' lang='lat' dir='ltr'>collaudarent,</span> <span class='ocrx_word' id='word_1_586' title='bbox 3015 3281 3310 3338; x_wconf 91' lang='lat' dir='ltr'>orationes</span> <span class='ocrx_word' id='word_1_587' title='bbox 3339 3286 3396 3339; x_wconf 88' lang='lat' dir='ltr'>et</span> <span class='ocrx_word' id='word_1_588' title='bbox 3424 3282 3589 3339; x_wconf 87' lang='lat' dir='ltr'>victi-</span> 
     </span>
    </p>
   </div>
   <div class='ocr_carea' id='block_1_78' title="bbox 1944 3370 3594 3433">
    <p class='ocr_par' dir='ltr' id='par_1_78' title="bbox 1944 3370 3594 3433">
     <span class='ocr_line' id='line_1_78' title="bbox 1944 3370 3594 3433; baseline 0.001 -6"><span class='ocrx_word' id='word_1_589' title='bbox 1944 3389 2072 3427; x_wconf 87' lang='lat' dir='ltr'>mas</span> <span class='ocrx_word' id='word_1_590' title='bbox 2119 3372 2169 3426; x_wconf 89' lang='lat' dir='ltr'>ei</span> <span class='ocrx_word' id='word_1_591' title='bbox 2217 3371 2545 3427; x_wconf 78' lang='lat' dir='ltr'>offerentes.</span> <span class='ocrx_word' id='word_1_592' title='bbox 2608 3370 2771 3433; x_wconf 90' lang='lat' dir='ltr'>Quod</span> <span class='ocrx_word' id='word_1_593' title='bbox 2845 3387 2978 3426; x_wconf 87' lang='lat' dir='ltr'>vero</span> <span class='ocrx_word' id='word_1_594' title='bbox 3034 3371 3105 3426; x_wconf 92' lang='lat' dir='ltr'>de</span> <span class='ocrx_word' id='word_1_595' title='bbox 3134 3371 3290 3427; x_wconf 87' lang='lat' dir='ltr'>tribu</span> <span class='ocrx_word' id='word_1_596' title='bbox 3323 3371 3594 3429; x_wconf 76' lang='lat' dir='ltr'>Issachar</span> 
     </span>
    </p>
   </div>
   <div class='ocr_carea' id='block_1_79' title="bbox 1944 3456 3601 3529">
    <p class='ocr_par' dir='ltr' id='par_1_79' title="bbox 1944 3456 3601 3529">
     <span class='ocr_line' id='line_1_79' title="bbox 1944 3456 3601 3529; baseline 0.002 -13"><span class='ocrx_word' id='word_1_597' title='bbox 1944 3462 2207 3517; x_wconf 91' lang='lat' dir='ltr'>doctores</span> <span class='ocrx_word' id='word_1_598' title='bbox 2231 3465 2556 3514; x_wconf 81' lang='lat' dir='ltr'>exterarum</span> <span class='ocrx_word' id='word_1_599' title='bbox 2591 3458 2850 3514; x_wconf 89' lang='lat' dir='ltr'>tribuum</span> <span class='ocrx_word' id='word_1_600' title='bbox 2881 3456 3096 3529; x_wconf 89' lang='lat' dir='ltr'>essent,</span> <span class='ocrx_word' id='word_1_601' title='bbox 3139 3464 3501 3517; x_wconf 88' lang='lat' dir='ltr'>monstratur</span> <span class='ocrx_word' id='word_1_602' title='bbox 3528 3477 3601 3519; x_wconf 71' lang='lat' dir='ltr'>ex</span> 
     </span>
    </p>
   </div>
   <div class='ocr_carea' id='block_1_80' title="bbox 1945 3545 3593 3620">
    <p class='ocr_par' dir='ltr' id='par_1_80' title="bbox 1945 3545 3593 3620">
     <span class='ocr_line' id='line_1_80' title="bbox 1945 3545 3593 3620; baseline 0.001 -17"><span class='ocrx_word' id='word_1_603' title='bbox 1945 3549 2094 3604; x_wconf 81' lang='lat' dir='ltr'>libro</span> <span class='ocrx_word' id='word_1_604' title='bbox 2125 3545 2630 3620; x_wconf 86' lang='lat' dir='ltr'>Paralipomenon,</span> <span class='ocrx_word' id='word_1_605' title='bbox 2687 3546 2785 3601; x_wconf 86' lang='lat' dir='ltr'>ubi</span> <span class='ocrx_word' id='word_1_606' title='bbox 2833 3546 2950 3603; x_wconf 88' lang='lat' dir='ltr'>ait:</span> <span class='ocrx_word' id='word_1_607' title='bbox 2982 3547 3057 3602; x_wconf 89' lang='lat' dir='ltr'>De</span> <span class='ocrx_word' id='word_1_608' title='bbox 3082 3547 3224 3617; x_wconf 80' lang='lat' dir='ltr'>ﬁliis</span> <span class='ocrx_word' id='word_1_609' title='bbox 3264 3564 3473 3619; x_wconf 83' lang='lat' dir='ltr'>quoque</span> <span class='ocrx_word' id='word_1_610' title='bbox 3506 3548 3593 3605; x_wconf 75' lang='lat' dir='ltr'>Is-</span> 
     </span>
    </p>
   </div>
   <div class='ocr_carea' id='block_1_81' title="bbox 1943 3634 3653 3709">
    <p class='ocr_par' dir='ltr' id='par_1_81' title="bbox 1943 3634 3653 3709">
     <span class='ocr_line' id='line_1_81' title="bbox 1943 3634 3653 3709; baseline -0.001 -16"><span class='ocrx_word' id='word_1_611' title='bbox 1943 3636 2140 3693; x_wconf 82' lang='lat' dir='ltr'>sachar</span> <span class='ocrx_word' id='word_1_612' title='bbox 2166 3637 2276 3691; x_wconf 85' lang='lat' dir='ltr'>viri</span> <span class='ocrx_word' id='word_1_613' title='bbox 2302 3634 2527 3705; x_wconf 83' lang='lat' dir='ltr'>eruditi,</span> <span class='ocrx_word' id='word_1_614' title='bbox 2568 3636 2666 3705; x_wconf 86' lang='lat' dir='ltr'>qui</span> <span class='ocrx_word' id='word_1_615' title='bbox 2728 3637 2928 3690; x_wconf 82' lang='lat' dir='ltr'>norant</span> <span class='ocrx_word' id='word_1_616' title='bbox 2977 3636 3193 3705; x_wconf 73' lang='lat' dir='ltr'>singula</span> <span class='ocrx_word' id='word_1_617' title='bbox 3250 3644 3492 3709; x_wconf 86' lang='lat' dir='ltr'>tempora</span> <span class='ocrx_word' id='word_1_618' title='bbox 3522 3635 3596 3692; x_wconf 79' lang='lat' dir='ltr'>ad</span> <span class='ocrx_word' id='word_1_619' title='bbox 3646 3654 3653 3660; x_wconf 77' lang='grc'><em>’</em></span> 
     </span>
    </p>
   </div>
   <div class='ocr_carea' id='block_1_82' title="bbox 1944 3722 3594 3799">
    <p class='ocr_par' dir='ltr' id='par_1_82' title="bbox 1944 3722 3594 3799">
     <span class='ocr_line' id='line_1_82' title="bbox 1944 3722 3594 3799; baseline 0 -18"><span class='ocrx_word' id='word_1_620' title='bbox 1944 3723 2375 3799; x_wconf 72' lang='lat' dir='ltr'>przrcipiendum</span> <span class='ocrx_word' id='word_1_621' title='bbox 2402 3722 2535 3795; x_wconf 84' lang='lat' dir='ltr'>quid</span> <span class='ocrx_word' id='word_1_622' title='bbox 2589 3724 2769 3792; x_wconf 78' lang='lat' dir='ltr'>facere</span> <span class='ocrx_word' id='word_1_623' title='bbox 2822 3722 3035 3779; x_wconf 76' lang='lat' dir='ltr'>deberet</span> <span class='ocrx_word' id='word_1_624' title='bbox 3085 3722 3275 3794; x_wconf 83' lang='lat' dir='ltr'>Israel,</span> <span class='ocrx_word' id='word_1_625' title='bbox 3311 3725 3594 3795; x_wconf 70' lang='lat' dir='ltr'>principes</span> 
     </span>
    </p>
   </div>
   <div class='ocr_carea' id='block_1_83' title="bbox 1945 3810 3595 3883">
    <p class='ocr_par' dir='ltr' id='par_1_83' title="bbox 1945 3810 3595 3883">
     <span class='ocr_line' id='line_1_83' title="bbox 1945 3810 3595 3883; baseline -0.001 -13"><span class='ocrx_word' id='word_1_626' title='bbox 1945 3814 2200 3870; x_wconf 81' lang='lat' dir='ltr'>ducenti:</span> <span class='ocrx_word' id='word_1_627' title='bbox 2232 3828 2413 3868; x_wconf 89' lang='lat' dir='ltr'>omnes</span> <span class='ocrx_word' id='word_1_628' title='bbox 2460 3818 2641 3867; x_wconf 87' lang='lat' dir='ltr'>autem</span> <span class='ocrx_word' id='word_1_629' title='bbox 2714 3810 2940 3883; x_wconf 72' lang='lat' dir='ltr'>reliquae</span> <span class='ocrx_word' id='word_1_630' title='bbox 2987 3811 3161 3867; x_wconf 88' lang='lat' dir='ltr'>tribus</span> <span class='ocrx_word' id='word_1_631' title='bbox 3190 3828 3379 3869; x_wconf 88' lang='lat' dir='ltr'>eorum</span> <span class='ocrx_word' id='word_1_632' title='bbox 3407 3813 3595 3869; x_wconf 80' lang='lat' dir='ltr'>consi-</span> 
     </span>
    </p>
   </div>
   <div class='ocr_carea' id='block_1_84' title="bbox 1949 3900 3599 3975">
    <p class='ocr_par' dir='ltr' id='par_1_84' title="bbox 1949 3900 3599 3975">
     <span class='ocr_line' id='line_1_84' title="bbox 1949 3900 3599 3975; baseline 0.001 -16"><span class='ocrx_word' id='word_1_633' title='bbox 1949 3906 2091 3960; x_wconf 86' lang='lat' dir='ltr'>lium</span> <span class='ocrx_word' id='word_1_634' title='bbox 2142 3902 2511 3975; x_wconf 77' lang='lat' dir='ltr'>sequebantur</span> <span class='ocrx_word' id='word_1_635' title='bbox 2554 3902 2603 3971; x_wconf 93' lang='lat' dir='ltr'>(I</span> <span class='ocrx_word' id='word_1_636' title='bbox 2629 3900 2818 3956; x_wconf 83' lang='lat' dir='ltr'>Paral.</span> <span class='ocrx_word' id='word_1_637' title='bbox 2878 3917 2980 3969; x_wconf 86' lang='lat' dir='ltr'>xu,</span> <span class='ocrx_word' id='word_1_638' title='bbox 3010 3900 3199 3971; x_wconf 87' lang='lat' dir='ltr'>32).Et</span> <span class='ocrx_word' id='word_1_639' title='bbox 3229 3900 3384 3974; x_wconf 88' lang='lat' dir='ltr'>quod</span> <span class='ocrx_word' id='word_1_640' title='bbox 3414 3900 3599 3961; x_wconf 73' lang='lat' dir='ltr'>iidem</span> 
     </span>
    </p>
   </div>
   <div class='ocr_carea' id='block_1_85' title="bbox 1948 3988 3599 4061">
    <p class='ocr_par' dir='ltr' id='par_1_85' title="bbox 1948 3988 3599 4061">
     <span class='ocr_line' id='line_1_85' title="bbox 1948 3988 3599 4061; baseline -0.001 -12"><span class='ocrx_word' id='word_1_641' title='bbox 1948 3994 2215 4049; x_wconf 88' lang='lat' dir='ltr'>doctores</span> <span class='ocrx_word' id='word_1_642' title='bbox 2245 3990 2393 4047; x_wconf 88' lang='lat' dir='ltr'>asini</span> <span class='ocrx_word' id='word_1_643' title='bbox 2455 3996 2887 4061; x_wconf 88' lang='lat' dir='ltr'>nuncupentur,</span> <span class='ocrx_word' id='word_1_644' title='bbox 2949 3995 3309 4046; x_wconf 87' lang='lat' dir='ltr'>monstratur</span> <span class='ocrx_word' id='word_1_645' title='bbox 3348 4006 3416 4045; x_wconf 82' lang='lat' dir='ltr'>ex</span> <span class='ocrx_word' id='word_1_646' title='bbox 3445 3988 3599 4047; x_wconf 87' lang='lat' dir='ltr'>libro</span> 
     </span>
    </p>
   </div>
   <div class='ocr_carea' id='block_1_86' title="bbox 1950 4078 3601 4152">
    <p class='ocr_par' dir='ltr' id='par_1_86' title="bbox 1950 4078 3601 4152">
     <span class='ocr_line' id='line_1_86' title="bbox 1950 4078 3601 4152; baseline -0.002 -13"><span class='ocrx_word' id='word_1_647' title='bbox 1950 4083 2210 4152; x_wconf 88' lang='lat' dir='ltr'>Genesis,</span> <span class='ocrx_word' id='word_1_648' title='bbox 2245 4081 2343 4136; x_wconf 91' lang='lat' dir='ltr'>ubi</span> <span class='ocrx_word' id='word_1_649' title='bbox 2379 4079 2680 4151; x_wconf 89' lang='lat' dir='ltr'>sequitur:</span> <span class='ocrx_word' id='word_1_650' title='bbox 2714 4078 2965 4134; x_wconf 75' lang='lat' dir='ltr'>Issacliar</span> <span class='ocrx_word' id='word_1_651' title='bbox 3003 4080 3193 4134; x_wconf 81' lang='lat' dir='ltr'>asinus</span> <span class='ocrx_word' id='word_1_652' title='bbox 3220 4080 3403 4150; x_wconf 85' lang='lat' dir='ltr'>fortis,</span> <span class='ocrx_word' id='word_1_653' title='bbox 3436 4094 3601 4136; x_wconf 75' lang='lat' dir='ltr'>aecu-</span> 
     </span>
    </p>
   </div>
   <div class='ocr_carea' id='block_1_87' title="bbox 1951 4166 3593 4240">
    <p class='ocr_par' dir='ltr' id='par_1_87' title="bbox 1951 4166 3593 4240">
     <span class='ocr_line' id='line_1_87' title="bbox 1951 4166 3593 4240; baseline 0.001 -15"><span class='ocrx_word' id='word_1_654' title='bbox 1951 4171 2083 4225; x_wconf 84' lang='lat' dir='ltr'>bans</span> <span class='ocrx_word' id='word_1_655' title='bbox 2113 4170 2261 4224; x_wconf 87' lang='lat' dir='ltr'>inter</span> <span class='ocrx_word' id='word_1_656' title='bbox 2286 4168 2569 4235; x_wconf 84' lang='lat' dir='ltr'>terminos,</span> <span class='ocrx_word' id='word_1_657' title='bbox 2600 4166 2739 4221; x_wconf 87' lang='lat' dir='ltr'>vidit</span> <span class='ocrx_word' id='word_1_658' title='bbox 2795 4167 3042 4239; x_wconf 86' lang='lat' dir='ltr'>requiem</span> <span class='ocrx_word' id='word_1_659' title='bbox 3096 4166 3235 4240; x_wconf 83' lang='lat' dir='ltr'>quod</span> <span class='ocrx_word' id='word_1_660' title='bbox 3263 4169 3398 4223; x_wconf 82' lang='lat' dir='ltr'>esset</span> <span class='ocrx_word' id='word_1_661' title='bbox 3429 4167 3593 4238; x_wconf 77' lang='lat' dir='ltr'>bona,</span> 
     </span>
    </p>
   </div>
   <div class='ocr_carea' id='block_1_88' title="bbox 1949 4256 3599 4330">
    <p class='ocr_par' dir='ltr' id='par_1_88' title="bbox 1949 4256 3599 4330">
     <span class='ocr_line' id='line_1_88' title="bbox 1949 4256 3599 4330; baseline -0.002 -14"><span class='ocrx_word' id='word_1_662' title='bbox 1949 4270 2000 4316; x_wconf 83' lang='lat' dir='ltr'>et</span> <span class='ocrx_word' id='word_1_663' title='bbox 2027 4265 2240 4315; x_wconf 85' lang='lat' dir='ltr'>terram</span> <span class='ocrx_word' id='word_1_664' title='bbox 2270 4257 2407 4330; x_wconf 86' lang='lat' dir='ltr'>quod</span> <span class='ocrx_word' id='word_1_665' title='bbox 2431 4259 2563 4312; x_wconf 84' lang='lat' dir='ltr'>esset</span> <span class='ocrx_word' id='word_1_666' title='bbox 2593 4258 2821 4329; x_wconf 84' lang='lat' dir='ltr'>optima,</span> <span class='ocrx_word' id='word_1_667' title='bbox 2880 4260 2934 4312; x_wconf 86' lang='lat' dir='ltr'>et</span> <span class='ocrx_word' id='word_1_668' title='bbox 2962 4260 3243 4329; x_wconf 84' lang='lat' dir='ltr'>supposuit</span> <span class='ocrx_word' id='word_1_669' title='bbox 3302 4256 3599 4313; x_wconf 79' lang='lat' dir='ltr'>humerum</span> 
     </span>
    </p>
   </div>
   <div class='ocr_carea' id='block_1_89' title="bbox 1951 4345 3600 4419">
    <p class='ocr_par' dir='ltr' id='par_1_89' title="bbox 1951 4345 3600 4419">
     <span class='ocr_line' id='line_1_89' title="bbox 1951 4345 3600 4419; baseline -0.001 -14"><span class='ocrx_word' id='word_1_670' title='bbox 1951 4364 2113 4405; x_wconf 89' lang='lat' dir='ltr'>suum</span> <span class='ocrx_word' id='word_1_671' title='bbox 2159 4346 2227 4402; x_wconf 84' lang='lat' dir='ltr'>ad</span> <span class='ocrx_word' id='word_1_672' title='bbox 2270 4345 2625 4419; x_wconf 86' lang='lat' dir='ltr'>portandum,</span> <span class='ocrx_word' id='word_1_673' title='bbox 2670 4347 2953 4417; x_wconf 83' lang='lat' dir='ltr'>factusque</span> <span class='ocrx_word' id='word_1_674' title='bbox 2995 4350 3073 4401; x_wconf 87' lang='lat' dir='ltr'>est</span> <span class='ocrx_word' id='word_1_675' title='bbox 3121 4346 3323 4402; x_wconf 88' lang='lat' dir='ltr'>tributo</span> <span class='ocrx_word' id='word_1_676' title='bbox 3358 4346 3600 4405; x_wconf 75' lang='lat' dir='ltr'>serviens</span> 
     </span>
    </p>
   </div>
   <div class='ocr_carea' id='block_1_90' title="bbox 1954 4433 3609 4510">
    <p class='ocr_par' dir='ltr' id='par_1_90' title="bbox 1954 4433 3609 4510">
     <span class='ocr_line' id='line_1_90' title="bbox 1954 4433 3609 4510; baseline -0.001 -18"><span class='ocrx_word' id='word_1_677' title='bbox 1954 4437 2104 4510; x_wconf 87' lang='lat' dir='ltr'>(Gen.</span> <span class='ocrx_word' id='word_1_678' title='bbox 2170 4454 2320 4502; x_wconf 78' lang='lat' dir='ltr'>xux,</span> <span class='ocrx_word' id='word_1_679' title='bbox 2388 4435 2477 4503; x_wconf 74' lang='grc'>44,</span> <span class='ocrx_word' id='word_1_680' title='bbox 2556 4435 2663 4507; x_wconf 85' lang='grc'>15).</span> <span class='ocrx_word' id='word_1_681' title='bbox 2731 4434 2949 4491; x_wconf 84' lang='lat' dir='ltr'>Asinus</span> <span class='ocrx_word' id='word_1_682' title='bbox 3005 4434 3063 4490; x_wconf 90' lang='lat' dir='ltr'>in</span> <span class='ocrx_word' id='word_1_683' title='bbox 3121 4433 3270 4491; x_wconf 89' lang='lat' dir='ltr'>libro</span> <span class='ocrx_word' id='word_1_684' title='bbox 3309 4434 3609 4492; x_wconf 76' lang='lat' dir='ltr'>Genesz</span> 
     </span>
    </p>
   </div>
   <div class='ocr_carea' id='block_1_91' title="bbox 194 4522 3600 4605">
    <p class='ocr_par' dir='ltr' id='par_1_91' title="bbox 194 4522 3600 4605">
     <span class='ocr_line' id='line_1_91' title="bbox 194 4522 3600 4605; baseline -0 -23"><span class='ocrx_word' id='word_1_685' title='bbox 194 4542 323 4599; x_wconf 86' lang='lat' dir='ltr'>pes,</span> <span class='ocrx_word' id='word_1_686' title='bbox 354 4524 455 4581; x_wconf 90' lang='lat' dir='ltr'>sed</span> <span class='ocrx_word' id='word_1_687' title='bbox 490 4524 756 4580; x_wconf 86' lang='lat' dir='ltr'>doctores</span> <span class='ocrx_word' id='word_1_688' title='bbox 785 4524 861 4596; x_wconf 92' lang='lat' dir='ltr'>(a)</span> <span class='ocrx_word' id='word_1_689' title='bbox 893 4522 1123 4596; x_wconf 90' lang='lat' dir='ltr'>legitur.</span> <span class='ocrx_word' id='word_1_690' title='bbox 1185 4523 1301 4580; x_wconf 90' lang='lat' dir='ltr'>Hoc</span> <span class='ocrx_word' id='word_1_691' title='bbox 1332 4523 1595 4581; x_wconf 84' lang='lat' dir='ltr'>Debbora</span> <span class='ocrx_word' id='word_1_692' title='bbox 1623 4526 1681 4581; x_wconf 93' lang='lat' dir='ltr'><strong>in</strong></span> <span class='ocrx_word' id='word_1_693' title='bbox 1712 4543 1846 4599; x_wconf 87' lang='lat' dir='ltr'>per-</span> <span class='ocrx_word' id='word_1_694' title='bbox 1879 4540 1924 4605; x_wconf 82' lang='lat' dir='ltr'><strong>D</strong></span> <span class='ocrx_word' id='word_1_695' title='bbox 1955 4524 2121 4581; x_wconf 88' lang='lat' dir='ltr'>fortis</span> <span class='ocrx_word' id='word_1_696' title='bbox 2152 4523 2385 4590; x_wconf 89' lang='lat' dir='ltr'>dicitur,</span> <span class='ocrx_word' id='word_1_697' title='bbox 2419 4528 2656 4596; x_wconf 90' lang='lat' dir='ltr'>propter</span> <span class='ocrx_word' id='word_1_698' title='bbox 2719 4522 3116 4580; x_wconf 86' lang='lat' dir='ltr'>fortitudinem</span> <span class='ocrx_word' id='word_1_699' title='bbox 3149 4522 3316 4597; x_wconf 83' lang='lat' dir='ltr'>legis,</span> <span class='ocrx_word' id='word_1_700' title='bbox 3346 4539 3414 4580; x_wconf 90' lang='lat' dir='ltr'>eo</span> <span class='ocrx_word' id='word_1_701' title='bbox 3443 4522 3600 4596; x_wconf 85' lang='lat' dir='ltr'>quod</span> 
     </span>
    </p>
   </div>
   <div class='ocr_carea' id='block_1_92' title="bbox 189 4612 3699 4692">
    <p class='ocr_par' dir='ltr' id='par_1_92' title="bbox 189 4612 3699 4692">
     <span class='ocr_line' id='line_1_92' title="bbox 189 4612 3699 4692; baseline -0.001 -21"><span class='ocrx_word' id='word_1_702' title='bbox 189 4631 342 4672; x_wconf 88' lang='lat' dir='ltr'>sona</span> <span class='ocrx_word' id='word_1_703' title='bbox 371 4613 783 4687; x_wconf 74' lang='lat' dir='ltr'>Dei‘loquitur,</span> <span class='ocrx_word' id='word_1_704' title='bbox 818 4612 973 4686; x_wconf 90' lang='lat' dir='ltr'>quod</span> <span class='ocrx_word' id='word_1_705' title='bbox 1006 4613 1160 4669; x_wconf 91' lang='lat' dir='ltr'>Deus</span> <span class='ocrx_word' id='word_1_706' title='bbox 1201 4612 1406 4687; x_wconf 88' lang='lat' dir='ltr'>diligat</span> <span class='ocrx_word' id='word_1_707' title='bbox 1435 4614 1702 4672; x_wconf 89' lang='lat' dir='ltr'>doctores</span> <span class='ocrx_word' id='word_1_708' title='bbox 1732 4615 1846 4692; x_wconf 88' lang='lat' dir='ltr'>legi</span> <span class='ocrx_word' id='word_1_709' title='bbox 1956 4616 2014 4670; x_wconf 92' lang='lat' dir='ltr'>in</span> <span class='ocrx_word' id='word_1_710' title='bbox 2047 4614 2290 4671; x_wconf 89' lang='lat' dir='ltr'>humero</span> <span class='ocrx_word' id='word_1_711' title='bbox 2316 4612 2503 4686; x_wconf 87' lang='lat' dir='ltr'>legem</span> <span class='ocrx_word' id='word_1_712' title='bbox 2536 4616 2810 4685; x_wconf 86' lang='lat' dir='ltr'>portaret,</span> <span class='ocrx_word' id='word_1_713' title='bbox 2843 4617 2901 4668; x_wconf 91' lang='lat' dir='ltr'>et</span> <span class='ocrx_word' id='word_1_714' title='bbox 2945 4612 3166 4669; x_wconf 64' lang='lat' dir='ltr'>caeteris</span> <span class='ocrx_word' id='word_1_715' title='bbox 3189 4612 3460 4670; x_wconf 86' lang='lat' dir='ltr'>tribubus</span> <span class='ocrx_word' id='word_1_716' title='bbox 3490 4612 3601 4669; x_wconf 84' lang='lat' dir='ltr'>tri-</span> <span class='ocrx_word' id='word_1_717' title='bbox 3696 4678 3699 4681; x_wconf 14' lang='grc' dir='ltr'>Ἴ</span> 
     </span>
    </p>
   </div>
   <div class='ocr_carea' id='block_1_93' title="bbox 191 4700 3603 4778">
    <p class='ocr_par' dir='ltr' id='par_1_93' title="bbox 191 4700 3603 4778">
     <span class='ocr_line' id='line_1_93' title="bbox 191 4700 3603 4778; baseline 0 -20"><span class='ocrx_word' id='word_1_718' title='bbox 191 4704 293 4759; x_wconf 83' lang='lat' dir='ltr'>Dei</span> <span class='ocrx_word' id='word_1_719' title='bbox 326 4704 646 4759; x_wconf 88' lang='lat' dir='ltr'>studentes.</span> <span class='ocrx_word' id='word_1_720' title='bbox 683 4702 760 4758; x_wconf 94' lang='lat' dir='ltr'>De</span> <span class='ocrx_word' id='word_1_721' title='bbox 809 4702 1025 4774; x_wconf 90' lang='lat' dir='ltr'>quibus</span> <span class='ocrx_word' id='word_1_722' title='bbox 1074 4702 1376 4774; x_wconf 89' lang='lat' dir='ltr'>sequitur:</span> <span class='ocrx_word' id='word_1_723' title='bbox 1411 4726 1437 4751; x_wconf 90' lang='grc'>‹‹</span> <span class='ocrx_word' id='word_1_724' title='bbox 1472 4702 1577 4766; x_wconf 92' lang='lat' dir='ltr'>Qui</span> <span class='ocrx_word' id='word_1_725' title='bbox 1614 4704 1848 4778; x_wconf 91' lang='lat' dir='ltr'>propria</span> <span class='ocrx_word' id='word_1_726' title='bbox 1956 4703 2184 4771; x_wconf 92' lang='lat' dir='ltr'>butum,</span> <span class='ocrx_word' id='word_1_727' title='bbox 2241 4702 2299 4757; x_wconf 90' lang='lat' dir='ltr'>id</span> <span class='ocrx_word' id='word_1_728' title='bbox 2358 4706 2466 4769; x_wconf 90' lang='lat' dir='ltr'>est,</span> <span class='ocrx_word' id='word_1_729' title='bbox 2527 4700 2852 4757; x_wconf 88' lang='lat' dir='ltr'>doctrinam</span> <span class='ocrx_word' id='word_1_730' title='bbox 2908 4700 3053 4774; x_wconf 89' lang='lat' dir='ltr'>legis</span> <span class='ocrx_word' id='word_1_731' title='bbox 3106 4701 3488 4774; x_wconf 86' lang='lat' dir='ltr'>impenderet.</span> <span class='ocrx_word' id='word_1_732' title='bbox 3534 4705 3603 4759; x_wconf 77' lang='lat' dir='ltr'>In</span> 
     </span>
    </p>
   </div>
   <div class='ocr_carea' id='block_1_94' title="bbox 190 4790 1843 4866">
    <p class='ocr_par' dir='ltr' id='par_1_94' title="bbox 190 4790 1843 4866">
     <span class='ocr_line' id='line_1_94' title="bbox 190 4790 1843 4866; baseline 0 -16"><span class='ocrx_word' id='word_1_733' title='bbox 190 4792 492 4850; x_wconf 82' lang='lat' dir='ltr'>voluntate</span> <span class='ocrx_word' id='word_1_734' title='bbox 540 4790 836 4848; x_wconf 86' lang='lat' dir='ltr'>obtulistis</span> <span class='ocrx_word' id='word_1_735' title='bbox 884 4807 986 4847; x_wconf 90' lang='lat' dir='ltr'>vos</span> <span class='ocrx_word' id='word_1_736' title='bbox 1034 4790 1357 4846; x_wconf 89' lang='lat' dir='ltr'>discrimini</span> <span class='ocrx_word' id='word_1_737' title='bbox 1383 4792 1439 4847; x_wconf 94' lang='lat' dir='ltr'><strong>in</strong></span> <span class='ocrx_word' id='word_1_738' title='bbox 1474 4793 1712 4866; x_wconf 90' lang='lat' dir='ltr'>pepulo,</span> <span class='ocrx_word' id='word_1_739' title='bbox 1746 4794 1843 4851; x_wconf 86' lang='lat' dir='ltr'>be-</span> 
     </span>
    </p>
   </div>
   <div class='ocr_carea' id='block_1_95' title="bbox 1954 4789 3604 4862">
    <p class='ocr_par' dir='ltr' id='par_1_95' title="bbox 1954 4789 3604 4862">
     <span class='ocr_line' id='line_1_95' title="bbox 1954 4789 3604 4862; baseline 0.001 -16"><span class='ocrx_word' id='word_1_740' title='bbox 1954 4791 2103 4847; x_wconf 91' lang='lat' dir='ltr'>libro</span> <span class='ocrx_word' id='word_1_741' title='bbox 2131 4807 2264 4848; x_wconf 88' lang='lat' dir='ltr'>vero</span> <span class='ocrx_word' id='word_1_742' title='bbox 2290 4790 2571 4846; x_wconf 84' lang='lat' dir='ltr'>Judicum</span> <span class='ocrx_word' id='word_1_743' title='bbox 2627 4789 2808 4847; x_wconf 70' lang='lat' dir='ltr'>asinae</span> <span class='ocrx_word' id='word_1_744' title='bbox 2856 4790 3153 4859; x_wconf 89' lang='lat' dir='ltr'>dicuntur,</span> <span class='ocrx_word' id='word_1_745' title='bbox 3185 4806 3252 4846; x_wconf 93' lang='lat' dir='ltr'>eo</span> <span class='ocrx_word' id='word_1_746' title='bbox 3282 4790 3438 4862; x_wconf 90' lang='lat' dir='ltr'>quod</span> <span class='ocrx_word' id='word_1_747' title='bbox 3468 4790 3604 4848; x_wconf 88' lang='lat' dir='ltr'>viri-</span> 
     </span>
    </p>
   </div>
   <div class='ocr_carea' id='block_1_96' title="bbox 192 4877 3602 4953">
    <p class='ocr_par' dir='ltr' id='par_1_96' title="bbox 192 4877 3602 4953">
     <span class='ocr_line' id='line_1_96' title="bbox 192 4877 3602 4953; baseline -0.001 -16"><span class='ocrx_word' id='word_1_748' title='bbox 192 4880 448 4937; x_wconf 89' lang='lat' dir='ltr'>nedicite</span> <span class='ocrx_word' id='word_1_749' title='bbox 481 4879 744 4934; x_wconf 92' lang='lat' dir='ltr'>Domino.</span> <span class='ocrx_word' id='word_1_750' title='bbox 779 4902 806 4929; x_wconf 86' lang='grc'><strong>››</strong></span> <span class='ocrx_word' id='word_1_751' title='bbox 844 4879 921 4934; x_wconf 92' lang='lat' dir='ltr'>De</span> <span class='ocrx_word' id='word_1_752' title='bbox 952 4879 1170 4950; x_wconf 89' lang='lat' dir='ltr'>quibus</span> <span class='ocrx_word' id='word_1_753' title='bbox 1212 4878 1388 4935; x_wconf 89' lang='lat' dir='ltr'>etiam</span> <span class='ocrx_word' id='word_1_754' title='bbox 1421 4881 1544 4950; x_wconf 88' lang='lat' dir='ltr'>jam</span> <span class='ocrx_word' id='word_1_755' title='bbox 1575 4882 1846 4953; x_wconf 89' lang='lat' dir='ltr'>superius</span> <span class='ocrx_word' id='word_1_756' title='bbox 1955 4882 2066 4937; x_wconf 88' lang='lat' dir='ltr'>bus</span> <span class='ocrx_word' id='word_1_757' title='bbox 2121 4879 2282 4934; x_wconf 87' lang='lat' dir='ltr'>fracti</span> <span class='ocrx_word' id='word_1_758' title='bbox 2335 4884 2391 4934; x_wconf 89' lang='lat' dir='ltr'>et</span> <span class='ocrx_word' id='word_1_759' title='bbox 2439 4877 2753 4945; x_wconf 90' lang='lat' dir='ltr'>humiliati,</span> <span class='ocrx_word' id='word_1_760' title='bbox 2812 4884 2986 4951; x_wconf 90' lang='lat' dir='ltr'>atque</span> <span class='ocrx_word' id='word_1_761' title='bbox 3024 4877 3242 4934; x_wconf 81' lang='lat' dir='ltr'>infirmi</span> <span class='ocrx_word' id='word_1_762' title='bbox 3278 4882 3602 4949; x_wconf 88' lang='lat' dir='ltr'>manerent,</span> 
     </span>
    </p>
   </div>
   <div class='ocr_carea' id='block_1_97' title="bbox 190 4968 1845 5041">
    <p class='ocr_par' dir='ltr' id='par_1_97' title="bbox 190 4968 1845 5041">
     <span class='ocr_line' id='line_1_97' title="bbox 190 4968 1845 5041; baseline -0.001 -15"><span class='ocrx_word' id='word_1_763' title='bbox 190 4972 420 5026; x_wconf 86' lang='lat' dir='ltr'>dictum</span> <span class='ocrx_word' id='word_1_764' title='bbox 454 4969 625 5025; x_wconf 88' lang='lat' dir='ltr'>estin</span> <span class='ocrx_word' id='word_1_765' title='bbox 659 4985 725 5024; x_wconf 91' lang='lat' dir='ltr'>eo</span> <span class='ocrx_word' id='word_1_766' title='bbox 752 4968 902 5034; x_wconf 91' lang='lat' dir='ltr'>loco,</span> <span class='ocrx_word' id='word_1_767' title='bbox 945 4968 1041 5023; x_wconf 87' lang='lat' dir='ltr'>ubi</span> <span class='ocrx_word' id='word_1_768' title='bbox 1078 4969 1195 5023; x_wconf 79' lang='lat' dir='ltr'>ait:</span> <span class='ocrx_word' id='word_1_769' title='bbox 1241 4992 1265 5016; x_wconf 80' lang='grc' dir='ltr'>α</span> <span class='ocrx_word' id='word_1_770' title='bbox 1303 4968 1409 5033; x_wconf 86' lang='lat' dir='ltr'>Qui</span> <span class='ocrx_word' id='word_1_771' title='bbox 1441 4973 1647 5041; x_wconf 89' lang='lat' dir='ltr'>sponte</span> <span class='ocrx_word' id='word_1_772' title='bbox 1676 4970 1845 5025; x_wconf 87' lang='lat' dir='ltr'>obtu-</span> 
     </span>
    </p>
   </div>
   <div class='ocr_carea' id='block_1_98' title="bbox 192 5057 1847 5127">
    <p class='ocr_par' dir='ltr' id='par_1_98' title="bbox 192 5057 1847 5127">
     <span class='ocr_line' id='line_1_98' title="bbox 192 5057 1847 5127; baseline 0.001 -13"><span class='ocrx_word' id='word_1_773' title='bbox 192 5059 351 5116; x_wconf 87' lang='lat' dir='ltr'>listis</span> <span class='ocrx_word' id='word_1_774' title='bbox 382 5058 456 5114; x_wconf 91' lang='lat' dir='ltr'>de</span> <span class='ocrx_word' id='word_1_775' title='bbox 481 5057 654 5114; x_wconf 89' lang='lat' dir='ltr'>Israel</span> <span class='ocrx_word' id='word_1_776' title='bbox 686 5059 915 5115; x_wconf 88' lang='lat' dir='ltr'>animas</span> <span class='ocrx_word' id='word_1_777' title='bbox 949 5062 1193 5127; x_wconf 89' lang='lat' dir='ltr'>vestras,</span> <span class='ocrx_word' id='word_1_778' title='bbox 1225 5081 1252 5106; x_wconf 83' lang='lat'><strong>»</strong></span> <span class='ocrx_word' id='word_1_779' title='bbox 1304 5062 1411 5113; x_wconf 92' lang='lat' dir='ltr'>etc.</span> <span class='ocrx_word' id='word_1_780' title='bbox 1447 5081 1473 5108; x_wconf 90' lang='grc'><strong>‹‹</strong></span> <span class='ocrx_word' id='word_1_781' title='bbox 1508 5059 1616 5124; x_wconf 87' lang='lat' dir='ltr'>Qui</span> <span class='ocrx_word' id='word_1_782' title='bbox 1645 5075 1847 5117; x_wconf 90' lang='lat' dir='ltr'>ascen-</span> 
     </span>
    </p>
   </div>
   <div class='ocr_carea' id='block_1_99' title="bbox 271 5307 1357 5381">
    <p class='ocr_par' dir='ltr' id='par_1_99' title="bbox 271 5307 1357 5381">
     <span class='ocr_line' id='line_1_99' title="bbox 271 5307 1357 5381; baseline -0.002 -15"><span class='ocrx_word' id='word_1_783' title='bbox 271 5311 287 5345; x_wconf 81' lang='grc'>¹</span> <span class='ocrx_word' id='word_1_784' title='bbox 323 5309 386 5366; x_wconf 84' lang='lat' dir='ltr'>In</span> <span class='ocrx_word' id='word_1_785' title='bbox 420 5308 551 5366; x_wconf 90' lang='lat' dir='ltr'>aliis</span> <span class='ocrx_word' id='word_1_786' title='bbox 582 5307 1013 5381; x_wconf 85' lang='lat' dir='ltr'>exemplaribus</span> <span class='ocrx_word' id='word_1_787' title='bbox 1040 5324 1357 5366; x_wconf 85' lang='lat' dir='ltr'>maeerasse.</span> 
     </span>
    </p>
   </div>
   <div class='ocr_carea' id='block_1_100' title="bbox 1947 4966 3601 5043">
    <p class='ocr_par' dir='ltr' id='par_1_100' title="bbox 1947 4966 3601 5043">
     <span class='ocr_line' id='line_1_100' title="bbox 1947 4966 3601 5043; baseline 0.002 -17"><span class='ocrx_word' id='word_1_788' title='bbox 1947 4971 2094 5043; x_wconf 86' lang='lat' dir='ltr'>jugo</span> <span class='ocrx_word' id='word_1_789' title='bbox 2125 4968 2346 5025; x_wconf 88' lang='lat' dir='ltr'>scilicet</span> <span class='ocrx_word' id='word_1_790' title='bbox 2374 4967 2635 5040; x_wconf 84' lang='lat' dir='ltr'>gentium</span> <span class='ocrx_word' id='word_1_791' title='bbox 2669 4966 2856 5039; x_wconf 87' lang='lat' dir='ltr'>pressi</span> <span class='ocrx_word' id='word_1_792' title='bbox 2877 4972 3051 5040; x_wconf 86' lang='lat' dir='ltr'>atque</span> <span class='ocrx_word' id='word_1_793' title='bbox 3072 4966 3451 5035; x_wconf 88' lang='lat' dir='ltr'>humiliati,et</span> <span class='ocrx_word' id='word_1_794' title='bbox 3475 4967 3601 5030; x_wconf 61' lang='lat' dir='ltr'>sola</span> 
     </span>
    </p>
   </div>
   <div class='ocr_carea' id='block_1_101' title="bbox 1956 5056 2785 5131">
    <p class='ocr_par' dir='ltr' id='par_1_101' title="bbox 1956 5056 2785 5131">
     <span class='ocr_line' id='line_1_101' title="bbox 1956 5056 2785 5131; baseline -0.006 -16"><span class='ocrx_word' id='word_1_795' title='bbox 1956 5064 2186 5115; x_wconf 83' lang='lat' dir='ltr'>tantum</span> <span class='ocrx_word' id='word_1_796' title='bbox 2221 5059 2345 5131; x_wconf 84' lang='lat' dir='ltr'>lege</span> <span class='ocrx_word' id='word_1_797' title='bbox 2375 5056 2472 5113; x_wconf 89' lang='lat' dir='ltr'>Dei</span> <span class='ocrx_word' id='word_1_798' title='bbox 2508 5057 2785 5112; x_wconf 89' lang='lat' dir='ltr'>contenti.</span> 
     </span>
    </p>
   </div>
   <div class='ocr_carea' id='block_1_102' title="bbox 264 5383 2224 5486">
    <p class='ocr_par' dir='ltr' id='par_1_102' title="bbox 264 5383 2224 5486">
     <span class='ocr_line' id='line_1_102' title="bbox 264 5383 2224 5486; baseline -0.001 -32"><span class='ocrx_word' id='word_1_799' title='bbox 264 5400 287 5433; x_wconf 78' lang='grc'><strong>⁹</strong></span> <span class='ocrx_word' id='word_1_800' title='bbox 321 5398 596 5455; x_wconf 67' lang='lat' dir='ltr'>Hebraeus</span> <span class='ocrx_word' id='word_1_801' title='bbox 624 5384 820 5459; x_wconf 50' lang='lat' dir='ltr'>Sane:</span> <span class='ocrx_word' id='word_1_802' title='bbox 876 5383 1089 5486; x_wconf 62' lang='grc' dir='ltr'>ῬΡῚΠΒ</span> <span class='ocrx_word' id='word_1_803' title='bbox 1121 5398 1397 5454; x_wconf 85' lang='lat' dir='ltr'>lehhocece</span> <span class='ocrx_word' id='word_1_804' title='bbox 1446 5400 1637 5463; x_wconf 85' lang='lat' dir='ltr'>Israel,</span> <span class='ocrx_word' id='word_1_805' title='bbox 1678 5399 1747 5456; x_wconf 82' lang='lat' dir='ltr'>ad</span> <span class='ocrx_word' id='word_1_806' title='bbox 1784 5400 2005 5457; x_wconf 85' lang='lat' dir='ltr'>Scribas</span> <span class='ocrx_word' id='word_1_807' title='bbox 2036 5397 2224 5455; x_wconf 86' lang='lat' dir='ltr'>Israel.</span> 
     </span>
    </p>
   </div>
   <div class='ocr_carea' id='block_1_103' title="bbox 266 5487 1854 5563">
    <p class='ocr_par' dir='ltr' id='par_1_103' title="bbox 266 5487 1854 5563">
     <span class='ocr_line' id='line_1_103' title="bbox 266 5487 1854 5563; baseline 0 -16"><span class='ocrx_word' id='word_1_808' title='bbox 266 5489 347 5563; x_wconf 86' lang='lat' dir='ltr'>(a)</span> <span class='ocrx_word' id='word_1_809' title='bbox 381 5487 677 5563; x_wconf 77' lang='lat' dir='ltr'>Rabanus,</span> <span class='ocrx_word' id='word_1_810' title='bbox 722 5489 1007 5559; x_wconf 79' lang='lat' dir='ltr'>Principes</span> <span class='ocrx_word' id='word_1_811' title='bbox 1045 5487 1237 5553; x_wconf 87' lang='lat' dir='ltr'>Israel,</span> <span class='ocrx_word' id='word_1_812' title='bbox 1270 5487 1483 5560; x_wconf 84' lang='lat' dir='ltr'>inquit,</span> <span class='ocrx_word' id='word_1_813' title='bbox 1521 5498 1651 5545; x_wconf 84' lang='lat' dir='ltr'>sunt</span> <span class='ocrx_word' id='word_1_814' title='bbox 1679 5491 1854 5548; x_wconf 80' lang='lat' dir='ltr'>docto-</span> 
     </span>
    </p>
   </div>
   <div class='ocr_carea' id='block_1_104' title="bbox 197 5562 837 5633">
    <p class='ocr_par' dir='ltr' id='par_1_104' title="bbox 197 5562 837 5633">
     <span class='ocr_line' id='line_1_104' title="bbox 197 5562 837 5633; baseline -0.005 -17"><span class='ocrx_word' id='word_1_815' title='bbox 197 5562 285 5617; x_wconf 83' lang='lat' dir='ltr'>res</span> <span class='ocrx_word' id='word_1_816' title='bbox 306 5562 515 5633; x_wconf 72' lang='lat' dir='ltr'>sancti,</span> <span class='ocrx_word' id='word_1_817' title='bbox 540 5576 695 5633; x_wconf 83' lang='lat' dir='ltr'>quos,</span> <span class='ocrx_word' id='word_1_818' title='bbox 728 5565 837 5614; x_wconf 88' lang='lat' dir='ltr'>etc.</span> 
     </span>
    </p>
   </div>
   <div class='ocr_carea' id='block_1_105' title="bbox 269 5629 1851 5713">
    <p class='ocr_par' dir='ltr' id='par_1_105' title="bbox 269 5629 1851 5713">
     <span class='ocr_line' id='line_1_105' title="bbox 269 5629 1851 5713; baseline 0.003 -25"><span class='ocrx_word' id='word_1_819' title='bbox 269 5632 347 5713; x_wconf 75' lang='grc' dir='ltr'>(ὁ)</span> <span class='ocrx_word' id='word_1_820' title='bbox 379 5629 560 5700; x_wconf 69' lang='lat' dir='ltr'>Idem,</span> <span class='ocrx_word' id='word_1_821' title='bbox 590 5632 715 5689; x_wconf 76' lang='lat' dir='ltr'>Alia</span> <span class='ocrx_word' id='word_1_822' title='bbox 743 5633 946 5703; x_wconf 78' lang='lat' dir='ltr'>autem,</span> <span class='ocrx_word' id='word_1_823' title='bbox 981 5629 1081 5697; x_wconf 88' lang='lat' dir='ltr'>ait,</span> <span class='ocrx_word' id='word_1_824' title='bbox 1111 5630 1276 5690; x_wconf 84' lang='lat' dir='ltr'>editio</span> <span class='ocrx_word' id='word_1_825' title='bbox 1304 5633 1385 5689; x_wconf 83' lang='lat' dir='ltr'>sic</span> <span class='ocrx_word' id='word_1_826' title='bbox 1409 5630 1585 5702; x_wconf 84' lang='lat' dir='ltr'>habet,</span> <span class='ocrx_word' id='word_1_827' title='bbox 1616 5631 1851 5693; x_wconf 83' lang='lat' dir='ltr'>Benedi-</span> 
     </span>
    </p>
   </div>
   <div class='ocr_carea' id='block_1_106' title="bbox 530 5757 1084 5828">
    <p class='ocr_par' dir='ltr' id='par_1_106' title="bbox 530 5757 1084 5828">
     <span class='ocr_line' id='line_1_106' title="bbox 530 5757 1084 5828; baseline -0.005 -3"><span class='ocrx_word' id='word_1_828' title='bbox 530 5760 792 5826; x_wconf 71' lang='grc' dir='ltr'>ΡΑτηοι..</span> <span class='ocrx_word' id='word_1_829' title='bbox 868 5757 1084 5828; x_wconf 83' lang='lat' dir='ltr'>XXIII.</span> 
     </span>
    </p>
   </div>
   <div class='ocr_carea' id='block_1_107' title="bbox 1960 5483 3610 5558">
    <p class='ocr_par' dir='ltr' id='par_1_107' title="bbox 1960 5483 3610 5558">
     <span class='ocr_line' id='line_1_107' title="bbox 1960 5483 3610 5558; baseline -0.003 -12"><span class='ocrx_word' id='word_1_830' title='bbox 1960 5493 2064 5546; x_wconf 84' lang='lat' dir='ltr'>cite</span> <span class='ocrx_word' id='word_1_831' title='bbox 2093 5488 2404 5558; x_wconf 83' lang='lat' dir='ltr'>Dominum,</span> <span class='ocrx_word' id='word_1_832' title='bbox 2454 5487 2552 5557; x_wconf 87' lang='lat' dir='ltr'>qui</span> <span class='ocrx_word' id='word_1_833' title='bbox 2596 5486 2893 5542; x_wconf 76' lang='lat' dir='ltr'>ascenditis</span> <span class='ocrx_word' id='word_1_834' title='bbox 2930 5499 3097 5557; x_wconf 86' lang='lat' dir='ltr'>super</span> <span class='ocrx_word' id='word_1_835' title='bbox 3128 5483 3401 5558; x_wconf 83' lang='lat' dir='ltr'>jumenla,</span> <span class='ocrx_word' id='word_1_836' title='bbox 3433 5495 3610 5557; x_wconf 81' lang='lat' dir='ltr'>supra</span> 
     </span>
    </p>
   </div>
   <div class='ocr_carea' id='block_1_108' title="bbox 1962 5557 3370 5631">
    <p class='ocr_par' dir='ltr' id='par_1_108' title="bbox 1962 5557 3370 5631">
     <span class='ocr_line' id='line_1_108' title="bbox 1962 5557 3370 5631; baseline -0.004 -13"><span class='ocrx_word' id='word_1_837' title='bbox 1962 5560 2211 5618; x_wconf 81' lang='lat' dir='ltr'>vehicula</span> <span class='ocrx_word' id='word_1_838' title='bbox 2237 5559 2496 5626; x_wconf 84' lang='lat' dir='ltr'>sedentes,</span> <span class='ocrx_word' id='word_1_839' title='bbox 2530 5563 2585 5614; x_wconf 83' lang='lat' dir='ltr'>et</span> <span class='ocrx_word' id='word_1_840' title='bbox 2616 5574 2779 5631; x_wconf 80' lang='lat' dir='ltr'>super</span> <span class='ocrx_word' id='word_1_841' title='bbox 2806 5558 2992 5615; x_wconf 81' lang='lat' dir='ltr'>asinos</span> <span class='ocrx_word' id='word_1_842' title='bbox 3025 5557 3370 5630; x_wconf 77' lang='lat' dir='ltr'>refulgentes.</span> 
     </span>
    </p>
   </div>
   <div class='ocr_carea' id='block_1_109' title="bbox 3219 5752 3299 5819">
    <p class='ocr_par' dir='ltr' id='par_1_109' title="bbox 3219 5752 3299 5819">
     <span class='ocr_line' id='line_1_109' title="bbox 3219 5752 3299 5819; baseline 0 0"><span class='ocrx_word' id='word_1_843' title='bbox 3219 5752 3299 5819; x_wconf 67' lang='grc' dir='ltr'>ιι</span> 
     </span>
    </p>
   </div>
  </div>
