4084 6176
501 366 511 373 -
532 335 687 399 I387
2015 343 2057 402 Α
2073 340 2175 403 PP‘

2282 341 2439 406 DIX.
3712 344 3828 409 1388

552 522 553 525 η
596 470 787 539 (Vers.
830 470 943 543 12.)
970 492 999 521 ››
1029 468 1235 545 Surge,
1260 474 1475 546 surge‘,
1508 474 1800 545 Debbora;
1834 491 2028 547 surge,
2087 474 2168 530 lo-
2200 476 2256 543 Α
2286 481 2354 533 ad
2390 477 2751 550 bellandum,
2786 479 2844 534 id
2874 484 2983 552 est,
3016 481 3089 536 ad
3120 480 3433 536 Dominum
3463 479 3829 537 collaudandum

528 575 705 631 quere
737 559 1107 615 Canticum.»
1142 561 1475 619 Notandum
1529 563 1684 635 quod
1716 563 1774 618 in
1807 564 2046 619 Hebraeo
2075 580 2172 619 ex-
2284 571 2342 621 et
2371 568 2748 623 exorandum.
2784 568 2864 624 De
2895 570 3112 641 quibus
3143 575 3200 625 et
3228 571 3524 643 sequitur:

527 650 797 720 spergisce
828 648 1074 723 legatur,
1107 650 1164 706 id
1195 655 1304 719 est,
1334 649 1669 725 expergisce
1701 651 1760 707 in
1793 652 2003 725 spiritu
2042 668 2175 724 pro-
2355 655 2542 727 (Vers.
2605 656 2717 728 :15.)
2785 680 2810 710 α
2839 657 3028 713 Duces
3078 658 3346 714 Issachar
3398 658 3548 713 fuere
3583 674 3698 712 cum
3735 659 3833 713 Deb-

528 737 757 809 pbetiaa.
791 738 1170 793 Praefatorum
1196 739 1395 811 itaque
1425 741 1728 796 doctorum
1755 741 1997 797 vocibus
2026 741 2175 797 Deb-
2284 744 2444 800 born.
2468 766 2494 793 ι)
2521 745 2583 800 In
2616 746 2880 801 Hebraeo:
2916 749 3213 819 Principes,
3263 747 3321 801 id
3377 752 3463 801 est
3518 748 3743 801 doctores
3782 746 3837 799 le-

528 825 671 881 hora
727 832 1089 898 provocatur,
1151 834 1214 882 ut
1300 828 1739 901 expergiscatur
1825 830 1883 885 in
1964 829 2174 903 spiritu
2283 834 2392 907 gis,
2424 835 2659 890 fuerunt
2688 851 2818 889 cum
2853 835 3120 891 Debbora
3141 837 3210 890 ad
3243 834 3670 890 eollaudandum
3697 834 3839 887 Domi-

528 915 843 987 prophetiaa
874 922 933 971 et
960 916 1175 983 laudis,
1206 921 1262 972 et
1291 934 1406 972 non
1436 924 1625 974 cesset
1655 936 1689 974 a
1718 919 1991 974 laudibus
2051 919 2175 975 Dei.
2284 939 2450 986 num,
2481 928 2531 978 et
2557 925 2735 979 Barac
2784 926 3007 995 vestigia
3061 928 3188 979 sunt
3239 925 3428 978 secuti.
3482 922 3841 994 Intelligendum

530 1002 692 1059 Unde
720 1010 778 1059 et
808 1005 1109 1076 sequitur:
1145 1026 1173 1054 ‹‹
1198 1005 1459 1077 Loquere
1488 1006 1815 1063 Canticum.
1844 1012 2027 1080 Surge
2067 1007 2173 1063 Ba-
2284 1016 2390 1074 est,
2423 1013 2561 1084 quia
2591 1029 2724 1085 pars
2754 1014 3022 1085 quaedam
3058 1012 3291 1067 illorum
3352 1029 3480 1068 cum
3537 1010 3766 1065 Debbora
3798 1011 3843 1064 ad

529 1109 649 1159 rae,
677 1097 736 1148 et
765 1092 1137 1165 apprehende
1166 1095 1422 1166 captivos
1472 1099 1620 1164 tuos,
1678 1096 1760 1151 ﬁli
1816 1096 2119 1153 Abinoem.
2146 1118 2174 1146 »

529 1181 593 1235 In
641 1181 881 1236 Hebraeo
937 1181 1182 1237 dicitur:
1211 1184 1232 1216 ²
1265 1204 1292 1233 ‹‹
1338 1183 1603 1240 Praedare
1663 1185 1916 1257 prmdam
1986 1190 2175 1255 tuam,

529 1268 940 1325 ﬁliAbinoem.
967 1292 996 1319 »
1030 1271 1156 1326 Haec
1202 1272 1490 1328 sententia
1539 1273 1782 1329 vocibus
1835 1274 2174 1329 eorumdem

527 1358 703 1413 etiam
756 1360 1062 1415 doctorum
1107 1361 1285 1415 Barac
1334 1362 1628 1430 admonet,
1690 1366 1756 1417 ut
1810 1362 2177 1434 depraedetur

528 1448 806 1520 reliquias
835 1447 1208 1504 inimicorum
1244 1466 1508 1517 suorum,
1539 1455 1596 1507 et
1623 1451 1693 1506 ad
1721 1450 2173 1507 internecionem

526 1553 625 1593 eos
657 1554 845 1609 usque
875 1538 1175 1609 perducat,
1209 1544 1265 1595 et
1286 1556 1499 1595 nomen
1531 1540 1642 1596 sibi
1674 1540 1925 1596 victorias
1966 1540 2175 1597 lauda-

524 1626 724 1682 biliter
752 1626 1036 1697 acquirat.

596 1715 783 1785 (Vers.
839 1716 948 1787 13.)
1008 1737 1037 1765 ‹‹
1072 1717 1235 1771 Tunc
1283 1716 1519 1775 salvatae
1563 1721 1704 1774 sunt
1752 1718 2011 1790 reliquiae
2077 1735 2175 1790 po-

527 1802 674 1875 puli.
698 1825 726 1852 ››
760 1804 888 1858 Haec
918 1804 1208 1860 sententia
1258 1805 1331 1860 ad
1389 1806 1831 1878 intelligendum
1868 1808 2174 1879 jungenda

529 1896 619 1948 est
647 1892 950 1947 sententiae
982 1893 1292 1965 superiori,
1327 1911 1442 1965 qua
1472 1894 1689 1950 dicitur
1712 1913 1724 1950 :
1750 1920 1777 1945 «
1811 1895 1917 1950 Ubi
1941 1913 2177 1952 narran-

529 1985 625 2036 tur
646 1980 898 2052 justitiae
926 1982 1179 2053 Domini,
1221 1982 1539 2038 clementiae
1587 1985 1752 2040 fortis
1802 1984 2015 2053 Israel;
2050 2008 2079 2037 »
2110 2002 2177 2041 eo

530 2071 685 2142 quod
716 2074 858 2125 tunc
887 2069 1120 2126 salvata
1144 2075 1282 2126 sunt
1304 2070 1562 2143 reliquias
1584 2073 1780 2145 populi
1808 2090 1869 2130 :«
1893 2074 2178 2130 Dominus

528 2158 589 2214 in
620 2159 871 2214 fortibus
901 2159 1218 2215 dimicavit.
1247 2180 1275 2209 »
1310 2161 1373 2215 In
1387 2161 1623 2216 Hebraeo
1645 2161 1859 2235 legitur
1882 2181 1894 2218 :
1919 2164 2178 2219 Dominus

523 2257 753 2320 propter
776 2264 863 2303 me
892 2249 953 2303 in
979 2249 1217 2319 fortibus
1246 2249 1551 2306 dimicavit.
1583 2250 1651 2306 Et
1708 2256 1798 2307 est
1851 2269 1959 2308 vox
1996 2253 2179 2309 totius

529 2337 727 2409 populi
757 2336 935 2393 Israel
961 2354 974 2405 ;
1007 2337 1307 2393 dimicavit
1333 2338 1491 2394 enim
1522 2345 1762 2413 propter
1797 2359 1895 2398 eos
1927 2343 1985 2397 in
2020 2347 2181 2415 Egy-

531 2426 690 2499 ptiis,
724 2430 783 2481 et
808 2426 870 2481 in
902 2426 1391 2484 caeterisinimicis
1415 2429 1610 2485 Israel.
1631 2430 1792 2486 Unde
1812 2431 2177 2504 etsequitur:

596 2516 785 2587 (Vers.
824 2515 933 2584 14.)
965 2538 992 2565 ‹‹
1028 2515 1108 2569 Ex
1139 2515 1412 2588 Epitraim
1440 2516 1652 2574 delevit
1674 2520 1849 2575 eosin
1871 2518 2125 2587 Amalec,
2152 2544 2179 2571 ››

526 2604 585 2659 id
617 2610 728 2673 est,
759 2604 939 2659 Jnsue
975 2604 1262 2661 exsistens
1320 2621 1389 2661 ex
1436 2606 1593 2662 tribu
1654 2608 1929 2681 Ephraim
1971 2609 2183 2665 delevit

528 2695 727 2765 fortes,
761 2693 819 2747 id
851 2696 939 2749 est
971 2692 1242 2750 inimicos
1274 2694 1451 2751 Israel
1483 2696 1541 2750 in
1561 2696 1817 2766 Amalec,
1850 2698 2001 2754 sicut
2038 2698 2180 2772 legi-

531 2787 631 2838 tur
672 2783 733 2837 in
784 2782 932 2839 libro
982 2783 1198 2840 Exodi:
1249 2785 1583 2857 Fugavitque
1637 2788 1795 2843 Josue
1849 2788 2085 2855 Amalec,
2131 2793 2184 2844 et

530 2873 801 2945 populum
826 2873 943 2945 ejus
967 2875 1028 2928 in
1074 2888 1168 2929 ore
1216 2873 1411 2945 gladii,
1471 2879 1578 2931 etc.
1638 2876 1828 2947 (Exod.
1880 2893 2017 2947 xvu,
2076 2878 2180 2949 t3).
2290 2874 3868 2947 vicinarumtribuumtuarum,utaudiaslsibilosgregum;

538 2962 608 3017 Et
638 2963 792 3033 quod
825 2962 979 3017 idem
1008 2963 1187 3018 Josue
1215 2978 1284 3018 ex
1312 2963 1467 3018 tribu
1500 2963 1776 3037 Ephraim
1801 2966 1992 3034 fuerit,
2019 2983 2185 3022 mon-
2295 2985 2362 3024 ac
2419 2968 2468 3024 si
2536 2968 2779 3023 diceret:
2834 2966 3049 3038 Greges
3107 2965 3322 3036 quibus
3380 2964 3649 3019 abundas
3697 2972 3868 3017 servare

549 3055 772 3108 stratur
800 3068 869 3107 ex
897 3051 1046 3107 libro
1072 3052 1483 3119 Numerorum,
1517 3053 1616 3108 ubi
1650 3054 1907 3109 dicitur:
1941 3057 2015 3111 De
2036 3056 2187 3111 tribu
2295 3058 2485 3130 cupis,
2519 3061 2575 3112 et
2603 3072 2703 3112 eos
2759 3055 3025 3111 amittere
3074 3053 3308 3123 vereris,
3366 3069 3681 3124 eorumque
3724 3046 3869 3105 sibilos

543 3141 810 3212 Epitraim
835 3144 974 3196 Osee
1000 3140 1182 3209 ﬁlium
1209 3142 1337 3195 Nun
1386 3143 1574 3209 (Num.
1632 3158 1757 3209 xm,
1788 3143 1867 3215 9),
1917 3161 2090 3215 quem
2130 3148 2188 3200 et
2296 3146 2498 3202 audire
2511 3146 2706 3218 potius
2737 3144 3063 3213 delectaris,
3096 3159 3273 3215 quam
3304 3160 3441 3198 cum
3491 3141 3746 3197 fratribus
3792 3134 3868 3191 tuis

535 3228 599 3283 in
629 3228 1120 3298 consequentibus
1148 3228 1327 3283 Josue
1354 3232 1517 3283 vocat
1570 3229 1807 3286 dicens:
1870 3234 2184 3305 Vocauitque
2213 3221 2256 3287 C
2295 3236 2367 3292 ad
2397 3234 2771 3292 debellandos
2805 3233 3003 3289 hostes
3036 3232 3211 3288 Israel
3262 3231 3537 3303 progredi
3592 3228 3785 3286 niteris.
3826 3223 3870 3279 Et

533 3317 736 3388 Moyses
767 3315 894 3398 ρεαδ
929 3316 1109 3386 ﬁlium
1136 3318 1278 3384 Nun,
1319 3319 1477 3373 Josue
1523 3318 1680 3389 (Ibid.
1740 3320 1854 3393 47).
1888 3343 1916 3371 ‹‹
1949 3323 2015 3377 Et
2052 3328 2184 3396 post
2290 3324 2428 3398 quia
2457 3324 2565 3381 hoc
2595 3323 2758 3391 facis,
2787 3321 3033 3394 imperio
3065 3320 3295 3376 Domini
3341 3321 3631 3393 superbus
3683 3313 3866 3373 resistis.

536 3421 670 3461 eum
694 3406 751 3460 in
774 3388 1032 3477 'populos
1064 3410 1196 3461 tuos
1225 3405 1479 3462 Amalec.
1518 3388 1536 3441 ¹ν
1567 3408 1701 3464 Post
1730 3388 1962 3478 eum,id
1985 3388 2074 3468 est
2091 3412 2183 3468 Jo-
2290 3388 2452 3469 Unde
2482 3418 2538 3469 et
2558 3388 2823 3485 sequitur
2852 3388 3108 3483 idipsum
3130 3409 3284 3480 quod
3316 3415 3374 3464 et
3419 3388 3642 3481 supra:
3672 3429 3697 3457 ‹‹
3728 3401 3868 3460 Diviso

536 3510 660 3551 sue.
690 3496 769 3549 Ex
797 3493 954 3549 tribu
1005 3493 1309 3564 Benjamin
1367 3495 1655 3552 exsistens
1688 3497 1847 3567 Saul,
1897 3500 2178 3572 populum
2287 3504 2516 3570 Ruben,
2563 3500 3072 3574 magnanimorum
3131 3502 3356 3570 reperta
3410 3496 3699 3552 contentio
3741 3497 3867 3547 estzv

2286 3609 2351 3648 eo
2382 3593 2537 3665 quod
2571 3590 2721 3647 male
2751 3590 2966 3658 fecerit,
2995 3587 3307 3659 imperium
3339 3586 3575 3642 Domini
3628 3581 3867 3658 parvipeno

2285 3683 2431 3738 dens
2469 3685 2526 3736 et
2557 3680 2846 3752 superbus
2868 3677 3176 3733 exsistens.

2357 3771 2537 3842 (Vers.
2578 3771 2683 3840 17.)
2719 3791 2747 3818 ‹‹
2778 3767 2900 3824 Gad
2925 3771 3089 3822 trans
3143 3765 3466 3822 Jordanem
3525 3760 3866 3836 quiescebat.-

2283 3860 2351 3915 Et
2380 3860 2490 3915 hoc
2542 3857 2896 3930 increpando
2950 3855 3212 3928 ponitur,
3269 3870 3337 3909 eo
3394 3854 3555 3926 quod
3596 3848 3867 3907 remanente

2284 3948 2510 4016 Ruben,
2542 3964 2675 4004 cum
2707 3963 2773 4003 eo
2805 3945 2926 4001 Gad
2987 3943 3109 4016 pari
3167 3942 3413 3999 consilio
3475 3940 3753 3998 remansit.
3778 3954 3806 3988 ι
3828 3931 3870 3986 R

2285 4040 2405 4094 Dan
2436 4039 2675 4093 vacabat
2702 4034 2970 4091 navibus.
3000 4056 3026 4083 ››
3059 4032 3204 4100 Quia
3257 4031 3465 4087 videns
3534 4030 3679 4103 quod
3730 4025 3869 4080 tribus

2282 4128 2484 4183 Ruben
2515 4130 2572 4181 et
2600 4124 2789 4180 tribus
2819 4124 2939 4180 Gad
2975 4139 3089 4178 non
3122 4122 3273 4176 irent
3302 4137 3440 4175 cum
3480 4119 3741 4175 fratribus
3785 4109 3870 4167 suis

2283 1100 2644 1161 laudandum
2697 1102 3009 1156 Dominum
3072 1102 3371 1166 remansit,
3429 1106 3483 1154 ct
3536 1116 3659 1171 pars
3722 1099 3845 1152 Barac

2282 1189 2524 1262 vestigia
2555 1194 2693 1245 sunt
2721 1192 2903 1245 secuti
2938 1192 3006 1246 ad
3066 1190 3347 1262 populum
3407 1188 3786 1245 exhortandum
3811 1192 3847 1242 et

2284 1278 2696 1334 debellandum
2725 1280 3002 1335 Sisaram.
3044 1298 3064 1327 α
3100 1279 3206 1345 Qui
3238 1278 3402 1350 quasi
3439 1278 3493 1332 in
3551 1293 3769 1348 praeceps
3801 1276 3848 1329 ad

2284 1367 2623 1423 barathrum
2656 1384 2717 1423 se
2747 1368 3075 1423 discrimini
3098 1368 3276 1423 dedit.
3304 1390 3331 1417 ››
3366 1368 3541 1422 Barac
3557 1365 3752 1421 scilicet
3773 1380 3851 1418 cie-

2283 1458 2431 1513 dens
2459 1457 2633 1513 verba
2663 1456 2912 1527 Domini,
2944 1473 3007 1512 se
3064 1456 3225 1513 dedit
3268 1455 3610 1523 discrimini,
3657 1452 3851 1526 praccipi-

2283 1550 2413 1601 tans
2446 1563 2506 1601 se
2538 1546 2595 1600 in
2627 1551 2941 1601 torrentem
2976 1546 3146 1601 Cison
3173 1549 3596 1617 persequenset
3621 1540 3849 1597 debellatis

2282 1636 2599 1690 exercitum
2635 1634 2863 1690 Sisaras.
2913 1635 3261 1690 Barathrum
3320 1634 3476 1690 enim
3538 1634 3595 1687 in
3642 1632 3735 1687 hoc
3770 1630 3853 1685 loco

2282 1727 2509 1779 torrens
2538 1723 2710 1778 Cison
2743 1723 3110 1795 intelligitur.
3152 1745 3173 1771 ι
3204 1723 3398 1778 Diviso
3447 1728 3638 1777 contra
3689 1736 3739 1775 se
3777 1719 3854 1773 Ru-

2280 1812 2414 1877 ben,
2470 1813 2981 1883 magnanimorum
3041 1817 3269 1884 reperta
3328 1810 3615 1867 contentio
3660 1811 3852 1863 cst.»ln

2286 1899 2522 1956 Hebraeo
2553 1917 2670 1955 non
2699 1899 2912 1973 legitur
2938 1904 3128 1956 contra
3155 1918 3232 1957 se.
3278 1901 3398 1956 Vox
3448 1899 3599 1954 enim
3652 1897 3856 1952 Debborae

2286 1995 2394 2055 est,
2422 1989 2731 2061 increpans
2779 1990 2999 2044 tribum
3030 1989 3330 2062 Ephraim,
3361 2006 3429 2044 eo
3489 1989 3635 2060 quod
3682 1985 3857 2057 imperio

2287 2078 2516 2133 Domini
2546 2094 2660 2133 non
2682 2078 3115 2149 obtemperans,
3134 2095 3267 2133 cum
3286 2077 3565 2132 fratribus
3587 2075 3698 2131 suis
3717 2080 3859 2128 contra

2287 2167 2557 2223 inimicos
2591 2166 2814 2222 Domini
2847 2167 3228 2223 debellandos
3271 2184 3387 2222 non
3449 2166 3647 2221 iverit:
3689 2164 3770 2219 sed
3812 2161 3857 2214 ti-

2288 2272 2447 2311 more
2481 2254 2844 2328 perterritus,
2866 2260 2923 2310 et
2949 2255 3143 2310 verbis
3202 2254 3431 2309 Domini
3479 2251 3779 2308 incredulus
3813 2248 3857 2302 ab

2287 2344 2371 2399 eis
2397 2360 2460 2399 se
2489 2344 2769 2412 diviserit,
2802 2346 2859 2399 et
2883 2361 2985 2414 pro
3016 2361 3081 2399 eo
3115 2344 3554 2415 magnanimus,
3588 2342 3641 2397 id
3691 2344 3764 2396 est
3797 2355 3862 2392 su-

2288 2435 2525 2507 perbus,
2546 2438 2810 2506 repertus
2834 2433 3136 2488 exstiterit.
3173 2433 3333 2487 Unde
3361 2438 3419 2487 et
3453 2432 3704 2503 sequitur
3719 2443 3861 2485 eorum

2299 2523 2616 2595 increpatio
2649 2522 2705 2578 in
2730 2522 2939 2595 spiritu
2970 2522 3283 2594 prophetia:
3311 2521 3514 2577 dicens
3549 2540 3562 2576 :

2362 2612 2547 2684 (Vers.
2615 2612 2727 2682 16.)
2761 2633 2789 2661 ‹‹
2823 2613 3010 2677 Quare
3066 2610 3299 2666 habitas
3342 2611 3499 2665 inter
3548 2611 3689 2665 duos
3730 2605 3867 2662 termi-

2291 2718 2419 2770 nos,
2453 2706 2519 2756 ut
2548 2701 2754 2756 audias
2784 2699 2988 2756 sibilos
3017 2716 3258 2773 gregum
3282 2699 3311 2753 ?
3343 2725 3362 2751 ι
3407 2701 3467 2754 In
3526 2699 3740 2754 Hebraeo
3790 2711 3865 2749 non

2291 2790 2523 2863 legitur,
2574 2790 2725 2858 duos,
2753 2788 2852 2844 sed
2901 2790 3048 2843 inter
3078 2789 3336 2843 terminos
3364 2789 3386 2820 ‘
3410 2787 3487 2858 (ὁ)
3519 2796 3655 2853 tuos,
3707 2782 3869 2838 scilicet

531 3584 789 3650 Amalec,
845 3582 1212 3656 praecipiente
1276 3583 1544 3653 Domino,
1603 3585 1830 3657 delevit,
1917 3590 2070 3660 quod
2117 3590 2178 3647 in

528 3673 746 3747 Spiritu
778 3672 1126 3745 propheticae
1160 3672 1417 3729 Debbora
1449 3675 1520 3729 de
1545 3673 1719 3731 Saule
1750 3676 2012 3733 futurum
2044 3695 2177 3751 pro-

528 3761 806 3835 phetavit.
839 3763 918 3818 Ex
949 3761 1059 3818 hoc
1089 3762 1414 3818 secundum
1444 3762 1684 3820 schema
1727 3766 1883 3837 quod
1938 3773 2179 3824 vocatur

527 3852 817 3925 prolepsis
842 3852 1064 3907 dictum
1115 3857 1224 3920 est,
1284 3852 1439 3925 quod
1496 3853 1621 3925 ipse
1677 3859 1831 3911 esset
1875 3855 2176 3913 deleturus

525 3941 780 4009 Amalec,
807 3940 959 3997 sicut
987 3941 1047 3996 in
1070 3940 1218 3997 libro
1256 3941 1545 3998 Samuelis
1609 3943 1788 4000 babes
1821 3944 1869 4017 (I
1901 3949 2008 4017 Reg
2055 3963 2170 4002 XIV.

525 4030 638 4101 38).
671 4030 781 4085 Sed
814 4035 871 4086 et
899 4031 1053 4102 quod
1084 4030 1186 4096 ait,
1218 4046 1248 4085 o
1268 4031 1503 4099 Amalec,
1535 4030 1596 4085 in
1651 4031 1888 4088 Hebraeo
1937 4050 2053 4091 non
2092 4035 2173 4091 le-

526 4119 706 4191 gitur,
767 4118 869 4174 sed
919 4118 1158 4175 Latinus
1211 4120 1497 4192 interpres
1549 4136 1759 4178 sensus
1815 4122 2003 4194 gratia
2062 4122 2172 4180 hoc

527 4207 771 4264 addidit
2279 4216 2352 4272 ab
2384 4215 2744 4280 bellandum,
2767 4213 2980 4269 timore
2999 4209 3363 4284 perterritus,
3388 4210 3634 4265 navibus
3650 4200 3871 4262 vacando.

596 4296 784 4369 (Vers.
821 4297 908 4368 16)
930 4320 957 4347 ‹‹
989 4297 1069 4353 De
1112 4297 1336 4353 Machir
1382 4298 1675 4372 principes
1723 4301 2169 4370 descenderunt,
2280 4307 2479 4379 fugam
2510 4302 2794 4375 arripuit:
2828 4324 2857 4351 ‹‹
2889 4303 3032 4356 Aser
3061 4299 3366 4355 habitabat
3397 4300 3458 4353 in
3492 4298 3681 4352 littore
3716 4287 3867 4347 maris.

526 4390 584 4442 et
611 4386 682 4441 de
710 4385 986 4455 Zabulon,
1019 4387 1118 4458 qui
1150 4387 1470 4444 exercitum
1502 4389 1781 4445 ducerent
1825 4391 1896 4446 ad
1945 4390 2168 4447 bellan-
2277 4399 2335 4450 et
2364 4393 2424 4449 in
2477 4392 2741 4465 portibus
2799 4389 3158 4446 morabatur.
3181 4407 3207 4439 η
3242 4387 3530 4443 Similiter
3578 4385 3680 4440 hoc
3734 4381 3869 4473 incut-

533 4477 696 4531 dum.
730 4498 757 4524 ››
789 4475 851 4531 In
883 4477 1121 4531 Hebraeo
1152 4475 1367 4548 legitur
1399 4494 1411 4532 :
1446 4478 1521 4533 De
1546 4480 1762 4536 Machir
1781 4479 1878 4550 (a),
1892 4481 2169 4552 principes
2276 4483 2469 4555 pando
2525 4480 2784 4553 ponitur,
2816 4496 2883 4535 eo
2932 4478 3087 4551 quod
3119 4481 3175 4533 et
3229 4481 3377 4532 Aser
3425 4477 3485 4531 in
3530 4475 3709 4530 littore
3735 4477 3866 4555 maris

523 4564 943 4632 descenderunt,
966 4568 1022 4620 et
1051 4566 1423 4633 subauditur,
1472 4567 1541 4621 ab
1587 4567 1924 4637 bellandum,
1974 4567 2033 4623 id
2081 4574 2170 4625 est
2200 4595 2246 4659 D
2278 4553 2569 4641 habitans,
2605 4570 2661 4624 in
2698 4568 2965 4659 portibus
2998 4570 3261 4659 moratus
3317 4565 3439 4659 sit,
3478 4566 3671 4636 fugam
3724 4553 3867 4630 potius

521 4655 1012 4729 prosternendum
1036 4657 1293 4710 Sisaram
1326 4655 1670 4727 principem.
1704 4658 1780 4710 Et
1807 4656 1872 4711 de
1899 4657 2166 4726 Zabulon,
2200 4652 2239 4659 ”
2278 4664 2640 4732 arrepturos,
2673 4674 2852 4729 quam
2886 4655 3163 4711 fratribus
3196 4652 3669 4709 combellaturus.

518 4744 888 4807 subauditur,
920 4745 1364 4813 descenderunt,
1397 4744 1497 4815 qui
1528 4744 1845 4800 exercitum
1867 4746 2165 4802 ducerent.
2349 4730 2534 4820 (vers.
2572 4746 2680 4819 18.)
2721 4767 2747 4799 α
2775 4744 3031 4800 Zabulon
3064 4748 3120 4799 et
3156 4741 3530 4815 Nephlhalim
3591 4730 3866 4795 obtulerunt

519 4836 589 4891 Et
616 4835 687 4890 de
720 4834 870 4889 tribu
906 4832 1056 4900 Levi,
1090 4838 1148 4889 et
1174 4833 1244 4888 de
1275 4833 1431 4888 tribu
1473 4833 1757 4903 Issachar,
1817 4835 2170 4891 subauditur
2276 4838 2503 4893 animas
2534 4852 2673 4892 suas
2704 4835 2900 4902 morti,
2933 4834 2991 4888 in
3060 4833 3292 4903 regione
3340 4832 3613 4887 Morome.
3640 4851 3665 4875 η
3695 4827 3748 4881 ln
3790 4820 3866 4875 Ηθο

594 4963 607 4996 ¹
635 4960 696 5015 In
730 4958 964 5015 Hebraeo
995 4962 1083 5014 est
1102 4967 1223 5023 7'11}:
1259 4960 1373 5031 uri,
1404 4958 1462 5031 id
1493 4961 1584 5031 est
1605 4975 1851 5031 exsurge,
1883 4964 1993 5015 etc.

592 5032 615 5065 ²
642 5041 806 5119 quia
843 5041 1004 5091 nam
1034 5030 1198 5086 usabe
1222 5028 1490 5099 sebiecha,
1518 5030 1582 5086 Et
1605 5028 1843 5102 captiua
1874 5033 2164 5103 captivita-

516 5124 815 5262 “Tage
859 5190 1096 5263 doctores
1142 5163 1313 5261 juxta
1359 5190 1720 5263 superiorem
1805 5191 2161 5263 observatio-

519 5276 853 5351 nemznam
880 5262 939 5317 in
972 5262 1207 5318 Hebraeo
1266 5262 1515 5351 Dippﬁn
1564 5262 1953 5330 mehhokekim,
2005 5264 2159 5334 quod

518 5348 793 5409 Hebraeus
822 5354 1020 5405 noster
1054 5350 1305 5423 scriptor
1331 5348 1747 5423 interpretatur
1768 5352 2024 5407 doctores.

2345 4981 2367 5015 ⁴
2391 4978 2595 5034 Falsus
2613 4980 2702 5032 est
2731 4976 2841 5031 hoc
2872 4975 2997 5047 loco
3029 4975 3289 5047 Scriptor
3320 4973 3608 5047 Hebraeus,
3667 4966 3863 5047 quia'i‘n

2273 5032 2545 5107 contentu
2572 5032 2852 5104 Hebraioo
2884 5045 3137 5112 legimus
3158 5032 3477 5109 bimarem
3525 5032 3862 5112 humente-

2273 5063 2540 5107 coutextu
2572 5063 2852 5104 uenraioo
2884 5063 2937 5101 le
2981 5063 3137 5101 Imus
3171 5063 3477 5109 D1113an
3525 5063 3861 5112 ιιαπιηιιδι-μτιι-

2272 5123 2445 5179 thaim
2475 5120 2633 5176 duali
2679 5119 2888 5186 forma,
2922 5063 2979 5172 ig
3011 5122 3101 5172 est
3155 5117 3290 5171 duos
3347 5115 3641 5186 terminos;
3671 5106 3758 5164 sed
3795 5098 3861 5186 ille

2270 5193 2499 5267 legebat
2520 5192 2666 5247 forte
2695 5191 2754 5245 in
2788 5183 2894 5244 suo
2924 5188 3251 5260 Exemplari
3274 5200 3314 5272 ’τ
3333 5183 3861 5272 (ιἸιαῃῘιαΓΗξιιφφνο

2271 5261 2532 5410 Effinali,
2550 5278 3093 5349 hammisephelheca,
3128 5294 3230 5349 pro
3253 5261 3773 5344 hdmmisephethaim
3788 5261 3861 5316 ho.

2314 5370 2495 5410 terno.

2314 5370 2495 5410 terno.

588 5476 665 5547 (ιι)
700 5476 1112 5546 interpretatur
1131 5477 1273 5532 adeo
1304 5477 1599 5547 Rabanus,
1627 5478 1925 5560 principes,
1959 5479 2056 5534 hoc
2083 5482 2163 5534 est
2269 5494 2331 5534 re
2359 5473 2826 5560 Commentarioli
2848 5473 3114 5556 .hujusce
3137 5544 3149 5555 ⁸
3172 5476 3490 5535 auctorem,
3540 5465 3642 5551 sed
3686 5458 3859 5582 ﬂebat}

588 5545 755 5599 ’θειοιὶ
781 5554 832 5599 et
851 5545 1084 5599 doctores
1116 5549 1413 5599 primitiuae
1429 5550 1709 5599 Emi-sim.
2269 5564 2505 5599 nomine
2536 5551 2705 5599 notas
2736 5546 2973 5599 Latinas
3008 5543 3324 5599 Bibllorum
3375 5553 3615 5599 margini
3668 5549 3727 5588 ex
3818 5539 3840 5599 εἲ

513 5545 755 5620 Apostoli
781 5554 832 5602 et
851 5545 1084 5602 doctores
1111 5549 1413 5618 primitiuae
1428 5545 1709 5605 Ecclesiae.
1807 5545 1820 5548 “
2269 5549 2505 5605 nomine
2536 5551 2705 5601 notas
2736 5545 2973 5601 Latinas
3008 5545 3324 5599 Bibliorum
3375 5545 3615 5613 margini
3668 5549 3727 5588 ex
3776 5545 3857 5605 nt}-

516 5692 523 5693 ,
584 5620 660 5693 (b)
691 5617 893 5693 Colligi
916 5618 1049 5693 hinc
1069 5618 2158 5693 opimiorecontrario,cumHebra3um
2270 5622 2418 5693 braso
2477 5618 2775 5691 appositas
2832 5615 3161 5691 appellare;
3222 5631 3350 5689 quae
3432 5622 3488 5668 et
3570 5607 3857 5664 ϐοητσωησ

511 5688 733 5768 laudat,
766 5688 882 5750 non
913 5690 987 5747 ad
1016 5688 1215 5764 ipsum
1244 5688 1591 5747 Hebraicum
1635 5696 1854 5750 textum
1883 5709 2159 5768 provoca-
2270 5688 2633 5763 dicebantur,
