4070 6166
258 282 413 347 I389

1730 286 1774 343 A
1787 278 2197 345 DMONI’I‘IO.

3502 285 3659 354 I390

252 419 432 485 braeo,
474 440 501 467 ‹‹
534 418 723 491 Super
751 418 1046 491 regionem
1077 419 1351 476 Morome.
1390 443 1416 466 ››
1450 420 1516 473 Et
1544 423 1632 475 est
1662 435 1899 485 sensus;
1932 417 1988 483 Α
2015 434 2150 473 vera
2178 418 2637 473 Chananzeorum
2670 418 2860 492 ipsius
2925 412 3113 477 maris
3170 422 3350 479 Rubri
3382 424 3570 496 pisces
3600 429 3658 480 et

249 508 399 571 Quia
425 508 649 563 caeteris
673 508 946 563 tribubus
969 509 1050 564 ire
1079 508 1437 574 nolentibus,
1461 508 1547 561 hae
1570 509 1696 562 duae
1718 508 1904 562 tribus
2013 506 2210 561 hostia:
2242 507 2618 562 comederint.
2664 508 2929 564 Conculca
2957 512 3146 565 anima
3207 529 3328 567 mea
3394 513 3651 569 robustos.

247 597 482 651 animas
513 614 652 653 suas
720 598 891 652 morti
957 599 1280 654 dederunt:
1353 599 1540 668 Super
1606 598 1898 669 regionem

245 686 524 740 Morome.
562 707 589 733 ››
622 687 879 742 Morome
944 688 1099 743 enim
1163 687 1578 757 interpretatur
1615 686 1896 740 camelsus:

242 791 349 846 pro
384 774 617 846 regione
647 775 805 830 enim
835 775 1067 846 excelsi,
1102 776 1159 831 id
1192 780 1281 831 est
1321 774 1442 841 Dei,
1498 773 1784 830 obtulisse
1812 772 1898 827 di-

240 868 460 917 cuntur
489 863 723 919 animas
776 880 937 932 suas,
970 868 1028 919 et
1055 864 1183 919 ideo
1246 864 1520 918 laudibus
1551 863 1894 928 efferuntur,

241 967 377 1006 cum
411 957 624 1006 caetera:
661 951 847 1007 tribus
878 952 1402 1024 reprehendantur.

314 1043 500 1110 (Vers.
534 1040 645 1108 49.)
677 1064 701 1088 α
738 1040 1038 1095 Venerunt
1088 1057 1273 1112 reges,
1305 1043 1361 1095 et
1407 1041 1834 1112 pugnaverunt.
1864 1059 1893 1087 ››

244 1130 429 1200 Reges
460 1133 626 1183 terrae
656 1128 933 1184 Chanaan
966 1128 1127 1195 dicit,
1162 1131 1260 1200 qui
1297 1129 1413 1201 regi
1447 1129 1619 1184 Jabin
1669 1127 1894 1183 subditi

240 1222 426 1273 erant.
458 1218 908 1289 «Pugnaverunt
939 1234 1103 1290 reges
1134 1218 1431 1273 Chanaan.
1460 1240 1486 1267 ››
1516 1218 1780 1289 Idipsum
1804 1232 1890 1272 re-

240 1306 403 1377 petit,
439 1308 500 1361 ln
568 1307 800 1361 Tanach.
842 1306 1080 1361 Tanach
1123 1307 1279 1362 enim
1347 1305 1645 1377 provincia
1675 1310 1764 1360 est
1794 1306 1892 1360 ubi

235 1400 327 1450 est
358 1400 587 1450 torrens
617 1396 811 1451 Cison.
847 1419 873 1444 «
925 1395 1101 1451 Juxta
1141 1412 1326 1467 aquas
1377 1395 1677 1468 Mageddo.
1714 1417 1742 1444 »
1772 1394 1890 1449 Ma-

233 1485 428 1556 geddo
458 1484 613 1538 enim
647 1484 850 1539 civitas
879 1489 971 1539 est
1001 1485 1191 1556 posita
1223 1501 1398 1556 super
1443 1487 1760 1539 torrentem
1801 1484 1890 1537 Ci-

234 1590 363 1629 son.
401 1574 470 1628 Et
501 1573 659 1644 quod
692 1573 929 1628 dicitur.
968 1597 993 1623 «
1023 1577 1197 1627 Juxta
1219 1590 1403 1645 aquas
1419 1573 1722 1644 Mageddo,
1758 1594 1784 1620 ››
1808 1571 1892 1626 in-

234 1661 521 1733 telligitur
546 1662 713 1731 juxta
742 1665 1056 1717 torrentem
1106 1661 1298 1728 Cison,
1344 1660 1547 1716 civitas
1584 1660 1885 1732 Mageddo.

235 1772 263 1799 ‹‹
299 1751 523 1805 Tamen
556 1749 633 1804 nil
664 1749 848 1805 tulere
875 1750 1221 1823 praedantes.
1258 1772 1284 1798 η
1321 1751 1435 1805 Hoc
1466 1749 1888 1844 subs-annando
1918 1779 1964 1844 B

233 1839 470 1905 dicitur,
506 1855 640 1894 cum
673 1855 789 1894 non
822 1838 1013 1895 solum
1046 1838 1126 1894 nil
1177 1839 1380 1910 praedae
1446 1837 1709 1905 tulerint,
1745 1837 1887 1909 quin

233 1929 435 2001 potius
468 1927 695 1983 animas
725 1944 928 1983 eruere
960 1927 1351 1999 nequiverint.

244 2063 251 2066 .
310 2019 326 2088 (
359 2017 521 2072 Vers.
554 2018 669 2087 20.)
704 2038 731 2067 ‹‹
767 2017 846 2072 De
865 2016 1360 2073 coelodimicatum
1393 2019 1482 2072 est
1501 2019 1880 2071 contraeos.»

238 2106 388 2170 Quia
419 2106 474 2159 in
499 2106 889 2178 quadraginta
910 2105 1171 2161 millibus
1195 2104 1369 2161 Israel
1395 2104 1632 2177 clypcus
1649 2104 1890 2160 ethasta

228 2195 479 2249 inveniri
517 2211 631 2249 non
662 2198 906 2266 poterat,
950 2194 1165 2249 idcirco
1198 2192 1482 2249 Dominus
1512 2194 1582 2248 de
1615 2192 1757 2248 caelo
1808 2192 1888 2247 la-

231 2284 472 2356 pidibus
501 2283 826 2356 grandinis,
861 2288 919 2339 et
946 2283 1076 2355 igne
1101 2282 1401 2339 dimicavit
1432 2300 1534 2354 pro
1565 2282 1650 2338 eis
1682 2286 1885 2337 contra

229 2373 431 2428 hostes
464 2373 632 2439 duos,
657 2373 809 2428 sicut
836 2377 924 2428 est
952 2378 1008 2428 et
1037 2372 1181 2427 illud
1216 2372 1275 2427 in
1306 2372 1454 2427 libro
1477 2372 1655 2428 Josue
1685 2373 1885 2442 (Josue,

226 2479 285 2527 x,
324 2462 448 2532 il):
485 2485 510 2513 ‹‹
542 2460 732 2517 Stellae
765 2465 1069 2517 manentes
1100 2460 1158 2515 in
1194 2461 1397 2517 ordine
1446 2477 1573 2528 suo,
1602 2464 1659 2516 et
1705 2477 1880 2516 cursu

227 2551 510 2606 adversus
540 2550 796 2606 Sisaram
828 2554 1255 2622 pugnaverunt.
1293 2572 1319 2598 ››
1351 2548 1539 2605 Stellae
1568 2548 1759 2621 angeli
1789 2548 1880 2603 in-

220 2638 595 2711 telliguntur,
630 2639 730 2710 qui
764 2640 833 2694 de
890 2640 1031 2695 cazlo
1062 2644 1263 2695 contra
1315 2638 1598 2708 Sisaram,
1646 2654 1880 2709 pugna-

222 2732 461 2783 verunt.

297 2815 487 2883 (Vers.
551 2816 667 2884 21.)
734 2838 762 2863 ‹‹
823 2816 1073 2871 Torrens
1130 2815 1303 2872 Cison
1356 2816 1533 2871 traxit
1599 2816 1881 2871 cadavera

224 2921 455 2960 eorum.
492 2926 519 2953 ››
552 2907 651 2959 Est
678 2903 835 2959 enim
886 2903 979 2959 hic
1031 2905 1327 2969 defectus;
1382 2908 1440 2959 et
1485 2904 1654 2976 quasi
1696 2905 1880 2958 inter-

225 2994 509 3064 rogando,
544 2993 692 3048 ubi?
722 2997 779 3047 et
808 2993 1249 3064 respondeatur,
1311 2994 1371 3047 In
1420 2997 1735 3048 torrentem
1777 2996 1878 3047 Ca-

224 3080 461 3146 dumin,
502 3079 561 3135 id
627 3084 736 3148 est,
769 3080 828 3135 in
895 3081 1042 3135 mari
1077 3080 1311 3136 Rubro:
1374 3081 1529 3136 unde
1567 3080 1869 3152 sequitur:

2010 596 2138 649 Haec
2174 595 2433 650 Debbora
2499 595 2557 650 in
2600 612 2851 668 persona
2917 600 3095 655 totius
3168 601 3339 655 Israel
3371 601 3528 667 dicit,
3589 605 3654 656 ut

2011 700 2214 739 omnes
2252 700 2364 738 uno
2400 683 2594 740 animo
2645 687 3044 751 robustorum,
3077 688 3135 742 id
3187 694 3275 744 est
3302 689 3653 744 fortissimo-

2009 790 2136 827 rum
2172 774 2541 832 inimicorum
2574 791 2818 832 suorum
2851 775 3000 831 colla
3029 776 3437 833 conculcarent
3463 795 3477 832 :
3502 778 3656 833 sicut

2008 868 2096 918 est
2125 870 2180 921 et
2210 864 2355 921 illud
2392 868 2450 925 in
2480 867 2629 922 libro
2659 866 2838 921 Josue
2868 866 2938 921 de
2961 865 3220 937 quinque
3242 866 3478 938 regibus
3507 866 3652 923 Cha-

2006 969 2343 1010 nanmorum
2380 957 2508 1028 (los.
2539 975 2593 1021 x,
2614 955 2728 1013 24).

2075 1043 2256 1113 (Vers.
2287 1046 2404 1115 22.)
2435 1070 2462 1096 ‹‹
2498 1047 2662 1101 Tunc
2692 1043 2925 1116 ungulae
2992 1060 3276 1115 equorum
3318 1044 3654 1100 ceciderunt

2002 1131 2363 1203 fugientibus
2394 1135 2641 1206 impetu,
2677 1137 2729 1189 et
2761 1149 3016 1205 praeceps
3057 1133 3366 1188 ruentibus
3399 1133 3652 1190 fortissi-

2003 1220 2115 1276 mis
2144 1222 2422 1279 hostium.
2458 1223 2701 1296 Ungula:
2734 1226 2747 1258 ¹
2780 1222 2808 1276 b
2841 1239 3062 1288 eorum,
3093 1244 3120 1271 ››
3153 1221 3210 1275 in
3240 1220 3477 1278 Hebraeo
3506 1221 3649 1296 legi-

2000 1314 2133 1377 tur;
2167 1309 2466 1382 lapidibus
2503 1312 2660 1367 enim
2725 1309 3028 1383 grandinis
3059 1310 3131 1364 de
3197 1308 3377 1378 caalis,
3412 1310 3468 1365 id
3536 1316 3646 1380 est,

2001 1397 2071 1452 ab
2142 1398 2364 1470 angelis
2431 1416 2633 1455 eorum
2700 1415 2982 1471 equorum
3047 1397 3299 1469 ungulae,
3368 1398 3650 1456 cecidisse

2000 1486 2346 1542 traduntur:
2410 1493 2473 1543 ut
2530 1489 2606 1544 sit
2663 1504 2915 1544 sensus:
2957 1487 3011 1540 Si
3074 1486 3305 1557 ungula:
3360 1504 3646 1558 equorum

1997 1576 2155 1629 tactu
2222 1575 2483 1647 lapidum
2549 1576 2900 1645 ceciderunt,
2952 1575 3093 1646 quid
3137 1579 3309 1647 putas
3346 1575 3645 1646 equitibus

2000 1662 2285 1719 accidisse
2309 1665 2337 1718 ?

2071 1752 2256 1822 (Vers.
2289 1753 2405 1825 23.)
2436 1775 2464 1803 «
2536 1752 2844 1808 Maledicta
2881 1757 3035 1807 terra
3097 1755 3302 1821 Meroz,
3336 1751 3481 1807 dixit
3538 1767 3651 1808 an-

2000 1839 2166 1912 gelus
2197 1841 2503 1898 Domini.»
2530 1843 2592 1897 In
2627 1843 2860 1897 Hebraeo
2890 1840 3106 1913 legitur
3127 1862 3153 1890 ‹‹
3179 1838 3505 1896 Maledicite
3536 1841 3649 1897 Me-
3713 1884 3727 1903 κ

2000 1945 2116 1995 roz,
2150 1930 2294 1984 dixit
2360 1930 2602 2002 angelus
2634 1928 2884 1985 Domini.
2920 1952 2949 1977 ››
3015 1927 3270 2000 Angelus
3302 1928 3533 1984 Domini
3573 1929 3647 1985 ab

1995 2016 2251 2072 Hebraeis
2278 2017 2521 2072 Michael
2552 2016 2922 2089 intelligitur,
2958 2016 3056 2088 qui
3081 2017 3252 2086 jubet
3287 2033 3391 2088 per
3420 2016 3645 2071 Debbo-

1998 2122 2121 2160 ram
2192 2106 2405 2177 populo
2438 2104 2634 2173 Israel,
2704 2111 2772 2160 ut
2801 2105 3156 2160 maledicant
3219 2105 3427 2172 Meroz,
3459 2104 3517 2159 id
3557 2108 3648 2160 est

1997 2194 2267 2266 potestati
2309 2193 2606 2266 angelicae,
2639 2210 2765 2265 quae
2820 2197 3061 2265 praeerat
3103 2192 3482 2248 Chananasis:
3525 2191 3643 2247 Me-

1996 2299 2092 2337 roz
2117 2282 2275 2338 enim
2318 2282 2734 2354 interpretatur
2762 2297 3050 2337 arcanum.
3120 2281 3340 2336 Idcirco
3373 2279 3642 2336 maledici

1986 2372 2250 2442 jubetur,
2282 2370 2339 2425 id
2382 2376 2469 2427 est
2537 2369 3040 2435 anathematizari,
3110 2386 3176 2424 eo
3211 2369 3364 2442 quod
3416 2368 3643 2441 angelis

1995 2461 2214 2516 caeteris
2284 2459 2702 2515 dimicantibus
2747 2476 2848 2531 pro
2894 2458 3117 2525 Israel,
3150 2458 3276 2529 ipse
3306 2475 3420 2513 non
3448 2455 3641 2513 solum

1996 2565 2108 2604 non
2141 2548 2505 2621 pugnaverit,
2536 2564 2738 2603 verum
2771 2546 2944 2603 etiam
2977 2546 3037 2602 in
3068 2547 3419 2602 adversitate
3439 2562 3640 2602 eorum

1993 2634 2333 2708 perstiterit.
2371 2659 2398 2687 ‹‹
2423 2636 2742 2693 Maledicite
2772 2635 3202 2691 habitatoribus
3232 2636 3383 2705 ejus,
3410 2658 3430 2684 ι
3466 2635 3523 2690 id
3554 2639 3644 2691 est

1991 2727 2182 2782 Meroz
2210 2731 2267 2782 et
2296 2726 2509 2798 populo
2539 2727 2685 2797 ejus.
2723 2726 2788 2780 Et
2818 2726 3083 2781 redditur
3108 2741 3288 2780 causa
3323 2741 3428 2780 cur
3461 2724 3640 2779 male-

1992 2815 2284 2883 dicantur,
2318 2838 2344 2865 «
2379 2816 2519 2887 quia
2547 2814 2771 2870 scilicet
2801 2831 2916 2869 non
2946 2817 3232 2869 venerunt
3262 2814 3319 2868 in
3352 2812 3639 2869 auxilium

1992 2903 2245 2974 Domini,
2278 2907 2335 2959 et
2365 2905 2422 2958 in
2456 2903 2816 2973 adjutorium
2848 2902 3304 2958 fortissimorum
3339 2902 3485 2972 eius.
3525 2925 3546 2951 ιο

2063 2994 2245 3064 (Vers.
2313 2994 2431 3063 24.)
2463 3014 2491 3041 «
2562 2991 2871 3047 Benedicta
2899 2990 3050 3046 inter
3118 2989 3416 3055 mulieres,
3445 2988 3638 3059 Jahel,

1990 3098 2135 3137 uxor
2167 3081 2354 3137 Haber
2383 3080 2575 3136 Cinaei.
2607 3102 2635 3129 »
2668 3081 2820 3135 Inter
2848 3077 3387 3147 mulieres,scilicet
3412 3081 3638 3146 Suram,

226 3192 255 3219 ς(
287 3170 544 3224 Torrens
592 3169 898 3235 Cadumin,
949 3173 1176 3224 torrens
1226 3169 1418 3225 Cison.
1454 3191 1481 3217 ››
1533 3171 1871 3225 Torrentem
1905 3144 1947 3211 Ο
1988 3170 2330 3238 Rebeccam,
2364 3167 2600 3237 Rachel,
2631 3168 2817 3231 Liam,
2849 3171 2906 3223 et
2935 3171 3171 3222 caeteras
3201 3167 3382 3222 ferme
3421 3165 3631 3221 mulie-

218 3257 532 3324 Cadumin,
603 3274 760 3313 mare
828 3257 1095 3313 Rubrum
1127 3262 1314 3314 vocat.
1385 3258 1670 3314 Cadumin
1716 3257 1872 3312 enim

220 3349 644 3418 interpretatur
663 3348 1016 3418 antiquorum
1049 3350 1089 3416 ¹,
1121 3364 1187 3402 eo
1238 3347 1393 3418 quod
1428 3345 1670 3417 antiqua
1703 3345 1877 3400 mira-

226 3437 362 3491 cula
392 3434 450 3489 in
483 3451 548 3491 eo
572 3434 722 3491 facta
756 3436 1011 3505 fuerunt,
1046 3435 1490 3491 transeuntibus
1513 3434 1649 3489 ﬁliis
1680 3433 1876 3500 Israel,

220 3529 282 3579 et
311 3523 593 3596 [Egyptiis
652 3524 1051 3596 pereuntibus.
1110 3525 1179 3579 Et
1208 3525 1346 3595 quia
1403 3540 1562 3579 mare
1616 3522 1880 3578 Rubrum

224 3612 528 3684 Egyptios
593 3617 893 3667 emortuos
960 3613 1193 3678 emovit,
1228 3613 1312 3667 ita
1377 3617 1440 3667 ut
1470 3629 1567 3667 eos
1618 3616 1882 3667 mortuos

226 3699 507 3757 Israelita;
572 3717 751 3773 super
779 3700 947 3757 littus
1015 3701 1193 3756 maris
1225 3702 1507 3769 viderent,
1576 3700 1880 3756 eteadem

226 3789 513 3846 cadavera
541 3789 801 3861 piscibus
867 3795 924 3845 et
951 3790 1154 3846 bestiis
1187 3791 1367 3845 maris
1436 3790 1729 3845 abstracta
1759 3790 1881 3844 tue-

230 3879 389 3933 rint:
427 3878 642 3933 idcirco
669 3877 845 3933 traxit
871 3882 1100 3934 torrens
1133 3880 1304 3935 Cison
1345 3879 1626 3934 cadavera
1655 3893 1884 3943 eorum,

234 3973 303 4023 ut
333 3983 436 4040 pro
466 3967 848 4023 cadaveribus
880 3968 1279 4040 [Egyptiorum
1308 3967 1419 4023 sibi
1450 3966 1684 4036 ablatis,
1716 3967 1886 4021 cada-

310 4146 353 4210 α.
376 4127 479 4210 Hic
511 4143 745 4210 quoque
774 4127 1050 4210 Hebraeus
1080 4127 1322 4210 fallitur,
1357 4128 1496 4200 quia
1526 4128 1583 4210 i_n
1611 4128 1889 4210 Hebraicp

233 4198 541 4271 scriptum
564 4198 779 4270 legitur
809 4208 921 4259 ειἸο
977 4209 1119 4285 ⁷2ρῖ
1148 4200 1264 4255 icbe
1292 4198 1404 4270 sus,
1470 4202 1718 4255 calcanei
1740 4203 1889 4272 equi,

307 4345 329 4412 ,ι
364 4341 532 4412 Apud
564 4340 784 4409 Raban,
817 4341 1235 4413 interpretatur
1263 4344 1624 4398 ressurrectiu
1655 4345 1891 4399 inutilis.

316 4414 339 4446 ²
371 4413 433 4466 In
469 4430 597 4486 meo
628 4418 825 4486 autem
852 4429 989 4481 ms.,
1014 4413 1167 4484 quod
1189 4414 1492 4486 verissime
1514 4415 1799 4486 scriptum
1823 4416 1894 4470 ab

241 4489 497 4572 auctore.
518 4484 642 4572 ips?
673 4484 940 4572 arbitrer,
974 4485 1262 4572 contrario
1294 4502 1467 4572 sensu
1498 4486 1573 4572 ad
1594 4484 1750 4541 hunc
1773 4503 1894 4572 τηρ·
1928 4508 1973 4572 D

1988 3275 2100 3317 res.
2138 3281 2165 3309 «
2200 3258 2578 3314 Benedicalur
2603 3257 2663 3313 in
2688 3254 2928 3330 templo,
2965 3277 2991 3304 ››
3018 3254 3373 3310 subauditur
3396 3254 3633 3311 Domini

1988 3352 2053 3403 ut
2082 3347 2162 3402 ibi
2194 3347 2271 3403 sit
2300 3345 2640 3402 memoriale
2659 3347 2808 3416 ejus,
2841 3343 2994 3427 siput
3022 3348 3078 3399 et
3104 3343 3328 3399 Judith.
3358 3344 3427 3399 Et
3442 3344 3635 3399 reddi-

1987 3440 2085 3490 tur
2114 3452 2291 3490 causa
2315 3452 2420 3490 cur
2450 3434 2849 3499 benedicatur,
2911 3432 3050 3503 quia
3088 3431 3310 3487 scilicet
3347 3432 3640 3503 sapienter

1989 3529 2046 3580 et
2072 3524 2388 3595 prudenter
2416 3521 2640 3587 fecerit,
2689 3537 2756 3576 eo
2806 3520 2962 3591 quod
3015 3520 3230 3590 petenti
3280 3535 3515 3589 aquam,
3547 3518 3639 3573 lac

1992 3612 2218 3667 dederit
2248 3611 2432 3677 (Vers.
2462 3611 2575 3681 25).
2612 3610 2830 3663 Idcirco
2862 3606 2950 3662 lac
2988 3606 3184 3674 dedit,
3238 3610 3304 3660 ut
3332 3606 3519 3661 hostis
3547 3606 3638 3660 fu-

1991 3700 2158 3773 giens
2189 3699 2301 3755 sibi
2334 3699 2507 3754 tidem
2527 3696 2810 3770 potiorem
2833 3695 3397 3752 accommodaret.Et
3418 3693 3466 3749 si
3492 3710 3641 3766 quas-

1994 3790 2143 3843 ritur
2187 3804 2291 3843 cur
2324 3804 2436 3842 non
2504 3786 2704 3841 vinum
2730 3783 2977 3853 dederit,
3049 3782 3521 3854 respondendum
3552 3785 3643 3838 est

1996 3878 2137 3951 quia
2164 3878 2376 3933 domus
2402 3874 2633 3931 Rechab
2663 3873 2867 3928 vinum
2901 3888 3016 3928 non
3045 3872 3275 3941 bibunt,
3300 3870 3644 3928 sicutbabes

1996 3967 2055 4021 in
2083 3965 2334 4023 Jeremia
2363 3964 2645 4037 propheta
2672 3963 2894 4035 (Jerem.
2929 3978 3099 4028 xxxv,
3132 3961 3246 4033 44.)

2002 4126 2120 4183 sive
2186 4125 2396 4251 τῖησμια
2424 4138 2725 4195 equorum:
2795 4120 2910 4177 nisi
2938 4119 3063 4192 ipse
3103 4118 3216 4175 alio
3283 4118 3459 4175 fuerit
3504 4134 3650 4175 usus

2002 4214 2204 4251 exemn
2231 4214 2333 4251 ari.

2000 4214 2333 4270 exemplari.

2005 4341 2243 4398 Hebraeo
2306 4338 2524 4408 legitur,
2597 4337 2741 4391 Tum;
2768 4334 2997 4405 ungula
3050 4349 3312 4408 equorum
3347 4330 3657 4408 ceciderunt

2005 4411 2342 4484 fugientibus
2356 4403 2598 4484 impetu,
2638 4416 2689 4462 et
2706 4403 2959 4484 praeceps
2974 4475 2986 4484 _
3001 4478 3009 4484 _
3024 4403 3307 4484 ruentibus
3339 4403 3658 4475 fortissimi:

2008 4475 2282 4547 hostium;
2318 4475 2595 4551 lapidibus
2623 4475 2771 4534 enim
2807 4475 3118 4545 grandinis,
3152 4480 3259 4530 etc.

238 4556 386 4611 dum
420 4554 579 4610 totus
609 4555 772 4610 locus
804 4555 913 4609 iste
964 4554 1272 4612 recitatur:
1333 4558 1556 4627 Ungula
1594 4573 1800 4614 eorum.
1836 4561 1898 4614 In

244 4708 555 4716 W

1686 4695 3658 4724 ΨΜ

630 4868 1336 4962 ADMONITIO
1400 4871 1529 4964 IN
1604 4871 2263 4967 OPUSCULA
2337 4860 3312 4970 SUBSEQUENTIA.

334 5169 557 5225 Damus
588 5170 736 5225 hanc
770 5170 1001 5226 laudem
1035 5170 1390 5236 Martianreo,
1423 5172 1522 5244 qui
1556 5174 2044 5246 subsequentium
2076 5171 2489 5230 Hebraicarum
2524 5164 2927 5231 Quaestionum
2960 5162 3019 5217 in
3051 5160 3273 5234 Regum
3305 5165 3363 5217 et
3383 5159 3679 5235 Paralipo-

264 5275 480 5316 menon
514 5259 696 5316 libros
726 5275 1071 5332 germanum
1109 5264 1425 5327 auctorem,
1458 5262 1529 5317 de
1560 5280 1674 5335 quo
1706 5267 2007 5336 tantopere
2041 5267 2212 5317 antea
2240 5260 2313 5315 ab
2335 5257 2583 5314 eruditis
2610 5256 2668 5310 in
2703 5258 3014 5322 utramque
3044 5255 3270 5322 partem
3315 5249 3684 5322 disputatum

264 5355 381 5415 est,
438 5366 506 5403 ex
537 5350 757 5404 Rabani
791 5349 973 5403 Mauri
1040 5350 1373 5405 testimonio
1409 5350 1702 5407 indicavit.
1738 5352 1932 5425 Usque
1957 5352 2015 5405 in
2054 5365 2306 5423 praesens
2371 5352 2627 5417 tempus,
2660 5341 2854 5415 inquit
2884 5340 2979 5395 ille
3010 5340 3067 5394 in
3136 5338 3369 5410 praefixa
3396 5338 3486 5393 his
3516 5338 3693 5393 libris

265 5436 687 5493 Admonitione
718 5454 892 5508 quam
962 5439 1373 5501 describimus,
1408 5457 1611 5511 parum
1648 5441 1908 5513 liquebat
1939 5457 2054 5512 quo
2120 5442 2353 5493 auctore
2384 5436 2549 5490 editae
2585 5431 2833 5489 fuissent
2900 5427 3241 5500 bujusmodi
3273 5426 3635 5492 Quaestiones
3676 5442 3689 5480 :

272 5531 335 5583 et
364 5525 513 5581 falso
545 5523 845 5597 probabile
878 5527 1193 5599 putabatur
1222 5527 1490 5597 quaedam
1524 5528 1581 5582 in
1617 5529 1731 5584 illis
1760 5531 2029 5600 decerpta
2059 5527 2240 5585 fuisse
2269 5542 2335 5579 ex
2361 5520 2692 5593 Hieronymi
2720 5514 3189 5579 Commentariis.
3222 5515 3391 5570 Nunc
3412 5528 3544 5567 vero
3574 5525 3697 5565 ma-

271 5613 661 5673 nifestissime
691 5620 931 5690 apparet
960 5619 1329 5696 syntagmeta
1356 5615 1556 5678 isthaec
1587 5622 1883 5676 auctorem
1914 5615 2192 5677 habuisse
2216 5611 2511 5689 quemdam
2550 5608 2846 5673 Hebraeum
2876 5606 3185 5665 inscientia
3232 5603 3365 5676 legis
3396 5601 3702 5675 Ῑῑοτσηεϐτη,
