4070 6166
501 327 652 404 issi
1983 344 2108 405 AP]

2202 345 2409 406 NDI'X‘.
3691 349 3809 411 ιω

501 479 602 552 qui
631 477 926 547 aliquanto
955 479 1090 532 ante
1120 475 1423 532 Rabanum
1457 477 1726 532 Maurum
1755 477 1931 531 vitam
1966 477 2202 532 duxisse
2234 478 2590 548 perhibetur.
2619 478 2763 534 Nam
2811 477 2966 534 idem
2995 481 3232 534 Maurus
3281 479 3561 552 conceptis
3585 481 3740 538 verbis
3762 484 3813 537 ﬁ-

503 569 636 623 dem
671 565 825 632 facit,
857 566 1164 620 Hebraaum
1232 564 1399 620 illum
1430 581 1787 638 anonymum
1820 565 2075 621 edidisse
2139 566 2603 621 Commentarios
2635 567 2691 621 in
2725 567 2948 639 Regum
2980 571 3036 623 et
3066 567 3533 640 Paralipomenon
3561 569 3815 641 volumina,

501 671 751 728 quorum
783 654 909 726 ipse
938 653 1500 709 Commentariorum
1531 653 1785 725 capitula
1817 653 2101 710 nonnulla
2165 658 2221 709 et
2250 654 2680 710 observationes
2745 669 2995 711 mserere
3018 655 3203 711 voluit
3266 674 3395 710 cum
3429 657 3819 728 expositionibus

499 741 883 798 celebriorum
905 741 1170 798 Ecclesia
1208 741 1420 798 Christi
1451 742 1828 814 scriptorum,
1863 747 1926 798 ut
1952 742 2100 798 nihil
2131 748 2463 814 superesset
2492 743 2563 798 ad
2596 743 2859 798 studium
2893 760 2956 798 ac
2989 744 3372 816 diligentiam,
3417 761 3525 815 qua
3555 743 3708 799 libros
3725 747 3818 814 jam

495 832 686 887 dictos
713 830 1094 887 illustrandos
1123 836 1479 903 susceperat.
1521 834 1811 899 Praeterea,
1845 833 2038 903 inquit
2081 831 2415 903 praefatione
2447 831 3006 887 Commentariorum
3038 833 3095 886 in
3130 832 3310 887 libros
3342 833 3611 904 Regnum,
3642 832 3820 888 “suam

495 920 783 992 cujusdam
845 920 1120 976 modernis
1184 921 1517 992 temporibus
1583 924 1645 975 in
1709 923 1845 993 togis
1871 922 2109 977 scientia
2169 923 2415 991 ﬂorentis
2434 921 2676 992 capitula
2705 922 3052 976 traditionem
3118 921 3467 976 Hebrmorum
3493 922 3715 975 habentia
3739 939 3824 975 non

495 1009 685 1080 paucis
713 1009 844 1062 locis
905 1009 1072 1062 simul
1101 1025 1225 1062 cum
1289 1010 1422 1063 Nota
1451 1010 1692 1064 nominis
1755 1010 1872 1080 ejus
1902 1010 2150 1064 inserui:
2218 1025 2324 1063 non
2357 1011 2515 1080 quasi
2581 1009 2834 1077 ingerens
2863 1009 3040 1063 alicui
3099 1011 3480 1063 auctoritatem
3532 1009 3706 1078 ipsius,
3757 1007 3824 1062 sed

496 1097 824 1168 simpliciter
849 1098 1058 1169 potius,
1091 1099 1234 1168 quod
1259 1101 1524 1169 scriptum
1555 1101 1758 1170 reperi,
1788 1100 1904 1170 ejus
1929 1099 2305 1170 probationem
2339 1099 2551 1152 lectoris
2579 1097 2792 1169 judicio
2820 1096 3157 1168 derelinquo.
3195 1097 3404 1150 Eadem
3464 1095 3689 1150 inculcat
3719 1112 3824 1166 pre-

498 1185 712 1241 fatione
741 1185 1112 1240 Commentar
1162 1185 1220 1239 in
1254 1186 1730 1258 Paralipomena:
1765 1187 2028 1257 Quatuor,
2060 1185 2273 1257 inquit,
2307 1186 2833 1241 Commentariorum
2881 1185 3045 1240 libros
3109 1186 3278 1252 edidi,
3311 1200 3440 1256 quos
3503 1192 3549 1238 et
3575 1185 3824 1240 sacratissi-

496 1289 581 1330 mo
611 1275 849 1343 genitori
876 1277 1046 1328 vestro
1072 1273 1341 1330 Ludovico
1373 1277 1691 1346 imperatori
1711 1276 2144 1346 praesentialiter
2171 1277 2229 1328 in
2261 1279 2449 1330 nostro
2495 1276 2823 1330 monasterio
2870 1274 3078 1329 tradidi
3095 1291 3114 1333 ,°
3137 1276 3198 1329 in.
3238 1275 3452 1344 quibus,
3499 1275 3628 1327 sicut
3648 1278 3690 1327 et
3713 1288 3827 1344 pra?-

492 1364 638 1417 senti
668 1378 827 1433 opere
852 1364 977 1433 feci,
1007 1363 1225 1434 .losephi
1245 1363 1555 1419 Iudaeorum
1583 1364 1834 1420 historici
1861 1365 2261 1430 narrationem,
2328 1379 2535 1418 necnon
2562 1371 2616 1418 et
2646 1363 2877 1418 lissam
2907 1363 3193 1434 cujusdam
3255 1363 3526 1417 modernis
3553 1363 3826 1432 temporibus

492 1453 555 1505 in
578 1452 808 1506 scientia
839 1451 976 1521 legis
1005 1453 1249 1520 ﬂorentis
1277 1454 1564 1523 opiniones
1591 1454 1868 1523 plerisque
1892 1455 1951 1507 in
1978 1453 2110 1509 locis
2147 1454 2447 1524 interposui
2468 1469 2488 1512 ;
2518 1451 2610 1506 sed
2640 1468 2746 1507 non
2799 1453 2896 1520 ita,
2930 1457 2991 1506 ut
3057 1453 3214 1523 quasi
3243 1451 3494 1505 lectorem
3558 1451 3756 1504 invitum
3779 1448 3828 1503 ad

492 1541 738 1611 ipsorum
767 1539 1080 1594 traditionis
1104 1555 1385 1595 assensum
1434 1542 1834 1612 pertraherem,
1860 1541 1952 1597 sed
2016 1543 2196 1610 magis
2227 1541 2432 1607 judicio
2491 1557 2554 1595 ac
2578 1541 2895 1612 probationi
2962 1542 3135 1611 ipsius
3165 1541 3271 1594 illa
3334 1539 3711 1608 derelinquens.
3727 1537 3825 1592 Jam

487 1629 538 1682 si
569 1627 825 1700 capitula
861 1625 965 1683 illa
995 1628 1216 1685 Hebraei
1249 1630 1574 1702 scriptoris,
1607 1630 2288 1686 insertaCommentariis
2322 1630 2544 1686 Rabani
2574 1629 2778 1696 Mauri,
2813 1629 3131 1684 contendas
3162 1645 3298 1684 cum
3333 1627 3580 1684 Hebraeis
3601 1625 3828 1690 Quaestio-

489 1715 666 1772 nibus
698 1716 757 1771 in
788 1716 969 1773 libros
1010 1717 1232 1790 Regum
1299 1722 1356 1772 et
1383 1719 1893 1791 Paralipomenon,
1925 1721 2144 1790 ubique
2172 1719 2375 1774 eadem
2441 1719 2618 1773 verba
2649 1735 2754 1772 nec
2786 1717 2956 1789 plura
2984 1734 3087 1772 nec
3123 1716 3416 1788 pauciora,
3459 1714 3824 1787 deprehendes:

493 1805 648 1861 unde
680 1805 1185 1863 evidentissimum
1216 1807 1476 1880 exsurgit
1503 1813 1940 1881 argumentum,
1972 1808 2279 1864 Hebraeum
2313 1807 2480 1862 illum
2504 1807 2689 1862 Mauri
2725 1808 2781 1862 in
2815 1807 3061 1862 scientia
3115 1804 3262 1878 legis
3314 1805 3630 1868 ﬂorentem,
3657 1800 3830 1874 ipsissi-

499 1911 663 1950 mum
703 1911 833 1950 esse
871 1901 1170 1966 parentem
1201 1896 1599 1959 Quastionum
1633 1897 1883 1952 istarum
1916 1896 2330 1952 Hebraicarum
2372 1896 2879 1967 consequentium.
2940 1896 3106 1950 Certe
3147 1895 3253 1950 abs
3291 1894 3630 1964 Hieronymo
3653 1897 3828 1946 tantum

491 1981 587 2037 hic
619 1981 813 2038 differt
843 1984 1135 2052 Hebraeus,
1178 1989 1465 2055 quantum
1497 1985 1692 2040 differt
1719 2001 1753 2040 a
1783 1985 2103 2057 margarita
2129 1984 2554 2056 pretiosissima
2575 1983 2790 2037 vitrum
2815 1986 2912 2038 aut
2937 1980 3318 2037 orichalcum.
3344 1985 3410 2034 Et
3429 1981 3601 2034 miror
3618 1978 3830 2034 homines

493 2070 754 2126 eruditos
778 2071 1075 2144 probabile
1107 2073 1475 2128 existimasse
1505 2073 1693 2129 multa
1722 2089 1790 2129 ex
1819 2072 2153 2145 Hieronymi
2199 2073 2648 2128 Commentariis
2676 2071 2932 2128 derivata
2975 2071 3156 2127 fuisse
3193 2070 3253 2124 in
3305 2069 3654 2134 Quaastiones
3677 2083 3831 2138 supra-

488 2157 628 2214 dicti
676 2157 937 2216 Hebraai:
983 2175 1117 2215 cum
1147 2160 1206 2215 in
1247 2161 1364 2217 illis
1404 2161 1603 2217 multis
1627 2164 1924 2218 sententiis
1956 2163 2226 2234 legantur
2250 2161 2715 2234 Hieronymianis
2763 2160 3081 2216 dissimiles
3137 2177 3202 2214 ac
3249 2159 3586 2224 contrariae;
3617 2163 3667 2212 et
3700 2154 3830 2211 nulla

490 2263 752 2318 prorsus,
783 2247 871 2304 vel
899 2265 1198 2321 perpauca:
1231 2249 1604 2306 inveniantur
1640 2251 2004 2306 Traditiones
2048 2249 2334 2306 llebraicze
2367 2249 2676 2320 latinitate,
2711 2248 3037 2305 eruditione
3059 2248 3373 2319 studioque
3397 2244 3707 2314 Hieronymi
3727 2242 3831 2298 satis

494 2335 704 2406 dignas.

557 2423 660 2480 His
688 2428 918 2481 tantum
950 2426 1308 2494 addidimus,
1336 2427 1518 2482 videri
1549 2427 1847 2483 interdum
1881 2429 2050 2500 plura
2081 2444 2258 2500 quam
2291 2427 2386 2483 hic
2417 2432 2577 2492 sunt,
2609 2427 2718 2482 sub
2786 2426 3030 2496 hujusce
3085 2426 3304 2480 Hebraei
3348 2425 3584 2481 nomine
3642 2422 3703 2478 ad
3729 2419 3830 2475 libri

493 2529 654 2568 oram
687 2519 1025 2586 praenotato,
1057 2521 1259 2571 contra
1287 2533 1466 2587 quam
1499 2518 1866 2572 Martianzeus
1897 2518 2097 2584 sentit,
2129 2533 2306 2590 penes
2338 2517 2643 2572 Rabanum
2685 2515 2939 2571 exhiberi
2967 2533 2979 2571 :
3015 2534 3139 2588 qua:
3180 2533 3312 2570 vero
3333 2533 3402 2569 ex
3434 2515 3751 2584 Hieronymo
3775 2507 3831 2562 ibi

497 2602 839 2674 afferuntur,
869 2621 983 2659 non
1015 2620 1084 2659 ex
1112 2603 1306 2678 aliquo
1337 2607 1712 2673 Quaestionum
1741 2607 2136 2662 llebraicarum
2167 2607 2336 2673 libro,
2374 2607 2472 2677 qui
2515 2605 2890 2665 interciderit.
2925 2606 3024 2660 sed
3064 2622 3130 2660 ex
3185 2603 3631 2660 Commentariis
3658 2601 3708 2654 in
3735 2603 3837 2651 Pro-

492 2689 721 2763 phetas,
753 2692 1003 2764 aliisque
1036 2694 1092 2748 S.
1127 2693 1380 2749 doctoris
1411 2695 1706 2767 operibus,
1739 2702 1796 2750 et
1823 2712 1956 2751 cum
1991 2695 2197 2768 primis
2229 2712 2297 2750 ex
2327 2694 2426 2750 illo
2456 2695 2525 2750 de
2555 2693 2904 2749 Nominibus
2953 2694 3260 2760 Locorum,
3308 2693 3582 2748 describi.
3611 2691 3838 2744 Caeterum

487 2779 618 2835 vide
647 2796 772 2852 quas
804 2781 875 2835 de
907 2781 1246 2852 hujusmodi
1277 2783 1742 2856 Hieronymianis
1771 2785 2202 2850 Quaestionibus
2252 2784 2310 2838 in
2353 2783 2610 2854 reliquos
2653 2783 2963 2854 Scriptura;
3015 2782 3195 2836 libros
3247 2781 3366 2835 sive
3407 2779 3730 2850 deperditis,
3763 2789 3839 2828 seu

488 2869 685 2924 verius
716 2869 962 2927 minime
992 2870 1370 2939 elucubratis,
1403 2874 1460 2928 in
1502 2873 1758 2945 generali
1792 2875 2124 2947 prmfatione
2153 2874 2553 2929 observamus.
2590 2874 2736 2928 Istos
2766 2871 3064 2944 exegimus
3095 2872 3166 2926 ad
3209 2871 3381 2925 ﬁdem
3434 2866 3720 2924 domestici
3757 2878 3836 2917 ms.

494 2956 734 3027 codicis,
765 2974 882 3030 quo
913 2960 1128 3032 saepius
1161 2961 1247 3017 usi
1281 2977 1512 3030 sumus,
1543 2967 1667 3018 tum
1701 2964 1771 3018 ad
1815 2963 2001 3034 ipsius
2033 2962 2253 3018 Rabani
2285 2961 2614 3026 lectionem,
2655 2977 2780 3032 quae
2826 2961 3074 3016 subinde
3115 2959 3372 3014 melioris
3426 2965 3514 3015 est
3545 2955 3732 3025 frugis.
3757 2949 3840 3007 Sed

494 3049 554 3100 et
576 3044 689 3102 alio
722 3047 813 3102 usi
844 3065 1052 3104 sumus
1085 3066 1195 3106 ms.
1225 3050 1420 3106 codice
1451 3051 1887 3118 Mediolanensi,
1938 3050 2299 3106 bibliothecas
2345 3049 2732 3106 Ambrosianaa
2779 3049 2887 3104 sub
2920 3048 2964 3103 D
3013 3047 3205 3103 littera
3244 3053 3300 3102 et
3329 3063 3575 3102 numero
3603 3047 3683 3110 88,
3712 3041 3842 3110 cujus

485 3132 777 3189 variantes
833 3134 1109 3190 lectiones
1157 3137 1214 3190 in
1264 3137 1373 3191 hac
1419 3137 1670 3193 editione
1717 3139 1894 3209 (quod
1937 3137 2280 3210 praecedenti
2331 3155 2432 3210 per
2490 3137 2823 3209 typothetas
2874 3153 2986 3191 non
3029 3136 3171 3191 satis
3238 3135 3428 3204 licuit)
3461 3136 3584 3190 suis
3624 3141 3841 3204 quasque

492 3220 638 3276 locis
669 3223 1078 3293 expendimus.

1239 3479 2229 3678 CUIESTIONES
2371 3549 3157 3658 HEBRAIC/E

1996 3748 2074 3808 IN
2119 3748 2395 3810 LIBROS

755 3925 1406 4084 BEGUM
1557 3927 1802 4079 ET
1939 3925 3630 4084 PARALIPOMENON.

1578 4297 1693 4386 IN
1755 4299 2203 4388 LIBRUM
2259 4299 2294 4384 Ι
2356 4297 2789 4387 BEGUM-

557 4574 718 4646 (Cap.
751 4591 791 4628 ι.
823 4573 1074 4630 —Vers.
1142 4574 1220 4644 1.)
1251 4596 1279 4624 ‹‹
1314 4572 1446 4630 Fuit
1509 4573 1596 4629 vir
1625 4589 1780 4629 unus
1821 4574 1894 4629 de
1920 4578 2130 4630 Rama-
2159 4575 2214 4641 Α
2246 4573 2404 4630 illius
2438 4591 2624 4645 usque
2655 4574 2724 4628 ad
2762 4572 2894 4628 Levi
2927 4571 3328 4645 perducitur(l
3350 4573 3533 4626 Paral.
3559 4569 3653 4638 v,l
3686 4563 3835 4634 seqqol-

488 4662 672 4718 thaim
705 4662 972 4734 Sophim,
1006 4663 1078 4718 de
1104 4667 1301 4718 monte
1329 4663 1626 4733 Ephraim,
1659 4667 1717 4716 et
1757 4679 1968 4718 nomen
1999 4663 2130 4733 ejus
2241 4666 2481 4718 Matrem
2513 4678 2747 4734 quoque
2775 4663 2903 4732 eius
2944 4661 3014 4714 de
3044 4661 3198 4714 tribu
3229 4660 3385 4715 Juda
3414 4658 3694 4714 exstitisse
3713 4664 3835 4706 mon-

485 4751 720 4815 Elcana,
755 4750 912 4806 filius
941 4753 1019 4822 (a)
1057 4751 1311 4816 Jeroam,
1347 4751 1447 4804 filii
1485 4750 1634 4816 Eliu,
1676 4749 1777 4804 ﬁlii
1807 4750 1992 4818 'I‘bon,
2026 4751 2128 4804 lilii
2244 4739 2484 4817 stratur,
2541 4751 2598 4805 in
2668 4768 2734 4805 eo
2765 4751 2920 4822 quod
2989 4749 3332 4820 prrataeus
3361 4754 3615 4804 vocatur.
3655 4741 3836 4814 Ephre-

483 4840 645 4912 Suph
679 4838 1046 4911 Ephratzeus.
1084 4863 1111 4889 »
1144 4838 1510 4895 Ramathaim
1551 4839 1988 4911 interpretatur,
2020 4838 2130 4893 duo
2241 4845 2384 4893 treus
2416 4840 2487 4893 ab
2557 4838 2808 4910 Ephrata
2854 4855 3029 4893 uxore
3059 4837 3252 4905 Caleb,
3315 4855 3493 4908 quam
3526 4836 3733 4890 constat
3783 4825 3832 4878 de

483 4930 739 4984 excelsa:
773 4930 840 4983 Et
907 4928 1024 4983 hanc
1055 4931 1170 4984 duo
1235 4928 1482 4993 excelsa,
1548 4929 1674 4982 dure
1721 4926 2133 4998 intelliguntur
2241 4929 2396 4981 tribu
2423 4927 2577 4982 Juda
2607 4928 2813 4994 fuisse,
2876 4926 3066 4981 dictus
3096 4930 3205 4980 est.
3241 4927 3308 4980 Et
3375 4927 3420 4979 si
3458 4940 3624 4996 quem
3666 4917 3832 4977 movel,

480 5016 670 5071 tribus
697 5034 708 5071 :
735 5016 950 5089 regalis
981 5017 1269 5083 videlicet,
1303 5023 1360 5072 et
1405 5015 1798 5072 sacerdotalis.
1833 5015 1994 5080 Quod
2028 5032 2130 5086 pa-
2242 5017 2392 5088 quod
2431 5032 2543 5070 non
2577 5017 2648 5070 ab
2680 5015 2952 5087 Ephraim
2990 5019 3001 5050 ¹
3039 5016 3089 5082 b,
3119 5015 3218 5068 sed
3243 5015 3317 5068 ab
3339 5005 3834 5085 Ephratha,Ephrs-

483 5108 572 5158 ter
600 5104 822 5159 Eleans:
853 5105 924 5160 de
955 5104 1109 5161 tribu
1140 5104 1312 5160 fuerit
1341 5105 1490 5170 Levi,
1559 5103 1706 5160 liber
1745 5103 2131 5175 Paralipome-
2242 5112 2385 5160 treus
2420 5109 2686 5160 vocetur:
2737 5105 2926 5159 videat
2975 5104 3030 5157 in
3084 5102 3597 5173 subsequentibus,
3626 5093 3833 5169 qualiter

485 5206 598 5245 non
667 5192 1007 5263 plenissime
1037 5195 1225 5261 docet,
1294 5194 1494 5264 inquo
1561 5194 1740 5249 series
1779 5192 2129 5266 genealogize
2242 5195 2416 5248 David
2470 5193 2627 5247 filius
2691 5193 2797 5247 viri
2831 5192 3118 5263 Ephratzei
3183 5197 3450 5246 vocetur:
3489 5204 3617 5244 cum
3656 5177 3830 5254 liquido

557 5332 687 5387 'lta
731 5333 910 5388 codex
961 5351 1071 5390 ms.
1124 5335 1459 5390 monasterii
1511 5334 1994 5390 Gemmeticensis
2027 5352 2127 5390 no-
2239 5343 2406 5393 celur.
2446 5337 2601 5391 Idem
2661 5335 2837 5390 habet
2867 5339 2923 5388 et
2990 5333 3262 5389 Rabanus
3293 5333 3530 5387 Maurus
3591 5329 3644 5382 in
3682 5332 3833 5394 cap-i

484 5401 752 5478 stri._Al_ii
786 5406 1075 5478 contrario
1101 5421 1279 5461 sensu
1312 5406 1512 5478 legunt
1549 5423 1682 5461 cum
1728 5407 1902 5462 editis
1941 5405 2126 5475 libris,
2241 5408 2340 5463 lib.
2377 5410 2393 5463 l
2431 5409 2672 5478 Regum.

485 5474 636 5542 Quod
660 5474 727 5526 ab
793 5474 1073 5544 Ephraim,
1105 5493 1212 5531 non
1280 5477 1348 5531 ab
1369 5474 1643 5548 thrata,
1676 5478 1996 5550 Ephratazus
2037 5474 2129 5533 vo?-

550 5599 628 5745 (αέ
661 5597 770 5654 Ms.
801 5596 1073 5679 Ambros.
1104 5599 1700 5683 ﬁlius'ejusleroboam.
2238 5620 2349 5658 non
2378 5603 2446 5659 ab
2478 5603 2719 5676 Ephrata
2749 5601 3106 5675 Eii/tralatos,
3137 5607 3244 5659 etc.
3272 5602 3355 5658 Ita
3379 5604 3434 5656 et
3457 5592 3830 5655 Ambrosiam"

551 5671 607 5745 (b
649 5669 759 5731 Ms.
783 5684 918 5729 cum
939 5669 1166 5744 pridem
1185 5671 1361 5732 editis
1384 5673 1737 5745 libris,quod
1747 5674 1815 5736 ad
1829 5673 2129 5745 Ephraim,
2240 5691 2352 5735 ms.
3775 5681 3778 5684 ’

551 5669 628 5746 (b)
649 5669 759 5731 Ms.
783 5684 918 5729 cum
939 5669 1166 5744 pridem
1185 5669 1361 5732 editis
1384 5673 1815 5753 libris,quodad
1829 5673 2129 5752 εριιναίνη,
2240 5691 2352 5735 ωε,
2521 5669 2531 5676 ·
2801 5669 2811 5675 ·
3092 5669 3098 5672 -
3775 5681 3778 5684 .
