4070 6166
290 270 442 342 1393

1264 281 1565 358 ΟΗιΕΞΤ.
1614 282 1982 350 HEBBAIG.
2028 281 2105 348 IN
2157 285 2303 349 LIB.
2351 287 2374 350 l
2420 283 2720 353 REGUM.

3538 287 3697 381 4394

282 410 483 483 pateat
511 411 784 469 eumdem
811 412 945 482 Isai,
979 432 1092 472 non
1125 415 1194 474 de
1224 416 1524 490 prraim,
1552 419 1651 474 sed
1684 420 1755 474 de
1774 418 1931 475 tribu
1962 419 2018 485 Α
2051 420 2263 491 Cornu,
2289 420 2475 477 ﬁlium
2506 426 2705 478 vocat:
2738 420 2879 495 quia
2901 421 3133 495 quando
3193 422 3321 481 sine
3376 422 3499 483 {llio
3545 428 3693 497 erat,

280 498 313 553 J
323 498 439 555 uda
459 501 769 569 exstitisse,
806 508 863 558 et
895 505 1099 576 probet
1120 507 1393 561 eumdem
1447 507 1658 562 Eloana
1704 507 1931 579 Ephra-

280 592 460 644 team
482 590 553 645 ab
586 591 859 663 Ephrata,
895 610 1007 648 non
1042 596 1114 650 ab
1146 595 1423 667 Ephraim
1477 596 1613 651 dici.
1667 597 1930 668 Sophim,

281 679 645 748 speculatores
677 680 1154 752 interpretantur.
1201 685 1604 756 Speculatores
1659 685 1753 740 hic
1795 687 1928 741 Pro-

283 765 469 836 pheta
498 766 932 840 intelliguntur,
986 788 1234 842 quorum
1298 772 1452 828 filius
1505 774 1717 829 Elcana
1768 773 1930 829 fuit:

286 856 415 910 «De
447 861 642 912 monte
689 858 985 929 Ephraim.
1026 883 1051 908 ››
1110 862 1188 917 De
1249 867 1445 918 monte
1494 881 1625 919 vero
1658 864 1931 935 Ephraim

286 944 716 1010 fuissedicitur,
760 948 996 1019 quiaibi
1058 956 1182 1005 erat
1238 953 1366 1021 ejus
1422 952 1726 1008 habitatio.
1780 954 1936 1008 Intra

284 1038 524 1089 cunctas
555 1052 809 1107 namque
858 1037 1067 1103 tribus,
1130 1039 1551 1096 habitationem
1604 1041 1931 1097 Levitarum

283 1122 468 1178 fuisse
490 1140 603 1179 non
620 1126 866 1180 dubium
899 1133 1006 1181 est.

355 1212 543 1282 (Vers.
577 1213 629 1282 3,
666 1216 787 1281 4.)‹‹
822 1216 1261 1272 Etascendebat
1287 1218 1372 1272 vir
1421 1218 1517 1274 ille
1579 1220 1649 1273 de
1698 1220 1932 1275 civitate

286 1318 393 1357 sua
441 1302 678 1356 statutis
728 1303 954 1357 diebus.
1012 1327 1037 1352 ››
1080 1306 1293 1360 Tribus
1344 1308 1776 1375 festivitatibus,
1831 1310 1933 1364 Pa-

284 1389 434 1449 scha:
455 1389 739 1457 videlicet,
772 1407 829 1447 et
861 1393 1247 1461 Pentecostes,
1296 1400 1352 1450 et
1392 1395 1760 1451 solemnitate
1815 1399 1924 1452 Ta—

282 1478 1113 1545 bernaculorum,ascendebat
1133 1481 1192 1537 in
1215 1483 1455 1538 domum
1482 1485 1713 1540 Domini
1743 1503 1755 1540 :
1783 1510 1807 1534 u
1827 1491 1932 1541 De-

281 1568 484 1638 ditque
514 1566 838 1624 Pbenenna
861 1570 1021 1625 uxori
1056 1587 1172 1625 suis
1202 1575 1259 1626 et
1288 1572 1515 1629 cunctis
1565 1574 1700 1629 ﬁliis
1720 1576 1847 1645 ejus
1877 1580 1936 1631 et

284 1655 520 1711 ﬁliabus
552 1664 765 1728 partes.
801 1663 943 1713 nlla}
990 1664 1205 1729 partes,
1267 1664 1455 1717 vestes
1502 1662 1932 1735 intelliguntur,

285 1761 414 1818 quae
444 1745 503 1800 in
526 1745 737 1801 iisdem
773 1748 961 1803 tribus
1015 1748 1429 1805 festivitatibus
1478 1752 1651 1820 juxta
1706 1768 1930 1807 morem

280 1833 443 1889 illius
464 1834 1047 1906 gentis,uxoribus,et
1077 1836 1375 1908 liberis,ac
1414 1839 1650 1895 famulis
1708 1840 1930 1895 tribue-

282 1923 521 1979 bantur.

354 2012 541 2084 (Vers.
571 2014 652 2083 5.)
711 2035 738 2062 ‹‹
789 2020 969 2068 Annae
1015 2018 1206 2070 autem
1264 2016 1425 2071 dedit
1472 2021 1695 2087 partem
1754 2035 1931 2073 unam

280 2102 488 2157 tristis.
526 2125 552 2151 »
584 2102 647 2157 In
713 2103 950 2158 Hebrzeo
1010 2105 1089 2158 ita
1137 2104 1441 2176 legiturm
1503 2111 1679 2160 Anna:
1738 2111 1932 2161 autem

280 2191 443 2247 dedit
475 2196 703 2264 partem
738 2209 913 2246 unam
947 2193 1259 2264 duplicem,
1291 2192 1430 2264 quia
1460 2195 1689 2248 Annam
1727 2194 1931 2267 dilige-

283 2280 402 2335 bat.
1802 2336 1805 2337 ,

350 2370 537 2437 (Vers.
573 2371 686 2441 16.)
724 2392 742 2418 ‹‹
790 2371 872 2424 Ne
904 2374 1137 2441 reputes
1194 2370 1471 2426 ancillam
1533 2376 1706 2426 tuam
1759 2373 1931 2443 quasi

284 2474 463 2515 unam
493 2475 564 2514 ex
597 2458 829 2513 filiabus
864 2459 1040 2515 Belial
1076 2476 1088 2513 :
1125 2460 1263 2531 quia
1293 2475 1362 2515 ex
1394 2460 1767 2516 multitudine
1799 2478 1936 2517 moe-

285 2547 435 2603 roris
459 2553 516 2603 et
546 2548 761 2603 doloris
793 2548 905 2602 mei
933 2547 1128 2603 locuta
1157 2565 1289 2603 sum
1316 2565 1501 2620 usque
1524 2550 1594 2603 ad
1619 2567 1932 2619 praesens.»

283 2635 460 2691 Belial
494 2637 649 2692 enim
690 2637 1129 2708 interpretatur,
1162 2638 1364 2707 absque
1382 2640 1537 2709 jugo.
1600 2639 1669 2693 Et
1724 2643 1932 2694 notan-

282 2724 425 2779 dum
457 2726 612 2795 quod
645 2742 849 2781 omnes
899 2726 999 2796 qui
1049 2725 1389 2781 ebrietatem
1448 2730 1769 2793 sectantur,
1829 2727 1933 2782 filii

289 2812 472 2868 Belial
501 2817 798 2868 vocentur.

358 2902 543 2972 (Vers.
576 2904 691 2970 24.)
727 2926 753 2951 ‹ι
792 2903 856 2957 Et
886 2902 1129 2957 adduxit
1156 2918 1291 2958 eum
1334 2920 1556 2973 secum,
1617 2909 1931 2977 postquam

281 2988 673 3046 ablactaverat
730 2992 787 3043 in
848 2990 1046 3045 Vitulis
1094 2991 1303 3059 tribus,
1376 2996 1431 3046 et
1478 2993 1669 3048 tribus
1720 2993 1932 3049 modiis

286 3079 572 3147 farinae,et
592 3079 877 3150 amphora
897 3079 1012 3134 vini
1047 3096 1059 3135 :
1098 3084 1155 3134 et
1178 3081 1415 3136 adduxit
1443 3098 1577 3137 cum
1602 3082 1657 3137 in
1686 3084 1928 3138 domum

2044 524 2225 579 asque
2248 526 2427 564 cornu
2458 512 2767 567 videbatur
2797 512 2907 567 sibi
2942 529 3087 568 esse.

2117 616 2302 685 (Vers.
2334 618 2416 685 5.)
2443 640 2470 666 ‹‹
2500 618 3005 675 Recedantvetera
3060 620 3131 675 de
3166 637 3262 677 ore
3300 625 3511 679 vestro.
3564 645 3594 674 ››
3625 624 3690 681 In

2049 704 2292 758 Hebraeo
2319 705 2400 760 ita
2418 706 2668 762 habetur
2700 725 2712 763 :
2746 709 2955 764 Exeant
2997 718 3192 778 vetera,
3225 713 3339 767 etc.’
3366 711 3434 766 Et
3453 716 3541 769 est
3561 729 3692 769 sen-

2046 810 2148 848 sus
2184 794 2438 850 :Exeant
2470 795 2719 852 humilia
2748 797 2819 852 de
2850 814 2949 853 ore
2977 801 3191 869 vestro,
3238 799 3308 854 de
3354 817 3469 872 quo
3521 806 3691 859 antea

2045 882 2289 952 grandia
2319 887 2375 938 et
2407 886 2661 954 superba
2684 886 2939 941 exibant.
2974 887 3196 953 Quibus
3216 888 3407 943 verbis
3428 889 3689 946 Pheneu-

2045 987 2181 1025 nam
2214 976 2269 1026 et
2304 972 2453 1027 ﬁlios
2482 973 2609 1043 ejus
2641 974 2923 1047 increpat,
2949 993 3076 1048 quae
3144 977 3215 1032 ob
3276 977 3690 1036 fecunditatem

2045 1059 2155 1114 sibi
2188 1076 2549 1132 concessam,
2577 1068 2781 1118 contra
2809 1065 3037 1119 Annam
3068 1063 3425 1123 elevabatur.

2116 1166 2278 1236 (Vers
2311 1170 2387 1240 4.)
2422 1193 2447 1217 ‹‹
2481 1171 2664 1225 Arcus
2702 1170 2941 1226 fortium
2982 1176 3295 1244 superatus
3325 1175 3433 1243 est,
3493 1176 3550 1228 et
3603 1172 3689 1229 in-

2046 1256 2196 1309 firmi
2230 1258 2472 1312 accincti
2505 1264 2645 1313 sunt
2676 1260 2900 1314 robore.
2959 1284 2986 1309 »
3044 1263 3226 1316 Arcus
3264 1262 3688 1333 Egyptiorum,

2043 1344 2098 1399 id
2134 1350 2223 1400 est
2254 1346 2531 1402 fortitudo
2562 1352 2619 1403 et
2641 1348 2919 1420 potentia,
2949 1354 3223 1420 superata
3246 1353 3335 1405 est
3370 1369 3386 1403 :
3436 1354 3493 1405 et
3535 1350 3693 1407 infir-

2044 1433 2146 1499 mi,
2179 1434 2400 1490 scilicet
2439 1436 2731 1502 Israelitai,
2790 1437 3097 1493 confortati
3146 1442 3301 1493 sunt.
3325 1437 3507 1494 Aliter
3538 1455 3553 1495 :
3583 1442 3691 1496 Ar-

2044 1539 2169 1586 cus,
2202 1524 2257 1577 id
2300 1528 2389 1579 est
2420 1525 2694 1597 superbia
2724 1531 2779 1580 et
2838 1526 3114 1582 fortitudo
3170 1527 3519 1598 Pbenenna),
3571 1545 3690 1600 qua

2045 1610 2100 1665 in
2135 1610 2274 1665 filiis
2304 1612 2683 1684 gloriabatur,
2717 1620 2989 1686 superata
3018 1620 3106 1670 est
3134 1632 3146 1670 :
3174 1619 3231 1670 et
3251 1622 3438 1681 Anna,
3463 1631 3591 1687 quas
3615 1616 3688 1671 ob

2044 1698 2409 1755 sterilitatem
2443 1701 2677 1756 infirma
2705 1707 2847 1769 erat,
2872 1703 3132 1759 accincta
3156 1705 3243 1758 cst
3272 1702 3478 1758 robore
3535 1702 3689 1759 lilio-

1962 1790 2007 1853 B
2040 1804 2191 1843 rum.

2114 1885 2296 1956 (Vers.
2320 1887 2401 1955 5.)
2433 1910 2460 1936 «
2493 1886 2683 1942 Donec
2733 1886 2947 1942 sterilis
2994 1887 3218 1959 peperit
3266 1886 3555 1959 plurimos
3588 1902 3602 1942 :
3635 1895 3695 1943 et

2042 1990 2168 2045 quae
2200 1974 2417 2031 multos
2450 1976 2701 2031 habebat
2731 1975 2901 2041 filios,
2935 1977 3233 2032 infirmata
3272 1979 3385 2031 est.
3423 1997 3452 2025 »
3484 1975 3547 2030 In
3580 1975 3693 2031 He-

2042 2063 2195 2116 braeo
2226 2068 2282 2117 et
2312 2063 2369 2117 in
2402 2064 2785 2135 Septuaginta
2814 2063 3218 2135 translatione,
3261 2081 3374 2118 non
3428 2065 3688 2136 plurimi,

2043 2152 2143 2205 sed
2168 2160 2371 2222 septem
2402 2151 2700 2223 leguntur.
2732 2150 2920 2207 Judaei
2953 2151 3107 2206 hunc
3139 2152 3334 2206 locum
3364 2150 3446 2207 ita
3475 2151 3689 2207 intelli-

2043 2244 2209 2311 gunt,
2234 2240 2409 2310 quod,
2442 2244 2575 2294 nato
2596 2239 2882 2302 Samuele,
2906 2244 3175 2296 mortuus
3192 2238 3439 2295 sitﬁlius
3467 2240 3688 2311 primo-

2042 2329 2277 2401 genilus
2306 2328 2656 2395 Pbenennae,
2691 2333 2747 2383 et
2800 2328 2883 2383 ita
2942 2329 3087 2383 ortis
3142 2328 3279 2383 {iliis
3326 2330 3503 2383 Anna:
3544 2327 3686 2401 (a)’.

2042 2418 2367 2473 Pbenenna;
2396 2416 2499 2471 filii
2535 2417 2750 2472 mortui
2812 2420 2969 2473 sunt.
3029 2417 3138 2472 Sed
3182 2417 3561 2488 quaerendum
3600 2420 3691 2473 est

2044 2507 2336 2578 quomodo
2367 2507 2475 2562 hoc
2508 2511 2660 2562 stare
2691 2507 2898 2579 possit,
2923 2522 3058 2561 cum
3092 2505 3408 2561 Pbenenna
3437 2509 3687 2577 septem,

2041 2598 2207 2651 Anna
2238 2600 2430 2651 autem
2468 2613 2582 2651 non
2615 2595 2749 2667 plus
2779 2612 2957 2666 quam
2992 2595 3254 2667 quinque
3283 2593 3436 2650 ﬁlios
3466 2594 3691 2651 habue-

2042 2684 2135 2738 rit.
2171 2685 2353 2748 Quam
2379 2684 2763 2757 quaestionem
2788 2684 3010 2739 Hebraei
3060 2683 3374 2751 solventes,
3430 2683 3578 2739 duos
3609 2682 3686 2739 ﬁ—

2042 2772 2153 2827 lios
2191 2772 2482 2828 Samuelis
2506 2789 2641 2828 cum
2676 2772 2812 2828 {iliis
2841 2778 3021 2827 Annae
3051 2772 3461 2828 adnumerant.

2111 2880 2298 2947 (Vers.
2333 2881 2412 2951 8.)
2445 2902 2471 2929 ‹‹
2506 2880 2735 2935 Domini
2762 2879 2915 2934 enim
2948 2883 3089 2934 sunt
3118 2878 3386 2933 cardines
3411 2882 3598 2947 terrae,
3631 2881 3690 2933 et

2039 2969 2236 3040 posuit
2264 2986 2441 3041 super
2481 2985 2579 3025 eos
2634 2969 2856 3024 orbem.
2929 2969 2989 3022 In
3021 2968 3225 3023 Haebro
3267 2965 3350 3022 ita
3398 2965 3680 3022 habetur:

2040 3080 2066 3106 ‹‹
2104 3058 2332 3112 Domini
2365 3059 2521 3114 enim
2544 3063 2683 3113 sunt
2702 3056 2901 3112 afﬂicti
2930 3061 3123 3112 terrai.
3152 3078 3181 3105 »
3203 3054 3463 3112 Afﬂictos
3493 3059 3681 3127 terrae,

279 3142 515 3221 Domini
546 3166 607 3221 in
640 3142 781 3222 δίίο,
820 3190 846 3217 ,,
879 3172 941 3221 ιη
976 3167 1210 3223 Hebmo
1244 3186 1358 3224 non
1425 3171 1615 3226 tribus
1665 3172 1877 3227 modiis
1911 3173 1923 3204 ι
1960 3154 2001 3220 (ε
2040 3146 2260 3202 Hebraei
2294 3164 2579 3217 pauperes
2608 3146 2819 3218 spiritu
2848 3150 2905 3199 et
2935 3144 3187 3200 humiles
3250 3144 3425 3199 corde
3466 3142 3682 3199 intelli-

283 3255 484 3310 farinaa
519 3257 619 3312 sed
655 3256 846 3311 modio
869 3256 1298 3329 farinzelcgitur
1325 3274 1529 3329 :quem
1550 3260 1739 3315 locum
1772 3262 1926 3332 apud

288 3343 526 3400 Latinos
545 3344 900 3416 scriptorum
930 3344 1068 3399 vitio
1101 3350 1330 3401 constat
1357 3363 1484 3401 esse
1525 3348 1927 3419 depravatum.

280 3434 341 3488 Si
372 3433 530 3488 enim
554 3450 689 3488 cum
716 3432 912 3487 vitulis
943 3433 1155 3497 tribus,
1188 3439 1302 3489 tres
1337 3434 1563 3490 modios
1592 3435 1790 3490 farina:
1822 3438 1930 3491 ob-

281 3520 438 3589 tulit,
462 3526 664 3577 oontra
694 3526 1046 3592 praeceptum
1079 3521 1224 3594 legis
1256 3523 1407 3577 fecit.
1479 3523 1537 3577 In
1601 3524 1725 3595 lege
1772 3526 1929 3580 enim

278 3610 362 3665 ita
392 3610 727 3683 praecipitur
759 3628 769 3664 :
806 3611 1002 3665 Mensis
1030 3612 1254 3681 septimi
1308 3613 1498 3681 prima.
1553 3611 1667 3666 dies
1703 3629 1931 3667 venera-

282 3700 411 3754 bilis
431 3704 480 3754 et
508 3702 699 3754 sancta
727 3700 832 3753 erit
854 3698 1021 3754 vobis.
1059 3699 1227 3753 Omne
1274 3714 1408 3770 opus
1448 3701 1642 3755 servile
1687 3717 1798 3756 non
1850 3704 1934 3771 fa-

281 3790 433 3844 cietis
463 3806 485 3852 ;
513 3787 628 3843 dies
686 3788 961 3857 clangoris
1008 3792 1097 3841 est
1145 3796 1194 3842 et
1245 3788 1504 3842 tubarum
1534 3830 1547 3850 ,
1595 3789 1937 3861 o/feretisque

281 3878 663 3933 holocaustum
738 3879 793 3931 in
871 3876 1095 3930 odorem
1173 3879 1565 3931 suavissimum
1638 3881 1932 3948 Domino;

275 3968 515 4021 vitulum
545 3966 610 4021 de
638 3969 887 4019 armento
911 3981 1105 4032 unum,
1139 3966 1366 4020 arietem
1388 3982 1582 4036 unum,
1641 3984 1809 4036 agnos
1832 3985 1934 4023 an-

272 4055 487 4110 niculos
519 4055 902 4109 immaculatos
922 4061 1148 4124 septem,
1181 4055 1236 4108 ei
1286 4056 1347 4107 in
1402 4055 1690 4123 sacrificiis
1747 4072 1936 4111 eorum

267 4144 476 4200 similar
502 4144 617 4199 oleo
679 4157 1005 4212 conspersae.
1071 4143 1196 4196 Tres
1244 4142 1482 4197 decimas
1532 4159 1634 4214 per
1686 4145 1935 4215 singulos

270 4231 498 4299 vitulos,
530 4232 666 4287 duas
723 4232 961 4286 decimas
998 4247 1100 4300 per
1148 4232 1397 4295 arietem,
1440 4249 1615 4286 unam
1671 4233 1935 4293 decimam

262 4337 365 4393 per
422 4338 631 4389 agnum
682 4320 874 4391 (Leuit.
938 4335 1097 4388 XXIII,
1152 4320 1246 4385 34,
1300 4323 1351 4374 et
1400 4321 1563 4375 Num.
1613 4337 1765 4392 xxxx,
1826 4323 1935 4378 let

262 4410 437 4481 seqq).
472 4410 601 4465 Haec
633 4426 765 4464 vero
817 4408 1064 4475 decima,
1122 4407 1351 4462 decima
1391 4425 1527 4479 pars
1579 4416 1702 4464 erat
1761 4410 1928 4481 Ephi.

2040 3240 2187 3305 gunt
2221 3251 2233 3288 :
2268 3252 2445 3305 super
2474 3251 2622 3304 quos
2651 3232 2966 3288 Dominum
3009 3231 3209 3286 orbem
3268 3228 3535 3301 posuisse
3592 3227 3680 3285 di-

2039 3330 2177 3377 cunt
2208 3324 2345 3395 quia
2388 3340 2589 3379 eorum
2625 3320 2849 3377 meritis
2870 3325 3086 3376 terram
3133 3323 3289 3375 stare
3349 3320 3685 3373 autumant.

2112 3430 2298 3498 (Vers.
2340 3431 2445 3499 10.)
2482 3451 2503 3479 α
2557 3428 2870 3483 Dominum
2918 3424 3321 3481 formidabant
3366 3421 3685 3480 adversarii

2041 3518 2169 3586 ejus
2204 3522 2297 3583 ;et
2318 3534 2494 3587 super
2526 3519 2685 3588 ipsos
2708 3517 2766 3569 in
2789 3514 2951 3570 cmlis
3001 3513 3243 3569 tonabit.
3264 3534 3292 3563 »
3342 3515 3528 3583 Super
3584 3512 3686 3567 ad-

2041 3607 2328 3659 versarios
2378 3622 2514 3660 suos
2574 3604 2858 3658 Dominus
2908 3602 2965 3656 in
3025 3600 3185 3656 cmlis
3224 3599 3490 3666 tonabit;
3532 3599 3689 3655 sicut

2043 3698 2131 3747 est
2161 3692 2307 3747 illud
2340 3692 2398 3746 in
2428 3692 2577 3747 libro
2598 3691 2813 3746 Josue:
2860 3688 3100 3759 Cumque
3152 3691 3408 3759 fugerent
3454 3703 3489 3741 a
3541 3687 3688 3757 facie

2020 3782 2231 3851 Israel,
2266 3785 2317 3836 et
2345 3788 2520 3836 essent
2537 3781 2595 3834 in
2621 3779 2879 3834 descensu
2940 3776 3228 3842 Bethoron,
3284 3776 3548 3830 Dominus
3577 3774 3685 3828 mi-

2041 3872 2112 3926 sit
2149 3886 2314 3941 super
2331 3886 2418 3925 eos
2441 3868 2647 3940 lapides
2689 3882 2916 3936 magnos
2978 3865 3045 3920 de
3080 3865 3214 3919 calo
3243 3879 3415 3934 usque
3432 3863 3641 3918 Azecha
3674 3878 3688 3929 ;

2043 3962 2093 4015 et
2138 3960 2346 4014 mortui
2398 3965 2525 4013 sunt
2579 3958 2751 4011 multo
2793 3955 2981 4026 plures
3035 3953 3310 4024 lapidibus
3372 3950 3689 4020 grandinis,

2048 4065 2213 4119 quam
2276 4064 2406 4120 quos
2456 4046 2637 4117 gladio
2671 4049 3063 4116 percusserant
3115 4043 3224 4113 ﬁlii
3277 4041 3452 4097 Israel
3506 4041 3690 4111 (Iosue

2043 4154 2097 4205 x,
2134 4137 2239 4204 11).

2115 4233 2279 4305 (Vers
2305 4232 2422 4302 22.)
2462 4230 2587 4286 «Eli
2610 4234 2806 4286 autem
2860 4244 3035 4284 senex
3084 4232 3207 4283 erat
3255 4224 3443 4296 valde,
3502 4227 3560 4281 et
3584 4240 3687 4281 au-

2044 4322 2187 4377 divit
2210 4320 2408 4378 omnia
2437 4338 2561 4391 quae
2594 4320 2883 4375 faciebant
2906 4318 3007 4372 ﬁlii
3039 4314 3418 4373 suiuniverso
3451 4312 3683 4370 lsraeli:

2043 4417 2101 4466 et
2139 4411 2431 4482 quomodo
2458 4407 2829 4464 dormiebant
2858 4422 2990 4461 cum
3038 4402 3404 4469 mulieribus,
3445 4418 3575 4474 quae
3596 4402 3694 4458 ob-

263 4498 432 4554 Unde
463 4498 638 4553 datur
666 4496 914 4568 intelligi
950 4495 1106 4567 quod
1131 4494 1349 4550 Elcana
1384 4512 1497 4551 non
1523 4496 1934 4557 obtulerittrcs
1964 4517 2009 4582 Ι)
2042 4500 2350 4555 servabant
2379 4500 2447 4554 ad
2482 4501 2699 4553 ostium
2732 4493 3115 4551 tabernaculi.
3151 4514 3181 4542 ››
3238 4490 3540 4582 Dormisse
3584 4506 3687 4547 eos

265 4587 499 4642 modios
532 4587 734 4641 farinae
768 4602 900 4641 cum
926 4584 1115 4640 tribus
1146 4584 1369 4653 vitulis,
1405 4586 1506 4640 sed
1540 4602 1744 4642 novem
1784 4588 1931 4641 deci-

264 4692 435 4731 mas:
485 4676 705 4746 quibus
772 4674 1096 4730 secundum
1150 4672 1502 4729 Hebraicam
1560 4691 1927 4744 mensuram,

266 4781 422 4820 unus
453 4762 705 4819 efﬁcitur
734 4762 899 4834 Ephi.

338 4852 500 4924 (Cap.
539 4852 607 4907 II.
640 4851 899 4906 —-Vers.
936 4853 1013 4924 1.)
1046 4875 1073 4902 ‹‹
1106 4850 1434 4906 Exsultavit
1473 4868 1572 4907 cor
1613 4869 1809 4907 meum
1869 4852 1927 4906 in

263 4941 599 5009 Domino,et
630 4940 957 4996 exaltatum
980 4944 1071 4996 est
1101 4957 1286 4996 cornu
1319 4941 1593 4995 meumin
1608 4941 1873 4997 Domino.
1902 4963 1929 4990 ››

344 5102 358 5134 ¹
398 5098 642 5156 Nullum
669 5106 757 5156 est
786 5100 995 5155 vitium
1028 5100 1088 5156 in
1117 5098 1455 5155 Latinorum
1509 5100 1774 5156 versione
1829 5102 1930 5156 ubi

264 5169 526 5243 legimus
558 5172 734 5227 tribus
766 5172 961 5227 modiis
1002 5173 1213 5239 [arium
1246 5188 1257 5225 :
1293 5170 1542 5243 quia,ut
1573 5170 1710 5226 alibi
1743 5173 1928 5227 abun-

264 5242 347 5297 de
382 5242 697 5312 probatum
721 5247 816 5298 est
844 5260 911 5298 ex
948 5242 1325 5314 Hieronymo;
1370 5242 1511 5314 Ephi
1560 5243 1929 5298 Hebraeorum

265 5328 552 5369 mensura
573 5318 665 5369 est
695 5316 867 5368 trium
898 5314 1224 5370 modiorum.
1250 5313 1531 5369 Consulat
1560 5314 1739 5370 lector
1770 5315 1932 5370 scho-

260 5382 343 5441 lia
373 5388 576 5440 nostra
609 5385 668 5440 in
700 5385 961 5456 primum
994 5389 1169 5455 caput
1198 5384 1373 5456 primi
1426 5384 1559 5441 libri
1610 5385 1928 5442 Samuelis.

270 5526 416 5671 qum)
447 5526 596 5584 Cum
626 5527 1078 5585 Gemmeticensi
1131 5543 1242 5583 ms.
1280 5524 1422 5598 legit
1474 5527 1749 5585 Rabanus
1782 5545 1931 5600 quo-

361 5614 414 5655 e.

361 5614 414 5655 Θ.

2039 4588 2245 4643 dicunt
2312 4586 2533 4642 Hebraei
2581 4602 2714 4641 cum
2767 4583 3135 4649 mulieribus,
3197 4597 3262 4636 eo
3332 4579 3489 4650 quod
3560 4581 3695 4650 post

2041 4677 2325 4731 menstrui
2352 4680 2584 4747 tempus
2618 4678 2719 4730 aut
2748 4678 2970 4745 partus,
3020 4687 3135 4725 non
3186 4668 3427 4741 impleto
3461 4667 3690 4738 (secun-

2039 4766 2179 4820 dum
2210 4765 2355 4836 legis
2389 4762 2788 4835 przrccptum),
2811 4759 3119 4825 sacrificio,
3155 4757 3485 4814 suadebant
3501 4771 3601 4812 eas
3616 4755 3691 4811 ad

2040 4853 2195 4908 viros
2226 4870 2365 4908 suos
2398 4851 2608 4917 redire,
2629 4852 2831 4921 eisque
2852 4846 3223 4905 commisceri
3254 4846 3353 4917 (b).
3388 4844 3458 4900 Et
3475 4844 3695 4901 dormi-

2042 4958 2100 4997 re
2158 4942 2286 4997 ideo
2335 4940 2634 5005 dicuntur,
2688 4939 2828 5010 quia
2886 4953 2986 4992 eas
3034 4934 3292 4990 dormire
3353 4948 3489 4987 cum
3554 4930 3695 4988 viris

2112 5102 2132 5134 ²
2154 5100 2313 5155 Idem
2346 5100 2526 5155 codex
2553 5094 3041 5154 Gemmeticensis
3090 5091 3233 5165 legit
3285 5088 3597 5165 bocrrloco,
3627 5091 3695 5165 Et

2051 5172 2286 5246 singulis
2315 5172 2490 5246 Annae
2513 5168 2881 5246 nascentibus,
2904 5163 3265 5246 mortuis—unt
3321 5163 3430 5245 ﬁlii
3483 5163 3696 5246 singuli

2040 5239 2374 5299 Phenennav.
2407 5242 2574 5313 Apud
2611 5241 2954 5313 Erasmum,
2987 5239 3239 5313 Mortuus
3289 5239 3692 5306 primogenita:

2040 5315 2373 5380 Phenennae,
2397 5308 2601 5369 mortui
2627 5314 2821 5365 suntet
2850 5309 2954 5363 alii
2981 5308 3109 5378 ﬁlii.

2107 5528 2188 5599 (b)
2220 5526 2284 5582 In
2310 5541 2440 5582 meo
2460 5541 2571 5581 ms.
2597 5524 2797 5594 verba,
2813 5523 2996 5592 eisque
3016 5518 3377 5589 commisceri,
3396 5532 3512 5573 non
3533 5517 3695 5573 sunt.
