4084 6176
468 286 625 357 {395
1954 296 2378 363 APPENDIX.
2838 336 2844 343 ~
3671 300 3799 367 1396

406 439 419 449 ‘
457 424 587 484 suis
640 427 843 482 contra
885 430 1240 501 praeceptum
1307 426 1476 503 legis,
1565 428 1855 486 faciebant
1946 430 2102 486 unde
2130 433 2181 499 Α
2213 432 2515 490 brachium
2540 438 2727 506 tuum,
2750 439 2808 492 et
2836 436 3143 493 brachium
3193 437 3402 494 domus
3446 434 3613 509 patris
3658 435 3748 492 tui.
3775 458 3798 488 η

457 515 615 574 idem
648 514 734 571 Eli
756 521 890 588 post
919 516 1159 589 paulum
1191 517 1272 573 ait
1306 535 1318 573 :
2216 524 2546 589 Brachium,
2581 542 2774 581 arcam
2808 526 3407 600 vocat.etdignitatem
3427 524 3708 581 sacerdotii
3724 526 3799 595 (ὁ).

530 604 717 674 (Vers.
747 606 864 675 25.)
895 629 921 656 α
954 606 1077 662 Non
1096 611 1186 662 est
1214 608 1369 663 enim
1406 608 1556 663 bona
1582 609 1737 662 fama
1795 625 1971 680 quam
1998 625 2104 675 ego
2218 634 2245 663 ‹‹
2276 613 2348 668 Ut
2391 632 2501 669 non
2530 614 2608 669 sit
2638 632 2812 670 senex
2854 615 2912 670 in
2944 616 3116 671 domo
3148 620 3270 671 tua.
3304 638 3332 665 »
3389 616 3607 683 Senem,
3656 630 3804 669 sacer-

460 694 657 763 audio,
691 696 1100 767 ultr-anagredi
1161 696 1385 752 faciatis
1452 696 1733 769 populum
1784 696 2036 751 Domini.
2073 719 2101 747 »
2213 703 2403 759 dotem
2443 721 2719 776 magnum
2743 704 2886 760 dicit
2919 723 2931 760 :
2966 729 2991 754 ‹‹
3027 706 3097 760 Et
3123 704 3346 761 videbis
3375 703 3639 759 amulum
3666 707 3801 757 tuum

458 784 1005 855 Transgressionem
1036 802 1171 857 ergo
1204 785 1458 857 populus
1498 786 1748 840 faciebat
1776 803 1788 840 :
1829 787 1984 857 quia,
2008 803 2101 842 sa-
2216 793 2272 847 in
2306 795 2544 864 templo,
2578 793 2636 848 in
2658 793 2943 849 universis
2976 793 3269 866 prosperis
3295 792 3486 848 Israel.
3514 815 3540 840 »
3586 790 3805 846 rErnulus

456 873 676 929 oriﬁcio
697 889 810 928 non
839 872 945 928 rite
966 879 1217 945 peracto,
1254 874 1532 929 uxoribus
1565 874 1689 929 suis
1720 875 2101 946 jungebatur.
2215 882 2428 937 domus
2484 882 2591 947 Eli,
2649 884 2834 938 Sadoc
2881 883 3153 938 sacerdos
3209 881 3396 938 exstiti
3433 899 3446 936 :
3508 880 3622 952 qui,
3660 881 3808 951 ejecto

457 969 623 1027 Sicut
651 971 805 1025 enim
829 970 881 1024 vi
922 972 1348 1043 extorquebant
1377 989 1583 1027 carnes
1609 973 1680 1027 ab
1736 972 2100 1040 immolante,
2214 972 2539 1028 Abiatbara
2560 971 2890 1039 Salomone,
2919 973 3309 1028 sacerdotium
3369 971 3636 1042 suscepit,
3688 970 3811 1025 sicut

455 1057 540 1113 ita
568 1058 743 1113 etiam
788 1060 1212 1131 extorquebant
1277 1061 1631 1115 sacrificium
1683 1062 1755 1115 ab
1805 1060 2101 1117 offerente.
2214 1062 2273 1115 in
2302 1061 2610 1117 Malachim
2658 1062 2912 1133 legitur:
2975 1061 3315 1132 Projecitque
3369 1060 3621 1115 Salomon
3670 1059 3804 1112 Abiu-

454 1146 527 1203 Et
555 1146 771 1204 idcirco
803 1147 954 1203 sicut
983 1148 1038 1202 in
1072 1149 1406 1204 auferendis
1453 1150 1750 1216 carnibus,
1814 1151 2102 1206 faciebant
2214 1150 2358 1216 thar,
2391 1168 2459 1205 ne
2490 1159 2627 1206 esset
2675 1150 2924 1206 sacerdos
2988 1152 3221 1217 Domini,
3269 1153 3328 1204 ut
3370 1149 3678 1220 impleretur
3715 1163 3813 1201 ver-

463 1232 733 1291 homines
754 1235 1057 1292 detrahere
1102 1237 1389 1292 sacrificio
1452 1238 1697 1305 Domini,
1748 1238 1831 1293 ita
1872 1254 2103 1310 quoque
2216 1238 2342 1292 bum
2390 1240 2626 1302 Domini,
2687 1239 2826 1310 quod
2864 1240 3071 1294 locutus
3126 1243 3204 1294 est
3258 1254 3420 1309 super
3472 1237 3683 1291 domum
3750 1238 3814 1290 Eli

455 1322 841 1379 nihilominus
874 1323 931 1378 in
964 1325 1391 1398 conjungendis
1442 1326 1742 1394 uxoribus,
1774 1328 2101 1398 transgredi
2216 1326 2310 1397 (III
2336 1329 2463 1398 Reg.
2499 1345 2559 1393 ιι,
2593 1329 2706 1397 27).

456 1410 752 1469 faciebant
784 1412 1062 1484 populum
1088 1412 1338 1469 Domini.
2285 1417 2468 1483 (Vers.
2493 1418 2697 1484 33-36).
2733 1438 2759 1465 ‹‹
2789 1420 3203 1471 Verumtamen
3264 1432 3379 1470 non
3437 1415 3687 1470 auferam
3738 1430 3816 1484 pe-

531 1494 716 1569 (Vers.
747 1502 860 1571 25).
896 1525 921 1551 ‹‹
960 1502 1014 1557 Si
1051 1503 1375 1574 peccaverit
1399 1503 1481 1557 vir
1503 1502 1561 1558 in
1596 1505 1809 1572 virum,
1878 1504 2098 1577 placari
2218 1505 2375 1559 nitus
2404 1506 2596 1560 virum
2626 1523 2694 1560 ex
2724 1510 2780 1560 te
2810 1507 2882 1559 ab
2914 1505 3085 1561 altari
3107 1522 3258 1570 meo,
3293 1510 3358 1559 ut
3388 1504 3658 1558 deficiant
3694 1501 3814 1557 oculi

456 1593 648 1662 potest
676 1590 728 1645 ei
759 1595 930 1645 Deus.
966 1612 994 1638 »
1027 1591 1191 1657 Quia,
1213 1591 1438 1662 placato
1470 1592 1584 1647 sibi
1640 1592 1759 1647 viro
1808 1592 1866 1647 in
1927 1610 2101 1664 quem
2214 1593 2320 1660 tui,
2355 1599 2413 1649 et
2443 1595 2702 1649 tabescat
2734 1593 2932 1649 anima
2962 1599 3082 1649 tua.
3118 1616 3144 1644 ››
3183 1593 3313 1648 ldeo
3338 1592 3623 1648 Dominus
3652 1609 3707 1647 se
3726 1608 3815 1646 non

461 1677 741 1751 peccavit,
761 1677 1104 1750 placabilem
1171 1679 1280 1735 sibi
1323 1680 1459 1735 facit
1521 1682 1723 1745 Deum,
1777 1681 1866 1736 cui
1892 1680 1951 1736 in
1979 1682 2100 1737 viro
2213 1683 2447 1754 penitus
2472 1683 2808 1739 ablaturum
2842 1700 2911 1738 ex
2940 1684 3116 1738 domo
3164 1682 3247 1737 Eli
3302 1682 3496 1738 virum
3554 1682 3623 1736 ab
3676 1681 3815 1735 altari

456 1765 733 1864 peccavit.
775 1790 794 1815 α
832 1767 890 1821 Si
926 1770 1121 1822 autem
1152 1767 1211 1821 in
1243 1768 1427 1822 Deum
1460 1768 1779 1839 peccaverit
1825 1768 1933 1839 vir,
1967 1770 2100 1841 quis
2136 1801 2180 1864 Β
2207 1774 2318 1826 suo
2349 1771 2509 1837 dicit,
2544 1776 2609 1827 ut
2640 1789 2873 1843 semper
2898 1772 2969 1827 de
2992 1772 3165 1827 domo
3223 1770 3308 1826 Eli
3354 1775 3513 1827 esset
3566 1770 3624 1825 in
3675 1771 3816 1825 domo

458 1853 652 1910 orabit
682 1870 784 1925 pro
816 1870 882 1910 eo
904 1855 931 1909 τί
960 1874 985 1905 n
1028 1855 1153 1909 Non
1185 1872 1322 1927 ergo
1346 1872 1410 1911 eo
1444 1856 1615 1911 modo
1648 1857 1706 1910 in
1730 1857 1942 1929 virum,
1983 1875 2098 1930 quo
2138 1853 2178 1864 ”
2209 1860 2444 1915 Domini
2466 1861 2552 1916 vir
2582 1861 2681 1933 qui
2722 1860 2780 1916 in
2814 1861 3099 1932 dignitate
3127 1860 3440 1916 sacerdotii
3475 1859 3652 1914 alium
3706 1858 3817 1913 sub-

453 1939 514 1996 in
546 1941 729 1997 Deum
757 1947 1049 2014 peccatur.
1081 1943 1300 2008 Quiain
1350 1944 1544 2000 virum
1602 1961 1862 2016 peccare,
1897 1963 2101 2018 pecca-
2210 1949 2483 2004 stitutum
2509 1950 2762 2006 videret:
2789 1954 2844 2005 et
2874 1967 2936 2005 se
2966 1951 3169 2006 eadem
3229 1949 3515 2020 dignitate
3572 1948 3819 2021 privatum

453 2032 582 2086 tum
606 2031 1011 2102 qualecunque
1033 2036 1141 2097 est,
1174 2031 1470 2104 leviorque
1494 2033 1782 2089 remissio.
1821 2036 1882 2089 In
1916 2035 2099 2090 Deum
2212 2038 2432 2106 videns,
2465 2039 2615 2095 oculi
2650 2040 2778 2109 ejus
2808 2039 3139 2106 deficerent,
3172 2042 3231 2094 et
3261 2038 3461 2094 anima
3508 2038 3811 2093 tabesceret.

452 2134 588 2175 vero
619 2136 875 2192 peccare,
909 2121 968 2175 id
1009 2124 1117 2188 est,
1178 2122 1249 2176 ab
1306 2122 1436 2193 ejus
1485 2121 1645 2177 cultu
1688 2124 1972 2190 recedere,
1998 2124 2102 2178 im-
2213 2128 2373 2184 Unde
2394 2133 2451 2184 et
2479 2129 2540 2184 in
2574 2129 3073 2199 subsequentibus
3116 2128 3376 2183 dicitur:
3439 2151 3467 2178 «
3530 2127 3725 2183 Veniat
3772 2132 3821 2181 ut

453 2207 691 2282 pietatis
722 2214 1023 2280 peccatum
1075 2213 1184 2277 est,
1234 2209 1642 2282 difficiliorque
1693 2212 1981 2267 remissio.
2032 2213 2102 2268 Et
2210 2218 2410 2273 adoret
2431 2235 2587 2285 eum,
2627 2243 2651 2266 η
2705 2219 2761 2273 id
2816 2223 2924 2286 est,
2968 2218 3329 2273 sacerdotem
3388 2220 3705 2289 magnum:
3739 2218 3821 2269 «et

454 2296 729 2368 quoniam
755 2314 887 2352 cum
927 2297 984 2353 in
1014 2297 1202 2352 virum
1240 2298 1374 2369 quis
1430 2304 1652 2370 peccat,
1714 2300 1937 2372 placato
1989 2301 2101 2357 sibi
2210 2307 2456 2377 accipiat
2486 2307 2559 2361 ab
2601 2323 2667 2361 eo
2727 2323 3039 2362 nummum
3072 2308 3092 2341 ²
3139 2311 3487 2378 argenteum
3538 2311 3595 2362 et
3639 2308 3819 2360 tortam

453 2384 597 2455 viro,
631 2385 769 2441 facit
796 2385 906 2442 sibi
929 2386 1111 2443 Deum
1137 2386 1478 2458 placabilem
1516 2389 1611 2456 ;in
1664 2389 1842 2444 Deum
1904 2395 2098 2444 autem
2211 2396 2398 2467 panis,
2431 2396 2705 2466 dicatque
2736 2413 2749 2450 :
2785 2395 3024 2450 Dimitte
3057 2411 3168 2463 me,
3220 2396 3485 2465 obsecro,
3543 2394 3614 2449 ad
3670 2409 3815 2448 unam

454 2491 589 2530 cum
617 2475 752 2546 quis
785 2480 1005 2547 peccat,
1037 2475 1171 2548 quis
1200 2476 1391 2530 orabit
1412 2493 1511 2547 pro
1536 2477 1644 2532 eo?
1661 2479 1740 2532 Ac
1762 2478 1811 2532 si
1833 2478 2062 2534 dicatur
2085 2496 2097 2534 :
2209 2488 2437 2555 partem
2456 2483 2895 2550 sacerdotalem,
2916 2484 3289 2539 utcomedam
3309 2483 3600 2539 bucellam
3631 2481 3820 2555 panis.»

454 2561 563 2619 Per
599 2578 795 2634 quem,
819 2563 1025 2632 Deum,
1081 2563 1191 2619 sibi
1237 2564 1295 2618 in
1337 2581 1509 2637 quem
1569 2566 1849 2636 peccavit,
1909 2567 2102 2640 propi-
2282 2572 2441 2644 (Cap.
2478 2572 2665 2627 III.——
2695 2573 2860 2627 Vers.
2904 2574 2971 2643 ι).
3009 2595 3037 2623 α
3085 2572 3150 2626 Et
3206 2588 3398 2627 sermo
3452 2572 3679 2627 Domini
3723 2572 3822 2625 erat

453 2650 604 2706 tium
629 2651 820 2707 facere
853 2652 1113 2723 poterit?
2210 2662 2504 2733 pretiosus
2532 2661 2589 2715 in
2624 2661 2831 2716 diebus
2861 2661 3003 2716 illis.
3041 2684 3068 2711 »
3089 2661 3385 2717 Pretiosus
3424 2661 3660 2726 dicitur,
3709 2657 3822 2730 quia

526 2739 713 2810 (Vers.
741 2741 830 2806 27,
866 2741 976 2811 28).
1012 2763 1041 2791 ‹‹
1083 2740 1257 2795 Venit
1294 2745 1491 2797 autem
1533 2742 1621 2797 vir
1671 2744 1766 2798 Dei
1795 2745 1865 2798 ad
1906 2744 2014 2811 Eli,
2047 2750 2103 2800 et
2211 2765 2484 2821 perrarus
2514 2750 2687 2804 erats.
2717 2749 2901 2804 Omne
2926 2748 3084 2804 enim
3117 2749 3273 2820 quod
3305 2765 3508 2803 rarum
3559 2752 3663 2814 est,
3715 2761 3822 2817 pre-

454 2827 601 2883 dixit
630 2829 702 2883 ad
729 2845 865 2884 eum
902 2847 913 2884 :
944 2829 1073 2884 Haec
1104 2829 1246 2884 dicit
1269 2830 1549 2886 Dominus
1582 2847 1594 2887 :
1646 2832 1923 2903 Nunquid
1984 2851 2098 2889 non
2211 2837 2427 2893 tiosum
2461 2842 2568 2892 est.
2611 2861 2629 2887 α
2668 2838 2791 2893 Non
2824 2843 2947 2893 erat
2967 2837 3110 2893 visio
3166 2837 3523 2905 manifesta;
3564 2836 3695 2907 quia
3720 2849 3821 2906 pro-

455 2921 650 2989 aperte
681 2917 972 2975 revelatus
998 2935 1129 2973 sum
1164 2919 1361 2973 domui
1398 2920 1581 2990 patris
1612 2919 1720 2986 tui,
1756 2937 1887 2976 eum
1948 2927 2103 2977 esset
2211 2924 2409 2997 phctia
2434 2942 2549 2980 non
2582 2924 2748 2997 plene
2780 2925 3283 2981 manifestabatur.

452 3004 513 3060 in
548 3010 784 3078 Egypto
817 3007 874 3061 in
917 3007 1090 3063 domo
1152 3007 1469 3063 Pharaonis
1494 3007 1520 3061 ‘?
1576 3010 1635 3063 et
1676 3008 1819 3081 elegi
1869 3027 2003 3066 eum
2035 3028 2103 3067 ex
2282 3013 2466 3081 (Vers.
2492 3014 2543 3080 2,
2577 3013 2653 3079 3).
2688 3038 2714 3062 ‹‹
2750 3015 2991 3068 Factum
3024 3018 3113 3069 est
3140 3029 3274 3068 vero
3306 3014 3364 3067 in
3422 3014 3523 3068 die
3579 3010 3818 3083 quadam,

454 3094 728 3151 omnibus
762 3095 1037 3151 tribubus
1067 3095 1240 3151 Israel
1275 3096 1412 3150 mihi
1450 3097 1507 3150 in
1568 3099 1947 3169 sacerdotem,
1986 3122 2013 3149 »
2046 3106 2103 3155 et
2138 3161 2172 3172 Α
2213 3102 2293 3157 Eli
2320 3103 2557 3172 jacebat
2585 3103 2644 3157 in
2675 3102 2800 3158 loco
2834 3120 2939 3158 suo
2970 3107 3064 3161 :et
3091 3101 3242 3158 oculi
3275 3103 3405 3171 ejus
3470 3101 3824 3172 caligaverant

454 3187 679 3238 cratera.
712 3184 877 3238 Hunc
907 3183 1096 3237 virum
1128 3184 1249 3252 Dei,
1278 3184 1463 3238 Judaei
1496 3182 1743 3240 Pbinees
1773 3161 1979 3243 dicunt
2000 3188 2095 3259 (a):
2132 3161 2173 3227 C
2213 3161 2602 3263 necupoterant
2630 3192 2845 3246 videre.
2870 3212 2896 3241 »
2932 3191 3036 3246 Hic
3065 3190 3220 3247 enim
3235 3161 3713 3262 distinguendum
3732 3191 3819 3249 est,

450 3286 627 3342 quem
658 3275 716 3325 et
746 3269 927 3325 Eliarn
954 3274 1281 3325 autumant.
1306 3271 1607 3328 Revelatus
1643 3289 1774 3328 vero
1814 3275 2097 3332 Dominus
2208 3283 2264 3333 et
2295 3282 2495 3349 postea
2526 3280 2898 3334 inferendum
2933 3297 2945 3333 :
2982 3302 3008 3330 ‹‹
3035 3280 3103 3334 Et
3127 3285 3444 3351 antequam
3478 3279 3709 3334 lucerna
3742 3272 3822 3330 Dei

450 3358 635 3413 fuisse
657 3358 872 3413 dicitur
901 3359 1099 3414 domui
1133 3360 1317 3431 patris
1348 3362 1496 3430 ejus,
1549 3361 1605 3415 id
1666 3367 1755 3416 est
1788 3365 1997 3433 Aaron,
2037 3366 2093 3422 in
2205 3366 2930 3438 exstingueretur,Samuel
2955 3373 3149 3423 autem
3182 3367 3517 3423 dormiebat
3550 3367 3607 3421 in
3638 3360 3819 3435 templo

448 3462 515 3502 eo
547 3447 670 3503 loco
703 3447 801 3503 ubi
833 3448 914 3503 ait
946 3466 963 3501 :
1017 3450 1165 3503 Dixit
1216 3451 1365 3504 enim
1416 3450 1677 3505 Dominus
1735 3452 1805 3506 ad
1862 3454 2043 3509 Aaron
2076 3474 2095 3509 :
2206 3457 2455 3521 Domini,
2489 3456 2587 3511 ubi
2614 3462 2737 3512 erat
2767 3474 2898 3511 arca
2929 3457 3056 3511 Dei.
3101 3479 3127 3505 ››
3182 3454 3428 3527 lntelligi
3492 3461 3683 3511 autem
3734 3453 3819 3507 hoc

452 3536 592 3593 Vade
616 3538 672 3592 in
699 3553 984 3593 occursum
1032 3538 1203 3608 Moysi
1245 3538 1306 3592 in
1353 3537 1560 3593 deserto
1616 3539 1810 3610 (Exod.
1872 3559 1946 3610 ιν,
1977 3545 2089 3612 27),
2202 3546 2376 3599 modo
2409 3545 2598 3599 debet.
2634 3545 2702 3599 Et
2722 3549 3038 3616 antequam
3071 3544 3308 3600 lucerna
3360 3544 3466 3599 Dei
3524 3543 3817 3613 exstingue-

445 3631 504 3681 et
532 3631 756 3681 caetera.
791 3627 852 3681 E.
887 3627 944 3680 in
978 3626 1085 3681 hoc
1122 3625 1248 3681 loco
1295 3626 1551 3698 primum
1601 3628 1886 3685 Dominus
1916 3630 1965 3685 ei
1998 3648 2090 3686 re-
2202 3637 2379 3701 retur,
2406 3633 2463 3687 in
2488 3632 2708 3703 templo
2740 3632 2995 3703 Domini,
3058 3633 3154 3689 ubi
3209 3637 3333 3689 erat
3389 3651 3532 3689 arca
3581 3631 3694 3697 Dei,
3743 3633 3817 3683 Sa-

441 3714 670 3771 velatus
727 3714 960 3770 dicitur.
1012 3714 1073 3770 In
1116 3714 1475 3770 sacerdotem
1541 3731 1675 3771 vero
1757 3716 1974 3774 electus
2021 3736 2091 3775 ex
2201 3720 2355 3776 muel
2387 3721 2731 3776 dormiebat.
2767 3722 2926 3787 Quod
2959 3738 3091 3777 vero
3123 3722 3204 3776 ait
3236 3739 3249 3778 :
3283 3723 3592 3793 Antequam
3628 3722 3818 3775 lucerna

445 3803 721 3859 omnibus
751 3803 1026 3859 tribubus
1054 3802 1425 3859 [sraelzsicut
1447 3803 1628 3859 habes
1649 3806 1704 3859 in
1731 3806 2086 3863 ElleSmothl
2200 3810 2294 3865 Dei
2320 3812 2803 3880 exstingueretur,
2824 3809 3070 3881 intelligi
3102 3814 3345 3882 oportet,
3397 3816 3710 3882 antequam
3740 3807 3817 3862 lux

439 3897 498 3948 et
525 3892 584 3947 in
615 3892 870 3948 Vaiecra.
903 3893 1066 3955 Quod
1098 3908 1230 3947 vero
1262 3891 1344 3946 ait
1375 3909 1390 3947 :
1420 3894 1571 3948 Venit
1599 3893 1686 3949 vir
1715 3896 1812 3950 Dei
1866 3896 1936 3950 ad
1964 3897 2084 3968 Eii,
2196 3897 2408 3953 diurna
2438 3899 2632 3954 ﬁeret:
2665 3901 2900 3971 quando
2931 3899 3136 3954 eadem
3152 3899 3586 3971 exstinguenda
3606 3901 3721 3953 erat
3744 3896 3815 3949 lu-

441 3985 499 4036 et
527 3984 743 4055 catera.
767 3998 892 4053 qua:
924 3983 1268 4052 sequantur,
1303 3984 1437 4035 ante
1466 3984 1699 4053 tempus
1740 3983 1965 4039 Eleans:
1996 3987 2083 4040 di-
2194 3976 2384 4043 cerna.
2418 3987 2513 4043 Sic
2536 3988 2693 4042 enim
2725 4005 2758 4043 a
2790 3987 3037 4042 Domino
3069 4004 3170 4059 per
3185 3988 3676 4058 Moysenjussum
3691 3986 3812 4047 erat,

435 4072 530 4124 cta
558 4068 742 4124 fuisse
764 4068 1157 4135 arbitrantur;
1189 4069 1290 4123 sed
1321 4069 1415 4122 hic
1445 4069 1518 4123 ob
1558 4068 1805 4140 gloriam
1837 4077 2080 4131 Samue-
2192 4081 2258 4130 ut
2287 4076 2489 4131 eadem
2522 4074 2748 4131 luceret
2773 4092 2961 4147 usque
2993 4092 3162 4131 mane
3196 4093 3209 4130 :
3237 4075 3502 4131 sicutest
3525 4075 3665 4131 illud
3699 4073 3815 4128 Exo-

432 4156 506 4214 lis
530 4157 878 4229 interposita
907 4156 1204 4212 dicuntur.
2190 4165 2247 4219 di
2280 4165 2389 4236 (c):
2426 4165 2691 4235 Praecipe,
2724 4163 2805 4219 ait
2840 4164 3139 4234 Dominus,
3193 4164 3329 4233 ﬁliis
3375 4165 3561 4220 Israel
3598 4172 3657 4219 ut
3696 4160 3813 4232 ala-

502 4247 796 4319 (Vers.31,
830 4246 941 4319 32).
971 4267 999 4296 «
1030 4246 1171 4300 Ecce
1193 4244 1316 4300 dies
1364 4246 1615 4314 venient,
1673 4252 1730 4303 et
1769 4248 2079 4321 praecidam
2188 4257 2318 4307 rant
2345 4253 2452 4308 tibi
2477 4254 2658 4308 oleum
2698 4253 2764 4308 de
2809 4253 3097 4309 arboribus
3153 4253 3426 4308 olivarum
3481 4254 3814 4325 purissimum

501 4370 664 4449 {Elia
692 4369 899 4449 Smoth,
928 4370 1083 4449 apud
1116 4370 1397 4449 Hebraeos
1412 4375 1649 4449 vocatur
1679 4370 1826 4449 liber
1874 4373 2074 4443 Exodi,
2190 4380 2353 4447 ptum
2382 4392 2511 4431 esse
2542 4377 2725 4431 veniat
2757 4384 2815 4432 ut
2844 4375 3031 4430 adoret
3080 4392 3224 4445 eum,
3293 4384 3345 4449 et
3368 4448 3379 4449 ί
3399 4378 3638 4449 accipiat
3684 4372 3745 4428 at
3765 4384 3813 4426 eo

433 4441 813 4522 quia-incipit
841 4444 915 4522 ab
948 4440 1065 4495 illis
1093 4440 1313 4522 verbis,
1353 4443 1472 4522 (leae
1499 4447 1626 4522 sunt
1663 4445 1910 4522 nomine,
1965 4440 2073 4522 etc.
2190 4440 2498 4522 hummum,
2531 4452 2637 4501 etc.
2672 4449 2793 4512 Quo
2826 4452 3170 4519 argumento
3194 4440 3813 4522 manifestis'simecorn-

427 4512 709 4593 .Simili‘ter
741 4512 968 4593 Expdus
989 4517 1227 4593 vocatur
1260 4514 1519 4593 Vaiecra,
1547 4513 1600 4567 id
1634 4519 1724 4568 est
1750 4517 1813 4593 Et
1833 4512 2073 4593 uocauit;
2114 4530 2155 4593 D
2191 4519 2436 4593 probatu
2449 4512 2506 4593 r,_
2521 4535 2713 4593 unum
2746 4535 2873 4593 esse
2893 4512 3580 4593 auctorenrsc_boliorum
3598 4513 3808 4593 canonis

427 4536 709 4566 υιωιιιιεν
741 4536 967 4567 mxuuus
991 4536 1227 4592 vuuutur
1260 4536 1519 4593 rumoris,
1548 4536 1600 4567 lu
1634 4536 1724 4568 υδι
1750 4536 1813 4568 ιιι
1833 4536 2073 4585 vocavit;
2114 4536 2155 4593 D
2231 4536 2492 4585 ronatur,
2528 4536 2713 4572 unum
2746 4536 2873 4573 esse
2894 4536 3189 4573 auctorem
3222 4536 3803 4574 scnouorumcanoma

427 4582 581 4658 hanc
610 4582 1141 4658 habentesHebrzei
1176 4584 1682 4658 consuetudinem:
1716 4592 1778 4640 ut
1808 4587 1878 4640 ab
1908 4604 2075 4643 exor-
2188 4536 2453 4645 llebruic.
2493 4589 2667 4644 Verit.
2699 4595 2757 4645 et
2788 4591 3163 4658 Quaestionum
3195 4591 3589 4645 Hebraicarum
3642 4589 3697 4643 in
3744 4584 3803 4639 li-

427 4655 541 4731 dii_s
555 4652 803 4731 _nomina
829 4653 1228 4731 voluminibus
1244 4654 1592 4731 _imponant._
1966 4730 1973 4731 γ
2188 4662 2323 4718 bros
2359 4660 2516 4731 Begu
2529 4678 2604 4715 m.

500 4727 522 4760 ²
554 4727 616 4780 In
638 4725 902 4797 versione
923 4725 1548 4797 Hieronymiana,_sive
1579 4725 1638 4780 in
1681 4744 1902 4783 canone
1962 4730 2070 4785 He-
2254 4733 2275 4765 ³
2305 4725 2488 4787 Verus
2534 4732 2766 4787 Hieron.
2832 4732 2887 4785 in
2944 4734 3333 4788 Commentar.
3374 4732 3436 4786 In
3494 4732 3604 4787 Isa.
3651 4729 3740 4785 lib.
3761 4742 3803 4789 ν,

422 4796 631 4853 braicaa
651 4796 911 4852 veritatis
942 4814 977 4851 a
1004 4795 1173 4870 nobis
1205 4795 1378 4861 edito,
1415 4795 1666 4869 legimus
1701 4815 1712 4852 :
1779 4801 1982 4855 Veniat
2012 4806 2070 4857 ut
2184 4819 2309 4870 cap.
2346 4820 2466 4870 xm,
2529 4806 2611 4865 12,
2641 4803 2711 4857 ad
2745 4804 2917 4857 verba
2952 4819 2965 4856 :
3027 4803 3324 4857 Pretiosior
3350 4806 3469 4858 erat
3532 4804 3620 4858 vir
3669 4814 3804 4855 auro.

422 4821 631 4853 Drama:
654 4821 911 4852 VUK'ILuLIS
942 4821 977 4851 ἃ
1009 4821 1173 4851 ΙΙυυΙδ
1205 4821 1378 4861 UUILU,
1415 4821 1666 4869 lUb’llllUB
1701 4821 1712 4852 ζ
1779 4821 1982 4855 rerum
2012 4821 2029 4856 τ

417 4873 607 4949 oretur
629 4884 731 4941 pro
758 4884 841 4949 eo,
872 4871 922 4923 et
950 4869 1143 4949 offerat
1171 4883 1478 4949 numinum,
1508 4873 1616 4949 etc.
1644 4871 1759 4949 Sed
1805 4872 1880 4949 ad
1910 4889 2030 4949 mar

2186 4821 2249 4859 ca
2298 4845 2309 4857 .
2346 4821 2466 4870 xm,
2530 4821 2611 4865 re,
2641 4821 2711 4857 au
2745 4821 2917 4857 verna
2952 4821 2965 4856 :
3027 4821 3324 4857 rreuosior
3350 4821 3469 4858 erat
3532 4821 3620 4858 ινιτ
3669 4821 3799 4855 aura.

2186 4898 2216 4949 ί
2244 4821 3037 4949 Sretiosum,inqui_t,dicitur
3066 4890 3238 4949 omne
3268 4875 3423 4945 quod
3450 4890 3647 4949 rarum
3668 4875 3799 4949 est”:

417 4938 680 5012 ginem’e
710 4939 943 5012 regione
965 4940 1218 5012 positum
1237 4938 1629 5012 Aestscbolion
1667 4942 1884 4996 Uebrmi
1923 4944 2064 4998 scri-
2178 4946 2246 5000 Et
2275 4945 2333 4999 in
2360 4944 2656 5000 Samuelis
2685 4938 2981 5000 volumine
2995 4938 3344 5011 continetur,
3368 4962 3562 5002 sermo
3587 4938 3801 5001 Domini

412 5012 600 5082 ptoris
633 5010 881 5083 hujusce
909 5011 1198 5083 opusculi,
1232 5010 1499 5066 indicans
1523 5011 1579 5065 in
1616 5012 1896 5069 Hebraico
1923 5016 2065 5070 scri-
2176 5021 2297 5072 erat
2330 5016 2622 5088 pretiosus
2650 5015 2709 5070 in
2733 5016 2941 5072 diebus
2975 5015 3108 5082 illis,
3137 5016 3190 5071 id
3226 5010 3534 5072 estrarus.
3570 5039 3599 5065 ››

483 5135 560 5212 (a)
580 5136 674 5191 Sic
704 5137 1162 5212 enim‘sentiu‘nt,
1182 5135 1334 5190 inter
1356 5136 1668 5212 Pontifices
1689 5139 1976 5212 Aaronem
2009 5146 2066 5194 et
2175 5140 2442 5196 culorum
2475 5141 2567 5196 die
2598 5141 2710 5196 sub
2740 5139 2877 5195 Elite
2910 5155 3159 5212 persona
3183 5157 3248 5195 ac
3292 5140 3527 5196 nomine
3584 5130 3799 5193 commi-

413 5205 562 5275 Heli,
585 5210 816 5264 nonnisi
846 5209 1013 5265 duos.
1048 5207 1376 5264 Eleazarum
1413 5207 1637 5262 scilicet
1658 5214 1715 5262 et
1759 5210 2060 5271 Phineom.
2176 5212 2510 5267 niscuntur.

414 5276 840 5354 intercessisse,
865 5286 1041 5354 atque
1099 5281 1259 5354 adeo
1301 5278 1589 5348 replenda
1642 5279 2057 5354 intercapedini
2244 5284 2316 5354 (ὁ)
2353 5285 2531 5339 Penes
2566 5282 3555 5354 Rabanum,Brachium,dignitatem
3581 5282 3631 5335 et
3652 5277 3795 5332 robur

415 5347 591 5425 plura
617 5349 745 5425 vitae
778 5347 1031 5425 Phinzeis
1089 5350 1301 5405 saacula
1349 5347 1668 5425 commenti
1716 5347 1881 5407 sunt:
1943 5355 2061 5408 lrno
2170 5347 2376 5409 suinini
2404 5356 2650 5425 exprimi
2677 5353 2995 5425 sacerdotis,
3027 5357 3138 5407 etc.

412 5414 471 5473 et
492 5419 738 5494 Rabbini
774 5422 1013 5494 quidam
1047 5440 1180 5477 eum
1217 5440 1329 5476 non
1364 5421 1660 5494 hominem
1723 5424 1922 5488 fuisse,
1959 5427 2057 5480 sed
2243 5428 2314 5494 (ι’)
2342 5428 2425 5479 ita
2458 5414 2526 5480 ex
2558 5426 2798 5479 ltabano
2840 5414 3117 5479 duximus
3171 5426 3620 5485 emendandum,
3672 5414 3795 5472 illud

414 5489 691 5567 angelum
725 5489 951 5567 mortali
998 5511 1237 5567 corpore
1289 5492 1580 5567 indutum_
1608 5493 1896 5567 dixerunt,
1960 5499 2059 5567 qui
2170 5489 2363 5563 Enodi,
2399 5496 2483 5550 vel
2514 5498 2572 5549 in
2604 5496 2807 5554 Exodo.
2852 5513 2954 5566 pro
3009 5513 3124 5565 quo
3175 5497 3489 5567 incongrue
3530 5494 3793 5567 hactenus

411 5561 627 5688 saepius
659 5561 813 5617 hunc
844 5564 899 5616 in
935 5561 1220 5619 mundum
1256 5564 1500 5629 venerit,
1533 5564 1884 5636 abieritque;
1908 5561 2057 5623 et-ad
2169 5568 2329 5633 editi,
2367 5567 2511 5621 illud
2541 5568 2600 5619 in
2636 5561 2900 5631 Hebraeo;
2962 5561 3129 5620 meus
3177 5585 3311 5637 ms.,
3351 5561 3491 5622 illud
3538 5567 3597 5619 in
3642 5561 3787 5619 libro.

410 5634 493 5689 He
522 5634 538 5687 ἰ
568 5633 804 5689 auidem
832 5634 1059 5689 venisse
1089 5652 1221 5689 eum
1259 5635 1494 5689 ultionis
1527 5652 1559 5688 a
1594 5636 1705 5689 Deo
1760 5641 2053 5689 nuntium-
2169 5637 2377 5689 sunnle
2408 5638 2601 5689 Exodi.
2637 5637 2744 5689 hac
2775 5638 2931 5689 enim
2965 5638 3147 5689 utitur
3176 5655 3328 5689 saeue
3360 5635 3552 5689 nhrasi
3583 5635 3787 5689 auctor.

464 5650 493 5689 θ

522 5634 538 5687 i
568 5633 804 5711 quidem
832 5634 1059 5711 venisse
1089 5652 1221 5689 eum
1259 5635 1494 5711 ultionis
1527 5652 1559 5688 a
1594 5636 1707 5711 Deo
1760 5633 2054 5711 nuntium,
2169 5637 2377 5711 supple
2407 5638 2601 5702 Exodi,
2637 5637 2744 5711 bac
2775 5638 2931 5711 enim
2965 5638 3147 5711 utitur
3176 5633 3328 5711 saepe
3360 5635 3552 5711 phrasi
3583 5635 3787 5711 auctet.

408 5700 621 5781 iterum
645 5706 780 5781 _sub
829 5706 1138 5781 salomone
1196 5705 1489 5781 paruisse,
1542 5708 1709 5775 quasi
1780 5700 2055 5765 Pbineeni
2168 5714 2225 5766 ut
2246 5700 2334 5765 ait
2365 5710 2504 5766 illud
2537 5700 2597 5764 in
2629 5710 2772 5764 libro
2807 5700 3428 5781 Genesis,Exodi,atque
3456 5706 3542 5764 bis
3564 5700 3784 5761 similia.

410 5775 602 5836 ﬁlium
643 5777 934 5837 Eleazari:
993 5780 1303 5834 venturum
1359 5774 1609 5845 denique
1660 5783 1921 5839 extrema
1948 5799 2055 5840 δεθ-
2169 5782 2330 5840 Facit
2359 5799 2492 5839 cum
2514 5781 2986 5838 Ambrosmeus
3018 5774 3130 5838 ms.
3160 5779 3328 5838 liber.
