4084 6176
306 291 459 365 139τ
992 341 1014 373 ο

300 522 599 579 bernaoulo
656 522 910 585 Domini;
966 529 1017 579 et
1073 524 1415 580 collocabant
1469 540 1589 580 eam
1637 531 1831 582 Aaron
1897 533 1949 581 et

298 612 412 684 ﬁlii
460 613 598 683 ejus,
645 621 703 668 ut
748 629 917 684 usque
963 630 1126 669 mane
1205 614 1379 669 luceat
1458 631 1646 670 coram
1720 616 1946 672 Domino

297 701 492 774 (Exod.
516 718 693 768 xxvu,
723 704 795 756 2O
823 706 881 756 et
908 702 1020 771 2i).

369 790 556 862 (Vera.
589 791 719 862 7.)«
754 790 927 846 Porro
958 790 1190 846 Samuel
1248 791 1499 846 necdum
1558 791 1779 847 sciebat
1833 792 1944 848 Do-

298 881 550 935 minum.
588 901 615 928 ››
645 878 878 935 Nescire
910 879 1219 935 Dominum
1238 880 1454 935 dicitur
1485 881 1657 953 :quia
1683 897 1783 953 per
1811 897 1945 953 pro-

295 968 509 1041 pbetiae
533 968 876 1040 mysterium
900 969 1150 1024 necdum
1169 968 1220 1023 ei
1238 966 1527 1024 revelatus
1551 970 1738 1025 fuerat
1750 986 1944 1026 sermo

294 1056 555 1113 Domini.

367 1145 558 1216 (Vers.
596 1146 707 1215 11.)
737 1169 765 1197 ‹‹
798 1145 953 1202 Dixit
1004 1146 1290 1202 Dominus
1345 1147 1419 1202 ad
1465 1146 1737 1203 Samuel:
1801 1147 1944 1203 Ecce
2006 1178 2009 1181 ι

295 1252 404 1309 ego
461 1234 606 1291 facio
636 1236 876 1291 verbum
912 1237 969 1290 in
1002 1235 1175 1291 Israel
1207 1254 1219 1291 :
1253 1237 1412 1308 quod
1454 1237 1791 1308 quicunque
1837 1253 1944 1292 au-

297 1323 768 1393 dierit,tinnient
798 1326 980 1379 amba:
1037 1342 1210 1382 aures
1247 1326 1395 1396 ejus.
1432 1348 1460 1374 ››
1510 1331 1628 1381 Hoc
1680 1326 1739 1381 in
1816 1325 1940 1381 loco

294 1413 674 1469 comminatio
699 1413 930 1470 Domini
959 1419 1049 1470 est
1078 1431 1255 1486 super
1287 1414 1387 1481 Eli,
1420 1420 1478 1470 et
1498 1432 1675 1487 super
1701 1415 1942 1471 domum

295 1503 426 1574 ejus
454 1519 466 1557 :
502 1520 568 1557 eo
599 1503 753 1575 quod
787 1502 843 1556 in
877 1507 1111 1574 peccato
1143 1503 1395 1558 filiorum
1418 1504 1524 1571 Eli,
1556 1506 1701 1559 Area
1722 1504 1822 1558 Dei
1853 1521 1944 1559 ca-

295 1595 553 1663 peretur,
586 1595 643 1645 et
681 1590 855 1645 Israel
892 1596 1105 1663 rueret,
1140 1599 1194 1647 et
1216 1594 1347 1664 ejus
1371 1591 1468 1646 lilii
1503 1591 1827 1662 interirent,
1888 1596 1945 1647 et

294 1680 508 1735 domus
534 1677 618 1733 Eli
671 1678 994 1735 sacerdotio
1042 1681 1255 1736 domus
1312 1678 1540 1734 Domini
1598 1679 1940 1750 privaretur,

292 1772 353 1824 et
382 1768 457 1823 ob
474 1768 531 1823 id
554 1768 771 1823 factum
795 1767 1162 1824 audientium
1190 1785 1364 1824 aures
1393 1767 1677 1824 tinnirent
1704 1777 1941 1841 stupore

290 1856 643 1913 vehementi.

362 1947 551 2017 (Vers.
588 1946 698 2017 15.)
736 1967 762 1995 «ί
792 1945 1156 2018 Aperuitque
1204 1947 1356 2003 ostia
1411 1947 1625 2002 domus
1688 1945 1940 2017 Domini,

286 2040 348 2091 et
376 2033 611 2090 Samuel
637 2034 882 2090 timebat
928 2035 1212 2090 visionem
1271 2035 1527 2092 indicare
1583 2034 1690 2091 Eli.
1729 2059 1759 2085 ››
1814 2036 1940 2091 Non

287 2128 381 2180 est
401 2122 848 2197 intelligendum
881 2124 1037 2194 quod
1068 2122 1300 2179 Samuel
1332 2123 1624 2195 aperuerit
1653 2123 1801 2179 ostia
1840 2123 1941 2179 do-

287 2229 428 2269 mus
444 2211 700 2279 Domini,
734 2212 834 2268 sed
868 2212 1162 2268 sacerdos.

359 2302 546 2373 (Vers.
586 2302 797 2373 19-21.)
829 2324 856 2351 ‹‹
886 2301 956 2356 Et
989 2318 1105 2357 non
1138 2300 1350 2356 cecidit
1381 2317 1449 2357 ex
1479 2302 1758 2358 omnibus
1812 2318 1940 2358 ver-

288 2391 385 2447 bis
416 2390 651 2446 Samuel
685 2390 743 2445 in
778 2395 1013 2446 terram.
1052 2414 1077 2439 ν
1109 2391 1236 2446 Non
1268 2390 1547 2447 cecidisse
1572 2408 1639 2446 ex
1664 2391 1941 2446 omnibus

290 2480 486 2536 verbis
519 2480 647 2550 ejus
677 2479 736 2534 in
766 2485 979 2535 terram
1011 2480 1245 2550 dicitur,
1280 2479 1419 2551 quia
1466 2480 1749 2552 quidquid
1808 2496 1939 2551 pro-

291 2569 592 2641 phetabat,
628 2569 802 2641 rebus
832 2569 1016 2639 gestis
1046 2569 1582 2624 demonstrabatur.
1633 2592 1652 2617 α
1684 2570 1753 2624 Et
1784 2569 1943 2624 venit

291 2640 488 2715 sermo
518 2640 809 2714 Samuelis
834 2658 1103 2714 universo
1131 2657 1348 2714 Israeli.
1382 2678 1408 2710 υ
1444 2658 1646 2714 Sermo
1672 2658 1799 2729 ejus
1830 2658 1943 2714 fuit

292 2747 368 2804 ad
400 2747 736 2801 universum
799 2746 997 2816 Israel,
1066 2747 1220 2819 quod
1269 2746 1632 2819 percutiendi
1665 2751 1862 2802 essent
1907 2764 1942 2803 a

288 2833 609 2891 Pbilisteeis
640 2840 878 2906 propter
907 2839 1144 2907 peccata
1178 2834 1431 2891 ﬁliorum
1462 2835 1582 2891 Eli:
1611 2852 1786 2908 quem
1817 2852 1940 2891 ser-

292 2941 529 2980 monem
562 2929 805 2979 eventus
836 2924 918 2979 rei
948 2928 1150 2995 postea
1178 2923 1462 2996 probavit.

363 3014 523 3085 (Cap.
550 3011 643 3068 VI.
677 3044 743 3053 —
784 3017 945 3067 Vers.
978 3013 1066 3068 44.
1095 3013 1110 3084 )
1143 3036 1169 3061 ‹‹
1220 3014 1353 3068 Erat
1396 3017 1592 3068 autem
1654 3013 1733 3069 ibi
1793 3013 1941 3086 lapis

290 3118 547 3174 magnus
580 3119 595 3169 ;
627 3113 684 3156 et
713 3101 1097 3157 conciderunt
1118 3100 1278 3173 ligna
1298 3101 1564 3174 plaustri.
1597 3126 1625 3152 ››
1658 3103 1937 3174 Lapidem

1280 298 1577 373 QUEST.
1627 298 1989 366 HEBRAIC.
2032 298 2111 366 IN
2157 300 2305 366 LIB.
2350 301 2375 366 Ι
2422 299 2724 369 REGUM.

298 433 518 504 piloque
545 437 856 501 contusum,
880 441 941 490 ut
958 433 1152 491 ardeat
1207 435 1431 491 lucerna
1476 451 1683 507 semper
1740 437 1803 491 in
1858 439 1941 493 ta-
1973 442 2027 508 Α

3545 296 3703 370 1398

2127 440 2315 507 (Vers.
2356 438 2436 494 l9.
2470 440 2487 511 )
2518 461 2547 491 «
2578 438 2649 496 Et
2667 436 2958 512 percussit
2987 436 3059 498 de
3078 436 3297 513 populo
3327 439 3702 514 septuaginta

2054 525 2211 581 viros
2240 531 2298 581 et
2328 526 2757 601 quinquaginta
2786 526 2974 584 millia
3002 527 3209 601 plebis.
3245 550 3274 580 ››
3324 528 3388 586 In
3459 529 3697 587 Hebreo

2054 615 2135 671 ita
2165 615 2447 672 habetur:
2484 639 2512 667 «
2545 617 2614 672 Et
2643 617 2934 689 percussit
2954 618 3025 674 de
3071 618 3286 692 pepulo
3327 619 3703 693 septuaginta

2056 704 2215 761 viros
2245 710 2302 761 et
2332 705 2765 779 quinquaginta
2788 706 2973 764 millia
3012 708 3186 764 viros.
3212 730 3240 759 ››
3291 707 3407 765 Hos
3463 713 3698 782 septua-

2053 793 2217 866 ginta
2246 794 2423 862 viros,
2442 795 2675 867 judices
2691 796 3067 869 septuaginta
3098 796 3320 854 Hebraai
3340 796 3695 872 intelligunt.

2053 883 2314 947 Quorum
2346 885 2553 940 merito
2584 888 2641 941 et
2669 883 2870 957 gloriae
2893 885 3319 959 quinquaginta
3349 885 3534 942 millia
3587 886 3697 942 viri

2051 972 2565 1043 comparabantur,
2593 974 2748 1030 sicut
2795 978 2855 1030 et
2912 975 2983 1030 de
3034 975 3210 1031 David
3249 974 3498 1032 dicitur:
3559 976 3700 1049 quia

2052 1069 2113 1116 tu
2143 1078 2297 1117 unus
2336 1079 2441 1134 pro
2472 1062 2674 1119 decem
2707 1062 2975 1121 millibus
3006 1065 3385 1137 computaris.

2122 1186 2280 1258 (Cap.
2310 1187 2431 1243 VII.
2456 1218 2525 1228 —
2556 1188 2717 1244 Vers.
2749 1188 2829 1261 2.)
2860 1211 2888 1239 «
2929 1190 3001 1245 Et
3033 1190 3253 1246 factum
3311 1192 3403 1246 est
3454 1207 3523 1246 ex
3581 1207 3700 1264 qua

2051 1275 2146 1331 die
2176 1276 2394 1332 mansit
2422 1293 2555 1333 arca
2584 1278 2816 1333 Domini
2857 1277 2917 1333 in
2976 1279 3440 1348 Cariath-Iarim,
3499 1279 3699 1336 multi-

2052 1363 2246 1435 plicati
2278 1370 2421 1421 sunt
2448 1365 2590 1421 dies.
2629 1390 2652 1415 υ
2688 1366 2745 1421 id
2776 1371 2866 1423 est
2889 1367 3092 1440 viginti
3124 1367 3283 1424 anni.
3316 1371 3360 1424 A
3405 1373 3698 1441 tempores

2051 1470 2167 1524 quo
2198 1455 2572 1526 reprobatum
2606 1459 2694 1511 est
2716 1456 3108 1513 sacerdotium
3139 1456 3224 1512 Eli
3253 1474 3439 1530 usque
3472 1458 3543 1514 ad
3601 1459 3701 1514 Sa-

2052 1542 2263 1598 muelis
2293 1544 2594 1608 ducatum,
2646 1545 2850 1617 viginti
2883 1546 3120 1601 fuerunt
3142 1546 3279 1600 anni
3326 1546 3697 1603 miseriarum

2052 1631 2266 1687 referti.
2294 1636 2529 1688 Peracto
2578 1633 2853 1689 vicesimo
2897 1651 3073 1701 anno,
3134 1635 3421 1691 translata
3466 1640 3558 1692 est
3601 1654 3695 1692 ea-

2050 1719 2183 1774 dem
2215 1737 2351 1776 arca
2382 1719 2785 1777 aSamuelein
2833 1722 3119 1794 Masphat,
3180 1727 3239 1778 et
3297 1723 3367 1779 de
3426 1724 3702 1796 Masphat

1969 1817 2018 1882 Β
2048 1809 2477 1865 transtulerunt
2505 1826 2637 1866 eam
2657 1810 2894 1867 Samuel
2922 1815 2981 1867 et
3004 1810 3139 1867 Saul
3170 1810 3231 1866 in
3261 1810 3518 1885 Galgala.
3556 1813 3695 1869 Inde

2047 1897 2331 1955 translata
2351 1902 2440 1955 est
2469 1916 2503 1954 a
2530 1898 2665 1955 Saul
2694 1899 2755 1955 in
2786 1901 2965 1957 Nobe.
3017 1900 3097 1956 De
3155 1899 3305 1957 nobe
3358 1900 3420 1956 in
3478 1901 3697 1958 Gabaa.

2049 1985 2129 2042 De
2148 1986 2328 2043 Gaba.
2355 1986 2645 2044 translata
2673 1992 2763 2044 est
2808 2006 2843 2044 a
2900 1989 3079 2045 David
3131 1989 3189 2045 in
3240 1990 3485 2046 domum
3528 1990 3690 2046 Obed

2049 2075 2255 2131 Edom.
2283 2076 2363 2131 De
2392 2076 2564 2132 domo
2595 2076 2753 2133 Obed
2807 2077 2988 2132 Edom
3036 2078 3342 2133 transtulit
3398 2077 3577 2134 David
3636 2079 3696 2134 in

2049 2163 2208 2219 Sion.
2242 2165 2322 2220 De
2341 2166 2476 2220 Sion
2523 2164 2823 2221 transtulit
2870 2182 2998 2222 eam
3056 2165 3329 2222 Salomon
3378 2166 3438 2222 in
3484 2171 3695 2224 Sancta

2049 2257 2410 2309 sanctorum.

2119 2368 2312 2441 (Ibid.)
2342 2391 2370 2419 ‹‹
2402 2370 2472 2424 Et
2502 2368 2784 2441 requievit
2838 2369 3032 2426 omnis
3077 2368 3251 2426 Israel
3306 2374 3439 2443 post
3489 2369 3690 2427 Domi-

2050 2474 2215 2512 num.
2249 2480 2276 2509 »
2306 2458 2681 2529 Requievisse
2712 2464 2847 2531 post
2876 2457 3191 2515 Dominum
3209 2459 3517 2515 dicuntur:
3555 2460 3696 2531 quia

2050 2547 2293 2618 abjectis
2319 2547 2607 2603 idolorum
2642 2548 2936 2618 sordibus,
2970 2547 3214 2604 Domino
3246 2565 3307 2604 se
3326 2548 3396 2603 ad
3433 2548 3695 2604 servien-

2049 2635 2189 2691 dum
2214 2640 2334 2691 toto
2365 2636 2538 2693 corde
2565 2636 2951 2692 tradiderunt.
2980 2637 3139 2703 Quod
3172 2637 3307 2693 etin
3332 2637 3693 2709 subsequen-

2047 2722 2209 2781 tibus
2239 2723 2453 2780 dicitur
2486 2743 2499 2780 :

2119 2841 2402 2912 (Vers.4.)
2446 2863 2473 2891 ‹‹
2506 2839 2921 2923 [Abstulerunt
2968 2839 3071 2895 filii
3129 2840 3305 2896 Israel
3353 2840 3575 2897 Baalim
3635 2845 3693 2898 et

2046 2929 2344 2993 Astarotb,
2372 2936 2430 2985 et
2459 2929 2783 2985 servierunt
2827 2929 3067 2985 Domino
3111 2929 3221 2986 soli
3254 2945 3267 2984 :
3300 2933 3358 2985 et
3412 2946 3692 2987 convene-

2047 3022 2186 3073 runt
2214 3018 2273 3073 in
2326 3018 2618 3091 Masphat,
2679 3018 3120 3090 hauseruntque
3162 3036 3400 3091 aquam,
3431 3024 3489 3075 et
3542 3019 3693 3075 etfu-

2048 3108 2262 3162 derunt
2304 3108 2363 3162 in
2423 3113 2738 3179 conspectu
2793 3107 3046 3162 Domini.
3087 3130 3107 3156 -
3175 3107 3398 3162 Hebraai
3445 3108 3689 3163 tradunt

289 3191 476 3247 istum
507 3190 731 3246 Hebrazi
763 3207 924 3245 aram
950 3191 1023 3245 ab
1047 3190 1340 3246 Abraham
1372 3191 1717 3247 aedificatam
1768 3190 1939 3247 intel—
1970 3183 2014 3250 C
2052 3196 2208 3268 quod
2229 3213 2424 3252 coram
2458 3196 2706 3251 Domino
2734 3195 2792 3251 in
2825 3197 3092 3252 eamdem
3120 3213 3334 3268 aquam
3378 3195 3690 3253 maledicta

291 3278 504 3352 Iigunt.

367 3368 556 3439 (Vere.
590 3368 678 3435 I7,
715 3370 825 3439 18.)
859 3391 886 3416 ‹‹
920 3368 991 3422 Ili
1014 3372 1152 3423 sunt
1182 3372 1376 3423 autem
1429 3369 1525 3423 ani
1577 3369 1762 3436 aurei,
1793 3386 1943 3440 quos

294 3457 684 3514 reddiderunt
712 3456 1025 3512 I’bilistiim
1049 3473 1151 3528 pro
1180 3456 1388 3511 delicto
1412 3457 1657 3512 Domino
1686 3476 1699 3515 :
1736 3460 1943 3514 Azotus

298 3563 509 3611 unum,
543 3547 697 3602 Gaza
729 3562 933 3611 unum,
966 3543 1210 3600 Ascalon
1259 3562 1467 3610 unum,
1534 3546 1680 3601 Geth
1733 3564 1945 3616 unum,

293 3633 566 3689 Acbaron
600 3650 808 3689 unum.
842 3633 1144 3705 nQuinque
1178 3650 1320 3689 anos
1349 3638 1405 3689 et
1430 3634 1692 3706 quinque
1723 3652 1943 3703 mures,

294 3722 387 3779 hae
423 3722 688 3794 quinque
705 3722 971 3778 civitates
998 3723 1307 3778 dederunt.
1344 3722 1598 3795 Reliqua:
1625 3730 1823 3779 autem
1861 3724 1945 3777 ci-

293 3812 509 3869 vitates
540 3812 1077 3885 provinciarum,et
1118 3810 1268 3867 villa)
1317 3829 1444 3884 quae
1503 3818 1668 3868 erant
1725 3813 1948 3884 absque

297 3918 493 3969 muro,
517 3917 717 3957 mures
742 3905 971 3957 tantum
995 3901 1301 3957 dederunt.
1340 3900 1557 3958 Idcirco
1588 3902 1822 3973 dicitur,
1874 3903 1946 3957 ab

296 3991 443 4047 urbe
474 3995 704 4045 murata
757 4007 942 4061 usque
984 3991 1058 4045 ad
1116 3989 1312 4046 villam
1372 4008 1502 4063 qua:
1548 3996 1671 4047 erat
1726 3993 1951 4063 absque

299 4094 492 4134 muro.
527 4077 689 4144 Quod
731 4081 928 4133 autem
988 4078 1301 4150 sequitur:
1366 4080 1429 4133 Et
1485 4096 1651 4151 usque
1705 4079 1775 4135 ad
1821 4081 1951 4135 Abel

296 4184 593 4240 magnum,
670 4183 834 4238 super
889 4184 1051 4237 quem
1091 4177 1392 4239 posuerunt
1449 4186 1638 4224 arcam
1710 4171 1946 4226 Domini.

296 4255 443 4313 Abel
480 4271 760 4328 magnum
793 4255 997 4310 civitas
1028 4258 1117 4311 est
1145 4255 1203 4310 in
1245 4256 1492 4312 termino
1548 4257 1745 4314 Israel.
1807 4259 1949 4314 Abel

298 4343 831 4417 magnumidcirco
891 4348 1150 4410 vocatur,
1200 4361 1333 4399 cum
1392 4350 1565 4401 antea
1622 4347 1952 4403 Bethsamis

296 4432 550 4489 vocitata
581 4432 676 4503 sit,
712 4431 832 4489 sive
866 4435 1101 4503 prepter
1132 4431 1353 4488 luctum
1388 4450 1567 4506 super
1593 4434 1733 4490 viris
1781 4435 1945 4491 Beth-

2048 3289 2324 3358 congesta
2349 3286 2512 3341 sint:
2558 3290 2615 3340 et
2679 3286 2833 3341 sicut
2905 3285 2964 3341 in
3027 3285 3150 3358 lege
3180 3283 3394 3341 mulier
3438 3284 3702 3358 zelotypa

2050 3374 2263 3431 hausta
2286 3391 2438 3446 aqua
2458 3374 2847 3446 probatur,ita
2869 3379 2926 3430 et
2950 3374 3045 3430 hic
3076 3372 3394 3430 idololatria
3415 3374 3524 3430 hac
3545 3390 3703 3446 aqua

2053 3462 2278 3534 probati
2310 3466 2467 3517 sunt.
2503 3462 2570 3517 Hi
2603 3462 2867 3518 videlicet
2888 3463 2990 3533 qui
3021 3478 3085 3518 se
3117 3461 3275 3517 idola
3302 3462 3553 3518 coluisse
3602 3478 3702 3533 pe-

2051 3549 2211 3605 nitus
2242 3550 2633 3621 denegabant.
2668 3551 2930 3605 Tradunt
2960 3550 3136 3605 etiam
3169 3551 3326 3622 quod
3358 3553 3698 3622 quicunque

2052 3637 2363 3694 idololatra
2382 3638 2533 3693 hanc
2550 3654 2766 3709 aquam
2783 3642 3101 3711 gustasset,
3133 3638 3289 3694 labia
3318 3639 3447 3709 ejus
3475 3639 3559 3694 ita
3586 3638 3700 3694 sibi

2054 3725 2513 3794 adhaererent,ut
2539 3742 2911 3798 nequaquam
2941 3742 3009 3781 ea
3030 3726 3104 3781 ab
3135 3723 3707 3782 invieemidololatra

2056 3832 2328 3889 separare
2353 3819 2569 3888 posset.
2595 3815 2710 3871 Hoc
2732 3815 2946 3871 indicio
2976 3813 3284 3871 idololatra
3312 3814 3705 3886 deprehende-

2056 3906 2232 3961 batur
2251 3909 2308 3960 et
2336 3904 2817 3960 interﬁciebatur.
2851 3904 3012 3969 Quod
3042 3908 3100 3959 et
3129 3902 3436 3976 sequentia
3462 3903 3702 3959 demon-

2056 3997 2248 4049 strant
2278 3993 2337 4048 in
2368 4008 2435 4048 eo
2468 3993 2622 4065 quod
2671 3991 2787 4048 ait:

2128 4108 2314 4180 (Vers.
2346 4109 2426 4180 6.)
2460 4130 2486 4157 ‹‹
2519 4107 2931 4180 Judicavitque
2973 4106 3204 4163 Samuel
3237 4105 3390 4163 filios
3419 4104 3594 4162 Israel
3643 4105 3704 4162 in

2057 4197 2342 4270 Masphat.
2382 4220 2410 4247 »
2440 4197 2711 4253 .Iudicare
2744 4197 2803 4251 in
2835 4196 2944 4252 hoc
2975 4195 3478 4263 Iocoidololatras,
3502 4211 3707 4251 secun-

2059 4288 2201 4343 dum
2234 4287 2421 4359 legem
2451 4285 2626 4341 morti
2676 4285 2906 4340 tradere
2945 4284 3388 4357 intelligendum
3445 4291 3553 4340 est.
3607 4284 3704 4341 Di-

2060 4381 2204 4432 cunt
2233 4375 2409 4431 etiam
2444 4375 2601 4447 quod
2634 4373 2861 4447 Moyses
2892 4372 3002 4429 hoc
3025 4373 3196 4429 modo
3227 4371 3562 4429 idololatras
3602 4373 3706 4445 qui

2062 4464 2174 4521 sibi
2204 4464 2456 4519 vitulum
2539 4463 2815 4528 fecerant,
2840 4460 3174 4533 probaverit
3200 4461 3434 4533 quando
3460 4459 3710 4534 arripuit

301 4521 618 4623 WE“???
641 4520 736 4623 “ibi
757 4522 1030 4623 hf‘f‘ftum’
1065 4521 1185 4623 δίνξδ
1223 4527 1459 4595 propter
1514 4525 1950 4623 Qistimﬁonm
1981 4549 2028 4615 D
2059 4553 2308 4608 vitulum
2330 4556 2386 4608 et
2402 4551 2747 4618 combussit,
2780 4520 3183 4606 et‘contritum
3215 4520 3403 4622 usque
3459 4550 3533 4606 ad
3579 4520 3712 4623 pul-

300 4609 557 4666 civitatis
587 4609 731 4665 Abel
755 4609 1089 4677 Bethmaca,
1137 4610 1207 4666 de
1257 4628 1374 4684 qua
1428 4612 1773 4669 exclamavit
1824 4630 1950 4669 mu-

300 4699 413 4756 lier
442 4699 678 4772 sapiens
711 4699 780 4754 ad
811 4698 978 4766 Joab,
1020 4699 1263 4756 dicens:
1312 4703 1416 4770 Qui
1466 4704 1823 4775 interrogant,
1870 4705 1955 4758 in-

301 4793 582 4858 terrogent
610 4789 668 4844 in
712 4788 971 4859 AbelaUI
1004 4793 1132 4861 Reg.
1164 4807 1255 4855 xx,
1310 4792 1418 4859 18).
1453 4791 1548 4847 Sic
1616 4792 1812 4863 itaque
1864 4792 1952 4847 in-

301 4877 687 4951 telligendum
719 4880 827 4946 est,
860 4879 1016 4950 quod
1048 4879 1121 4934 ab
1152 4879 1296 4934 urbe
1350 4885 1587 4936 murata
1642 4897 1830 4952 usque
1880 4881 1952 4937 ad

300 4965 504 5022 villam
533 4983 661 5035 quae
695 4969 818 5021 erat
846 4967 1070 5040 absque
1100 4984 1290 5037 muro,
1325 4974 1382 5024 et
1439 4985 1628 5040 usque
1685 4970 1757 5024 ad
1811 4969 1952 5025 Abel

305 5071 612 5129 magnum,
649 5054 916 5111 dederint
948 5061 1370 5130 mures.8uper
1398 5074 1591 5129 quem,
1623 5058 1680 5113 id
1712 5062 1820 5129 est,
1855 5076 1954 5114 su-

305 5160 414 5218 per
442 5144 689 5213 luctum,
724 5150 1047 5215 posuerunt
1092 5163 1286 5203 arcam
1345 5146 1596 5215 Domini,
1656 5163 1785 5218 quae
1834 5152 1959 5202 erat

306 5250 500 5305 usque
531 5234 602 5289 ad
631 5232 802 5288 illum
851 5234 1086 5289 diemin
1150 5251 1288 5308 agro
1339 5235 1514 5291 Josue
1558 5234 1952 5292 Bethsamitis.

306 5321 444 5378 Fuit
465 5338 601 5395 ergo
633 5321 691 5376 in
724 5337 865 5393 agro
918 5320 1080 5379 illius
1137 5323 1344 5393 donec,
1402 5323 1463 5379 in
1514 5323 1953 5381 Cariatb-Iarim

303 5409 486 5467 ducta
513 5415 621 5466 est.

2062 4658 2254 4698 verem
2282 4641 2519 4714 sparsit,
2550 4640 2610 4696 in
2646 4656 2884 4713 aquam,
2943 4643 3002 4696 et
3046 4639 3208 4695 dedit
3260 4656 3332 4695 ex
3389 4655 3456 4695 eo
3504 4643 3707 4712 potum

2063 4730 2201 4787 filiis
2226 4729 2422 4787 Israel.

2135 4846 2293 4919 (Cap.
2332 4846 2423 4902 IX.
2456 4878 2523 4886 —
2554 4845 2717 4900 Vers.
2739 4845 2792 4900 7.
2828 4844 2845 4915 )
2876 4867 2904 4894 ‹‹
2943 4842 3210 4916 Dixitque
3239 4841 3375 4899 Saul
3425 4841 3494 4897 ad
3556 4855 3705 4913 pue-

2064 4952 2194 4990 rum
2220 4935 2567 4990 suum.Ecce
2589 4933 2847 4988 ibimus:
2883 4932 3024 5005 quid
3049 4933 3301 4988 feremus
3331 4929 3403 4987 ad
3435 4930 3624 4985 virum
3646 4927 3709 4983 τ»

2062 5024 2186 5080 Non
2218 5022 2375 5080 enim
2406 5023 2650 5094 putabat
2678 5021 2816 5078 Saul
2849 5021 2961 5078 sibi
2992 5021 3192 5077 asinas
3221 5037 3256 5075 a
3285 5017 3556 5076 Samuele
3600 5016 3711 5074 ali-

2062 5118 2153 5169 ter
2188 5112 2454 5179 indicari,
2507 5111 2620 5168 nisi
2683 5111 2869 5184 pretio
2920 5110 3323 5177 divinationis,
3380 5109 3509 5166 ideo
3575 5109 3705 5165 ait:

2064 5225 2092 5251 ‹‹
2127 5202 2275 5267 Quid
2308 5202 2565 5258 feremus
2596 5201 2668 5257 ad
2699 5200 2890 5256 virum
2921 5202 2949 5254 γ
2981 5222 3009 5248 ››

2135 5325 2321 5397 (Vers.
2362 5326 2464 5394 t2).
2502 5324 2795 5380 «Festina
2826 5340 3019 5380 nunc:
3061 5323 3233 5380 hodie
3292 5322 3453 5380 enim
3516 5323 3713 5380 veniet

2064 5415 2125 5470 in
2156 5413 2448 5470 civitatem
2486 5430 2498 5469 :
2533 5412 2671 5485 quia
2693 5411 3049 5468 sacriﬁcium
3081 5416 3171 5469 est
3222 5412 3436 5486 populo
3493 5410 3554 5468 in
3611 5429 3717 5469 ex-

417 5622 499 5693 (a)
532 5624 679 5681 Tota
712 5622 834 5680 haec
864 5624 1152 5698 pericope,
1185 5643 1219 5683 a
1238 5626 1433 5683 verbis
1462 5627 1502 5683 A
1533 5630 1801 5701 tempore,
1834 5644 2026 5702 usque
2055 5630 2273 5702 referri,
2306 5629 2365 5686 in
2397 5644 2527 5687 meo
2548 5644 2661 5688 ms.
2684 5628 3071 5687 desideratur.
