4084 6176
494 298 653 397 esss
1429 248 1441 273 ’
1478 342 1483 347 -
1981 298 2401 372 APPENDIX.
2624 336 2629 342 ’
3696 320 3821 383 non

491 436 666 497 celso.
701 460 729 489 »
789 439 1155 498 Sacrificium
1216 443 1274 499 in
1332 443 1440 502 hoc
1496 446 1621 503 loco
1669 448 1980 521 prandium
2042 447 2131 502 in-
2160 445 2215 509 Α
2244 445 2313 501 Et
2342 445 2475 517 quis
2506 447 2693 520 major
2720 447 2820 504 illo
2850 447 2906 504 in
2939 449 3224 524 dignitate
3244 452 3310 524 (f)
3332 455 3389 506 et
3417 449 3719 525 sapientia?
3743 456 3827 527 0p-

489 527 954 604 telligitur,quod
986 540 1409 606 praeparaverat
1437 537 1671 594 Samuel
1698 536 1910 610 populo
1941 537 1999 592 in
2032 537 2138 593 Ka-
2244 535 2387 591 time
2418 537 2573 592 enim
2606 541 2798 609 potest
2845 538 2997 596 inter
3026 540 3337 612 prophetas
3369 542 3598 607 versari,
3618 547 3667 597 et
3699 548 3827 613 pater

488 616 702 676 tendis.
2245 640 2469 690 eorum,
2502 626 2558 680 id
2590 630 2678 682 est
2709 628 3009 700 magister,
3040 629 3253 697 vocari,
3286 630 3387 702 qui
3432 638 3544 685 tam
3566 631 3746 686 doctus
3783 639 3826 687 et

556 708 742 781 (Vers.
774 711 860 780 19,
892 714 1009 783 20.)
1041 735 1069 763 κ
1101 716 1168 770 Et
1197 714 1488 772 dimittam
1522 721 1580 773 te
1611 734 1820 785 mane;
1854 722 1911 774 et
1939 719 2139 776 omnia
2245 713 2479 785 sapiens
2510 719 2616 770 est.
2650 719 2820 771 Pater
2849 716 3127 789 magister
3155 724 3393 774 vocatur
3450 719 3595 775 sicut
3642 720 3831 776 Eliscus

491 812 620 873 quae
650 802 870 857 suntin
904 805 1076 859 corde
1106 809 1208 860 tuo
1239 805 1508 861 indicabo
1557 808 1702 863 tibi:
1754 810 1900 865 etde
1933 809 2134 876 asinis,
2245 803 2430 859 Eliam
2482 808 2727 876 patrem,
2789 804 2844 859 id
2904 810 2994 861 est
3051 807 3421 879 magistrum,
3469 811 3658 865 vocat:
3708 809 3833 863 Pater

491 882 640 961 quas
689 891 992 962 perdidisti
1037 893 1492 965 nudiustertius,
1550 914 1623 953 ne
1675 897 1958 955 sollicitus
2014 898 2132 955 sis:
2245 894 2523 964 mtpaier
2549 895 2648 964 mi,
2680 910 2877 949 cum“
2909 896 3079 950 Ῑιςναει
3116 898 3166 952 ϐε
3203 898 3402 968 auriga
3448 898 3561 969 ejus
3615 898 3697 969 (IV
3742 899 3834 968 κερ.

490 978 632 1049 quia
664 979 907 1036 inventae
940 985 1161 1038 sunt.»
1219 984 1357 1040 Erat
1420 986 1478 1040 in
1539 988 1713 1045 corde
1767 986 1926 1053 Saul,
1987 988 2140 1043 sicut
2247 999 2309 1051 ιι,
2335 983 2441 1053 12).
2478 983 2544 1037 Et
2573 983 2628 1037 in
2652 982 2798 1039 libro
2840 984 2971 1050 Job,
3031 984 3195 1040 Heliu
3254 984 3489 1057 Eliphaz
3537 992 3758 1057 patrem,
3796 986 3837 1042 id

488 1067 713 1125 Hebraei
741 1070 1002 1136 tradunt,
1035 1072 1190 1141 quod
1222 1090 1319 1128 rex
1350 1075 1582 1131 futurus
1629 1080 1803 1142 esset,
1864 1077 2002 1148 quia
2054 1076 2136 1130 vi-
2244 1076 2335 1127 est
2363 1071 2727 1144 magistrum,
2765 1083 2950 1137 vocat,
2984 1072 3092 1129 hoc
3124 1074 3297 1129 modo
3324 1090 3337 1128 :
3371 1077 3534 1131 Pater
3562 1077 3654 1141 mi,
3696 1075 3838 1146 probe-

489 1157 657 1215 derat
676 1175 777 1232 per
800 1158 987 1214 visum
1020 1177 1091 1215 se
1122 1161 1178 1215 in
1212 1162 1425 1219 vertice
1454 1164 1681 1219 arboris
1703 1165 1908 1235 palmae
1965 1165 2138 1221 collo-
2245 1169 2340 1215 tur
2365 1161 2466 1216 Job
2495 1177 2665 1231 usque
2694 1161 2767 1215 ad
2795 1163 2962 1232 ﬁnem
2991 1164 3127 1232 (Joh.
3161 1179 3351 1224 xxxrv.
3385 1163 3497 1233 36).

489 1245 629 1302 cari.
656 1249 796 1313 Quas
821 1247 965 1303 visio
990 1249 1228 1321 signum
1262 1251 1454 1323 regale
1487 1253 1615 1309 fuit.
2320 1248 2478 1319 (Cap.
2520 1249 2583 1304 X.
2621 1278 2684 1288 —
2708 1249 2869 1303 Vers.
2913 1251 3031 1319 25.)
3089 1251 3342 1306 Locutus
3399 1256 3487 1306 est
3543 1256 3722 1305 autem
3770 1253 3842 1306 Ss-

558 1334 721 1405 (Cap.
757 1334 824 1391 X.
857 1366 925 1376 —
955 1337 1123 1394 Vers.
1147 1339 1226 1411 3.)
1260 1363 1287 1389 «ι
1320 1344 1582 1413 Cumque
1603 1342 1817 1399 abieris
1866 1343 2021 1410 inde,
2082 1347 2140 1399 et

2247 1336 2403 1392 muel
2424 1337 2495 1392 ad
2529 1337 2809 1409 populum
2836 1336 3020 1409 legem
3054 1339 3216 1411 regni
3246 1364 3261 1407 ;
3294 1362 3321 1388 ››
3358 1339 3648 1405 Hebraeus,
3678 1338 3843 1393 «Judi-

491 1421 649 1478 ultra
677 1425 1002 1490 transieris,
1036 1431 1094 1483 et
1147 1429 1375 1485 veneris
1430 1432 1499 1485 ad
1540 1448 1821 1502 quercum
1882 1432 2135 1500 Thabor,
2246 1425 2400 1481 cium
2434 1425 2711 1498 regni.Et
2740 1426 3001 1496 reposuit
3046 1443 3243 1483 coram
3301 1428 3575 1483 Domino.
3607 1450 3633 1476 »
3684 1432 3844 1483 Coram

484 1511 784 1570 invenient
812 1518 867 1571 te
896 1515 975 1570 ibi
1006 1520 1124 1574 tres
1154 1517 1256 1573 viri
1286 1520 1666 1581 ascendentes
1706 1523 1777 1578 ad
1824 1522 2137 1581 Dominum
2245 1514 2513 1579 Domino.
2546 1513 2602 1568 id
2625 1517 2714 1569 est
2742 1530 2937 1570 00mm
2960 1530 3095 1569 81‘08
3145 1515 3401 1587 Domini,
3462 1533 3590 1588 quae
3651 1521 3759 1571 emi
3802 1517 3845 1570 in

485 1599 547 1658 in
577 1602 798 1659 Bethel.
825 1626 852 1654 υ
884 1604 951 1660 Hi
981 1605 1090 1661 viri
1124 1624 1301 1664 causa
1320 1609 1599 1665 arationis
1630 1610 1795 1666 ibant
1824 1612 1882 1667 in
1916 1611 2095 1668 Betbe

924 1604 951 1660 Ii
981 1605 1090 1661 viri
1124 1624 1301 1664 causa
1320 1609 1599 1665 arationis
1630 1610 1795 1666 ibant
1824 1612 1882 1667 in
1916 1611 2136 1678 Bethel,
2247 1602 2537 1675 Masphai-

486 1689 793 1747 ubtJacob
822 1692 1077 1765 lapidem
1110 1701 1391 1753 erexerat.
2317 1692 2475 1764 (Cap.
2503 1690 2620 1746 XII.
2657 1722 2722 1731 —
2753 1691 2917 1747 Vers.
2940 1690 3051 1760 ti.)
3092 1715 3119 1741 «
3150 1693 3222 1747 Et
3252 1691 3414 1747 misit
3463 1693 3736 1748 Dominus
3777 1692 3848 1747 Je-

558 1780 749 1852 (Vers.
779 1782 860 1852 5.)
883 1806 911 1833 «
944 1783 1083 1840 Post
1111 1784 1232 1841 haec
1260 1786 1497 1844 veniens
1553 1789 1627 1844 ad
1684 1788 1891 1846 collem
1949 1789 2071 1845 Dei.
2108 1812 2135 1839 ››
2170 1813 2216 1877 Β
2247 1780 2451 1877 τυῦοοξλι
2483 1780 2792 1877 θῐΒϐόαξιη
2831 1784 2888 1877 et
2936 1780 3167 1852 Jephta,
3214 1784 3271 1877 et
3318 1780 3579 1851 Samuel,
3636 1785 3690 1837 et
3718 1781 3851 1877 eruit

487 1867 663 1925 Collis
732 1870 829 1927 Dei
872 1871 1038 1928 locus
1091 1878 1235 1940 erat,
1286 1875 1385 1930 ubi
1446 1877 1735 1950 propheta
1817 1879 2133 1935 habitant;
2172 1867 2214 1877 “’
2245 1885 2346 1924 vos
2378 1869 2448 1923 de
2483 1886 2660 1925 manu
2714 1867 3089 1923 inimicorum
3139 1874 3467 1925 vestrorum
3533 1886 3636 1941 per
3685 1869 3849 1925 circui-

496 1977 519 2007 α
550 1959 620 2015 Et
649 1958 869 2016 insiliat
896 1960 1034 2018 inte
1063 1962 1317 2035 Spiritus
1351 1966 1599 2036 Domini,
1651 1971 1707 2023 et
1762 1967 2137 2040 prophetabis
2248 1962 2401 2013 δηΐου
2448 1979 2474 2006 υ
2505 1956 2781 2013 Jerilbﬂai
2814 1957 2939 2030 ipse
2967 1961 3057 2013 est
3083 1959 3310 2014 Gedeon
3340 1974 3352 2014 ε
3404 1963 3464 2014 et
3523 1959 3710 2015 BBdan
3760 1958 3851 2031 ipse

493 2063 631 2104 cum
663 2048 768 2105 eis.
805 2070 832 2098 »
865 2050 1250 2123 Prophetasse
1279 2070 1412 2109 eum
1446 2054 1524 2109 ibi
1566 2056 1752 2110 Judaei
1809 2056 2012 2112 dicunt
2069 2060 2140 2112 de
2248 2050 2338 2102 θεῖ
2365 2050 2631 2102 Samson-

488 2136 686 2192 tuturo
717 2137 953 2207 saaculo,
988 2139 1058 2197 de
1088 2141 1212 2214 Gog
1239 2145 1295 2198 et
1323 2142 1550 2216 Magog,
1576 2149 1633 2200 et
1658 2145 1730 2200 de
1758 2145 2011 2217 praemiis
2035 2146 2101 2216 ju

2322 2134 2508 2206 (Vers.
2544 2136 2657 2205 44.)
2693 2156 2720 2186 ‹‹
2742 2135 2799 2190 Si
2831 2134 3148 2190 timueritis
3174 2136 3513 2203 Dominum,
3572 2140 3629 2192 et
3681 2134 3849 2191 seriis-

493 2228 719 2281 storum
750 2231 807 2283 et
846 2246 1015 2300 pugna
1044 2229 1382 2301 impiorum,
2252 2224 2379 2279 ritis
2408 2224 2480 2293 ei,
2510 2230 2567 2279 et
2596 2223 2899 2279 audieritis
2929 2241 3123 2280 vocem
3148 2225 3299 2295 ejus,
3328 2229 3385 2280 et
3415 2242 3533 2281 non
3591 2240 3851 2297 exaspera-

567 2314 755 2387 (Verg,
803 2316 885 2389 7,)
918 2340 947 2367 «
1004 2319 1247 2383 Quando
1301 2337 1437 2391 ergo
1490 2322 1751 2378 venerint
1809 2323 1978 2396 signa
2021 2324 2144 2379 haec
2250 2313 2449 2368 veritis
2471 2330 2535 2367 os
2566 2313 2815 2369 Domini.
2850 2335 2878 2364 »
2911 2313 2987 2369 Os
3010 2314 3262 2381 Domini,
3295 2314 3437 2369 dicit
3464 2331 3532 2371 os
3592 2314 3852 2387 propheta-

497 2398 696 2459 omnia
722 2404 849 2471 tibi,
884 2405 972 2461 fac
1003 2424 1364 2482 quaecunque
1412 2409 1696 2465 invenerit
1753 2428 1963 2466 manus
2018 2418 2142 2477 tua,
2253 2419 2405 2469 ιύῐη,
2442 2402 2539 2473 qui
2580 2419 2648 2457 ex
2678 2419 2775 2457 0P8
2808 2402 3060 2469 Domini.
3091 2404 3500 2475 loquebantur.

495 2492 637 2564 quia
664 2492 817 2549 Deus
845 2497 1038 2550 tecum
1070 2499 1182 2552 est.
1227 2520 1255 2546 ››
1302 2503 1378 2552 Ac
1427 2497 1475 2553 si
1520 2498 1767 2556 diceret:
1808 2500 1899 2556 his
1960 2500 2108 2574 signi

2325 2492 2482 2564 (Cap.
2516 2492 2663 2547 XIII.
2700 2520 2754 2533 —-
2790 2492 2947 2547 Vers.
2981 2492 3060 2562 4.)
3094 2494 3107 2526 ¹
3140 2494 3216 2564 (b)
3241 2513 3268 2546 α
3301 2493 3488 2549 Filius
3544 2493 3713 2550 unius
3753 2490 3860 2547 anni

499 2597 674 2637 nosse
702 2582 942 2654 poteris,
975 2583 1114 2655 quia
1143 2584 1327 2641 Deum
1360 2591 1415 2642 te
1447 2604 1637 2659 regem
1664 2590 1784 2645 fore
1817 2588 2016 2645 voluit.
2074 2592 2146 2646 Et
2254 2587 2378 2636 erat
2406 2582 2545 2637 Saul
2575 2598 2706 2636 cum
2767 2598 3010 2653 regnare
3069 2582 3360 2654 coepisset-
3408 2583 3653 2639 Duobus
3706 2586 3860 2637 autem

499 2669 719 2726 idcirco
749 2671 821 2727 ad
854 2674 1055 2729 omnia
1079 2691 1205 2745 qua:
1245 2675 1349 2730 tibi
1399 2677 1626 2749 agenda
1679 2684 1817 2734 sunt
1872 2679 2147 2751 regaliter
2255 2671 2427 2726 anilis
2486 2669 2750 2743 regnavit
2805 2686 2983 2743 δωρον
3031 2671 3226 2727 Ῑεΐᾶϐίο
3266 2694 3294 2721 »
3333 2671 3462 2727 Non
3522 2673 3597 2728 de
3644 2668 3859 2727 ISbOSGi-h

499 2773 608 2831 age
628 2758 768 2831 quia
787 2764 940 2817 Deus
969 2766 1159 2817 tecum
1194 2768 1300 2819 est.
2257 2759 2376 2816 tilio
2406 2759 2560 2826 Saul,
2594 2760 2695 2815 sed
2719 2760 2789 2815 de
2805 2760 3007 2815 eodem
3038 2760 3211 2815 Saule
3232 2760 3456 2816 dictum
3492 2767 3584 2817 est
3626 2761 3743 2816 hoc.
3792 2758 3860 2813 Sic

572 2848 758 2920 (Vers.
781 2850 859 2921 8.)
891 2874 919 2901 ‹‹
952 2852 1021 2906 Et
1075 2852 1394 2909 descendcs
1440 2859 1573 2909 ante
1618 2872 1709 2911 me
1766 2856 1825 2911 in
1857 2855 2098 2930 Galgala
2130 2874 2143 2911 :
2257 2849 2412 2904 enim
2446 2854 2571 2904 erat
2600 2848 2905 2914 innocens,
2937 2849 3173 2920 quando
3204 2866 3451 2922 regnare
3498 2849 3692 2922 cmpit,
3743 2848 3861 2903 sicut

501 2950 609 3009 ego
629 2938 848 3011 quippe
877 2939 1225 2996 descendam
1254 2943 1323 2997 ad
1350 2952 1401 2998 le
1422 2947 1485 2998 ut
1514 2944 1723 3000 offeras
1769 2945 2144 3015 oblationem,
2257 2937 2415 2993 ﬁlius
2437 2938 2719 2993 estunius
2745 2937 2968 3006 anni,et
2998 2937 3053 2992 in
3080 2939 3280 2994 eadem
3311 2938 3647 2995 innocentia
3676 2938 3861 2993 duobus

501 3029 559 3080 et
587 3023 858 3083 immoles
887 3028 1156 3086 victimas
1186 3032 1477 3103 pacificas.
1511 3034 1739 3105 Septem
1790 3034 1998 3091 diebus
2057 3049 2148 3089 ex-
2257 3042 2533 3098 regnasse
2564 3026 2735 3082 annis
2766 3026 2998 3081 dicitur.

498 3115 791 3187 spectabis
814 3118 998 3172 donec
1044 3119 1269 3175 veniam
1313 3121 1383 3175 ad
1435 3126 1510 3189 te,
1572 3126 1629 3177 et
1679 3124 1980 3181 ostendam
2035 3121 2141 3177 tibi
2183 3182 2215 3189 _
2329 3115 2510 3185 (Vers.
2543 3118 2596 3183 3,
2640 3117 2759 3187 i-)«
2789 3116 2948 3179 Quod
3010 3133 3140 3170 cum
3213 3116 3523 3172 audissent
3569 3115 3860 3177 Pbilisiiim.

500 3182 632 3274 quas
665 3205 866 3261 facias.
901 3206 1146 3262 Videtur
1167 3182 1521 3279 quibusdam
1553 3208 2142 3284 inculpabiliterSaul
2174 3182 2216 3247 C
2254 3182 2391 3260 Saul
2413 3182 2623 3260 cecinit
2648 3182 2892 3261 buccina
2913 3206 2971 3260 in
2996 3204 3154 3260 omni
3185 3208 3359 3270 terra,
3390 3206 3598 3261 dicens
3624 3204 3863 3261 :Audiant

498 3291 784 3347 obtulisse
816 3294 1244 3359 holocaustum,
1302 3315 1435 3354 cum
1484 3300 1719 3357 Samuel
1772 3305 2141 3373 exspectatus
2248 3293 2493 3349 Hebraei.
2527 3296 2594 3349 Et
2624 3294 2932 3349 universus
2988 3294 3165 3350 Israel
3226 3294 3453 3349 audivit
3492 3291 3860 3367 hujuscemodi

498 3378 572 3434 ab
597 3381 876 3451 eo,juxta
897 3381 1178 3454 placitum
1208 3391 1431 3457 septem
1464 3389 1693 3444 dierum
1742 3407 1856 3445 non
1898 3390 2135 3445 venerit.
2249 3384 2465 3440 famam
2493 3401 2505 3439 :
2540 3383 2830 3456 percussit
2883 3383 3022 3439 Saul
3052 3383 3362 3439 stationem
3393 3383 3859 3440 Pbilistinorum.-

496 3467 656 3531 Quod
682 3469 729 3523 si
764 3469 896 3542 quis
927 3472 1084 3527 hunc
1113 3472 1303 3530 locum
1351 3476 1497 3531 bene
1563 3478 1916 3544 dixtinxerit,
1978 3478 2135 3533 inve-
2247 3473 2341 3528 Sic
2371 3472 2525 3528 enim
2552 3471 2993 3543 intelligendum
3026 3477 3134 3541 est,
3187 3472 3341 3543 quod
3400 3488 3538 3527 cum
3603 3472 3861 3527 audissent

494 3556 616 3613 niet
643 3574 777 3614 eum
811 3577 927 3615 non
960 3562 1254 3620 immerito
1276 3565 1579 3638 culpatum
1612 3567 1795 3623 fuisse
1824 3573 1881 3623 et
1936 3568 2135 3623 inobe.
2247 3559 2581 3627 Pbilistiim,
2613 3559 2987 3625 subauditur,
3020 3560 3347 3615 conturbati
3385 3566 3549 3615 sunt.
3593 3560 3724 3616 Saul
3750 3560 3857 3613 ceci-

491 3644 743 3703 dientem
763 3649 1162 3721 radat-gutum.
1195 3653 1381 3710 Locus
1420 3660 1615 3712 autem
1672 3656 1765 3712 hic
1815 3658 1967 3729 apud
2021 3657 2133 3712 He-
2243 3652 2330 3704 m't
2362 3650 2607 3704 buccina.
2638 3653 2768 3703 Haec
2800 3648 3049 3703 buccina
3095 3647 3332 3719 signum
3389 3649 3645 3706 victoriae
3698 3654 3749 3705 et
3787 3663 3858 3702 ex-

487 3733 675 3790 hrmos
703 3736 785 3792 ita
814 3737 1232 3814 distinguitur:
1270 3765 1296 3792 ‹‹
1323 3742 1388 3797 Et
1417 3743 1735 3800 descendes
1768 3751 2016 3802 anteme
2072 3748 2131 3802 in
2243 3738 2592 3794 hortationis
2641 3738 2771 3803 fuit,
2819 3737 3211 3793 utaudirent
3256 3742 3315 3793 et
3373 3744 3621 3794 nossent
3682 3732 3858 3792 Hebr-ei

488 3821 762 3896 Galgala:
804 3842 910 3898 ego
943 3828 1159 3900 quippe
1190 3831 1541 3888 descendam
1564 3833 1634 3887 ad
1669 3837 1743 3888 te.
1780 3855 1807 3883 ››
1837 3834 1904 3888 Et
1934 3846 2133 3905 postea
2241 3827 2617 3883 conturbatos
2644 3831 2699 3881 et
2721 3833 3024 3898 superatos
3047 3843 3175 3882 esse
3207 3826 3556 3883 Pbilistaeos.
3592 3828 3862 3899 Propterea

485 3911 770 3969 infertur:
797 3938 823 3963 ‹‹
859 3917 941 3970 Ad
977 3918 1307 3974 offerendas
1332 3918 1657 3977 oblationes
1714 3928 1769 3977 et
1825 3923 2132 3979 immolan-
2240 3916 2507 3988 sequitur
2538 3933 2551 3971 :
2586 3940 2612 3965 «
2645 3917 2711 3971 Et
2751 3915 3062 3971 universus
3094 3915 3272 3971 Israel
3298 3916 3525 3971 audivit
3555 3911 3858 3987 bujusmodi

487 4000 594 4056 das
617 4001 881 4058 victimas
905 4006 1198 4076 pacificas,
1224 4014 1447 4081 septem
1479 4009 1687 4066 diebus
1740 4012 2125 4083 exspectabis,
2240 4005 2457 4060 famam
2484 4022 2498 4060 :
2534 4004 2825 4060 Percussit
2854 4004 2989 4059 Suul
3024 4004 3334 4059 stationem
3369 4003 3811 4060 Philistinorum.
3836 4024 3856 4047 υ

487 4089 673 4147 donec
697 4091 924 4148 veniam
958 4095 1029 4150 ad
1062 4100 1138 4163 te,
1173 4101 1229 4151 et
1259 4099 1562 4154 ostendam
1596 4100 1702 4154 tibi
1729 4118 1855 4172 qua;
1889 4101 2126 4157 facias,»
2238 4092 2339 4149 Hic
2371 4093 2545 4148 rebus
2575 4092 3280 4165 compertis,confortatus
3322 4098 3413 4149 est
3443 4093 3627 4149 Israel
3658 4096 3858 4165 propter

486 4177 613 4235 Non
665 4178 822 4236 enim
859 4182 1116 4253 Samuel,
1180 4203 1353 4242 suum
1418 4188 1736 4259 prmstolari
1810 4190 2124 4246 adventum
2238 4181 2461 4237 boc.Et
2491 4181 2792 4252 sequitur;
2828 4204 2854 4232 «
2923 4183 2992 4236 Et
3044 4181 3224 4238 erexit
3271 4199 3333 4238 se
3384 4181 3564 4238 Israel
3618 4182 3856 4238 adversus

487 4267 647 4325 Sauli
703 4273 924 4340 septem
967 4272 1196 4329 dierum
1243 4280 1504 4347 tempore
1560 4278 1849 4350 praecepit,
1910 4280 2009 4334 sed
2054 4281 2125 4335 ad
2238 4268 2585 4339 Pbilistaaos,
2619 4290 2646 4318 »
2682 4269 2739 4325 id
2798 4275 2887 4325 est
2929 4269 3186 4350 viriliter,
3232 4270 3406 4343 carpit
3464 4286 3641 4343 agere
3694 4270 3857 4324 contra

486 4357 812 4414 offerendas
868 4359 1219 4432 oblationes,
1276 4368 1333 4419 et
1388 4348 1780 4422 immolandas
1863 4367 2098 4424 victima

1575 4348 1780 4422 laudas
1863 4367 2130 4426 victimas
2237 4357 2585 4414 PhiliSM‘OS-
3181 4348 3188 4356 ’

482 4444 778 4537 pacificos,
841 4463 903 4503 se
953 4449 1024 4505 ab
1086 4468 1153 4506 eo
1203 4452 1426 4508 eisdem
1484 4459 1706 4525 septem
1752 4455 1958 4512 diebus
2027 4474 2127 4512 vo-
2307 4465 2489 4537 (Vers.
2522 4466 2575 4519 6.
2611 4466 2678 4536 )‹‹
2710 4466 2870 4531 Quod
2906 4482 3038 4520 cum
3071 4466 3356 4521 vidissent
3386 4465 3488 4521 filii
3520 4465 3694 4523 Israel
3723 4466 3783 4535 (c)
3806 4477 3853 4517 se

480 4531 592 4628 luit
647 4536 1024 4628 exspectari:
1045 4539 1206 4602 Quod
1254 4539 1355 4595 ille
1418 4557 1788 4614 nequaquam
1868 4546 2022 4610 fecit,
2074 4552 2129 4601 et
2160 4550 2205 4613 D
2238 4531 2483 4609 in‘arcto
2518 4531 2740 4625 positos
2769 4572 2782 4607 :
2819 4553 3072 4608 afﬂictus
3103 4554 3259 4609 enim
3292 4560 3415 4609 erat
3445 4554 3700 4628 populus
3720 4531 3736 4609 εγ
3752 4531 3855 4607 abs-

480 4620 611 4681 ideo
669 4623 876 4681 merito
935 4625 1227 4699 culpatur,
1282 4634 1341 4685 et
1395 4629 1654 4686 stultitia:
1711 4631 1896 4705 elogio
1954 4634 2126 4690 deno-
2239 4620 2556 4698 conderent
2586 4659 2648 4697 se
2678 4642 2737 4697 in
2773 4641 3070 4713 speluncis
3102 4642 3241 4698 etin
3288 4620 3541 4711 abdit-is:
3582 4644 3640 4699 in
3707 4641 3853 4714 petris

478 4714 659 4803 W4}?-
2237 4747 2471 4803 qucque
2492 4730 2628 4787 etin
2678 4731 2887 4796 antris,
2920 4735 2978 4787 et
3007 4731 3065 4785 in
3096 4731 3388 4788 cisternis.
3422 4731 3646 4789 Hebraei
3690 4734 3851 4788 autem

550 4800 737 4873 (Vers.
776 4802 887 4873 12.)
944 4827 973 4854 ‹‹
1027 4805 1464 4879 Responditque
1507 4807 1652 4864 alter
1708 4810 1778 4866 ad
1854 4810 2125 4882 alterum,
2235 4800 2599 4874 transierunt
2627 4819 2943 4875 Jordanem
2976 4819 3035 4874 in
3071 4823 3287 4876 terram
3307 4820 3431 4877 Gad
3454 4825 3509 4876 et
3556 4818 3849 4878 Galaatbu

479 4888 680 4946 dicens
713 4907 727 4946 :
755 4895 823 4947 Et
854 4891 989 4965 quis
1036 4898 1203 4965 pater
1246 4911 1448 4951 eorum
1485 4899 1561 4951 Ρ»
1615 4900 1693 4955 Ac
1750 4900 1796 4955 si
1860 4901 2079 4959 diceret
2107 4922 2126 4958 :
2235 4908 2295 4963 Si
2328 4924 2388 4964 se
2421 4907 2731 4963 abscondit
2752 4908 2828 4979 (d)
2862 4907 3034 4964 Israel
3068 4908 3126 4963 in
3149 4907 3405 4981 praefatis
3428 4908 3593 4978 locis,
3625 4908 3756 4982 quid
3783 4906 3851 4961 est

544 5049 597 5144 ξ-
620 5050 1227 5144 Praeposterusmqrdo
1246 5055 1694 5144 Spicapitulorum
1727 5130 1742 5144 ‘
1764 5066 1982 5144 eastat‘
2014 5066 2124 5144 hoc
2233 5084 2360 5140 quae
2391 5068 2461 5124 ad
2487 5073 2663 5140 caput
2691 5068 2983 5126 decimum
3011 5074 3069 5126 et
3122 5069 3533 5128 duodecimum
3593 5069 3845 5144 pertinere

474 5118 622 5201 loco,
656 5118 792 5201 nam
814 5123 991 5201 verbo.
1018 5118 1412 5201 isthmqinitib
1441 5128 1678 5201 capituli
1709 5118 1947 5189 decimii
1968 5118 2121 5193 tertii
2235 5118 2581 5198 ﬁeeedﬁtui‘;

472 5190 770 5263 leguntur,
795 5212 929 5252 cum
960 5200 1159 5252 tamen
1182 5196 1296 5254 alia
1324 5190 1750 5273 consequenter
1777 5205 1967 5275 posita
1980 5190 2118 5277 sint,

543 5334 621 5403 (α)
655 5336 714 5389 In
751 5352 880 5392 meo
912 5354 1048 5407 ms.,
1082 5340 1214 5408 Quis
1238 5343 1418 5413 major
1437 5341 1670 5400 illorum
1726 5346 1785 5400 in
1825 5345 2116 5417 dignitate,
2227 5355 2343 5409 viri
2360 5355 2548 5409 Israel.

468 5406 619 5499 “9-”
650 5477 860 5499 mLﬂ
890 5478 1003 5499 LM
1323 5406 1338 5413 ⁷
1755 5490 1765 5499 ⁸
1883 5406 1908 5416 ν
1980 5492 2013 5499 __
2104 5406 2115 5417 ’
2233 5406 2569 5499 “(diApud
2606 5424 3175 5499 Rabanumﬂuwstio
3212 5444 3321 5483 non
3351 5426 3583 5499 indigna
3609 5425 3838 5499 oboritur.

541 5477 1009 5568 tblvideahec
1029 5484 1224 5568 manu
1243 5500 1504 5563 .suo.non
1525 5490 1872 5556 ρνεεροειετο
1893 5492 2111 5562 ordine,
2229 5498 2282 5552 εί
2299 5477 2383 5551 ne;
2405 5477 2584 5551 se}.
2607 5477 2974 5563 tamen:
2990 5477 3164 5563 "ea:
3191 5477 3761 5568 aaaaaazi"em
3781 5477 3839 5547 ω

468 5547 1275 5640 βαρ-ςεηβξδξρρξωιξίξοίξαιήξ·
1641 5547 1660 5556 ’
2228 5547 3161 5640 suam};'A’tscatasgansaaa.
3194 5573 3305 5626 etc.

539 5619 613 5693 (ο)
641 5623 785 5678 Cum
814 5621 1047 5697 vulgato
1075 5622 1390 5694 interprete
1408 5626 1603 5695 ;meus
1659 5642 1798 5701 ms.,
1857 5633 2115 5694 Vidissem
