4070 6166
196 255 316 322 μοι
1130 250 1436 329 numer.
1487 249 1847 317 sesamo.
1897 251 1975 314 1N
2021 252 2170 315 LIB.
2219 254 2241 315 1
2288 252 2588 318 aecum.
3403 223 3562 313 me

193 393 333 468 quod.
366 392 478 448 ait:
540 393 768 450 Hebraei
823 398 1007 448 autem
1075 391 1414 446 transierunt
1487 387 1802 444 Iordanem.
1835 386 1889 452 Α

192 482 475 540 Absconsis
506 482 664 538 enim
712 481 1066 554 quibusdam
1115 477 1398 534 Israelitis
1442 477 1541 549 qui
1582 475 1718 532 Saul
1752 480 1809 530 et

192 571 440 645 populum
493 569 592 641 qui
643 586 776 625 cum
823 585 888 624 eo
938 571 1080 634 erat,
1116 566 1508 637 reliquerant:
1539 563 1807 636 quaedam

189 678 302 734 pars
348 676 546 716 eorum
621 658 722 730 qui
781 657 873 712 hic
952 655 1171 711 Hebraei
1252 659 1537 710 vocantur
1602 652 1811 707 timore

190 749 469 823 perterriti,
530 748 870 803 defecerunt
928 763 961 800 a
1014 743 1151 800 Saul
1209 748 1264 799 et
1312 761 1346 798 a
1376 741 1512 798 viris
1545 741 1809 813 quicum

191 856 246 896 eo
316 842 473 893 erant
564 843 620 891 et
703 835 1128 890 descenderunt
1205 834 1261 886 in
1337 837 1527 886 castra
1606 830 1810 886 Philis-

189 929 316 986 tiim.
369 928 548 990 Quem
605 924 798 980 locum
857 923 927 978 ad
987 921 1430 994 intelligendum
1490 919 1705 975 clarius
1755 923 1814 974 et

191 1016 531 1075 manifestius
563 1014 870 1086 sequentia
912 1014 1337 1081 demonstrant,
1368 1010 1425 1064 in
1460 1027 1524 1065 eo
1559 1009 1680 1065 loco
1715 1008 1813 1064 ubi

191 1107 289 1162 ait:

250 1196 389 1266 (Cap.
431 1192 565 1248 XIV.
605 1191 855 1245 —~Vers.
915 1192 1004 1256 21,
1063 1192 1176 1258 22.)
1241 1190 1412 1244 «Sed
1473 1192 1530 1243 et
1589 1187 1811 1243 Hebraei

189 1284 272 1354 qui
302 1283 523 1337 fuerant
552 1299 681 1335 cum
738 1280 1051 1334 Pbilistiim
1103 1281 1174 1334 ab
1208 1279 1329 1334 heri
1387 1284 1442 1332 et
1478 1278 1814 1332 nudiuster-

191 1374 308 1442 tius,
337 1371 839 1441 ascenderuntque
894 1385 1026 1424 cum
1077 1369 1160 1423 eis
1210 1369 1266 1422 in
1317 1368 1547 1432 castris,
1599 1365 1814 1422 reversi

190 1465 309 1518 sunt
335 1465 396 1514 ut
426 1464 624 1514 essent
667 1477 801 1513 cum
856 1457 1054 1522 Israel,
1105 1456 1202 1528 qui
1237 1463 1402 1510 erant
1431 1473 1564 1510 cum
1597 1453 1729 1509 Saul
1761 1464 1818 1508 et

189 1549 476 1606 Jonathan.
511 1549 726 1603 Omnes
774 1563 1008 1619 quoque
1056 1547 1139 1616 (At
1183 1545 1340 1616 ergo)
1391 1544 1682 1610 Israelitae,
1718 1542 1816 1614 qui

191 1656 243 1696 se
290 1638 707 1694 absconderant
758 1637 817 1690 in
880 1641 1078 1690 monte
1155 1633 1452 1705 Ephraim,
1514 1632 1817 1687 audientes

1990 390 2171 462 (Vers.
2232 391 2346 459 38.)
2408 413 2434 441 «
2493 390 2764 463 Dixitque
2817 388 2953 447 Saul
3025 409 3037 460 ;
3100 388 3395 462 Applicate
3450 386 3567 443 huc

1919 480 2221 536 universos
2253 479 2498 552 angulos
2530 479 2750 552 populi.
2790 503 2809 528 ι»
2863 478 3124 551 Angulos
3152 477 3373 550 populi,
3405 475 3564 549 prin-

1918 568 2077 641 cipes
2115 569 2315 642 pepuli
2363 573 2549 635 vocat,
2605 569 2821 642 quibus
2869 568 3022 624 idem
3073 568 3324 641 populus
3375 565 3567 623 adhae-

1921 658 2101 713 rebat.

1990 748 2148 818 (Cap.
2180 747 2294 802 XV.
2330 779 2395 788 —
2423 748 2586 803 Vers.
2620 748 2697 820 3.)
2733 749 2900 803 Nunc
2929 764 3065 819 ergo
3092 747 3238 802 vade
3259 749 3314 802 et
3335 747 3571 817 percute

1919 836 2174 902 Amalec,
2209 841 2265 891 et
2316 837 2597 893 demolire
2641 837 2916 892 universa
2947 837 3096 907 ejus.
3129 837 3254 892 Non
3289 852 3494 906 parcas
3521 835 3572 889 ei

1922 927 2024 982 sed
2067 926 2323 982 interfice
2354 945 2386 982 a
2429 928 2550 982 viro
2584 943 2768 998 usque
2800 927 2870 998 ad
2914 925 3240 989 mulierem,
3283 927 3338 979 et
3369 939 3575 996 parvu-

1924 1014 2045 1068 lum
2078 1018 2252 1085 atque
2281 1015 2613 1080 lactentem,
2645 1017 2849 1072 bovem
2892 1020 2948 1070 et
2979 1031 3166 1081 ovem,
3200 1019 3256 1069 et
3286 1013 3575 1068 camelum

1924 1108 1981 1158 et
2011 1104 2265 1169 asinum,
2299 1109 2472 1175 atque
2495 1105 2784 1175 jumenta.
2820 1127 2847 1155 »
2883 1105 3016 1160 Ideo
3066 1108 3262 1159 autem
3297 1101 3579 1156 Dominus

1915 1193 2186 1263 jumenta
2217 1192 2450 1248 Amalec
2471 1193 2945 1263 demolirijubet,
2969 1198 3033 1247 ut
3069 1209 3172 1247 nec
3216 1190 3581 1261 injumentis

1925 1283 2053 1352 ejus
2112 1283 2392 1337 memoria
2452 1283 2630 1342 ﬁeret.
2693 1283 2980 1338 Dominus
3041 1285 3197 1336 enim
3256 1281 3481 1335 dixerat
3519 1295 3582 1334 se

1925 1370 2251 1426 deleturum
2287 1372 2627 1426 memoriam
2657 1371 2892 1427 Amalec
2925 1373 2994 1426 de
3025 1371 3134 1426 sub
3167 1370 3327 1425 ccelo.
3360 1368 3580 1424 Idcirco

1928 1459 2261 1532 praecipitur
2289 1460 2468 1528 Sauli,
2502 1466 2566 1516 ut
2597 1478 2729 1521 eum
2765 1461 2993 1532 penitus
3026 1461 3097 1514 ab
3130 1459 3368 1515 homine
3398 1472 3584 1529 usque

1927 1549 1998 1604 ad
2042 1550 2313 1619 jumenta
2367 1549 2603 1605 deleret.
2648 1552 2754 1606 Sed
2803 1551 2942 1621 quia
3001 1551 3130 1619 ejus
3183 1546 3491 1616 memoria,
3523 1545 3582 1600 id

1927 1643 2017 1693 est
2047 1637 2294 1704 Amalec,
2330 1638 2560 1709 penitus
2612 1637 2800 1693 deleta
2847 1655 2962 1692 non
2998 1637 3123 1701 fuit,
3157 1635 3350 1691 Saulis
3381 1651 3582 1706 pecca-

190 1728 324 1802 quod
356 1727 642 1824 fugissent
674 1725 1010 1794 Philistiim,
1044 1723 1412 1778 sociaverunt
1442 1739 1503 1777 sc
1535 1739 1667 1778 cum
1693 1720 1818 1776 suis
1850 1759 1896 1824 Β
1929 1731 2054 1781 tum
2109 1735 2163 1781 et
2187 1727 2582 1782 inobedientia
2610 1726 2668 1781 in
2694 1743 2872 1782 causa
2902 1725 3140 1782 exstitit.
3174 1725 3254 1780 De
3279 1740 3393 1796 quo
3414 1725 3586 1778 Ama-

189 1817 242 1871 in
274 1815 479 1888 praalio.

254 1908 428 1975 (Vers.
460 1903 574 1972 32.)
608 1907 670 1956 Et
707 1918 912 1956 versus
961 1901 1030 1954 ad
1089 1900 1364 1971 praedam,
1413 1898 1549 1954 tulit
1608 1916 1740 1954 oves
1770 1904 1828 1954 et

188 1994 366 2059 boves,
399 1997 454 2046 et
483 1990 716 2057 vitulos,
755 1996 810 2045 et
859 1992 1260 2044 mactaverunt
1307 1988 1365 2042 in
1416 1992 1592 2055 terra,
1636 2005 1825 2042 come-

188 2082 374 2154 diique
406 2081 658 2153 populus
686 2097 820 2134 cum
855 2079 1159 2150 sanguine.
1198 2101 1223 2125 »
1248 2077 1370 2132 Non
1396 2076 1527 2130 fecit
1549 2075 1828 2147 populum

190 2170 406 2226 irgitum
439 2169 872 2239 juramentum,
928 2183 1043 2237 quo
1095 2183 1193 2222 eos
1246 2166 1385 2221 Saul
1437 2166 1826 2236 adjuraverat,

191 2259 374 2314 dicens
401 2276 412 2313 :

263 2349 439 2420 (Vers.
495 2348 608 2418 24.)
670 2368 697 2394 ‹‹
759 2344 1107 2400 Maledictus
1184 2344 1270 2397 vir
1346 2343 1442 2414 qui
1519 2343 1834 2398 comederit

196 2453 391 2510 panem
426 2453 614 2507 usque
645 2436 713 2490 ad
749 2451 1073 2505 vesperam,
1129 2433 1310 2488 donec
1359 2431 1607 2487 ulciscar
1637 2448 1729 2487 me
1763 2432 1835 2486 de

195 2525 440 2581 inimicis
472 2525 656 2590 meis;
695 2547 722 2572 »
782 2523 922 2595 quia
977 2522 1218 2577 victoria
1269 2523 1392 2591 jam
1428 2522 1592 2592 potiti
1627 2527 1830 2577 erant:

195 2616 289 2670 sed
320 2629 590 2686 peccasse
622 2611 870 2667 Domino
901 2617 957 2667 et
999 2627 1131 2666 cum
1175 2611 1463 2682 sanguine
1514 2610 1836 2666 comedisse

193 2704 498 2760 dicuntur:
536 2701 673 2774 quia
702 2706 904 2756 contra
937 2699 1080 2772 legis
1131 2705 1483 2771 praeceptum
1521 2703 1835 2770 antequam

192 2791 548 2849 sacrificium
575 2789 970 2862 vespertinum
1008 2793 1400 2861 perageretur,
1435 2789 1834 2844 comederunt.

192 2884 283 2940 Sic
332 2883 527 2952 itaque
579 2897 722 2935 usus
784 2884 928 2946 erat,
983 2883 1044 2933 ut
1082 2879 1314 2949 quando
1349 2877 1729 2933 homicidium
1765 2877 1836 2932 ab

189 2973 295 3040 eis,
327 2977 427 3026 aut
457 2971 514 3024 in
549 2970 694 3039 suis,
730 2973 832 3023 aut
862 2968 922 3022 in
953 2967 1163 3022 exteris
1197 2967 1390 3031 fiebat,
1424 2970 1487 3020 ut
1517 2983 1630 3021 non
1654 2983 1840 3022 come-

192 3063 388 3117 derent
419 3063 730 3130 antequam
771 3056 1125 3112 sacrificium
1176 3056 1575 3126 vespertinum
1622 3072 1725 3126 pro
1757 3055 1840 3111 eis

1935 1815 2023 1871 lee
2054 1815 2136 1870 ita
2159 1815 2217 1870 in
2253 1815 2400 1871 libro
2433 1815 2867 1871 Deuteronomii
2900 1815 3148 1870 dicitur:
3182 1814 3442 1869 Memento
3473 1828 3590 1882 qua:

1935 1907 2124 1976 fecerit
2179 1906 2282 1960 tibi
2337 1907 2553 1961 Amalec
2611 1907 2668 1960 in
2726 1907 2817 1961 via
2868 1905 3086 1976 quando
3125 1902 3497 1972 egrediebaris
3524 1917 3593 1956 ea:

1936 1997 2201 2065 [Egyptoz
2262 1995 2524 2066 quomodo
2601 1996 2899 2050 occurrerit
2986 1993 3106 2058 tibi,
3189 1995 3241 2046 et
3321 1995 3592 2046 extremos

1936 2085 2176 2152 agminis
2231 2084 2319 2136 tui
2372 2084 2468 2152 qui
2525 2083 2657 2137 lassi
2709 2082 3037 2145 residebant,
3095 2079 3350 2135 ceciderit
3408 2079 3587 2148 (Deut.

1937 2189 2065 2240 xxv,
2102 2172 2189 2242 17,
2227 2172 2330 2241 18).
2371 2175 2576 2227 Lassos
2606 2171 2702 2226 hic
2743 2170 2962 2226 Hebraei
3004 2168 3344 2224 immundos
3377 2183 3590 2222 secun-

1941 2261 2080 2315 dum
2115 2259 2300 2331 legem
2335 2264 2495 2316 extra
2519 2265 2709 2315 castra
2730 2263 3034 2315 manentes
3059 2255 3417 2328 intelligunt,
3445 2271 3594 2327 quos

1944 2349 2225 2405 cecidisse
2285 2348 2614 2404 Amalecitze
2674 2349 2972 2415 dicuntur,
3042 2344 3200 2418 quia,
3272 2343 3426 2400 sicut
3481 2341 3594 2414 ipsi

1941 2439 2204 2504 tradunt,
2278 2455 2476 2494 eorum
2563 2437 3069 2493 circumcisionem
3145 2435 3598 2506 amputaverunt

1943 2532 2001 2581 et
2055 2527 2112 2581 in
2173 2526 2694 2582 subsannationem
2743 2525 2866 2593 Dei,
2941 2526 3000 2580 in
3071 2522 3283 2580 cmlum
3343 2521 3598 2595 projece-

1944 2621 2100 2671 runt.

2017 2706 2206 2778 (Vers.
2240 2707 2319 2778 6.)
2357 2729 2382 2755 ‹‹
2414 2705 2682 2778 Dixitque
2712 2704 2850 2761 Saul
2883 2703 3093 2772 Cinaeo,
3139 2701 3315 2770 abite,
3348 2699 3597 2757 recedite

1947 2798 2122 2864 atque
2160 2793 2464 2861 discedite,
2518 2811 2588 2849 ne
2627 2794 2771 2848 forte
2820 2792 3105 2848 involvam
3137 2795 3193 2846 te
3223 2807 3357 2845 cum
3391 2805 3477 2844 eo.
3507 2787 3593 2842 Tu

1948 2881 2104 2937 enim
2163 2882 2347 2938 fecisti
2408 2883 2868 2938 misericordiam
2929 2897 3063 2936 cum
3127 2879 3400 2935 omnibus
3459 2876 3598 2932 ﬁliis

1949 2971 2148 3038 Israel,
2205 2989 2338 3027 cum
2391 2973 2769 3028 escenderent
2827 2971 2897 3026 de
2954 2971 3212 3042 /Egypto.
3248 2989 3274 3016 ι»
3307 2966 3442 3022 Ceni
3473 2965 3599 3038 ipse

1951 3066 2040 3116 est
2067 3061 2268 3117 Jethro
2317 3065 2601 3132 cognatus
2648 3061 2852 3132 Moysi,
2895 3060 2966 3114 de
3000 3059 3169 3128 cujus
3201 3072 3409 3128 genere
3434 3059 3602 3110 erant

188 3151 371 3206 ﬁeret.
419 3124 605 3202 Aliter
656 3163 924 3218 peccasse
973 3144 1216 3201 Domino
1265 3124 1320 3200 et
1349 3124 1674 3200 comedisse
1703 3161 1836 3200 cum
1870 3124 1913 3192 (ἶ
1950 3150 2121 3204 Cinaei
2155 3150 2254 3222 qui
2287 3124 2709 3206 descenderant
2738 3124 2808 3203 ad
2840 3124 3112 3214 VAmalcc,
3163 3124 3231 3201 et
3261 3143 3605 3198 habitabant

188 3238 474 3310 sanguine
497 3236 733 3291 dicunt:
761 3235 922 3305 quia,
950 3233 1215 3288 mactatis
1242 3232 1521 3298 victimis,
1541 3250 1652 3287 non
1677 3235 1840 3289 obtu-

186 3328 382 3384 lerunt
431 3325 501 3381 ad
560 3322 959 3379 sanctuarium
1022 3322 1423 3376 sacerdotibus
1472 3322 1641 3391 juxta
1693 3321 1839 3392 legis

189 3420 548 3490 praeceptum
597 3413 829 3484 adipem
881 3415 936 3466 et
985 3410 1358 3482 sanguinem,
1409 3426 1542 3464 cum
1574 3409 1840 3466 videlicet

185 3503 588 3560 sanctuarium
623 3517 821 3556 secum
855 3499 1157 3554 haberent.
1211 3498 1451 3562 Quando
1508 3497 1669 3552 locus
1703 3515 1838 3553 san-

183 3591 399 3650 ctuarii
429 3589 629 3664 procul
661 3594 802 3658 erat,
828 3588 1073 3659 jubetur
1103 3587 1212 3654 (At.
1237 3587 1579 3658 jubebatur)
1603 3585 1838 3658 sanguis

180 3682 559 3738 victimarum
589 3679 648 3734 in
678 3682 896 3733 terram
927 3676 1116 3746 fundi,
1149 3676 1218 3730 de
1251 3675 1342 3731 his
1381 3674 1646 3731 videlicet
1673 3675 1837 3730 victi—

179 3771 301 3826 mis
335 3785 481 3842 quas
543 3769 611 3822 ad
671 3783 810 3821 suos
871 3765 1058 3820 esus5
1121 3763 1544 3835 praeparabant.
1596 3763 1839 3828 Quando

174 3877 316 3916 vero
350 3857 750 3915 sanctuarium
784 3869 1041 3927 praesens
1071 3856 1214 3922 erat,
1243 3851 1483 3925 sanguis
1513 3852 1838 3907 hostiarum

174 3965 364 4021 super
395 3947 576 4002 altare
607 3943 838 4000 Domini
881 3944 1126 4014 jubetur
1174 3941 1360 4008 fundi,
1395 3943 1547 3996 sicut
1576 3945 1666 3996 est
1695 3939 1836 3995 illud

171 4039 234 4094 in
272 4037 428 4092 libro
482 4031 948 4091 Deuteronomii:
1002 4031 1338 4101 Sanguinem
1381 4031 1684 4098 hostiarum
1714 4038 1841 4084 tua-

168 4145 308 4184 rum
345 4125 544 4197 [undes
575 4125 636 4178 in
673 4123 863 4191 altari,
910 4121 1172 4176 carnibus
1220 4124 1404 4175 autem
1454 4121 1569 4189 ipse
1617 4120 1843 4173 vesceris

166 4217 366 4286 (Deut.
419 4231 520 4281 xu,
579 4213 693 4282 27),
757 4210 912 4282 quod
968 4209 1246 4281 praafatus
1299 4213 1492 4262 tamen
1552 4223 1666 4262 non
1712 4208 1845 4262 fecit

164 4303 482 4379 pepulus:
519 4318 754 4373 pecasse
799 4300 1011 4355 idcirco
1062 4297 1277 4353 dicitur
1327 4297 1591 4361 Domino,
1623 4301 1842 4352 etcum

164 4392 476 4464 sanguine
507 4390 850 4446 comedisse.

1950 3257 2082 3294 cum
2115 3256 2180 3295 eo
2237 3239 2338 3310 qui
2367 3242 2568 3310 utique
2600 3236 3075 3308 consanguineus
3115 3249 3316 3289 eorum
3349 3234 3473 3286 erat
3502 3249 3514 3286 :
3548 3233 3606 3285 et

1948 3327 2345 3383 hereditatem
2393 3328 2452 3382 in
2485 3328 2612 3396 ejus
2652 3331 2804 3381 terra
2834 3325 3103 3380 habebat.
3141 3319 3602 3377 Misericordiam

1949 3433 2081 3472 vero
2114 3417 2249 3470 Geni
2285 3433 2418 3470 cum
2453 3415 2588 3470 filiis
2622 3413 2797 3470 Israel
2831 3414 3035 3468 fecisse
3065 3398 3297 3476 dicitur,
3323 3409 3442 3464 sive
3464 3408 3603 3478 quia

1951 3503 2187 3576 Moysen
2223 3505 2360 3557 fovit
2391 3505 2448 3557 in
2473 3509 2625 3557 terra
2671 3503 2920 3569 Madian,
2967 3502 3086 3555 sive
3118 3499 3257 3570 quia
3285 3496 3601 3553 consilium

1949 3592 2108 3647 dedit
2137 3591 2318 3663 Moysi
2353 3590 2604 3662 qualiter
2655 3588 3094 3644 multitudinem
3143 3585 3342 3658 pepuli
3395 3583 3604 3656 guber-

1949 3685 2134 3736 naret.

2020 3769 2207 3838 (Vers.
2269 3769 2384 3836 42.)
2440 3767 2792 3823 Nuntiatum
2847 3770 2936 3820 est
2994 3768 3189 3820 autem
3249 3760 3507 3818 Samueli
3538 3777 3605 3816 eo

1954 3859 2107 3930 quod
2154 3857 2412 3914 venisset
2458 3856 2596 3913 Saul
2644 3856 2702 3910 in
2735 3853 3092 3919 Carmelum,
3134 3858 3191 3908 et
3221 3850 3498 3907 erexisset
3526 3848 3606 3904 ibi

1951 3947 2230 4003 fornicem
2257 3947 2331 4018 (lt)
2357 3945 2798 4018 triumphalem.
2835 3967 2863 3994 »
2895 3943 3137 4008 Quando
3164 3941 3404 3997 victoria
3426 3939 3605 4012 potie-

1955 4037 2189 4101 bantur,
2242 4036 2534 4092 faciebant
2583 4051 2780 4090 arcum
2839 4035 2911 4090 de
2958 4032 3164 4106 myrtis
3211 4037 3266 4087 et
3306 4029 3518 4102 palmis
3549 4032 3608 4084 et

1953 4126 2142 4197 olivis,
2174 4128 2246 4182 ob
2277 4126 2511 4198 signum
2545 4125 2814 4180 victoriaz.

2029 4217 2214 4287 (Vers.
2248 4217 2362 4286 21.)
2394 4238 2421 4265 ‹‹
2477 4214 2637 4270 Tulit
2667 4218 2862 4269 autem
2907 4210 3159 4284 pepulus
3190 4225 3322 4265 oves
3354 4212 3411 4263 et
3433 4207 3607 4263 boves

1961 4305 2252 4377 primitias
2293 4321 2494 4360 eorum
2545 4321 2671 4375 quae
2724 4318 2872 4357 caesa
2921 4303 3077 4357 sunt.
3131 4322 3159 4349 ››
3209 4296 3482 4354 Primitiae
3514 4296 3609 4352 hic

1958 4412 2026 4451 ea
2093 4412 2220 4466 quae
2286 4393 2512 4466 potiora
2566 4396 2623 4448 et
2689 4390 2928 4446 meliora
2993 4393 3176 4455 erant,
3219 4385 3605 4458 intelligenda:

248 4481 448 4554 (Vers.
483 4480 596 4551 35.)
641 4503 659 4526 α
714 4477 1038 4533 ίΕᾱὶῐὶοᾶνίτ
1087 4479 1283 4530 autem
1335 4474 1472 4529 Saul
1525 4474 1704 4530 altare
1735 4475 1828 4530 Do‘

1953 4492 2112 4541 sunt.

161 4571 368 4627 mino.
384 4570 548 4624 Tunc
567 4567 821 4640 primum
839 4562 1310 4636 cmpitzediﬁcare
1324 4563 1504 4618 altare
1527 4563 1792 4618 Domino.
1819 4587 1844 4613 ››

156 4660 463 4717 Hebraeus
509 4674 623 4712 non
675 4655 852 4710 habet
899 4669 1180 4726 primum.
1232 4653 1617 4718 Quaerendum
1649 4651 1846 4724 itaque

154 4765 320 4806 cum
373 4751 545 4802 antea
594 4745 822 4818 legatur
880 4743 1198 4798 aedificasse
1261 4739 1463 4810 altare,
1524 4743 1760 4814 quando
1815 4759 1848 4796 a

152 4835 460 4895 Samuele
511 4835 850 4905 increpatus
900 4834 1009 4902 est,
1062 4847 1166 4886 cur
1214 4829 1307 4884 hic
1337 4829 1589 4898 dicatur,
1621 4853 1648 4880 «
1683 4830 1846 4886 Tunc

152 4925 362 4998 accpit
400 4924 689 4980 aediﬁcare
718 4922 903 4978 altare
939 4920 1210 4987 Domino,
1237 4939 1262 4967 ››
1283 4918 1601 4974 aedificasse
1648 4919 1846 4990 itaque

148 5019 360 5071 antea
416 5013 648 5086 legitur,
707 5010 885 5067 altore
944 5009 1042 5065 sed
1095 5008 1236 5081 quia
1273 5007 1678 5064 inobedientcr
1699 5005 1844 5062 illud

147 5101 513 5171 aediﬁcavit,
548 5119 664 5158 non
701 5099 946 5158 Domino
978 5098 1295 5154 aedificasse
1344 5095 1710 5168 intelligitur.
1748 5095 1847 5151 llic

148 5196 386 5249 autem
433 5192 572 5263 quia
618 5189 956 5247 obedienter
1014 5191 1070 5242 et
1119 5191 1273 5242 recte
1329 5185 1472 5242 illud
1523 5183 1842 5256 aedificavit,

2028 4573 2214 4644 (Vers.
2275 4574 2392 4642 29.)
2447 4572 2680 4627 «Porro
2743 4567 3138 4640 triumphator
3194 4565 3250 4620 in
3284 4562 3459 4620 Israel
3492 4577 3607 4618 non

1957 4668 2176 4735 parcet,
2210 4668 2266 4717 et
2306 4660 2669 4734 pmnitudine
2717 4676 2830 4714 non
2883 4659 3185 4712 ﬂectetur:
3235 4669 3423 4726 neque
3451 4651 3607 4708 enim

1959 4752 2135 4807 homo
2167 4755 2279 4819 est,
2314 4755 2377 4806 ut
2407 4755 2541 4822 agat
2571 4747 2994 4821 pcenitcntiam.
3033 4768 3058 4794 υ
3111 4745 3172 4800 In
3205 4743 3441 4799 Hebraeo
3473 4739 3610 4813 legi-

1960 4845 2078 4906 tur,
2117 4863 2142 4890 ‹‹
2177 4840 2355 4895 Porro
2387 4839 2780 4909 triumphator
2828 4835 3002 4891 Israel
3054 4850 3165 4890 non
3216 4830 3550 4888 mentietur.
3580 4851 3610 4879 »

1957 4927 2377 5000 Triumphator
2423 4927 2533 4982 iste
2582 4927 2736 4982 Deus
2778 4931 2884 4980 est.
2937 4929 3061 4979 Non
3105 4918 3439 4988 mentietur,
3472 4917 3612 4992 quia

1961 5034 2029 5074 ea
2060 5035 2186 5090 qua:
2221 5016 2511 5089 promittit
2539 5015 2651 5071 sibi
2699 5012 3146 5079 famulantibus,
3188 5008 3455 5081 largitur.
3488 5007 3609 5067 Pos-

1957 5107 2225 5163 nitudine
2258 5123 2371 5162 non
2413 5105 2698 5172 flectetur,
2751 5102 2889 5174 quia
2943 5117 3058 5156 non
3107 5098 3347 5171 pcenitet
3373 5113 3509 5154 eum
3540 5096 3612 5154 de

1960 5196 2128 5254 bonis
2159 5212 2287 5266 quae
2318 5195 2562 5267 largitus
2591 5198 2700 5249 est.

143 5280 439 5339 Domino
461 5280 780 5337 aediﬁcasse
821 5277 1177 5351 Perhibent?-
2029 5286 2218 5356 (Vers.
2271 5284 2390 5354 30.)
2424 5307 2450 5333 (‹
2484 5283 2596 5338 Sed
2630 5297 2786 5337 nunc
2818 5279 3042 5334 honora
3069 5293 3162 5334 me
3192 5292 3388 5334 coram
3421 5276 3614 5333 senio-

185 5537 333 5665 ιιω)
371 5537 469 5593 Sic
499 5553 610 5593 ms.
646 5553 816 5594 meus
844 5539 898 5592 et
947 5535 1225 5592 Rabanus
1257 5532 1478 5605 legunt.
1513 5536 1698 5590 Antea
1729 5537 1850 5589 erat
1990 5529 2104 5658 ι(ὸ)
2137 5527 2197 5581 In
2258 5541 2369 5583 ms.
2429 5523 2734 5594 Ambros,
2795 5523 2858 5577 Et
2917 5522 3178 5578 erexisset
3207 5517 3312 5572 sibi
3338 5515 3622 5586 fornicem,

273 5624 414 5665 suos
445 5625 593 5665 usus.
1957 5618 1988 5659 e
2017 5617 2066 5657 c.

131 5617 232 5667 ad
273 5624 414 5668 81408
445 5625 593 5666 usus.
1957 5617 2066 5659 θιο.
