4084 6176
405 272 561 341 1403
1895 267 2018 333 ΑΡ]

2205 267 2313 334 iIX.
2732 336 2737 341 .
3653 276 3818 343 1404

399 404 565 462 ribus
596 403 796 478 populi
836 403 971 472 mei,
1020 407 1077 461 et
1128 420 1324 462 coram
1379 403 1573 462 Israel.
1614 425 1643 454 »
1694 404 1923 461 Honora
1952 420 2046 460 me
2078 406 2130 472 Α
2160 402 2338 460 David
2399 409 2573 478 caput
2617 404 2900 463 Philtstaai
2958 406 3018 464 in
3077 407 3429 479 Jerusalem,
3466 409 3815 484 anticipatio

399 495 553 551 sicut
579 512 794 566 regem,
830 500 894 550 ut
923 512 1028 567 ego
1058 496 1377 567 praecedam
1409 495 1561 551 sicut
1589 513 1705 565 rex,
1739 500 1793 550 et
1826 500 1887 549 tu
1912 495 2047 549 sub-
2153 499 2260 562 est,
2323 495 2477 566 quod
2533 501 2731 567 postea
2788 496 2939 553 fecit.
3000 504 3180 555 Arma
3231 515 3364 556 vero
3422 500 3574 572 ejus,
3630 500 3690 555 id
3721 506 3817 557 est

397 585 691 657 sequaris,
745 585 878 640 «Ut
923 586 1157 640 adorem
1208 586 1520 640 Dominum
1572 585 1753 639 Deum
1789 588 1979 638 tuum.
2017 605 2044 631 »
2155 580 2453 650 Philistazi,
2491 601 2604 639 non
2649 588 2737 640 est
2783 584 3232 659 intelligendum
3281 589 3436 660 quod
3469 587 3529 643 in
3556 605 3669 644 suo
3710 606 3813 663 po-

395 674 576 730 Senes
623 680 817 730 autem
869 673 1067 746 populi
1118 674 1231 742 sui,
1282 692 1449 729 suam
1491 674 1733 743 tribum,
1764 678 1819 727 et
1848 688 2043 727 coram
2152 671 2335 726 suerit
2366 673 2761 739 tabernaculo,
2797 676 2897 729 sed
2946 675 3001 728 in
3048 677 3415 733 tabernaculo
3447 678 3711 745 Domini,
3745 679 3816 733 de

394 763 571 819 Israel
598 768 834 819 caeteras
864 763 1054 817 tribus
1088 762 1261 818 Israel
1312 762 1471 817 dicit.
2152 777 2267 832 quo
2319 762 2690 818 tabernaculo
2741 769 2942 835 postea
2991 764 3113 820 haec
3138 766 3210 820 ab
3239 765 3577 822 Abimelech
3613 784 3819 822 sacer-

464 851 630 924 (Cap.
667 853 809 909 XVI.
845 884 911 891 —-
945 853 1102 907 Vers.
1158 853 1268 923 13.)
1298 876 1323 902 ‹‹
1363 853 1432 906 Et
1462 851 1719 906 directus
1749 857 1835 906 est
1867 850 2043 921 spiri-
2152 848 2284 904 dote
2317 851 2595 922 suscepit.

392 944 489 997 tus
542 941 773 997 Domini
828 943 887 996 in
940 942 1115 996 David
1162 960 1195 997 a
1220 942 1311 996 die
1342 941 1443 995 illa
1471 946 1529 996 et
1568 941 1624 994 in
1659 939 1974 1011 reliquum.
2012 963 2039 989 »
2222 938 2410 1009 (Vers.
2454 941 2572 1007 55.)
2621 964 2647 989 ‹‹
2684 941 2955 1014 Dixitque
2985 943 3217 998 Abner:
3250 943 3419 1000 Vivat
3448 944 3657 999 anima
3686 947 3817 1010 tua,

390 1030 519 1085 ideo
552 1030 808 1085 directus
859 1031 915 1085 in
949 1046 1081 1085 eum
1132 1030 1384 1101 Spiritus
1438 1028 1666 1085 Domini
1708 1028 1941 1096 dicitur,
1974 1044 2040 1084 eo
2151 1042 2270 1093 rex,
2305 1028 2351 1083 si
2398 1029 2551 1084 novi.
2590 1052 2616 1077 ››
2678 1030 3014 1086 Secundum
3073 1031 3217 1087 illud
3270 1031 3584 1087 locutionis
3617 1049 3819 1105 genus

391 1120 544 1191 quod
580 1123 720 1174 tunc
754 1119 1009 1191 psalmos
1042 1135 1246 1174 canere
1285 1119 1539 1191 cmperit.
2154 1115 2260 1170 hoc
2304 1117 2525 1172 dictum
2580 1123 2689 1184 est,
2739 1137 2853 1190 quo
2902 1120 3147 1191 dictum,
3181 1125 3269 1176 est
3300 1118 3479 1175 illud:
3514 1121 3822 1177 Benedirit

462 1207 646 1277 (Vers.
690 1209 794 1277 18.)
826 1232 853 1257 ‹‹
889 1209 957 1262 Et
989 1208 1347 1279 respondens
1389 1225 1542 1262 unus
1573 1209 1643 1261 de
1678 1207 1892 1279 pueris,
1919 1207 2036 1261 ait:
2147 1207 2352 1261 Naboth
2409 1208 2511 1262 Deo
2567 1216 2618 1262 et
2674 1210 2794 1277 regi
2834 1209 2927 1281 (Ill
2984 1210 3107 1281 Reg.
3159 1228 3271 1280 xxx,
3308 1210 3431 1281 i3);
3466 1226 3533 1266 ac
3563 1210 3619 1266 si
3652 1211 3820 1266 dice-

389 1297 527 1351 Ecce
557 1295 671 1350 vidi
723 1297 907 1351 ﬁlium
967 1296 1075 1350 lsai
1130 1296 1632 1358 Bethlehemitem,
1667 1318 1693 1344 ‹‹
1727 1301 1784 1349 et
1814 1298 2035 1349 caetera.
2145 1301 2255 1363 ret,
2306 1313 2418 1350 non
2468 1298 2620 1351 vivat
2666 1299 2864 1352 anima
2912 1303 3031 1363 tua,
3068 1316 3184 1365 rex,
3217 1301 3265 1354 si
3301 1298 3449 1355 novi.
3483 1299 3697 1365 Aliter,
3732 1301 3819 1355 vi-

389 1386 535 1441 Puer
567 1386 674 1441 iste
710 1385 891 1441 Doeeh
930 1386 1220 1440 ldummus
1251 1385 1431 1439 fuisse
1455 1384 1807 1454 perhibetur,
1840 1383 2036 1438 inimi-
2147 1386 2312 1439 deam
2349 1390 2591 1440 mortem
2624 1392 2785 1441 tuam
2818 1388 2865 1441 si
2895 1388 3048 1442 novi.

385 1490 491 1531 cus
550 1475 763 1531 David:
824 1480 880 1530 et
936 1474 1135 1529 omnia
1192 1490 1320 1545 quae
1380 1475 1449 1528 de
1498 1473 1673 1528 David
1714 1473 1766 1526 in
1804 1472 2035 1527 laudem
2218 1474 2372 1545 (Cap.
2435 1474 2625 1529 XVlIl.
2660 1509 2728 1515 —
2762 1476 2924 1531 Vers.
2988 1477 3100 1548 10.)
3162 1500 3181 1524 α
3222 1477 3357 1532 Post
3413 1477 3566 1533 diem
3604 1483 3815 1533 autem

383 1564 604 1620 dixisse
636 1565 883 1628 videtur,
908 1563 966 1617 in
992 1564 1191 1618 odium
1219 1565 1346 1632 ejus
1374 1563 1591 1617 dixisse
1617 1561 1867 1615 dicitur:
1900 1561 2038 1632 quia
2145 1562 2392 1617 alterum
2441 1563 2654 1619 invasit
2705 1566 2961 1636 Spiritus
3008 1566 3108 1621 Dei
3166 1565 3358 1621 malus
3387 1566 3550 1637 Saul,
3584 1572 3644 1622 et
3672 1585 3815 1638 pro-

381 1653 613 1709 volebat
663 1653 981 1708 inimicitia:
1040 1669 1220 1708 causa
1271 1656 1329 1707 et
1386 1651 1612 1705 invidiae
1665 1650 1840 1705 livore
1871 1656 1934 1704 ut
1962 1651 2032 1705 ad
2144 1651 2456 1724 pbetaliat:
2495 1652 2552 1706 in
2585 1653 2775 1708 medio
2807 1656 3018 1710 domus
3050 1672 3188 1710 suae.
3226 1677 3252 1704 ››
3286 1655 3443 1710 More
3471 1656 3817 1728 arreptitio-

382 1741 521 1797 Saul
552 1743 796 1809 veniret,
828 1747 1120 1812 quatenus
1161 1740 1239 1796 ibi
1291 1740 1549 1811 qualibet
1597 1737 1899 1794 occasione
1931 1756 2035 1794 ne-
2065 1781 2112 1845 Β
2145 1757 2274 1796 rum
2336 1741 2752 1812 prephetabat:
2814 1749 2872 1799 et
2923 1744 3305 1816 prophetasse
3357 1762 3531 1800 suum
3598 1746 3659 1800 in
3688 1745 3812 1802 hoc

382 1834 632 1885 caretur.
2065 1828 2112 1845 "
2144 1828 2290 1896 loco,
2334 1846 2448 1884 non
2498 1835 2586 1885 est
2638 1830 2797 1887 aliud
2839 1831 3309 1905 intelligendum,
3341 1832 3453 1889 nisi
3485 1832 3680 1889 aliena
3715 1850 3810 1889 re-

453 1920 612 1991 (Cap.
660 1918 821 1975 XVII.
855 1918 1119 1973 -—Vers.
1181 1918 1258 1989 4.)
1317 1940 1343 1967 ‹‹
1378 1918 1443 1972 Et
1499 1933 1772 1988 egressus
1831 1922 1920 1972 est
1948 1915 2034 1971 vir
2142 1918 2367 1975 tulisse.

383 2008 621 2081 spurius
652 2008 722 2063 de
755 2008 962 2063 castris
994 2005 1436 2061 Philistinorum
1460 2004 1693 2061 nomine
1716 2004 1965 2060 Goliath.
2002 2027 2030 2053 »
2211 2009 2396 2080 (Vers.
2461 2010 2572 2080 l3.)
2620 2014 2684 2064 Et
2735 2010 3145 2082 egrediebatur
3201 2010 3403 2081 David,
3473 2016 3528 2066 et
3591 2011 3806 2085 ingre-

378 2097 627 2169 Spurius
661 2096 893 2163 dicitur,
929 2096 1135 2167 quiaa
1165 2100 1325 2167 patre
1374 2096 1632 2168 gigante,
1683 2099 1869 2150 matre
1900 2111 2031 2150 vero
2139 2098 2407 2154 diebatur
2459 2099 2514 2153 in
2573 2104 2887 2171 conspectu
2947 2098 3167 2171 populi.
3239 2125 3261 2153 ι
3329 2100 3570 2163 Quando
3626 2118 3811 2172 egre-

378 2185 610 2241 Gethaao
642 2191 817 2241 natus
848 2191 989 2241 erat.
2141 2188 2453 2243 diebantur
2506 2188 2567 2244 in
2628 2204 2908 2261 pugnam,
2962 2190 3087 2260 ipse
3144 2189 3371 2261 primus
3430 2205 3591 2244 more
3634 2191 3810 2262 regio

449 2274 633 2345 (Vers.
670 2275 780 2347 12.)
812 2296 840 2323 ‹‹
878 2273 1049 2330 David
1082 2278 1276 2329 autem
1318 2277 1442 2328 erat
1475 2272 1629 2330 (ilius
1672 2272 1778 2327 viri
1810 2272 2030 2345 Ephra-
2139 2275 2545 2347 egrediebatur
2600 2276 2656 2330 in
2720 2281 3032 2349 conspectu
3090 2294 3315 2344 eorum,
3391 2282 3448 2333 et
3502 2278 3809 2350 regredie-

379 2362 470 2417 taai
497 2363 569 2418 de
597 2363 936 2419 Bethlehem
987 2364 1160 2432 Juda,
1212 2363 1304 2417 cui
1357 2379 1569 2418 nomen
1601 2368 1727 2418 erat
1758 2363 1894 2427 Isai,
1927 2361 2028 2432 qui
2136 2364 2327 2419 batur.

378 2451 634 2507 habebat
663 2457 789 2508 octo
823 2451 992 2508 ﬁlios.
1027 2476 1053 2503 »
1111 2452 1399 2519 Quaeritur
1446 2469 1550 2507 cur
1596 2451 1690 2506 hic
1720 2456 1845 2507 octo
1879 2450 2028 2506 filios
2209 2454 2387 2525 (Vers.
2445 2455 2560 2526 21.)
2620 2478 2647 2504 ‹‹
2676 2455 2947 2527 Dixitque
3006 2454 3179 2511 Saul:
3233 2455 3392 2511 Dabo
3422 2472 3549 2511 eam
3583 2456 3690 2524 illi,
3733 2461 3807 2512 ut

378 2540 594 2596 habere
646 2541 892 2604 dicatur,
952 2559 1085 2597 cum
1142 2541 1200 2596 in
1234 2540 1718 2612 Poralipomenon
1753 2558 1867 2596 non
1902 2558 2024 2596 am-
2136 2542 2235 2597 ﬁat
2293 2541 2377 2596 illi
2438 2542 2495 2596 in
2555 2543 2922 2610 scandalum,
2984 2548 3049 2598 ut
3098 2544 3177 2599 sit
3206 2560 3383 2616 super
3409 2561 3543 2599 eum
3577 2561 3804 2601 manus

379 2628 536 2701 plius
594 2646 770 2702 quam
828 2635 1047 2702 septem
1108 2630 1397 2703 legantur.
1458 2631 1618 2694 Quod
1650 2629 1730 2684 ita
1759 2629 2022 2685 solvitur.
2137 2632 2603 2687 Philistinorum.
2640 2655 2667 2681 ››
2723 2633 2824 2688 His
2866 2633 3096 2688 duobus
3126 2632 3403 2704 periculis
3434 2633 3574 2689 Saul
3608 2634 3799 2690 David

378 2718 630 2788 Natiian,
665 2720 1033 2792 prophetam,
1066 2719 1253 2774 filium
1286 2721 1563 2775 Sammaa
1588 2718 1690 2773 filii
1712 2719 1823 2786 sui,
1849 2733 2024 2790 quem
2136 2720 2362 2792 putavit
2415 2721 2671 2776 interimi
2727 2738 2919 2794 posse,
2981 2720 3204 2793 scilicet
3262 2727 3363 2776 aut
3392 2722 3627 2778 insidiis
3658 2723 3803 2778 ﬁliae

380 2806 594 2864 inloco
656 2808 757 2862 filii
814 2810 1163 2864 educaverat
1189 2813 1246 2864 et
1301 2808 1607 2875 nutrierat,
1668 2808 1818 2862 inter
1874 2808 2026 2862 filios
2134 2826 2273 2881 suae,
2307 2827 2341 2865 a
2371 2826 2489 2881 qua
2518 2826 2579 2866 se
2618 2810 2849 2866 videbat
2899 2810 3152 2866 multum
3202 2810 3409 2878 amari,
3460 2816 3564 2867 aut
3612 2828 3804 2869 causa

379 2902 769 2953 annumerat:
806 2914 941 2953 nom
975 2903 1030 2953 et
1082 2914 1273 2953 coram
1326 2897 1597 2953 Samuele
1644 2902 1865 2969 septem
1897 2897 2025 2968 ejus
2135 2899 2554 2971 prmputiorum
2612 2898 3079 2967 Philistinorum,
3134 2906 3365 2972 propter
3408 2917 3538 2971 qua:
3569 2901 3800 2972 adipis-

378 2985 485 3041 {ilii
532 2985 803 3057 leguntur
860 2988 1094 3043 adducti
1155 2986 1350 3054 fuisse,
1409 2991 1465 3041 et
1516 2991 1754 3042 octavus
1804 3003 1934 3042 esse
1964 2987 2023 3040 in
2133 2989 2335 3057 cenda,
2388 2987 2713 3043 Philistaaos
2760 2994 2884 3044 erat
2936 2988 3085 3045 bello
3136 3005 3502 3062 aggressus:
3558 3015 3584 3038 α
3639 2990 3805 3046 Dixit

378 3074 616 3146 pascuis
646 3078 805 3145 (vers.
858 3076 965 3147 l0).
1022 3077 1178 3131 Inter
1225 3093 1373 3148 quos
1424 3074 1651 3131 Nathan
1703 3075 2023 3130 adductum
2135 3093 2271 3150 ergo
2305 3077 2439 3132 Saul
2473 3078 2544 3132 ad
2575 3078 2793 3133 David:
2847 3080 2909 3133 In
2933 3079 3165 3134 duabus
3197 3079 3371 3134 rebus
3401 3094 3579 3151 gener
3624 3096 3800 3135 meus

381 3163 566 3219 fuisse
625 3166 1001 3221 manifestum
1058 3170 1169 3231 est,
1225 3164 1324 3236 qui
1374 3170 1429 3219 et
1468 3163 1755 3219 Jonathan
1787 3169 2028 3220 vocatur
2056 3151 2099 3216 C
2138 3166 2253 3221 eris
2304 3165 2492 3221 hodie.
2533 3188 2559 3214 »
2612 3166 2673 3222 In
2724 3167 2955 3222 duabus
2987 3167 3162 3223 rebus
3193 3184 3470 3240 generum
3503 3184 3643 3222 eum
3677 3169 3795 3223 sibi

380 3252 462 3308 De
493 3269 606 3325 quo
655 3252 712 3307 in
763 3259 1019 3309 extrema
1066 3257 1229 3324 parte
1274 3251 1564 3307 Samuelis
1609 3252 1857 3308 dicitur:
1894 3258 2023 3308 Per-
2136 3255 2400 3311 futurum
2467 3255 2644 3323 dicit;
2707 3254 2845 3328 quia
2892 3257 3019 3329 jam
3050 3256 3101 3312 ei
3159 3255 3433 3312 attulerat
3502 3257 3799 3329 praeputia

378 3343 545 3398 euasit
599 3346 780 3398 autem
832 3359 957 3398 eum
1012 3340 1281 3397 Jonathan
1334 3340 1484 3409 ﬁlius
1542 3340 1798 3395 Sammaa
1852 3343 2027 3411 patris
2137 3344 2575 3399 Philistinorum
2610 3362 2712 3416 pro
2745 3346 2964 3412 Merob,
2999 3362 3175 3418 quam
3208 3344 3347 3401 Saul
3375 3346 3535 3401 dedit
3564 3346 3799 3403 Adrieli

379 3431 551 3486 David
580 3433 650 3503 (Il
683 3433 807 3501 Reg.
868 3448 982 3496 XXI,
1041 3432 1155 3498 21).
1218 3429 1282 3483 Et
1343 3428 1663 3484 notandum
1714 3430 1866 3500 quod
1897 3430 2025 3486 ubi-
2135 3432 2555 3501 Moholathitaa,
2603 3438 2660 3488 et
2715 3438 2915 3505 postea
2973 3452 3077 3506 pro
3132 3433 3337 3490 Micbol
3397 3435 3677 3490 ducenta.
3725 3439 3798 3491 Et

376 3536 611 3592 cunque
660 3519 943 3592 prepheta
990 3522 1248 3587 vocatur,
1290 3517 1519 3573 Natban
1568 3517 1865 3586 scribitur,
1910 3537 2025 3575 non
2136 3523 2403 3594 quamvis
2436 3540 2549 3579 non
2580 3527 2776 3595 aperte
2824 3523 3054 3578 dicatur
3083 3540 3185 3594 pro
3234 3523 3430 3578 Merob
3468 3521 3604 3578 Saul
3639 3541 3797 3594 pra:-

373 3608 688 3665 Jonathan.
2137 3612 2299 3684 putia
2357 3611 2801 3667 Philistinorum
2858 3610 3036 3666 David
3100 3611 3368 3679 dedisse;
3431 3617 3630 3667 tamen
3686 3613 3793 3684 qui

382 3714 403 3731 δ
446 3698 632 3770 (Vers.
678 3699 790 3770 18.)
828 3721 847 3747 ι
885 3698 952 3752 Et
1008 3699 1213 3752 fratres
1273 3700 1406 3752 tuos
1468 3696 1734 3753 visitabis
1793 3697 1839 3752 si
1874 3700 2027 3753 recte
2136 3700 2518 3773 praecedentia
2575 3704 2633 3755 et
2708 3700 3127 3771 subsequentia
3185 3698 3494 3772 perlegerit
3548 3705 3606 3754 et
3658 3716 3795 3773 per-

374 3792 589 3859 agant:
623 3792 679 3843 et
727 3804 861 3843 cum
917 3787 1132 3859 quibus
1174 3785 1423 3841 ordinati
1472 3790 1630 3856 sunt,
1687 3786 1859 3841 disce.
1903 3809 1929 3835 ››
1963 3788 2024 3841 In
2135 3794 2427 3844 scrutatus
2460 3788 2653 3859 fuerit,
2689 3787 2944 3844 inveniet
2991 3804 3125 3844 eum
3178 3788 3267 3844 bis
3310 3787 3472 3844 Sauli
3503 3788 3798 3862 praeputia

374 3876 613 3931 Hebrazo
657 3875 734 3930 ita
788 3876 1073 3931 habetur:
1126 3898 1153 3923 ‹‹
1189 3880 1252 3929 Et
1304 3875 1509 3930 fratres
1562 3879 1694 3930 tuos
1740 3874 2022 3943 visitabis,
2134 3878 2574 3933 Philistinorum
2646 3877 2897 3932 dedisse.
2990 3876 3187 3932 Potest
3252 3878 3427 3932 etiam
3493 3883 3553 3932 et
3618 3877 3798 3933 aliter

377 3963 425 4019 si
457 3969 612 4019 recte
644 3970 821 4037 agant
851 3982 863 4021 :
897 3969 953 4020 et
984 3964 1229 4037 pignora
1258 3980 1457 4018 eorum
1491 3964 1679 4018 tolles.
1716 3986 1743 4012 »
1776 3965 2027 4037 Pignora
2136 3964 2403 4039 intelligi.
2441 3966 2502 4019 In
2533 3964 2762 4019 duabus
2795 3965 2969 4019 rebus
3018 3980 3198 4037 gener
3239 3980 3407 4019 meus
3437 3963 3555 4020 eris
3586 3964 3791 4037 hodie,

375 4052 434 4107 in
487 4051 595 4108 hoc
654 4052 782 4109 loco
848 4053 1071 4109 Hebraei
1131 4051 1357 4108 libellos
1401 4053 1628 4124 repudii
1670 4052 2021 4125 intelligunt.
2135 4054 2273 4126 quia
2302 4072 2407 4126 ego
2439 4054 2676 4124 quzesivi
2706 4071 2740 4108 a
2770 4058 2826 4108 te
2866 4058 3102 4109 centum
3135 4052 3418 4125 praeputia
3447 4052 3795 4110 Philistino-

374 4139 674 4213 Siquidem
738 4160 909 4198 usum
969 4142 1127 4197 illius
1182 4141 1373 4214 gentis
1437 4140 1617 4197 fuisse
1667 4142 1860 4197 ferunt
1888 4144 1928 4213 ³,
1962 4147 2027 4198 ut
2136 4161 2289 4209 rum,
2320 4148 2377 4199 et
2405 4147 2467 4197 tu
2496 4141 2759 4197 obtulisti
2799 4142 3071 4197 ducenta.

376 4230 611 4303 quando
644 4231 838 4287 ibatur
880 4232 951 4287 ab
997 4231 1080 4287 eis
1130 4230 1187 4285 in
1230 4246 1510 4303 pugnam,
1542 4230 1779 4287 libellos
1799 4231 2025 4307 repudii
2206 4232 2365 4304 (Cap.
2398 4231 2538 4287 XIX.
2572 4230 2828 4286 —Vers.
2888 4231 2967 4302 3.)
3018 4254 3043 4280 ‹‹
3074 4231 3190 4302 Ego
3240 4235 3438 4286 autem
3481 4230 3795 4303 egrediens

375 4320 659 4376 uxoribus
690 4321 816 4378 suis
871 4322 1117 4377 darent:
1170 4324 1234 4375 ut
1281 4320 1328 4376 si
1363 4319 1703 4393 contigisset
1745 4320 1932 4376 virum
1964 4320 2024 4376 in
2135 4322 2300 4378 stabo
2322 4322 2492 4391 juxta
2523 4325 2745 4392 patrem
2781 4336 2978 4375 meum
3029 4318 3088 4373 in
3144 4334 3283 4392 agro
3333 4319 3434 4373 ubi
3464 4323 3530 4375 tu
3562 4319 3792 4388 fueris;

375 4409 573 4483 praelio
623 4411 773 4482 capi,
818 4416 876 4467 et
925 4412 982 4465 in
1029 4409 1425 4483 captivitatem
1471 4410 1625 4476 duci,
1660 4409 1870 4465 mulier
1897 4411 2024 4481 ejus
2134 4415 2192 4467 et
2223 4426 2327 4481 ego
2356 4409 2565 4482 loquar
2596 4410 2667 4465 de
2698 4415 2750 4464 lc
2782 4410 2853 4464 ad
2886 4412 3114 4481 patrem
3146 4424 3366 4478 meum,
3394 4412 3454 4464 et
3483 4408 3793 4481 quodcun-

374 4500 724 4571 exspectatis
774 4500 966 4556 tribus
1016 4500 1207 4567 annis,
1241 4498 1288 4554 si
1334 4498 1424 4553 vir
1452 4499 1580 4569 ejus
1608 4515 1722 4554 non
1755 4498 2021 4568 redisset,
2058 4520 2103 4584 Β
2135 4516 2249 4571 que
2279 4499 2495 4565 videro,
2527 4498 2809 4553 nuntiabo
2840 4497 2966 4553 tibi.
3004 4518 3032 4546 »
3069 4498 3497 4553 Descensurum
3532 4514 3794 4570 namque

374 4587 557 4643 alium
589 4587 826 4643 duceret
853 4588 1063 4643 virum.
2134 4587 2367 4643 Saulem
2418 4588 2476 4642 in
2517 4587 2789 4642 eumdem
2836 4602 3042 4659 agrum
3073 4585 3388 4653 Jonathan,
3416 4586 3597 4641 David
3628 4586 3791 4642 dixe-

444 4676 633 4747 (Vers.
665 4678 781 4748 28.)
815 4699 841 4727 «
875 4678 1061 4741 Quare
1108 4675 1315 4732 venisti
1364 4679 1420 4731 et
1453 4690 1633 4747 quare
1665 4674 2025 4747 dereliquisti
2135 4682 2243 4748 rat,
2304 4682 2362 4731 et
2415 4680 2482 4731 ut
2536 4675 2595 4730 in
2654 4676 2855 4731 eodem
2915 4690 3054 4747 agro
3102 4674 3279 4730 David
3305 4675 3789 4741 absconderetur,

375 4764 660 4838 pauculas
721 4783 854 4822 oves
910 4766 1043 4822 illas
1098 4764 1159 4820 in
1192 4766 1613 4837 desertOPEgo
1661 4766 1789 4820 novi
1823 4782 2024 4837 super-
2136 4764 2489 4821 collocutum
2567 4765 2721 4819 inter
2791 4781 2890 4820 eos
2949 4766 3156 4820 fuerat.
3219 4766 3282 4819 In
3342 4781 3516 4836 quem
3577 4781 3789 4837 agrum

373 4854 531 4910 biam
582 4859 743 4910 tuam
793 4868 848 4911 et
896 4854 1218 4927 nequitiam
1267 4853 1459 4909 cordis
1497 4854 1629 4908 tui:
1669 4878 1695 4905 ››
1749 4855 1924 4910 Nosse
1963 4873 2026 4911 se
2135 4854 2304 4910 erebo
2383 4852 2522 4908 Saul
2595 4852 2942 4909 consiliandi
3016 4852 3206 4925 gratia
3280 4852 3587 4909 convenire
3639 4852 3788 4909 sole-

374 4942 520 4999 dicit
572 4942 732 4999 illius
786 4943 1121 5016 superbiam
1165 4948 1223 4998 et
1269 4942 1590 5015 nequitiam
1624 4944 1853 5000 cordis:
1888 4944 2027 5017 quia
2134 4944 2253 5011 bat,
2314 4941 2413 4997 ubi
2482 4940 2658 4998 etiam
2735 4941 3122 4997 constitutum
3197 4941 3384 4998 fuerat
3442 4946 3508 4997 ut
3559 4941 3788 4997 occide-

376 5032 622 5104 putabat
641 5050 775 5090 eum
794 5040 1025 5090 tumore
1048 5032 1238 5089 cordis
1260 5031 1493 5100 elevari,
1519 5048 1585 5087 eo
1609 5034 1765 5103 quod
1789 5032 2024 5090 Samuel
2135 5035 2297 5088 retur
2329 5029 2522 5101 David,
2553 5030 2707 5101 quod
2752 5034 2810 5086 et
2854 5029 3151 5086 Jonatban
3198 5029 3555 5085 indicaverat
3583 5028 3783 5085 David.

377 5121 645 5179 unxisset
675 5123 839 5180 illum
871 5124 931 5178 in
963 5140 1178 5197 regem.
2206 5120 2397 5192 (Vers.
2438 5119 2555 5188 24.)
2588 5142 2615 5169 ‹‹
2648 5119 2717 5174 Et
2759 5118 3103 5191 exspoliavit
3138 5135 3202 5175 se
3233 5117 3409 5173 etiam
3439 5117 3581 5173 Saul
3612 5117 3783 5174 vesti-

449 5210 636 5280 (Vers.
666 5214 783 5281 54.)
814 5237 841 5262 ‹‹
876 5219 1203 5268 Assumens
1250 5216 1447 5267 autem
1482 5211 1656 5266 David
1688 5216 1864 5284 caput
1894 5211 2024 5267 Phi-
2136 5208 2349 5265 mentis
2409 5208 2555 5276 suis,
2613 5211 2670 5262 et
2730 5206 3096 5279 prophetavit
3170 5222 3361 5262 coram
3427 5204 3720 5261 Samuele.
3754 5228 3781 5251 ω

377 5295 611 5369 Ιίεῐιιωὶ,
640 5300 836 5355 attulit
864 5301 1008 5356 illud
1041 5300 1101 5355 in
1130 5298 1456 5355 Jerusalem
1483 5316 1495 5353 :
1546 5315 1711 5354 arma
1739 5316 1871 5355 vero
1899 5300 2027 5371 ejus
2134 5296 2386 5363 Quaestio
2416 5312 2630 5367 magna
2659 5295 2753 5351 hic
2798 5295 3003 5364 oritur,
3053 5312 3187 5351 cum
3226 5296 3284 5350 in
3323 5294 3783 5367 prmeedentibus

379 5386 576 5458 posuit
602 5388 662 5442 in
712 5389 1085 5445 tabernaculo
1135 5405 1262 5444 suo.
1308 5410 1337 5437 »
1380 5387 1541 5451 Quod
1590 5387 1730 5443 dicit
1759 5387 2028 5446 attulisse
2137 5387 2365 5460 legatur
2417 5387 2465 5455 (1
2515 5386 2640 5457 Reg.
2695 5402 2786 5457 xv,
2833 5385 3056 5457 35);Et
3083 5399 3194 5440 non
3223 5383 3357 5439 vidit
3385 5384 3610 5440 Samuel
3636 5384 3784 5440 Sau-

449 5530 471 5565 ²
522 5530 746 5603 Mirum
790 5529 1085 5603 hominem
1145 5531 1447 5603 Hebraeum
1505 5545 1735 5603 genere,
1780 5533 2026 5603 tametsi
2135 5535 2415 5603 tanquam
2466 5543 2533 5583 ex
2580 5525 2826 5584 aliorum
2885 5544 2982 5585 ore
3030 5528 3100 5584 de
3147 5526 3339 5600 gentis
3370 5543 3489 5584 sua:
3520 5525 3782 5582 moribus

382 5604 586 5679 postea
642 5600 786 5658 velis
841 5601 1182 5660 Christianae
1238 5601 1373 5658 ﬁdei
1420 5598 1631 5660 nomen
1659 5602 1910 5673 dedisse,
1944 5604 2027 5661 sic
2137 5598 2318 5659 fuisse
2344 5598 2632 5689 locutum.
