4070 6166
186 224 319 292 “05

1130 228 1430 303 QUIEST.
1482 225 1846 297 HEBBAIG,
1892 224 1972 289 IN
2017 224 2166 290 LIB.
2214 229 2233 290 1
2282 226 2585 294 REGUM.

3411 227 3566 293 1406

180 360 272 417 lam
290 375 450 433 usque
477 358 539 416 in
565 358 712 418 diem
737 362 932 417 mortis
950 377 1065 418 suae
1090 378 1103 431 ;
1133 366 1189 418 et
1210 362 1304 418 hic
1320 356 1699 436 prephetasse
1722 361 1801 434 (α)
1835 362 1886 429 Α
1916 367 2059 436 quot
2083 362 2290 419 diebus
2321 365 2378 419 in
2410 361 2786 421 tabernaculo
2820 361 3045 420 Domini
3083 361 3563 433 immoraturum,

181 467 352 507 coram
381 450 650 507 Samuele
683 451 932 507 dicatur.
967 451 1151 516 Quam
1176 453 1557 524 quaestionem
1583 453 1806 509 Hebraei

179 538 260 595 his
288 540 509 595 duobus
563 540 755 596 modis
815 540 1067 597 solvunt.
1131 547 1247 596 Aut
1293 559 1407 599 non
1466 542 1611 597 vidit
1648 558 1803 611 eum,

179 628 298 701 quia
325 629 554 703 qqando
576 629 822 701 junctus
853 634 943 685 est
971 630 1110 685 Saul
1141 647 1325 687 cuneo
1366 630 1804 703 prophetarum,

177 717 459 774 abscondit
490 735 553 774 se
584 717 843 788 Samuel,
876 736 947 775 ne
997 720 1290 776 videretur
1315 722 1388 775 ab
1419 737 1503 775 eo.
1546 722 1661 775 Aut
1691 736 1806 775 non

175 807 302 862 vidit
329 823 459 862 eum
493 806 766 863 indutum
799 807 1000 863 habitu
1048 808 1227 880 regio,
1262 826 1377 880 quo
1412 810 1654 864 indutus
1684 812 1809 864 erat

174 895 385 967 quando
415 896 637 951 dictum
669 901 795 952 est:
845 898 962 952 Non
1009 897 1147 952 vidit
1192 914 1320 952 eum
1367 912 1538 968 usque
1567 899 1625 952 in
1663 898 1808 952 diem

170 986 342 1040 mortis
394 1001 529 1052 sua,
593 984 947 1040 subauditur
1023 985 1296 1041 indutum
1366 986 1570 1042 habitu
1625 986 1804 1060 regio.

170 1073 516 1146 Exspoliasse
544 1089 678 1129 vero
709 1091 770 1130 se
803 1092 916 1129 non
967 1074 1242 1131 omnibus
1283 1075 1669 1141 vestimentis,
1704 1075 1805 1132 sed

168 1161 443 1235 regalibus
475 1164 727 1228 tantum,
761 1160 1206 1233 intelligendum
1236 1167 1343 1217 est.

234 1251 379 1323 (Cap.
426 1251 540 1305 XX.
593 1282 660 1289 -
694 1250 857 1306 Vers.
920 1251 1003 1317 l3,
1061 1253 1167 1321 14.)
1224 1275 1244 1299 ι
1284 1256 1348 1305 Et
1398 1251 1474 1307 sit
1523 1252 1807 1308 Dominus

170 1345 369 1407 tecum,
429 1339 583 1395 sicut
638 1340 749 1394 fuit
808 1357 941 1395 cum
1004 1345 1166 1412 patre
1224 1357 1370 1395 meo.
1414 1342 1482 1396 Et
1509 1344 1557 1397 si
1591 1342 1804 1407 vixero,

167 1430 333 1485 facias
360 1428 504 1484 mihi
540 1429 1004 1484 misericordiam
1063 1429 1309 1484 Domini.
1346 1454 1373 1479 ››
1404 1430 1491 1486 Sit
1528 1431 1806 1486 Dominus

166 1523 344 1575 tecum
375 1518 527 1573 sicut
559 1518 668 1573 fuit
720 1535 851 1573 cum
907 1523 1071 1590 patre
1131 1536 1277 1588 meo,
1325 1520 1381 1574 id
1413 1526 1520 1585 est,
1555 1519 1807 1574 sublime

170 1608 329 1663 faciat
374 1623 621 1679 regnum
672 1610 862 1674 tuum,
918 1607 1071 1663 sicut
1123 1608 1376 1664 sublime
1436 1609 1567 1664 fecit
1625 1609 1808 1681 patris

170 1696 270 1752 mei
314 1712 578 1769 regnum.
615 1718 641 1745 ‹‹
678 1696 746 1750 Et
795 1695 841 1751 si
896 1696 1109 1764 vixero,
1162 1697 1338 1753 facias
1384 1697 1529 1753 mihi
1578 1698 1807 1753 miseri-
1838 1733 1885 1799 Β

166 1786 406 1842 cordiam
462 1783 714 1851 Domini,
767 1808 795 1834 »
846 1789 911 1840 ut
958 1785 1180 1841 scilicet
1228 1786 1340 1841 sim
1392 1787 1715 1842 secundum
1747 1787 1805 1841 in

162 1889 328 1946 regno
357 1878 496 1940 tuo;
532 1896 558 1922 ‹‹
592 1877 650 1927 et
679 1872 727 1928 si
760 1878 1029 1929 mortuus
1060 1874 1245 1944 fuero,
1293 1892 1405 1929 non
1437 1875 1664 1930 auferes
1693 1878 1805 1930 mi-

161 1961 522 2018 sericordiam
551 1967 711 2017 tuam
753 1979 787 2017 a
818 1962 991 2017 domo
1023 1978 1154 2018 mea
1184 1981 1372 2035 usque
1408 1965 1466 2019 in
1500 1964 1805 2036 sempiter-

162 2068 316 2107 num.
348 2072 375 2101 η

224 2140 377 2213 (Cap.
440 2140 580 2196 XXI.
646 2172 713 2180 —-
772 2141 934 2196 Vers.
998 2142 1074 2210 1.)
1133 2142 1308 2197 Venit
1363 2150 1558 2198 autem
1626 2142 1803 2199 David

158 2229 215 2285 in
262 2230 415 2286 Nobe
461 2230 533 2285 ad
590 2229 931 2287 Ahimelech
984 2230 1366 2287 sacerdotem.
1432 2256 1458 2281 ››
1510 2232 1805 2289 Ahimelec

156 2319 275 2390 ipse
328 2323 415 2374 est
472 2320 578 2389 Aja
660 2317 817 2374 ﬁlius
895 2318 1136 2387 Ahitob,
1198 2319 1299 2374 ﬁlii
1376 2320 1641 2391 Phincos,
1703 2322 1805 2377 iilii

160 2407 297 2463 Heli.

224 2497 409 2569 (Vers.
448 2497 527 2568 3.)
557 2518 584 2546 ι(
622 2497 686 2551 Et
718 2497 953 2552 fuerunt
981 2515 1121 2570 v_asa
1172 2516 1485 2570 puerorum
1517 2504 1740 2557 sancta.
1777 2524 1804 2550 ››

155 2585 482 2642 Ahimelech
514 2585 836 2657 interrogat
890 2568 1087 2641 utriim
1149 2568 1323 2642 David
1385 2593 1441 2643 et
1490 2590 1654 2661 pueri
1689 2590 1803 2660 sui,

152 2692 297 2747 quos
339 2675 397 2730 in
444 2674 639 2739 illum,
688 2680 746 2730 et
788 2675 846 2729 in
897 2673 1063 2730 illum
1120 2675 1316 2731 locum
1366 2678 1714 2735 conduxisse
1743 2696 1805 2734 se

152 2764 388 2830 dixerat,
449 2764 654 2819 mundi
714 2769 929 2819 essent.
1009 2765 1186 2819 David
1245 2784 1378 2822 vero
1444 2768 1808 2839 aenigmatice

155 2852 455 2926 pluraliter
503 2854 574 2908 de
620 2853 814 2924 seipse
862 2854 1183 2926 respondit,
1232 2855 1474 2912 dicens:
1529 2880 1556 2907 ‹‹
1587 2858 1653 2912 Et
1678 2858 1805 2913 fue-

151 2948 281 2998 runt
310 2959 447 2997 vasa
478 2958 791 3013 puerorum
845 2947 1070 3006 sancta,
1106 2965 1132 2990 »
1172 2961 1205 2998 a
1247 2946 1559 3001 concubitu
1601 2948 1804 3017 conju-

149 3030 283 3105 gali.
319 3031 481 3095 Quod
513 3047 647 3086 vero
680 3031 783 3097 ait,
820 3053 847 3081 α
881 3031 1056 3087 Porro
1087 3031 1179 3087 via
1228 3032 1347 3088 haec
1381 3034 1602 3106 polluta
1630 3041 1741 3103 est,
1776 3058 1804 3086 ››

1916 456 1973 508 et
2002 453 2250 509 orationi
2274 458 2636 509 vacaturum.

1987 542 2148 614 (Cap.
2203 543 2372 598 XXII.
2424 575 2492 583 —
2539 543 2703 599 Vers.
2750 543 2831 614 5.)
2884 565 2904 592 ι
2958 542 3228 615 Dixitque
3277 543 3400 599 Gad
3432 559 3565 616 pro-

1918 630 2092 703 pheta
2120 632 2192 686 ad
2232 632 2411 687 David
2438 651 2450 688 :
2486 631 2613 687 Noli
2644 648 2882 687 manere
2912 632 2970 687 in
3012 632 3302 704 praesidio.
3332 632 3568 689 Profici-

1916 736 2076 776 scere
2105 725 2162 776 et
2188 721 2330 776 vade
2377 720 2435 775 in
2494 726 2709 777 terram
2766 721 2946 775 Juda.
2987 742 3014 769 ››
3078 721 3223 776 Miro
3272 722 3443 777 modo
3474 720 3570 777 hic

1915 808 2306 864 introducitur
2332 810 2449 864 Gad
2487 809 2789 881 propheta,
2820 826 2953 864 cum
3006 808 3065 864 in
3107 810 3568 881 praecedentibus

1917 899 2045 968 ejus
2077 897 2240 953 nulla
2268 899 2419 954 facta
2450 898 2624 954 fuerit
2654 898 2891 954 mentio.
2917 898 3011 954 Sic
3040 898 3241 970 itaque
3267 899 3365 955 hic
3389 899 3570 954 intro-

1915 986 2169 1053 ducitur,
2199 988 2352 1043 sicut
2382 987 2535 1043 Elias
2568 987 2851 1060 propheta
2898 988 2957 1043 in
3008 987 3133 1045 loco
3182 987 3281 1044 ubi
3313 988 3567 1043 dicitur:

1918 1080 1981 1131 Et
2038 1076 2183 1131 dixit
2237 1076 2390 1132 Elz’as
2444 1077 2705 1133 Thesbites
2769 1077 2834 1133 de
2905 1078 3309 1134 habitatoribus
3365 1077 3574 1133 Galaad

1915 1166 2015 1236 (Ill
2042 1168 2169 1234 Reg.
2205 1184 2341 1232 xvn,
2374 1166 2446 1236 l).
2480 1167 2556 1221 Ex
2601 1183 2699 1222 ore
2744 1166 2941 1238 itaque
2981 1166 3211 1222 Domini
3258 1166 3379 1222 Gad
3430 1183 3571 1238 pro-

1917 1254 2094 1326 pheta
2129 1256 2298 1309 David
2335 1255 2498 1322 dixit,
2535 1260 2599 1309 ut
2642 1273 2757 1309 non
2808 1262 3136 1311 moraretur
3168 1256 3322 1311 inter
3368 1259 3571 1327 gentes

1916 1348 1973 1399 et
2001 1343 2059 1399 in
2092 1349 2249 1399 terra
2280 1343 2520 1415 polluta,
2553 1345 2654 1399 sed
2688 1344 2746 1399 in
2794 1348 3010 1399 terram
3054 1345 3207 1400 Juda
3240 1343 3475 1411 rediret,
3508 1347 3567 1399 et

1918 1433 1994 1488 ibi
2023 1433 2193 1502 juxta
2220 1433 2580 1491 voluntatem
2619 1433 2843 1488 Domini
2882 1434 3347 1505 persecutionem
3376 1432 3571 1489 inimi-

1916 1538 2117 1576 corum
2154 1522 2344 1577 ferret.

1988 1611 2172 1682 (Vers.
2208 1611 2319 1683 48.)
2357 1636 2376 1659 ο
2411 1612 2479 1666 Et
2511 1611 2823 1666 trucidavit
2857 1611 3041 1666 Doech
3077 1611 3369 1666 Idumaeus
3399 1611 3457 1665 in
3480 1611 3575 1667 die

1916 1699 2018 1756 illa
2046 1700 2341 1773 octoginta
2371 1699 2631 1772 quinque
2658 1698 2815 1756 viros
2844 1700 3085 1755 vestitos
3114 1699 3303 1772 ephod
3336 1699 3512 1756 lineo.
3545 1721 3573 1749 »

1916 1794 1978 1844 1n
2010 1789 2248 1845 Hebraeo
2298 1789 2569 1860 habetur,
2622 1811 2649 1840 «
2700 1792 2996 1860 portantes
3046 1788 3236 1861 ephod
3266 1788 3511 1844 lineum.
3547 1811 3576 1838 »

1915 1878 2093 1933 Aiunt
2122 1878 2366 1945 Hebraei,
2400 1895 2516 1933 non
2548 1895 2753 1934 omnes
2795 1878 2984 1948 ephod
3028 1876 3249 1933 lineum
3286 1883 3574 1950 portasse,

1915 1968 2016 2024 sed
2047 1967 2192 2024 tales
2223 1984 2323 2023 eos
2381 1967 2583 2033 fuisse,
2639 1967 2740 2039 qui
2793 1967 2999 2039 utique
3055 1967 3217 2038 digni
3274 1971 3333 2022 et
3382 1966 3575 2023 idonei

1913 2061 2111 2113 essent
2141 2057 2212 2111 ad
2244 2056 2596 2128 portandum
2626 2055 2838 2127 ephod.

1988 2147 2145 2218 (Cap.
2179 2145 2376 2200 XXIII.
2412 2175 2480 2184 —
2508 2143 2673 2200 Vers.
2726 2143 2844 2211 ll.)
2890 2166 2917 2193 ‹‹
2979 2142 3039 2198 Si
3079 2143 3314 2199 tradent
3342 2159 3435 2198 me
3463 2141 3572 2198 viri

1916 2235 2085 2291 Ceila:
2119 2235 2176 2289 in
2224 2250 2434 2289 manus
2482 2234 2631 2304 ejus,
2682 2236 2738 2287 et
2786 2231 2834 2287 si
2884 2232 3199 2287 descendet
3248 2230 3386 2288 Saul
3418 2230 3576 2287 sicut

1915 2323 2136 2380 audivit
2183 2339 2386 2379 servus
2435 2326 2595 2389 tuus,
2646 2320 2893 2376 Domine
2942 2320 3094 2375 Deus
3137 2319 3335 2387 Israel,
3380 2319 3577 2375 indica

1916 2429 2080 2470 servo
2136 2416 2258 2467 tuo.
2320 2412 2390 2466 Et
2447 2410 2527 2466 ait
2584 2410 2892 2477 Dominus,
2958 2409 3296 2464 Descendet.
3330 2429 3358 2458 »
3406 2414 3490 2463 Ac
3519 2408 3570 2464 si

1916 2502 2153 2568 diceret,
2186 2501 2236 2556 si
2267 2501 2362 2556 hic
2420 2498 2675 2567 steteris,
2734 2498 3067 2554 descendet.
3128 2498 3197 2553 Et
3249 2498 3401 2568 quod
3451 2497 3569 2554 ait:

1919 2614 1946 2642 «
1978 2591 2036 2649 Si
2069 2590 2302 2645 tradent
2332 2605 2425 2644 me
2471 2588 2579 2642 viri
2629 2586 2832 2654 Leilaa;
2882 2590 2940 2642 et
2988 2585 3269 2642 Dominus
3299 2585 3404 2653 ait,
3432 2588 3579 2641 Tra-

1916 2681 2092 2745 deut;
2129 2701 2155 2728 »
2209 2679 2318 2735 iste
2366 2683 2455 2733 est
2500 2693 2748 2745 sensus;
2799 2675 2856 2731 Si
2905 2675 3271 2731 descenderit
3312 2674 3476 2741 Saul,
3518 2677 3577 2730 et

1915 2768 2010 2824 hic
2042 2774 2095 2824 te
2139 2768 2441 2834 invenerit,
2503 2766 2753 2821 tradent.
2807 2765 3003 2833 Porro,
3052 2780 3119 2819 eo
3168 2767 3428 2835 tempore
3457 2778 3574 2835 quo

1918 2860 2145 2931 fugerat
2164 2856 2442 2912 Abiathar
2463 2854 2621 2910 filius
2641 2852 2983 2909 Ahimelech
3006 2853 3078 2909 ad
3101 2852 3281 2908 David
3306 2853 3365 2907 in
3386 2851 3573 2923 Ceilas,

1914 2947 2103 3018 ephod
2154 2962 2347 3001 secum
2407 2943 2630 2999 habens
2696 2942 3122 3008 descenderat;
3181 2940 3370 3013 ephod
3428 2939 3573 2995 illud

1917 3040 2043 3091 erat
2096 3035 2251 3106 quod
2310 3034 2558 3105 Moyses,
2604 3032 2851 3102 jubente
2905 3029 3170 3096 Domino,
3228 3029 3480 3096 fecerat;
3513 3028 3575 3084 in

148 3102 202 3177 et
232 3120 289 3175 in
324 3121 561 3175 Hebraeo
593 3118 828 3193 legitur,
862 3144 888 3170 ‹‹
924 3120 1099 3176 Porro
1151 3122 1243 3177 via
1289 3102 1410 3179 haec
1448 3123 1596 3179 laica
1627 3102 1737 3193 est,
1772 3147 1800 3175 η
1834 3102 1877 3170 C
1918 3142 2033 3197 quo
2064 3102 2207 3191 erat,
2239 3102 2488 3179 doctrina
2516 3130 2566 3177 et
2600 3122 2821 3186 veritas,
2855 3119 2915 3174 in
2937 3135 3052 3191 quo
3074 3119 3249 3174 etiam
3277 3118 3578 3175 consuluit

147 3211 228 3266 sic
277 3214 368 3265 est
416 3208 905 3282 intelligendum:
963 3210 1055 3265 via
1103 3210 1225 3266 hzec
1276 3212 1423 3267 laica
1468 3218 1578 3280 est,
1631 3231 1698 3269 ac
1754 3214 1804 3269 si

143 3299 397 3354 diceret:
436 3301 497 3353 In
538 3297 665 3371 lege
699 3304 1055 3371 praceptum
1089 3304 1197 3365 est,
1231 3306 1294 3355 ut
1322 3304 1631 3357 extraneus
1690 3320 1806 3357 non

141 3387 410 3443 comedat
439 3403 508 3442 ex
559 3387 681 3442 eis:
742 3391 800 3442 et
849 3392 914 3441 ut
970 3388 1298 3459 interrogas
1345 3392 1543 3444 utrum
1600 3391 1805 3445 mundi

141 3476 263 3532 sint
293 3475 479 3547 pueri,
514 3475 614 3547 qui
645 3475 846 3542 etiam,
870 3475 917 3531 si
953 3476 1157 3531 mundi
1188 3483 1405 3545 essent,
1432 3494 1805 3549 nequaquam

140 3564 227 3621 eis
257 3563 411 3620 vesci
443 3564 741 3620 deberent.
780 3564 995 3620 Idcirco
1046 3566 1138 3620 via
1187 3566 1305 3621 haec
1352 3571 1441 3621 est
1470 3566 1635 3637 laica,
1671 3567 1810 3639 quia

138 3658 202 3709 tu
234 3652 522 3709 laicaliter
553 3652 906 3725 interrogas.
946 3654 1108 3718 Quod
1140 3671 1273 3710 vero
1304 3655 1605 3726 sequitur:
1645 3679 1672 3707 (ι
1694 3657 1804 3712 Sed

135 3748 196 3797 et
252 3741 385 3813 ipsa
448 3741 622 3797 hodie
682 3742 1151 3797 sanctilicabitur
1197 3742 1255 3797 in
1290 3743 1537 3815 vasis(b)
1572 3762 1585 3799 :
1623 3767 1650 3794 ν
1682 3745 1809 3815 ipsa

132 3830 345 3902 utique
377 3830 438 3885 in
464 3830 641 3897 vasis,
696 3830 753 3885 id
808 3835 898 3887 est
950 3831 1009 3887 in
1065 3836 1257 3888 mente
1296 3850 1422 3898 sua,
1454 3833 1808 3906 sanctiﬁcari

130 3919 392 3974 dicitur:
427 3919 568 3991 quia
600 3919 715 3975 nisi
747 3921 1098 3976 necessitate
1139 3922 1400 3993 corporis
1445 3928 1502 3978 et
1549 3923 1805 3995 periculo

136 4008 273 4064 vitae
308 4014 577 4081 urgente,
614 4024 985 4080 nequaquam
1040 4016 1369 4067 vesceretur
1414 4012 1536 4079 eis;
1572 4030 1686 4068 non
1718 4019 1804 4069 ta-

122 4113 262 4153 men
300 4102 504 4168 aperte
543 4098 780 4153 eosdem
804 4096 1019 4170 legitur
1054 4099 1229 4154 David
1255 4117 1433 4170 panes
1457 4101 1801 4157 comedisse.

114 4186 402 4242 Tradunt
428 4185 650 4241 Hebraei
690 4202 1066 4258 nequaquam
1099 4186 1279 4242 David
1326 4204 1424 4243 eos
1481 4178 1807 4245 comedisse

109 4291 353 4347 panes;
389 4276 491 4330 sed
524 4274 697 4331 aliter
728 4279 923 4331 tamen
945 4276 1018 4346 (c)
1051 4276 1065 4310 ¹
1094 4275 1384 4332 Dominus
1415 4276 1473 4331 in
1496 4277 1803 4350 Evangelio

109 4364 341 4433 (Matth.
377 4380 481 4430 x11,
513 4363 587 4435 4).

1913 3214 2186 3271 sacerdos
2214 3213 2295 3283 (ιι)
2320 3212 2653 3268 Dominum.

1984 3305 2171 3375 (Vers.
2200 3304 2313 3369 18.)
2343 3323 2370 3351 ‹‹
2409 3298 2705 3356 Percussit
2758 3298 2938 3371 igitur
2983 3303 3251 3370 uterque,
3281 3297 3579 3354 Jonathan

1916 3391 2137 3447 scilicet
2160 3395 2217 3446 et
2259 3390 2459 3458 David,
2512 3389 2701 3443 foedus
2748 3404 2948 3443 coram
2999 3386 3265 3443 Domino.
3302 3408 3330 3435 »
3371 3391 3578 3443 Coram

1920 3480 2183 3543 Domino,
2216 3478 2273 3533 id
2318 3482 2403 3533 est
2452 3493 2646 3532 coram
2698 3476 2820 3531 Gad
2871 3476 3177 3547 propheta,
3209 3480 3267 3530 et
3297 3474 3580 3531 Abiathar

1916 3568 2234 3634 sacerdote,
2268 3566 2365 3637 qui
2400 3565 2672 3637 portabat
2703 3564 2913 3636 ephod.

1985 3657 2171 3726 (Vers.
2204 3657 2319 3723 25.)
2371 3677 2397 3705 α
2436 3652 2539 3708 lvit
2594 3652 2778 3724 igitur
2830 3649 2968 3706 Saul
3025 3654 3083 3705 et
3139 3648 3283 3706 socii
3339 3650 3470 3721 ejus
3501 3649 3572 3705 ad

1916 3746 2318 3819 quaerendum.
2365 3743 2434 3797 Et
2481 3740 2816 3795 nuntiatum
2858 3743 2946 3793 est
2997 3738 3191 3806 David,
3258 3737 3575 3809 statimque

1915 3833 2216 3892 descendit
2272 3833 2342 3887 ad
2402 3835 2648 3903 petram,
2698 3832 2755 3884 et
2810 3827 3153 3883 versabatur
3215 3825 3274 3881 in
3341 3827 3573 3883 deserto

1918 3925 2107 3980 Maon.
2144 3946 2172 3972 ››
2236 3918 2614 3976 Descendisse
2668 3917 2740 3973 ad
2800 3920 3024 3988 petram
3082 3916 3323 3981 dicitur,
3383 3914 3442 3971 id
3486 3920 3576 3973 est

1915 4014 1984 4070 ad
2019 4010 2383 4068 tutissimum
2414 4007 2631 4073 locum,
2691 4006 2752 4059 in
2816 4021 2931 4076 quo
2980 4021 3048 4060 ea
3095 4021 3224 4076 quae
3270 4003 3383 4060 sibi
3410 4005 3574 4061 oneri

1914 4108 1970 4159 et
1999 4101 2197 4175 gravia
2254 4103 2441 4164 erant,
2499 4094 2781 4168 reposuit.
2839 4094 2908 4149 Et
2966 4093 3092 4166 ipse
3138 4094 3483 4150 versabatur
3512 4095 3569 4148 in

1913 4194 2141 4248 deserto
2174 4189 2366 4257 Maon,
2401 4203 2514 4258 quo
2547 4183 2659 4240 sibi
2692 4183 3012 4255 sulfugium
3059 4182 3318 4255 patebat.

1985 4281 2144 4352 (Cap.
2179 4277 2337 4332 XXV.
2379 4307 2441 4317 —
2468 4274 2631 4330 Vers.
2666 4276 2743 4340 2.)
2793 4295 2822 4323 «
2871 4273 3009 4327 Erat
3058 4276 3251 4327 autem
3292 4270 3378 4326 vir
3406 4271 3570 4343 quis-

1917 4371 2069 4442 piam
2106 4369 2161 4423 in
2194 4365 2514 4422 solitudine
2559 4364 2754 4419 Maon.
2788 4383 2815 4413 ››
2870 4362 3149 4418 Hebraeus
3196 4360 3306 4416 hoc
3353 4359 3412 4415 in
3444 4361 3570 4417 loco

188 4451 395 4523 (Vers.
427 4452 507 4523 7.)
558 4451 693 4508 Erat
739 4456 934 4508 autem
984 4452 1068 4538 ibi
1120 4452 1361 4524 quidam
1403 4454 1490 4509 vir
1517 4457 1588 4510 de
1618 4455 1801 4511 servis
1831 4471 1877 4538 Ι)
1908 4475 2023 4513 non
2058 4456 2255 4523 habet,
2288 4456 2350 4510 in
2399 4453 2713 4510 solitudine.
2780 4453 2839 4507 In
2898 4452 3068 4507 Maon
3125 4449 3282 4506 enim
3339 4449 3570 4506 civitate

106 4540 262 4597 Saul
300 4540 363 4595 in
397 4540 490 4595 die
522 4540 623 4597 illa
653 4541 812 4596 intus
835 4542 894 4596 in
926 4524 1321 4610 tabernaculo,
1346 4548 1404 4598 et
1432 4561 1640 4600 nomen
1667 4545 1797 4616 ejus

100 4629 323 4686 Doech
375 4631 480 4700 (Al.
535 4632 673 4703 Dog)
724 4631 1039 4686 Idumaeus.
1079 4653 1106 4679 »
1160 4633 1222 4686 In
1271 4632 1509 4688 Hebraeo
1558 4633 1795 4703 dicitur,

93 4741 127 4767 ι(
166 4716 505 4790 Obligatus
534 4718 594 4773 in
624 4724 938 4791 conspectu
974 4719 1220 4775 Domini.
1258 4742 1285 4768 ››
1309 4721 1614 4794 Obligatus
1642 4723 1794 4779 idem

84 4806 314 4865 Doech
347 4807 646 4864 Idumaaus
677 4814 804 4865 erat
838 4812 990 4877 voto,
1040 4825 1156 4880 quo
1202 4825 1263 4865 se
1304 4809 1661 4884 obligaverat
1687 4811 1797 4868 ali-

172 4984 561 5063 ‘__Do_min_um
609 4986 827 5063 desum
887 4991 945 5043 et
1006 4988 1388 5063 Evangeliumg
1430 4990 1559 5062 ejus
1616 5008 1796 5063 oppo-

75 5054 232 5134 suit
295 5058 628 5134 Traditioni
684 5059 1085 5134 Hebraeorum
1121 5054 1326 5134 auctor
1375 5054 1622 5134 hujusce
1654 5054 1793 5134 ope-

72 5126 208 5197 ris,
246 5142 446 5198 quare
500 5130 669 5185 iacile
717 5131 946 5187 creditu
998 5131 1248 5198 videtur,
1299 5126 1496 5203 ipsum
1540 5133 1600 5188 in
1631 5126 1794 5189 Chri-

161 5270 258 5340 (a)
302 5270 545 5336 Rectius
579 5289 759 5344 penes
794 5275 1124 5341 Rabanum,
1148 5276 1408 5345 quomodo
1440 5276 1529 5331 hic
1554 5277 1792 5348 prop/w-

69 5345 280 5491 Μῦς
312 5400 501 5491 Addit
554 5432 665 5491 ins.
700 5417 972 5473 Ambros.
1016 5417 1172 5488 meis,
1204 5418 1359 5489 quod
1410 5419 1793 5491 subsequenti

66 5481 418 5558 versic_ulo
435 5483 655 5558 jungit.

158 5555 250 5626 (c)
291 5553 587 5615 Rabanus
636 5558 794 5615 hunc
841 5558 1058 5629 locum,
1138 5577 1207 5616 ex
1262 5576 1377 5632 quo
1450 5561 1793 5619 Christianae

1908 4546 2233 4614 habitabat,
2268 4561 2382 4601 non
2414 4543 2473 4598 in
2506 4542 2844 4599 solitudine.

1978 4634 2163 4704 (Vers.
2195 4634 2313 4702 2i.)
2375 4656 2402 4682 ‹‹
2436 4633 2582 4687 Vere
2630 4633 2849 4687 frustra
2906 4629 3125 4685 servavi
3185 4626 3385 4684 omnia
3439 4643 3566 4699 qua

1906 4724 2087 4796 hujus
2116 4726 2305 4789 erant,
2359 4727 2416 4777 et
2473 4737 2587 4776 non
2648 4719 2820 4793 periit
2875 4719 3196 4791 quidquam
3229 4717 3302 4772 de
3341 4717 3567 4772 cunctis

1906 4832 2035 4887 quae
2067 4813 2139 4868 ad
2172 4827 2307 4867 eum
2342 4809 2731 4883 pertinebant,
2763 4813 2820 4865 et
2866 4806 3120 4864 reddidit
3164 4804 3308 4861 mihi
3339 4803 3562 4861 malum

1906 4997 2066 5118 stqm
2098 4989 2437 5061 credidisse,
2472 4993 2537 5045 ut
2559 4988 2688 5060 jam
2720 4987 2861 5045 alibi
2913 5004 2946 5043 a
2991 4986 3160 5042 nobis
3191 4985 3562 5041 observatum

1906 5081 1969 5118 es
2002 5105 2016 5118 .

1906 5081 2016 5120 θει.

1905 5277 2171 5349 religioni
2226 5293 2454 5349 nomen!
2486 5274 2722 5349 dedisse
2751 5273 3079 5349 Ilebraeum
3126 5270 3319 5343 operis
3354 5275 3560 5325 aucto-

1905 5343 2456 5421 remvargumentari
2488 5345 2701 5401 iterum
2751 5344 2903 5414 licet,
2952 5343 3185 5416 penitus
3233 5359 3350 5397 non
3379 5357 3563 5414 agno-

1906 5426 2053 5563 scit!)
2090 5492 2245 5547 Idem
2277 5489 2447 5547 David
2471 5489 2778 5561 supponit,
2804 5504 2907 5561 pro
2927 5486 3198 5544 sacerdos.
