  <div class='ocr_page' id='page_1' title='image "/cluster/home/n/w/nwhite01/storage/ocr_20150623/23/hvd.32044052772480/711.png"; bbox 0 0 4070 6166; ppageno 0'>
   <div class='ocr_carea' id='block_1_1' title="bbox 563 214 721 279">
    <p class='ocr_par' dir='ltr' id='par_1_1' title="bbox 563 214 721 279">
     <span class='ocr_line' id='line_1_1' title="bbox 563 214 721 279; baseline -0.013 0"><span class='ocrx_word' id='word_1_1' title='bbox 563 214 721 279; x_wconf 66' lang='grc' dir='ltr'>μετ</span> 
     </span>
    </p>
   </div>
   <div class='ocr_carea' id='block_1_2' title="bbox 2050 217 2476 284">
    <p class='ocr_par' dir='ltr' id='par_1_2' title="bbox 2050 217 2476 284">
     <span class='ocr_line' id='line_1_2' title="bbox 2050 217 2476 284; baseline 0.005 -2"><span class='ocrx_word' id='word_1_2' title='bbox 2050 217 2476 284; x_wconf 77' lang='lat' dir='ltr'>APPENDIX.</span> 
     </span>
    </p>
   </div>
   <div class='ocr_carea' id='block_1_3' title="bbox 3752 222 3860 289">
    <p class='ocr_par' dir='ltr' id='par_1_3' title="bbox 3752 222 3860 289">
     <span class='ocr_line' id='line_1_3' title="bbox 3752 222 3860 289; baseline 0.009 -1"><span class='ocrx_word' id='word_1_3' title='bbox 3752 222 3860 289; x_wconf 64' lang='grc'>1408</span> 
     </span>
    </p>
   </div>
   <div class='ocr_carea' id='block_1_4' title="bbox 557 349 3862 430">
    <p class='ocr_par' dir='ltr' id='par_1_4' title="bbox 557 349 3862 430">
     <span class='ocr_line' id='line_1_4' title="bbox 557 349 3862 430; baseline 0.004 -26"><span class='ocrx_word' id='word_1_4' title='bbox 557 365 661 423; x_wconf 83' lang='lat' dir='ltr'>pro</span> <span class='ocrx_word' id='word_1_5' title='bbox 692 349 865 406; x_wconf 89' lang='lat' dir='ltr'>bono.</span> <span class='ocrx_word' id='word_1_6' title='bbox 905 371 933 399; x_wconf 88' lang='grc'><strong>››</strong></span> <span class='ocrx_word' id='word_1_7' title='bbox 963 350 1123 406; x_wconf 90' lang='lat' dir='ltr'>&#39;l‘unc</span> <span class='ocrx_word' id='word_1_8' title='bbox 1172 350 1387 424; x_wconf 83' lang='lat' dir='ltr'>quippe</span> <span class='ocrx_word' id='word_1_9' title='bbox 1432 353 1485 408; x_wconf 93' lang='lat' dir='ltr'>ei</span> <span class='ocrx_word' id='word_1_10' title='bbox 1538 351 1788 409; x_wconf 82' lang='lat' dir='ltr'>reddidit</span> <span class='ocrx_word' id='word_1_11' title='bbox 1837 351 2058 409; x_wconf 88' lang='lat' dir='ltr'>malum</span> <span class='ocrx_word' id='word_1_12' title='bbox 2099 369 2202 426; x_wconf 91' lang='lat' dir='ltr'>pro</span> <span class='ocrx_word' id='word_1_13' title='bbox 2235 358 2282 423; x_wconf 88' lang='grc' dir='ltr'><strong>Α</strong></span> <span class='ocrx_word' id='word_1_14' title='bbox 2318 359 2582 412; x_wconf 90' lang='lat' dir='ltr'>mortuus</span> <span class='ocrx_word' id='word_1_15' title='bbox 2614 353 2858 427; x_wconf 79' lang='lat' dir='ltr'>legatur,</span> <span class='ocrx_word' id='word_1_16' title='bbox 2897 371 2999 412; x_wconf 92' lang='lat' dir='ltr'>cur</span> <span class='ocrx_word' id='word_1_17' title='bbox 3025 354 3119 413; x_wconf 89' lang='lat' dir='ltr'>hic</span> <span class='ocrx_word' id='word_1_18' title='bbox 3153 360 3450 430; x_wconf 81' lang='lat' dir='ltr'>repetatur</span> <span class='ocrx_word' id='word_1_19' title='bbox 3485 363 3732 415; x_wconf 83' lang='lat' dir='ltr'>mortuus.</span> <span class='ocrx_word' id='word_1_20' title='bbox 3757 358 3862 416; x_wconf 72' lang='lat' dir='ltr'>Mor-</span> 
     </span>
    </p>
   </div>
   <div class='ocr_carea' id='block_1_5' title="bbox 558 440 3864 514">
    <p class='ocr_par' dir='ltr' id='par_1_5' title="bbox 558 440 3864 514">
     <span class='ocr_line' id='line_1_5' title="bbox 558 440 3864 514; baseline 0.004 -20"><span class='ocrx_word' id='word_1_21' title='bbox 558 440 732 504; x_wconf 90' lang='lat' dir='ltr'>bono,</span> <span class='ocrx_word' id='word_1_22' title='bbox 782 440 1017 512; x_wconf 81' lang='lat' dir='ltr'>quando</span> <span class='ocrx_word' id='word_1_23' title='bbox 1069 440 1495 514; x_wconf 87' lang='lat' dir='ltr'>blasphemavit</span> <span class='ocrx_word' id='word_1_24' title='bbox 1543 459 1676 498; x_wconf 93' lang='lat' dir='ltr'>eum</span> <span class='ocrx_word' id='word_1_25' title='bbox 1727 442 2122 510; x_wconf 85' lang='lat' dir='ltr'>conviciando,</span> <span class='ocrx_word' id='word_1_26' title='bbox 2155 449 2212 498; x_wconf 90' lang='lat' dir='ltr'>et</span> <span class='ocrx_word' id='word_1_27' title='bbox 2320 447 2459 500; x_wconf 88' lang='lat' dir='ltr'>tuus</span> <span class='ocrx_word' id='word_1_28' title='bbox 2490 443 2603 512; x_wconf 89' lang='lat' dir='ltr'>hic,</span> <span class='ocrx_word' id='word_1_29' title='bbox 2668 450 2732 500; x_wconf 92' lang='lat' dir='ltr'>ut</span> <span class='ocrx_word' id='word_1_30' title='bbox 2785 445 3009 502; x_wconf 74' lang='lat' dir='ltr'>Hebraei</span> <span class='ocrx_word' id='word_1_31' title='bbox 3067 445 3288 514; x_wconf 68' lang='lat' dir='ltr'>volunt,</span> <span class='ocrx_word' id='word_1_32' title='bbox 3347 447 3759 504; x_wconf 74' lang='lat' dir='ltr'>resuscitationis</span> <span class='ocrx_word' id='word_1_33' title='bbox 3786 467 3864 506; x_wconf 80' lang='lat' dir='ltr'>sus</span> 
     </span>
    </p>
   </div>
   <div class='ocr_carea' id='block_1_6' title="bbox 555 527 2902 605">
    <p class='ocr_par' dir='ltr' id='par_1_6' title="bbox 555 527 2902 605">
     <span class='ocr_line' id='line_1_6' title="bbox 555 527 2902 605; baseline 0.003 -23"><span class='ocrx_word' id='word_1_34' title='bbox 555 527 734 583; x_wconf 83' lang='lat' dir='ltr'>dixit:</span> <span class='ocrx_word' id='word_1_35' title='bbox 772 553 796 577; x_wconf 77' lang='grc' dir='ltr'>α</span> <span class='ocrx_word' id='word_1_36' title='bbox 835 529 974 593; x_wconf 84' lang='lat' dir='ltr'>Quis</span> <span class='ocrx_word' id='word_1_37' title='bbox 999 536 1087 584; x_wconf 89' lang='lat' dir='ltr'>est</span> <span class='ocrx_word' id='word_1_38' title='bbox 1117 530 1292 584; x_wconf 83' lang='lat' dir='ltr'>David</span> <span class='ocrx_word' id='word_1_39' title='bbox 1318 535 1373 586; x_wconf 91' lang='lat' dir='ltr'>et</span> <span class='ocrx_word' id='word_1_40' title='bbox 1394 531 1527 602; x_wconf 87' lang='lat' dir='ltr'>quis</span> <span class='ocrx_word' id='word_1_41' title='bbox 1549 537 1639 587; x_wconf 91' lang='lat' dir='ltr'>est</span> <span class='ocrx_word' id='word_1_42' title='bbox 1660 532 1817 592; x_wconf 82' lang='lat' dir='ltr'>ﬁlius</span> <span class='ocrx_word' id='word_1_43' title='bbox 1842 532 1950 586; x_wconf 89' lang='lat' dir='ltr'>Isai</span> <span class='ocrx_word' id='word_1_44' title='bbox 1981 535 2002 586; x_wconf 70' lang='grc' dir='ltr'><em>ἓ</em></span> <span class='ocrx_word' id='word_1_45' title='bbox 2030 531 2210 587; x_wconf 86' lang='lat' dir='ltr'>lIodie</span> <span class='ocrx_word' id='word_1_46' title='bbox 2319 548 2496 587; x_wconf 90' lang='lat' dir='ltr'>causa</span> <span class='ocrx_word' id='word_1_47' title='bbox 2514 534 2902 605; x_wconf 82' lang='lat' dir='ltr'>repetitur(b).</span> 
     </span>
    </p>
   </div>
   <div class='ocr_carea' id='block_1_7' title="bbox 555 618 2206 691">
    <p class='ocr_par' dir='ltr' id='par_1_7' title="bbox 555 618 2206 691">
     <span class='ocr_line' id='line_1_7' title="bbox 555 618 2206 691; baseline 0.002 -19"><span class='ocrx_word' id='word_1_48' title='bbox 555 618 927 674; x_wconf 83' lang='lat' dir='ltr'>increverunt</span> <span class='ocrx_word' id='word_1_49' title='bbox 972 620 1140 690; x_wconf 82' lang='lat' dir='ltr'>servi,</span> <span class='ocrx_word' id='word_1_50' title='bbox 1200 619 1298 690; x_wconf 90' lang='lat' dir='ltr'>qui</span> <span class='ocrx_word' id='word_1_51' title='bbox 1358 621 1634 691; x_wconf 84' lang='lat' dir='ltr'>fugerunt</span> <span class='ocrx_word' id='word_1_52' title='bbox 1684 621 1958 676; x_wconf 82' lang='lat' dir='ltr'>dominos</span> <span class='ocrx_word' id='word_1_53' title='bbox 2009 637 2148 675; x_wconf 87' lang='lat' dir='ltr'>suos</span> <span class='ocrx_word' id='word_1_54' title='bbox 2178 641 2206 668; x_wconf 88' lang='grc'>››</span> 
     </span>
    </p>
   </div>
   <div class='ocr_carea' id='block_1_8' title="bbox 552 707 888 780">
    <p class='ocr_par' dir='ltr' id='par_1_8' title="bbox 552 707 888 780">
     <span class='ocr_line' id='line_1_8' title="bbox 552 707 888 780; baseline -0.003 -17"><span class='ocrx_word' id='word_1_55' title='bbox 552 707 722 777; x_wconf 77' lang='lat' dir='ltr'>(Vers.</span> <span class='ocrx_word' id='word_1_56' title='bbox 777 709 888 780; x_wconf 76' lang='grc'>40).</span> 
     </span>
    </p>
   </div>
   <div class='ocr_carea' id='block_1_9' title="bbox 621 796 2204 868">
    <p class='ocr_par' dir='ltr' id='par_1_9' title="bbox 621 796 2204 868">
     <span class='ocr_line' id='line_1_9' title="bbox 621 796 2204 868; baseline 0.001 -18"><span class='ocrx_word' id='word_1_57' title='bbox 621 796 808 865; x_wconf 89' lang='lat' dir='ltr'>(Vers.</span> <span class='ocrx_word' id='word_1_58' title='bbox 840 799 955 868; x_wconf 78' lang='lat'>26.)</span> <span class='ocrx_word' id='word_1_59' title='bbox 992 820 1018 847; x_wconf 89' lang='grc'>‹‹</span> <span class='ocrx_word' id='word_1_60' title='bbox 1055 797 1120 851; x_wconf 84' lang='lat' dir='ltr'>Et</span> <span class='ocrx_word' id='word_1_61' title='bbox 1172 814 1326 852; x_wconf 90' lang='lat' dir='ltr'>nunc</span> <span class='ocrx_word' id='word_1_62' title='bbox 1376 798 1517 853; x_wconf 80' lang='lat' dir='ltr'>{iant</span> <span class='ocrx_word' id='word_1_63' title='bbox 1568 798 1720 853; x_wconf 84' lang='lat' dir='ltr'>sicut</span> <span class='ocrx_word' id='word_1_64' title='bbox 1767 798 1946 854; x_wconf 87' lang='lat' dir='ltr'>Nabal</span> <span class='ocrx_word' id='word_1_65' title='bbox 1982 797 2204 853; x_wconf 90' lang='lat' dir='ltr'>inimici</span> 
     </span>
    </p>
   </div>
   <div class='ocr_carea' id='block_1_10' title="bbox 552 885 2202 958">
    <p class='ocr_par' dir='ltr' id='par_1_10' title="bbox 552 885 2202 958">
     <span class='ocr_line' id='line_1_10' title="bbox 552 885 2202 958; baseline 0.003 -20"><span class='ocrx_word' id='word_1_66' title='bbox 552 885 676 953; x_wconf 91' lang='lat' dir='ltr'>tui;</span> <span class='ocrx_word' id='word_1_67' title='bbox 708 892 766 942; x_wconf 91' lang='lat' dir='ltr'>et</span> <span class='ocrx_word' id='word_1_68' title='bbox 796 888 893 957; x_wconf 93' lang='lat' dir='ltr'>qui</span> <span class='ocrx_word' id='word_1_69' title='bbox 923 892 1190 958; x_wconf 60' lang='lat' dir='ltr'>quierunt</span> <span class='ocrx_word' id='word_1_70' title='bbox 1221 887 1456 941; x_wconf 89' lang='lat' dir='ltr'>domino</span> <span class='ocrx_word' id='word_1_71' title='bbox 1515 904 1642 942; x_wconf 90' lang='lat' dir='ltr'>meo</span> <span class='ocrx_word' id='word_1_72' title='bbox 1677 887 1916 942; x_wconf 85' lang='lat' dir='ltr'>malum.</span> <span class='ocrx_word' id='word_1_73' title='bbox 1954 911 1979 936; x_wconf 76' lang='grc' dir='ltr'>η</span> <span class='ocrx_word' id='word_1_74' title='bbox 2017 888 2202 954; x_wconf 87' lang='lat' dir='ltr'>Fiant,</span> 
     </span>
    </p>
   </div>
   <div class='ocr_carea' id='block_1_11' title="bbox 551 975 2202 1048">
    <p class='ocr_par' dir='ltr' id='par_1_11' title="bbox 551 975 2202 1048">
     <span class='ocr_line' id='line_1_11' title="bbox 551 975 2202 1048; baseline 0 -19"><span class='ocrx_word' id='word_1_75' title='bbox 551 975 762 1048; x_wconf 78' lang='lat' dir='ltr'>inquit,</span> <span class='ocrx_word' id='word_1_76' title='bbox 795 977 948 1031; x_wconf 87' lang='lat' dir='ltr'>sicut</span> <span class='ocrx_word' id='word_1_77' title='bbox 979 976 1180 1043; x_wconf 83' lang='lat' dir='ltr'>Nabal,</span> <span class='ocrx_word' id='word_1_78' title='bbox 1218 981 1278 1030; x_wconf 91' lang='lat' dir='ltr'>ut</span> <span class='ocrx_word' id='word_1_79' title='bbox 1308 981 1546 1048; x_wconf 85' lang='lat' dir='ltr'>pereant</span> <span class='ocrx_word' id='word_1_80' title='bbox 1576 977 1727 1031; x_wconf 85' lang='lat' dir='ltr'>sicut</span> <span class='ocrx_word' id='word_1_81' title='bbox 1755 976 1933 1032; x_wconf 82' lang='lat' dir='ltr'>Nabal</span> <span class='ocrx_word' id='word_1_82' title='bbox 1968 975 2022 1030; x_wconf 90' lang='lat' dir='ltr'>in</span> <span class='ocrx_word' id='word_1_83' title='bbox 2059 976 2202 1031; x_wconf 87' lang='lat' dir='ltr'>stul-</span> 
     </span>
    </p>
   </div>
   <div class='ocr_carea' id='block_1_12' title="bbox 550 1064 836 1120">
    <p class='ocr_par' dir='ltr' id='par_1_12' title="bbox 550 1064 836 1120">
     <span class='ocr_line' id='line_1_12' title="bbox 550 1064 836 1120; baseline 0.003 -2"><span class='ocrx_word' id='word_1_84' title='bbox 550 1064 680 1120; x_wconf 87' lang='lat' dir='ltr'>titia</span> <span class='ocrx_word' id='word_1_85' title='bbox 710 1083 836 1120; x_wconf 90' lang='lat' dir='ltr'>sua.</span> 
     </span>
    </p>
   </div>
   <div class='ocr_carea' id='block_1_13' title="bbox 618 1153 2200 1228">
    <p class='ocr_par' dir='ltr' id='par_1_13' title="bbox 618 1153 2200 1228">
     <span class='ocr_line' id='line_1_13' title="bbox 618 1153 2200 1228; baseline -0.002 -18"><span class='ocrx_word' id='word_1_86' title='bbox 618 1153 807 1223; x_wconf 87' lang='lat' dir='ltr'>(Vers.</span> <span class='ocrx_word' id='word_1_87' title='bbox 837 1155 952 1224; x_wconf 86' lang='lat'>30.)</span> <span class='ocrx_word' id='word_1_88' title='bbox 991 1156 1133 1209; x_wconf 89' lang='lat' dir='ltr'>Cum</span> <span class='ocrx_word' id='word_1_89' title='bbox 1184 1172 1320 1228; x_wconf 90' lang='lat' dir='ltr'>ergo</span> <span class='ocrx_word' id='word_1_90' title='bbox 1369 1157 1563 1214; x_wconf 80' lang='lat' dir='ltr'>fecerit</span> <span class='ocrx_word' id='word_1_91' title='bbox 1612 1157 1891 1211; x_wconf 77' lang='lat' dir='ltr'>Dominus</span> <span class='ocrx_word' id='word_1_92' title='bbox 1942 1155 2041 1210; x_wconf 84' lang='lat' dir='ltr'>tibi</span> <span class='ocrx_word' id='word_1_93' title='bbox 2095 1155 2200 1208; x_wconf 85' lang='lat' dir='ltr'>do-</span> 
     </span>
    </p>
   </div>
   <div class='ocr_carea' id='block_1_14' title="bbox 551 1242 2202 1316">
    <p class='ocr_par' dir='ltr' id='par_1_14' title="bbox 551 1242 2202 1316">
     <span class='ocr_line' id='line_1_14' title="bbox 551 1242 2202 1316; baseline 0 -19"><span class='ocrx_word' id='word_1_94' title='bbox 551 1242 710 1298; x_wconf 88' lang='lat' dir='ltr'>mino</span> <span class='ocrx_word' id='word_1_95' title='bbox 741 1260 870 1298; x_wconf 86' lang='lat' dir='ltr'>meo</span> <span class='ocrx_word' id='word_1_96' title='bbox 913 1246 1109 1298; x_wconf 78' lang='lat' dir='ltr'>omnia</span> <span class='ocrx_word' id='word_1_97' title='bbox 1143 1262 1269 1316; x_wconf 66' lang='lat' dir='ltr'>quae</span> <span class='ocrx_word' id='word_1_98' title='bbox 1318 1245 1547 1300; x_wconf 87' lang='lat' dir='ltr'>locutus</span> <span class='ocrx_word' id='word_1_99' title='bbox 1594 1251 1683 1298; x_wconf 87' lang='lat' dir='ltr'>est</span> <span class='ocrx_word' id='word_1_100' title='bbox 1710 1246 1878 1307; x_wconf 86' lang='lat' dir='ltr'>bona</span> <span class='ocrx_word' id='word_1_101' title='bbox 1928 1245 1997 1298; x_wconf 85' lang='lat' dir='ltr'>de</span> <span class='ocrx_word' id='word_1_102' title='bbox 2040 1249 2114 1308; x_wconf 90' lang='lat' dir='ltr'>te,</span> <span class='ocrx_word' id='word_1_103' title='bbox 2148 1251 2202 1297; x_wconf 87' lang='lat' dir='ltr'>et</span> 
     </span>
    </p>
   </div>
   <div class='ocr_carea' id='block_1_15' title="bbox 548 1333 2197 1400">
    <p class='ocr_par' dir='ltr' id='par_1_15' title="bbox 548 1333 2197 1400">
     <span class='ocr_line' id='line_1_15' title="bbox 548 1333 2197 1400; baseline 0 -15"><span class='ocrx_word' id='word_1_104' title='bbox 548 1333 999 1388; x_wconf 36' lang='lat' dir='ltr'>convstitucritte</span> <span class='ocrx_word' id='word_1_105' title='bbox 1045 1335 1251 1390; x_wconf 87' lang='lat' dir='ltr'>ducem</span> <span class='ocrx_word' id='word_1_106' title='bbox 1303 1334 1500 1400; x_wconf 87' lang='lat' dir='ltr'>Israel,</span> <span class='ocrx_word' id='word_1_107' title='bbox 1549 1353 1660 1390; x_wconf 81' lang='lat' dir='ltr'>non</span> <span class='ocrx_word' id='word_1_108' title='bbox 1711 1336 1820 1387; x_wconf 87' lang='lat' dir='ltr'>erit</span> <span class='ocrx_word' id='word_1_109' title='bbox 1867 1333 1970 1387; x_wconf 85' lang='lat' dir='ltr'>tibi</span> <span class='ocrx_word' id='word_1_110' title='bbox 2005 1333 2110 1386; x_wconf 87' lang='lat' dir='ltr'>hoc</span> <span class='ocrx_word' id='word_1_111' title='bbox 2143 1333 2197 1386; x_wconf 90' lang='lat' dir='ltr'>in</span> 
     </span>
    </p>
   </div>
   <div class='ocr_carea' id='block_1_16' title="bbox 547 1420 2198 1495">
    <p class='ocr_par' dir='ltr' id='par_1_16' title="bbox 547 1420 2198 1495">
     <span class='ocr_line' id='line_1_16' title="bbox 547 1420 2198 1495; baseline -0.001 -20"><span class='ocrx_word' id='word_1_112' title='bbox 547 1420 896 1493; x_wconf 89' lang='lat' dir='ltr'>singultum.</span> <span class='ocrx_word' id='word_1_113' title='bbox 938 1446 963 1470; x_wconf 84' lang='lat'>»</span> <span class='ocrx_word' id='word_1_114' title='bbox 997 1424 1118 1477; x_wconf 85' lang='lat' dir='ltr'>Non</span> <span class='ocrx_word' id='word_1_115' title='bbox 1151 1424 1279 1488; x_wconf 88' lang='lat' dir='ltr'>erit,</span> <span class='ocrx_word' id='word_1_116' title='bbox 1310 1423 1524 1495; x_wconf 84' lang='lat' dir='ltr'>inquit,</span> <span class='ocrx_word' id='word_1_117' title='bbox 1573 1423 1676 1477; x_wconf 87' lang='lat' dir='ltr'>tibi</span> <span class='ocrx_word' id='word_1_118' title='bbox 1727 1423 1834 1477; x_wconf 88' lang='lat' dir='ltr'>hoc</span> <span class='ocrx_word' id='word_1_119' title='bbox 1883 1423 1939 1475; x_wconf 85' lang='lat' dir='ltr'>in</span> <span class='ocrx_word' id='word_1_120' title='bbox 1974 1420 2198 1492; x_wconf 84' lang='lat' dir='ltr'>singul-</span> 
     </span>
    </p>
   </div>
   <div class='ocr_carea' id='block_1_17' title="bbox 546 1511 2196 1583">
    <p class='ocr_par' dir='ltr' id='par_1_17' title="bbox 546 1511 2196 1583">
     <span class='ocr_line' id='line_1_17' title="bbox 546 1511 2196 1583; baseline 0.001 -19"><span class='ocrx_word' id='word_1_121' title='bbox 546 1514 674 1565; x_wconf 86' lang='lat' dir='ltr'>tum</span> <span class='ocrx_word' id='word_1_122' title='bbox 705 1529 718 1578; x_wconf 89' lang='lat'><strong>;</strong></span> <span class='ocrx_word' id='word_1_123' title='bbox 752 1517 814 1565; x_wconf 89' lang='lat' dir='ltr'>ut</span> <span class='ocrx_word' id='word_1_124' title='bbox 847 1514 1018 1566; x_wconf 91' lang='lat' dir='ltr'>modo</span> <span class='ocrx_word' id='word_1_125' title='bbox 1047 1514 1313 1568; x_wconf 78' lang='lat' dir='ltr'>eifundas</span> <span class='ocrx_word' id='word_1_126' title='bbox 1344 1512 1690 1583; x_wconf 87' lang='lat' dir='ltr'>sanguinem</span> <span class='ocrx_word' id='word_1_127' title='bbox 1742 1511 1944 1580; x_wconf 81' lang='lat' dir='ltr'>Nabal,</span> <span class='ocrx_word' id='word_1_128' title='bbox 1978 1515 2034 1566; x_wconf 89' lang='lat' dir='ltr'>et</span> <span class='ocrx_word' id='word_1_129' title='bbox 2069 1528 2196 1582; x_wconf 86' lang='lat' dir='ltr'>pro-</span> 
     </span>
    </p>
   </div>
   <div class='ocr_carea' id='block_1_18' title="bbox 546 1600 1888 1674">
    <p class='ocr_par' dir='ltr' id='par_1_18' title="bbox 546 1600 1888 1674">
     <span class='ocr_line' id='line_1_18' title="bbox 546 1600 1888 1674; baseline 0 -20"><span class='ocrx_word' id='word_1_130' title='bbox 546 1603 676 1672; x_wconf 86' lang='lat' dir='ltr'>pter</span> <span class='ocrx_word' id='word_1_131' title='bbox 705 1600 812 1656; x_wconf 91' lang='lat' dir='ltr'>hoc</span> <span class='ocrx_word' id='word_1_132' title='bbox 845 1602 1103 1656; x_wconf 83' lang='lat' dir='ltr'>flendum</span> <span class='ocrx_word' id='word_1_133' title='bbox 1136 1602 1239 1656; x_wconf 83' lang='lat' dir='ltr'>tibi</span> <span class='ocrx_word' id='word_1_134' title='bbox 1274 1602 1352 1657; x_wconf 89' lang='lat' dir='ltr'>sit</span> <span class='ocrx_word' id='word_1_135' title='bbox 1379 1607 1436 1656; x_wconf 89' lang='lat' dir='ltr'>ct</span> <span class='ocrx_word' id='word_1_136' title='bbox 1468 1601 1888 1674; x_wconf 62' lang='lat' dir='ltr'>paenitendum.</span> 
     </span>
    </p>
   </div>
   <div class='ocr_carea' id='block_1_19' title="bbox 614 1687 2196 1761">
    <p class='ocr_par' dir='ltr' id='par_1_19' title="bbox 614 1687 2196 1761">
     <span class='ocr_line' id='line_1_19' title="bbox 614 1687 2196 1761; baseline -0.001 -18"><span class='ocrx_word' id='word_1_137' title='bbox 614 1689 800 1758; x_wconf 91' lang='lat' dir='ltr'>(Vers.</span> <span class='ocrx_word' id='word_1_138' title='bbox 857 1690 970 1761; x_wconf 78' lang='grc'>44.)</span> <span class='ocrx_word' id='word_1_139' title='bbox 1013 1690 1150 1746; x_wconf 89' lang='lat' dir='ltr'>Saul</span> <span class='ocrx_word' id='word_1_140' title='bbox 1202 1696 1396 1746; x_wconf 91' lang='lat' dir='ltr'>autem</span> <span class='ocrx_word' id='word_1_141' title='bbox 1447 1691 1608 1745; x_wconf 85' lang='lat' dir='ltr'>dedit</span> <span class='ocrx_word' id='word_1_142' title='bbox 1652 1689 1830 1744; x_wconf 84' lang='lat' dir='ltr'>filiam</span> <span class='ocrx_word' id='word_1_143' title='bbox 1883 1705 2051 1743; x_wconf 87' lang='lat' dir='ltr'>suam</span> <span class='ocrx_word' id='word_1_144' title='bbox 2085 1687 2196 1742; x_wconf 86' lang='lat' dir='ltr'>Mi-</span> 
     </span>
    </p>
   </div>
   <div class='ocr_carea' id='block_1_20' title="bbox 545 1777 2197 1849">
    <p class='ocr_par' dir='ltr' id='par_1_20' title="bbox 545 1777 2197 1849">
     <span class='ocr_line' id='line_1_20' title="bbox 545 1777 2197 1849; baseline -0.002 -16"><span class='ocrx_word' id='word_1_145' title='bbox 545 1777 675 1834; x_wconf 87' lang='lat' dir='ltr'>chol</span> <span class='ocrx_word' id='word_1_146' title='bbox 710 1795 946 1834; x_wconf 82' lang='lat' dir='ltr'>uxorem</span> <span class='ocrx_word' id='word_1_147' title='bbox 979 1779 1180 1849; x_wconf 86' lang='lat' dir='ltr'>David,</span> <span class='ocrx_word' id='word_1_148' title='bbox 1232 1779 1416 1835; x_wconf 74' lang='lat' dir='ltr'>Phalti</span> <span class='ocrx_word' id='word_1_149' title='bbox 1470 1779 1587 1834; x_wconf 85' lang='lat' dir='ltr'>filio</span> <span class='ocrx_word' id='word_1_150' title='bbox 1640 1780 1792 1847; x_wconf 83' lang='lat' dir='ltr'>Lais,</span> <span class='ocrx_word' id='word_1_151' title='bbox 1843 1778 1941 1849; x_wconf 90' lang='lat' dir='ltr'>qui</span> <span class='ocrx_word' id='word_1_152' title='bbox 1974 1781 2098 1832; x_wconf 89' lang='lat' dir='ltr'>erat</span> <span class='ocrx_word' id='word_1_153' title='bbox 2125 1777 2197 1831; x_wconf 90' lang='lat' dir='ltr'>de</span> 
     </span>
    </p>
   </div>
   <div class='ocr_carea' id='block_1_21' title="bbox 546 1865 2193 1937">
    <p class='ocr_par' dir='ltr' id='par_1_21' title="bbox 546 1865 2193 1937">
     <span class='ocr_line' id='line_1_21' title="bbox 546 1865 2193 1937; baseline 0 -18"><span class='ocrx_word' id='word_1_154' title='bbox 546 1865 782 1921; x_wconf 84' lang='lat' dir='ltr'>Gallim.</span> <span class='ocrx_word' id='word_1_155' title='bbox 828 1888 855 1915; x_wconf 86' lang='lat'>»</span> <span class='ocrx_word' id='word_1_156' title='bbox 889 1866 961 1922; x_wconf 90' lang='lat' dir='ltr'>Ut</span> <span class='ocrx_word' id='word_1_157' title='bbox 982 1867 1201 1922; x_wconf 60' lang='lat' dir='ltr'>Hebraei</span> <span class='ocrx_word' id='word_1_158' title='bbox 1224 1868 1603 1937; x_wconf 89' lang='lat' dir='ltr'>tradunt,non</span> <span class='ocrx_word' id='word_1_159' title='bbox 1637 1866 2049 1937; x_wconf 79' lang='lat' dir='ltr'>cognoviteam</span> <span class='ocrx_word' id='word_1_160' title='bbox 2079 1865 2193 1935; x_wconf 86' lang='lat' dir='ltr'>(a);</span> 
     </span>
    </p>
   </div>
   <div class='ocr_carea' id='block_1_22' title="bbox 543 1953 2196 2029">
    <p class='ocr_par' dir='ltr' id='par_1_22' title="bbox 543 1953 2196 2029">
     <span class='ocr_line' id='line_1_22' title="bbox 543 1953 2196 2029; baseline -0.002 -20"><span class='ocrx_word' id='word_1_161' title='bbox 543 1953 603 2009; x_wconf 87' lang='lat' dir='ltr'>id</span> <span class='ocrx_word' id='word_1_162' title='bbox 646 1959 736 2010; x_wconf 89' lang='lat' dir='ltr'>est</span> <span class='ocrx_word' id='word_1_163' title='bbox 777 1955 1000 2010; x_wconf 86' lang='lat' dir='ltr'>Phalti:</span> <span class='ocrx_word' id='word_1_164' title='bbox 1045 1957 1321 2028; x_wconf 86' lang='lat' dir='ltr'>quoniam</span> <span class='ocrx_word' id='word_1_165' title='bbox 1369 1955 1418 2010; x_wconf 88' lang='lat' dir='ltr'>si</span> <span class='ocrx_word' id='word_1_166' title='bbox 1469 1955 1834 2029; x_wconf 84' lang='lat' dir='ltr'>cognovisset</span> <span class='ocrx_word' id='word_1_167' title='bbox 1863 1971 2013 2022; x_wconf 89' lang='lat' dir='ltr'>eam,</span> <span class='ocrx_word' id='word_1_168' title='bbox 2047 1970 2196 2007; x_wconf 90' lang='lat' dir='ltr'>nun-</span> 
     </span>
    </p>
   </div>
   <div class='ocr_carea' id='block_1_23' title="bbox 545 2041 2196 2116">
    <p class='ocr_par' dir='ltr' id='par_1_23' title="bbox 545 2041 2196 2116">
     <span class='ocr_line' id='line_1_23' title="bbox 545 2041 2196 2116; baseline -0.002 -18"><span class='ocrx_word' id='word_1_169' title='bbox 545 2059 720 2116; x_wconf 86' lang='lat' dir='ltr'>quam</span> <span class='ocrx_word' id='word_1_170' title='bbox 751 2045 927 2099; x_wconf 87' lang='lat' dir='ltr'>David</span> <span class='ocrx_word' id='word_1_171' title='bbox 961 2045 1070 2100; x_wconf 84' lang='lat' dir='ltr'>sibi</span> <span class='ocrx_word' id='word_1_172' title='bbox 1102 2062 1226 2100; x_wconf 89' lang='lat' dir='ltr'>eam</span> <span class='ocrx_word' id='word_1_173' title='bbox 1263 2050 1462 2116; x_wconf 89' lang='lat' dir='ltr'>postea</span> <span class='ocrx_word' id='word_1_174' title='bbox 1491 2045 1792 2111; x_wconf 85' lang='lat' dir='ltr'>sociasset,</span> <span class='ocrx_word' id='word_1_175' title='bbox 1826 2043 1964 2114; x_wconf 85' lang='lat' dir='ltr'>quia</span> <span class='ocrx_word' id='word_1_176' title='bbox 1985 2041 2041 2096; x_wconf 91' lang='lat' dir='ltr'>in</span> <span class='ocrx_word' id='word_1_177' title='bbox 2072 2041 2196 2114; x_wconf 87' lang='lat' dir='ltr'>lege</span> 
     </span>
    </p>
   </div>
   <div class='ocr_carea' id='block_1_24' title="bbox 544 2133 2197 2205">
    <p class='ocr_par' dir='ltr' id='par_1_24' title="bbox 544 2133 2197 2205">
     <span class='ocr_line' id='line_1_24' title="bbox 544 2133 2197 2205; baseline 0 -18"><span class='ocrx_word' id='word_1_178' title='bbox 544 2133 780 2204; x_wconf 85' lang='lat' dir='ltr'>penitus</span> <span class='ocrx_word' id='word_1_179' title='bbox 803 2133 1143 2205; x_wconf 88' lang='lat' dir='ltr'>hujusmodi</span> <span class='ocrx_word' id='word_1_180' title='bbox 1169 2134 1513 2205; x_wconf 79' lang='lat' dir='ltr'>prohibetur</span> <span class='ocrx_word' id='word_1_181' title='bbox 1533 2133 1736 2189; x_wconf 88' lang='lat' dir='ltr'>coitus.</span> <span class='ocrx_word' id='word_1_182' title='bbox 1759 2133 1916 2187; x_wconf 85' lang='lat' dir='ltr'>Idem</span> <span class='ocrx_word' id='word_1_183' title='bbox 1945 2147 2197 2203; x_wconf 86' lang='lat' dir='ltr'>namque</span> 
     </span>
    </p>
   </div>
   <div class='ocr_carea' id='block_1_25' title="bbox 543 2219 2186 2290">
    <p class='ocr_par' dir='ltr' id='par_1_25' title="bbox 543 2219 2186 2290">
     <span class='ocr_line' id='line_1_25' title="bbox 543 2219 2186 2290; baseline 0.001 -15"><span class='ocrx_word' id='word_1_184' title='bbox 543 2219 731 2276; x_wconf 87' lang='lat' dir='ltr'>Pbalti</span> <span class='ocrx_word' id='word_1_185' title='bbox 796 2223 866 2277; x_wconf 91' lang='lat' dir='ltr'>de</span> <span class='ocrx_word' id='word_1_186' title='bbox 928 2222 1161 2288; x_wconf 88' lang='lat' dir='ltr'>Gallim,</span> <span class='ocrx_word' id='word_1_187' title='bbox 1216 2223 1274 2277; x_wconf 87' lang='lat' dir='ltr'>id</span> <span class='ocrx_word' id='word_1_188' title='bbox 1329 2228 1416 2278; x_wconf 90' lang='lat' dir='ltr'>est</span> <span class='ocrx_word' id='word_1_189' title='bbox 1471 2224 1542 2278; x_wconf 91' lang='lat' dir='ltr'>de</span> <span class='ocrx_word' id='word_1_190' title='bbox 1597 2223 1997 2290; x_wconf 85' lang='lat' dir='ltr'>inundatione,</span> <span class='ocrx_word' id='word_1_191' title='bbox 2039 2226 2186 2277; x_wconf 90' lang='lat' dir='ltr'>erat.</span> 
     </span>
    </p>
   </div>
   <div class='ocr_carea' id='block_1_26' title="bbox 543 2309 2198 2382">
    <p class='ocr_par' dir='ltr' id='par_1_26' title="bbox 543 2309 2198 2382">
     <span class='ocr_line' id='line_1_26' title="bbox 543 2309 2198 2382; baseline -0.001 -17"><span class='ocrx_word' id='word_1_192' title='bbox 543 2311 873 2380; x_wconf 90' lang='lat' dir='ltr'>Inundatio,</span> <span class='ocrx_word' id='word_1_193' title='bbox 923 2312 1031 2367; x_wconf 90' lang='lat' dir='ltr'>hoc</span> <span class='ocrx_word' id='word_1_194' title='bbox 1084 2317 1172 2367; x_wconf 88' lang='lat' dir='ltr'>est</span> <span class='ocrx_word' id='word_1_195' title='bbox 1213 2312 1444 2378; x_wconf 90' lang='lat' dir='ltr'>Gallim,</span> <span class='ocrx_word' id='word_1_196' title='bbox 1494 2311 1583 2366; x_wconf 81' lang='lat' dir='ltr'>lex</span> <span class='ocrx_word' id='word_1_197' title='bbox 1627 2311 1991 2382; x_wconf 86' lang='lat' dir='ltr'>intelligitur.</span> <span class='ocrx_word' id='word_1_198' title='bbox 2028 2309 2198 2381; x_wconf 87' lang='lat' dir='ltr'>Legis</span> 
     </span>
    </p>
   </div>
   <div class='ocr_carea' id='block_1_27' title="bbox 540 2399 2193 2468">
    <p class='ocr_par' dir='ltr' id='par_1_27' title="bbox 540 2399 2193 2468">
     <span class='ocr_line' id='line_1_27' title="bbox 540 2399 2193 2468; baseline -0.001 -14"><span class='ocrx_word' id='word_1_199' title='bbox 540 2401 697 2455; x_wconf 89' lang='lat' dir='ltr'>enim</span> <span class='ocrx_word' id='word_1_200' title='bbox 726 2401 929 2455; x_wconf 87' lang='lat' dir='ltr'>doctor</span> <span class='ocrx_word' id='word_1_201' title='bbox 985 2406 1107 2456; x_wconf 88' lang='lat' dir='ltr'>erat</span> <span class='ocrx_word' id='word_1_202' title='bbox 1165 2402 1235 2456; x_wconf 90' lang='lat' dir='ltr'>de</span> <span class='ocrx_word' id='word_1_203' title='bbox 1297 2401 1595 2468; x_wconf 87' lang='lat' dir='ltr'>Bahurim,</span> <span class='ocrx_word' id='word_1_204' title='bbox 1651 2400 1710 2455; x_wconf 88' lang='lat' dir='ltr'>id</span> <span class='ocrx_word' id='word_1_205' title='bbox 1761 2406 1848 2455; x_wconf 88' lang='lat' dir='ltr'>est</span> <span class='ocrx_word' id='word_1_206' title='bbox 1871 2401 1943 2455; x_wconf 85' lang='lat' dir='ltr'>de</span> <span class='ocrx_word' id='word_1_207' title='bbox 1971 2399 2193 2456; x_wconf 90' lang='lat' dir='ltr'>electis.</span> 
     </span>
    </p>
   </div>
   <div class='ocr_carea' id='block_1_28' title="bbox 541 2489 2192 2557">
    <p class='ocr_par' dir='ltr' id='par_1_28' title="bbox 541 2489 2192 2557">
     <span class='ocr_line' id='line_1_28' title="bbox 541 2489 2192 2557; baseline -0.001 -13"><span class='ocrx_word' id='word_1_208' title='bbox 541 2489 784 2555; x_wconf 83' lang='lat' dir='ltr'>Quando</span> <span class='ocrx_word' id='word_1_209' title='bbox 816 2494 1010 2546; x_wconf 90' lang='lat' dir='ltr'>autem</span> <span class='ocrx_word' id='word_1_210' title='bbox 1043 2509 1075 2545; x_wconf 83' lang='lat' dir='ltr'>a</span> <span class='ocrx_word' id='word_1_211' title='bbox 1104 2490 1273 2546; x_wconf 87' lang='lat' dir='ltr'>Saule</span> <span class='ocrx_word' id='word_1_212' title='bbox 1322 2490 1533 2545; x_wconf 88' lang='lat' dir='ltr'>Micbol</span> <span class='ocrx_word' id='word_1_213' title='bbox 1577 2491 1627 2545; x_wconf 92' lang='lat' dir='ltr'>ei</span> <span class='ocrx_word' id='word_1_214' title='bbox 1676 2491 1868 2557; x_wconf 91' lang='lat' dir='ltr'>datur,</span> <span class='ocrx_word' id='word_1_215' title='bbox 1903 2490 2104 2555; x_wconf 80' lang='lat' dir='ltr'>Phaltz’,</span> <span class='ocrx_word' id='word_1_216' title='bbox 2136 2489 2192 2544; x_wconf 92' lang='lat' dir='ltr'>id</span> 
     </span>
    </p>
   </div>
   <div class='ocr_carea' id='block_1_29' title="bbox 539 2578 2194 2652">
    <p class='ocr_par' dir='ltr' id='par_1_29' title="bbox 539 2578 2194 2652">
     <span class='ocr_line' id='line_1_29' title="bbox 539 2578 2194 2652; baseline -0.001 -18"><span class='ocrx_word' id='word_1_217' title='bbox 539 2583 630 2634; x_wconf 89' lang='lat' dir='ltr'>est</span> <span class='ocrx_word' id='word_1_218' title='bbox 683 2579 936 2644; x_wconf 70' lang='lat' dir='ltr'>suadens,</span> <span class='ocrx_word' id='word_1_219' title='bbox 996 2578 1434 2652; x_wconf 86' lang='lat' dir='ltr'>interpretatur.</span> <span class='ocrx_word' id='word_1_220' title='bbox 1507 2580 1748 2644; x_wconf 86' lang='lat' dir='ltr'>Quando</span> <span class='ocrx_word' id='word_1_221' title='bbox 1805 2595 1937 2634; x_wconf 90' lang='lat' dir='ltr'>vero</span> <span class='ocrx_word' id='word_1_222' title='bbox 2000 2580 2072 2634; x_wconf 91' lang='lat' dir='ltr'>ab</span> <span class='ocrx_word' id='word_1_223' title='bbox 2128 2596 2194 2634; x_wconf 90' lang='lat' dir='ltr'>eo</span> 
     </span>
    </p>
   </div>
   <div class='ocr_carea' id='block_1_30' title="bbox 539 2665 2196 2739">
    <p class='ocr_par' dir='ltr' id='par_1_30' title="bbox 539 2665 2196 2739">
     <span class='ocr_line' id='line_1_30' title="bbox 539 2665 2196 2739; baseline -0.001 -17"><span class='ocrx_word' id='word_1_224' title='bbox 539 2666 742 2722; x_wconf 86' lang='lat' dir='ltr'>eadem</span> <span class='ocrx_word' id='word_1_225' title='bbox 793 2665 997 2722; x_wconf 80' lang='lat' dir='ltr'>Michol</span> <span class='ocrx_word' id='word_1_226' title='bbox 1031 2668 1310 2732; x_wconf 80' lang='lat' dir='ltr'>aufertur,</span> <span class='ocrx_word' id='word_1_227' title='bbox 1363 2667 1621 2739; x_wconf 78' lang='lat' dir='ltr'>Phaltiel,</span> <span class='ocrx_word' id='word_1_228' title='bbox 1679 2667 1736 2722; x_wconf 90' lang='lat' dir='ltr'>id</span> <span class='ocrx_word' id='word_1_229' title='bbox 1774 2671 1863 2722; x_wconf 90' lang='lat' dir='ltr'>est</span> <span class='ocrx_word' id='word_1_230' title='bbox 1901 2667 2134 2722; x_wconf 58' lang='lat' dir='ltr'>evertens</span> <span class='ocrx_word' id='word_1_231' title='bbox 2163 2683 2196 2721; x_wconf 81' lang='grc' dir='ltr'><em>α</em></span> 
     </span>
    </p>
   </div>
   <div class='ocr_carea' id='block_1_31' title="bbox 534 2755 2195 2828">
    <p class='ocr_par' dir='ltr' id='par_1_31' title="bbox 534 2755 2195 2828">
     <span class='ocr_line' id='line_1_31' title="bbox 534 2755 2195 2828; baseline 0.001 -18"><span class='ocrx_word' id='word_1_232' title='bbox 534 2755 661 2822; x_wconf 88' lang='lat' dir='ltr'>Deo,</span> <span class='ocrx_word' id='word_1_233' title='bbox 725 2756 1162 2828; x_wconf 86' lang='lat' dir='ltr'>interpretatur.</span> <span class='ocrx_word' id='word_1_234' title='bbox 1224 2757 1486 2812; x_wconf 86' lang='lat' dir='ltr'>Evadens</span> <span class='ocrx_word' id='word_1_235' title='bbox 1535 2775 1568 2812; x_wconf 88' lang='lat' dir='ltr'>a</span> <span class='ocrx_word' id='word_1_236' title='bbox 1617 2761 1727 2810; x_wconf 93' lang='lat' dir='ltr'>Deo</span> <span class='ocrx_word' id='word_1_237' title='bbox 1778 2756 2010 2824; x_wconf 89' lang='lat' dir='ltr'>dicitur,</span> <span class='ocrx_word' id='word_1_238' title='bbox 2057 2755 2195 2827; x_wconf 89' lang='lat' dir='ltr'>quia</span> 
     </span>
    </p>
   </div>
   <div class='ocr_carea' id='block_1_32' title="bbox 536 2844 2193 2919">
    <p class='ocr_par' dir='ltr' id='par_1_32' title="bbox 536 2844 2193 2919">
     <span class='ocr_line' id='line_1_32' title="bbox 536 2844 2193 2919; baseline 0.001 -21"><span class='ocrx_word' id='word_1_239' title='bbox 536 2844 849 2900; x_wconf 89' lang='lat' dir='ltr'>custodivit</span> <span class='ocrx_word' id='word_1_240' title='bbox 881 2862 1036 2912; x_wconf 90' lang='lat' dir='ltr'>eum,</span> <span class='ocrx_word' id='word_1_241' title='bbox 1074 2862 1141 2900; x_wconf 91' lang='lat' dir='ltr'>ne</span> <span class='ocrx_word' id='word_1_242' title='bbox 1182 2851 1446 2919; x_wconf 85' lang='lat' dir='ltr'>tangeret</span> <span class='ocrx_word' id='word_1_243' title='bbox 1486 2861 1636 2915; x_wconf 91' lang='lat' dir='ltr'>eam,</span> <span class='ocrx_word' id='word_1_244' title='bbox 1688 2861 1760 2900; x_wconf 90' lang='lat' dir='ltr'>ne</span> <span class='ocrx_word' id='word_1_245' title='bbox 1813 2846 1973 2899; x_wconf 80' lang='lat' dir='ltr'>ﬁeret</span> <span class='ocrx_word' id='word_1_246' title='bbox 2005 2849 2193 2900; x_wconf 81' lang='lat' dir='ltr'>trans-</span> 
     </span>
    </p>
   </div>
   <div class='ocr_carea' id='block_1_33' title="bbox 534 2933 2193 3007">
    <p class='ocr_par' dir='ltr' id='par_1_33' title="bbox 534 2933 2193 3007">
     <span class='ocr_line' id='line_1_33' title="bbox 534 2933 2193 3007; baseline 0.001 -20"><span class='ocrx_word' id='word_1_247' title='bbox 534 2947 769 3005; x_wconf 87' lang='lat' dir='ltr'>gresscr</span> <span class='ocrx_word' id='word_1_248' title='bbox 800 2933 945 3007; x_wconf 84' lang='lat' dir='ltr'>legis</span> <span class='ocrx_word' id='word_1_249' title='bbox 1000 2957 1026 2984; x_wconf 90' lang='grc'>‹‹</span> <span class='ocrx_word' id='word_1_250' title='bbox 1063 2936 1425 3006; x_wconf 86' lang='lat' dir='ltr'>Secutusque</span> <span class='ocrx_word' id='word_1_251' title='bbox 1468 2938 1558 2988; x_wconf 86' lang='lat' dir='ltr'>est</span> <span class='ocrx_word' id='word_1_252' title='bbox 1602 2949 1729 2988; x_wconf 89' lang='lat' dir='ltr'>eam</span> <span class='ocrx_word' id='word_1_253' title='bbox 1782 2935 1868 2988; x_wconf 91' lang='lat' dir='ltr'>vir</span> <span class='ocrx_word' id='word_1_254' title='bbox 1898 2951 2041 2988; x_wconf 89' lang='lat' dir='ltr'>suus</span> <span class='ocrx_word' id='word_1_255' title='bbox 2074 2933 2193 3006; x_wconf 88' lang='lat' dir='ltr'>plo-</span> 
     </span>
    </p>
   </div>
   <div class='ocr_carea' id='block_1_34' title="bbox 537 3023 2195 3093">
    <p class='ocr_par' dir='ltr' id='par_1_34' title="bbox 537 3023 2195 3093">
     <span class='ocr_line' id='line_1_34' title="bbox 537 3023 2195 3093; baseline 0.001 -18"><span class='ocrx_word' id='word_1_256' title='bbox 537 3037 676 3076; x_wconf 88' lang='lat' dir='ltr'>rans</span> <span class='ocrx_word' id='word_1_257' title='bbox 707 3039 895 3093; x_wconf 89' lang='lat' dir='ltr'>usque</span> <span class='ocrx_word' id='word_1_258' title='bbox 925 3023 996 3076; x_wconf 86' lang='lat' dir='ltr'>ad</span> <span class='ocrx_word' id='word_1_259' title='bbox 1031 3023 1307 3078; x_wconf 89' lang='lat' dir='ltr'>Bahurim</span> <span class='ocrx_word' id='word_1_260' title='bbox 1344 3045 1370 3072; x_wconf 85' lang='lat'><strong>»</strong></span> <span class='ocrx_word' id='word_1_261' title='bbox 1403 3023 1472 3092; x_wconf 90' lang='lat' dir='ltr'>(II</span> <span class='ocrx_word' id='word_1_262' title='bbox 1501 3024 1630 3090; x_wconf 74' lang='lat' dir='ltr'>Reg.</span> <span class='ocrx_word' id='word_1_263' title='bbox 1664 3041 1750 3087; x_wconf 85' lang='lat' dir='ltr'>III,</span> <span class='ocrx_word' id='word_1_264' title='bbox 1785 3023 1893 3093; x_wconf 85' lang='lat' dir='ltr'>t6.)</span> <span class='ocrx_word' id='word_1_265' title='bbox 1934 3023 2195 3078; x_wconf 83' lang='lat' dir='ltr'>Plorasse</span> 
     </span>
    </p>
   </div>
   <div class='ocr_carea' id='block_1_35' title="bbox 2391 622 3866 696">
    <p class='ocr_par' dir='ltr' id='par_1_35' title="bbox 2391 622 3866 696">
     <span class='ocr_line' id='line_1_35' title="bbox 2391 622 3866 696; baseline 0.005 -22"><span class='ocrx_word' id='word_1_266' title='bbox 2391 622 2574 693; x_wconf 86' lang='lat' dir='ltr'>(Vers.</span> <span class='ocrx_word' id='word_1_267' title='bbox 2608 625 2686 694; x_wconf 88' lang='lat'>6.)</span> <span class='ocrx_word' id='word_1_268' title='bbox 2718 647 2744 672; x_wconf 84' lang='lat'><strong>«</strong></span> <span class='ocrx_word' id='word_1_269' title='bbox 2781 623 3201 696; x_wconf 89' lang='lat' dir='ltr'>Consuluitque</span> <span class='ocrx_word' id='word_1_270' title='bbox 3250 625 3575 688; x_wconf 84' lang='lat' dir='ltr'>Dominum,</span> <span class='ocrx_word' id='word_1_271' title='bbox 3622 630 3671 680; x_wconf 89' lang='lat' dir='ltr'>et</span> <span class='ocrx_word' id='word_1_272' title='bbox 3701 643 3790 682; x_wconf 89' lang='lat' dir='ltr'>non</span> <span class='ocrx_word' id='word_1_273' title='bbox 3811 645 3866 682; x_wconf 80' lang='lat' dir='ltr'>re-</span> 
     </span>
    </p>
   </div>
   <div class='ocr_carea' id='block_1_36' title="bbox 2316 711 3866 786">
    <p class='ocr_par' dir='ltr' id='par_1_36' title="bbox 2316 711 3866 786">
     <span class='ocr_line' id='line_1_36' title="bbox 2316 711 3866 786; baseline 0.003 -22"><span class='ocrx_word' id='word_1_274' title='bbox 2316 711 2554 781; x_wconf 87' lang='lat' dir='ltr'>spondit</span> <span class='ocrx_word' id='word_1_275' title='bbox 2585 712 2661 779; x_wconf 91' lang='lat' dir='ltr'>ei,</span> <span class='ocrx_word' id='word_1_276' title='bbox 2693 729 2879 784; x_wconf 91' lang='lat' dir='ltr'>neque</span> <span class='ocrx_word' id='word_1_277' title='bbox 2911 730 3012 784; x_wconf 92' lang='lat' dir='ltr'>per</span> <span class='ocrx_word' id='word_1_278' title='bbox 3059 714 3307 779; x_wconf 89' lang='lat' dir='ltr'>somnia,</span> <span class='ocrx_word' id='word_1_279' title='bbox 3349 730 3530 785; x_wconf 91' lang='lat' dir='ltr'>neque</span> <span class='ocrx_word' id='word_1_280' title='bbox 3560 730 3650 786; x_wconf 91' lang='lat' dir='ltr'>per</span> <span class='ocrx_word' id='word_1_281' title='bbox 3675 717 3866 769; x_wconf 82' lang='lat' dir='ltr'>sacerdo-</span> 
     </span>
    </p>
   </div>
   <div class='ocr_carea' id='block_1_37' title="bbox 2317 801 3868 874">
    <p class='ocr_par' dir='ltr' id='par_1_37' title="bbox 2317 801 3868 874">
     <span class='ocr_line' id='line_1_37' title="bbox 2317 801 3868 874; baseline 0.003 -21"><span class='ocrx_word' id='word_1_282' title='bbox 2317 806 2419 854; x_wconf 83' lang='lat' dir='ltr'>tes.</span> <span class='ocrx_word' id='word_1_283' title='bbox 2457 822 2483 849; x_wconf 83' lang='grc'><strong>››</strong></span> <span class='ocrx_word' id='word_1_284' title='bbox 2520 801 2814 867; x_wconf 82' lang='lat' dir='ltr'>Hebraeus,</span> <span class='ocrx_word' id='word_1_285' title='bbox 2877 825 2906 851; x_wconf 82' lang='lat'><strong>«</strong></span> <span class='ocrx_word' id='word_1_286' title='bbox 2969 803 3166 874; x_wconf 90' lang='lat' dir='ltr'>Neque</span> <span class='ocrx_word' id='word_1_287' title='bbox 3227 821 3327 874; x_wconf 91' lang='lat' dir='ltr'>per</span> <span class='ocrx_word' id='word_1_288' title='bbox 3381 802 3700 869; x_wconf 87' lang='lat' dir='ltr'>doctrinam,</span> <span class='ocrx_word' id='word_1_289' title='bbox 3740 819 3868 874; x_wconf 82' lang='lat' dir='ltr'>neque</span> 
     </span>
    </p>
   </div>
   <div class='ocr_carea' id='block_1_38' title="bbox 2314 890 3867 962">
    <p class='ocr_par' dir='ltr' id='par_1_38' title="bbox 2314 890 3867 962">
     <span class='ocr_line' id='line_1_38' title="bbox 2314 890 3867 962; baseline 0.003 -21"><span class='ocrx_word' id='word_1_290' title='bbox 2314 904 2415 958; x_wconf 90' lang='lat' dir='ltr'>per</span> <span class='ocrx_word' id='word_1_291' title='bbox 2458 890 2789 960; x_wconf 83' lang='lat' dir='ltr'>prOphetas.</span> <span class='ocrx_word' id='word_1_292' title='bbox 2823 909 2848 939; x_wconf 74' lang='grc' dir='ltr'>ι)</span> <span class='ocrx_word' id='word_1_293' title='bbox 2908 891 3315 962; x_wconf 83' lang='lat' dir='ltr'>Respondebat</span> <span class='ocrx_word' id='word_1_294' title='bbox 3356 892 3624 946; x_wconf 89' lang='lat' dir='ltr'>Dominus</span> <span class='ocrx_word' id='word_1_295' title='bbox 3651 908 3733 962; x_wconf 91' lang='lat' dir='ltr'>per</span> <span class='ocrx_word' id='word_1_296' title='bbox 3765 908 3867 946; x_wconf 86' lang='lat' dir='ltr'>som-</span> 
     </span>
    </p>
   </div>
   <div class='ocr_carea' id='block_1_39' title="bbox 2313 976 3869 1052">
    <p class='ocr_par' dir='ltr' id='par_1_39' title="bbox 2313 976 3869 1052">
     <span class='ocr_line' id='line_1_39' title="bbox 2313 976 3869 1052; baseline 0.004 -22"><span class='ocrx_word' id='word_1_297' title='bbox 2313 976 2428 1042; x_wconf 88' lang='lat' dir='ltr'>nia,</span> <span class='ocrx_word' id='word_1_298' title='bbox 2463 977 2612 1032; x_wconf 91' lang='lat' dir='ltr'>sicut</span> <span class='ocrx_word' id='word_1_299' title='bbox 2643 978 2819 1035; x_wconf 87' lang='lat' dir='ltr'>iidem</span> <span class='ocrx_word' id='word_1_300' title='bbox 2863 980 3082 1035; x_wconf 72' lang='lat' dir='ltr'>Hebraei</span> <span class='ocrx_word' id='word_1_301' title='bbox 3132 984 3422 1050; x_wconf 89' lang='lat' dir='ltr'>asserunt,</span> <span class='ocrx_word' id='word_1_302' title='bbox 3457 997 3520 1034; x_wconf 89' lang='lat' dir='ltr'>eo</span> <span class='ocrx_word' id='word_1_303' title='bbox 3552 981 3685 1052; x_wconf 90' lang='lat' dir='ltr'>quod</span> <span class='ocrx_word' id='word_1_304' title='bbox 3716 982 3869 1036; x_wconf 84' lang='lat' dir='ltr'>orando</span> 
     </span>
    </p>
   </div>
   <div class='ocr_carea' id='block_1_40' title="bbox 2312 1066 3868 1139">
    <p class='ocr_par' dir='ltr' id='par_1_40' title="bbox 2312 1066 3868 1139">
     <span class='ocr_line' id='line_1_40' title="bbox 2312 1066 3868 1139; baseline 0.003 -19"><span class='ocrx_word' id='word_1_305' title='bbox 2312 1071 2367 1120; x_wconf 87' lang='lat' dir='ltr'>ct</span> <span class='ocrx_word' id='word_1_306' title='bbox 2400 1066 2713 1135; x_wconf 76' lang='lat' dir='ltr'>iejunando</span> <span class='ocrx_word' id='word_1_307' title='bbox 2745 1069 3062 1139; x_wconf 88' lang='lat' dir='ltr'>poscebant</span> <span class='ocrx_word' id='word_1_308' title='bbox 3091 1069 3392 1124; x_wconf 90' lang='lat' dir='ltr'>oraculum</span> <span class='ocrx_word' id='word_1_309' title='bbox 3425 1069 3533 1125; x_wconf 90' lang='lat' dir='ltr'>sibi</span> <span class='ocrx_word' id='word_1_310' title='bbox 3553 1069 3868 1124; x_wconf 79' lang='lat' dir='ltr'>ﬁeridivinum</span> 
     </span>
    </p>
   </div>
   <div class='ocr_carea' id='block_1_41' title="bbox 2311 1156 3871 1228">
    <p class='ocr_par' dir='ltr' id='par_1_41' title="bbox 2311 1156 3871 1228">
     <span class='ocr_line' id='line_1_41' title="bbox 2311 1156 3871 1228; baseline 0.003 -19"><span class='ocrx_word' id='word_1_311' title='bbox 2311 1160 2366 1209; x_wconf 90' lang='lat' dir='ltr'>et</span> <span class='ocrx_word' id='word_1_312' title='bbox 2398 1156 2549 1210; x_wconf 90' lang='lat' dir='ltr'>Deus</span> <span class='ocrx_word' id='word_1_313' title='bbox 2579 1156 2693 1210; x_wconf 83' lang='lat' dir='ltr'>illis</span> <span class='ocrx_word' id='word_1_314' title='bbox 2745 1173 2847 1228; x_wconf 89' lang='lat' dir='ltr'>per</span> <span class='ocrx_word' id='word_1_315' title='bbox 2895 1158 3126 1213; x_wconf 84' lang='lat' dir='ltr'>somnia</span> <span class='ocrx_word' id='word_1_316' title='bbox 3173 1157 3463 1214; x_wconf 88' lang='lat' dir='ltr'>revelabat</span> <span class='ocrx_word' id='word_1_317' title='bbox 3507 1175 3572 1214; x_wconf 89' lang='lat' dir='ltr'>ea</span> <span class='ocrx_word' id='word_1_318' title='bbox 3597 1175 3709 1228; x_wconf 67' lang='lat' dir='ltr'>quae</span> <span class='ocrx_word' id='word_1_319' title='bbox 3736 1158 3871 1213; x_wconf 80' lang='lat' dir='ltr'>futura</span> 
     </span>
    </p>
   </div>
   <div class='ocr_carea' id='block_1_42' title="bbox 2309 1245 3871 1318">
    <p class='ocr_par' dir='ltr' id='par_1_42' title="bbox 2309 1245 3871 1318">
     <span class='ocr_line' id='line_1_42' title="bbox 2309 1245 3871 1318; baseline 0.002 -22"><span class='ocrx_word' id='word_1_320' title='bbox 2309 1249 2472 1298; x_wconf 89' lang='lat' dir='ltr'>erant</span> <span class='ocrx_word' id='word_1_321' title='bbox 2506 1246 2658 1316; x_wconf 86' lang='lat' dir='ltr'>quod</span> <span class='ocrx_word' id='word_1_322' title='bbox 2693 1246 2750 1300; x_wconf 91' lang='lat' dir='ltr'>in</span> <span class='ocrx_word' id='word_1_323' title='bbox 2787 1245 2893 1300; x_wconf 88' lang='lat' dir='ltr'>hoc</span> <span class='ocrx_word' id='word_1_324' title='bbox 2926 1246 3050 1302; x_wconf 90' lang='lat' dir='ltr'>loco</span> <span class='ocrx_word' id='word_1_325' title='bbox 3101 1247 3344 1302; x_wconf 87' lang='lat' dir='ltr'>minime</span> <span class='ocrx_word' id='word_1_326' title='bbox 3396 1246 3531 1302; x_wconf 90' lang='lat' dir='ltr'>Saul</span> <span class='ocrx_word' id='word_1_327' title='bbox 3579 1247 3756 1302; x_wconf 83' lang='lat' dir='ltr'>fecisse</span> <span class='ocrx_word' id='word_1_328' title='bbox 3777 1247 3871 1318; x_wconf 78' lang='lat' dir='ltr'>legi-</span> 
     </span>
    </p>
   </div>
   <div class='ocr_carea' id='block_1_43' title="bbox 2310 1336 3872 1407">
    <p class='ocr_par' dir='ltr' id='par_1_43' title="bbox 2310 1336 3872 1407">
     <span class='ocr_line' id='line_1_43' title="bbox 2310 1336 3872 1407; baseline 0.003 -22"><span class='ocrx_word' id='word_1_329' title='bbox 2310 1336 2425 1387; x_wconf 90' lang='lat' dir='ltr'>tur.</span> <span class='ocrx_word' id='word_1_330' title='bbox 2467 1339 2572 1388; x_wconf 80' lang='lat' dir='ltr'>Per</span> <span class='ocrx_word' id='word_1_331' title='bbox 2598 1336 2928 1402; x_wconf 71' lang='lat' dir='ltr'>doctrinam,</span> <span class='ocrx_word' id='word_1_332' title='bbox 2962 1353 3064 1406; x_wconf 90' lang='lat' dir='ltr'>per</span> <span class='ocrx_word' id='word_1_333' title='bbox 3091 1337 3277 1407; x_wconf 92' lang='lat' dir='ltr'>ephod</span> <span class='ocrx_word' id='word_1_334' title='bbox 3313 1336 3548 1402; x_wconf 89' lang='lat' dir='ltr'>scilicet,</span> <span class='ocrx_word' id='word_1_335' title='bbox 3580 1336 3715 1406; x_wconf 90' lang='lat' dir='ltr'>quod</span> <span class='ocrx_word' id='word_1_336' title='bbox 3742 1351 3872 1389; x_wconf 82' lang='lat' dir='ltr'>sacer-</span> 
     </span>
    </p>
   </div>
   <div class='ocr_carea' id='block_1_44' title="bbox 2309 1421 3872 1496">
    <p class='ocr_par' dir='ltr' id='par_1_44' title="bbox 2309 1421 3872 1496">
     <span class='ocr_line' id='line_1_44' title="bbox 2309 1421 3872 1496; baseline 0.002 -22"><span class='ocrx_word' id='word_1_337' title='bbox 2309 1421 2414 1476; x_wconf 90' lang='lat' dir='ltr'>dos</span> <span class='ocrx_word' id='word_1_338' title='bbox 2445 1421 2504 1476; x_wconf 94' lang='lat' dir='ltr'>in</span> <span class='ocrx_word' id='word_1_339' title='bbox 2538 1428 2766 1494; x_wconf 88' lang='lat' dir='ltr'>pectore</span> <span class='ocrx_word' id='word_1_340' title='bbox 2799 1426 3086 1494; x_wconf 85' lang='lat' dir='ltr'>portabat.</span> <span class='ocrx_word' id='word_1_341' title='bbox 3120 1427 3304 1495; x_wconf 82' lang='lat' dir='ltr'>Neque</span> <span class='ocrx_word' id='word_1_342' title='bbox 3340 1441 3438 1495; x_wconf 84' lang='lat' dir='ltr'>per</span> <span class='ocrx_word' id='word_1_343' title='bbox 3462 1426 3742 1496; x_wconf 76' lang='lat' dir='ltr'>prophetas,</span> <span class='ocrx_word' id='word_1_344' title='bbox 3767 1424 3872 1494; x_wconf 84' lang='lat' dir='ltr'>quia,</span> 
     </span>
    </p>
   </div>
   <div class='ocr_carea' id='block_1_45' title="bbox 2310 1509 3874 1585">
    <p class='ocr_par' dir='ltr' id='par_1_45' title="bbox 2310 1509 3874 1585">
     <span class='ocr_line' id='line_1_45' title="bbox 2310 1509 3874 1585; baseline 0.003 -22"><span class='ocrx_word' id='word_1_345' title='bbox 2310 1509 2424 1565; x_wconf 91' lang='lat' dir='ltr'>illis</span> <span class='ocrx_word' id='word_1_346' title='bbox 2458 1512 2919 1580; x_wconf 89' lang='lat' dir='ltr'>consulentibus,</span> <span class='ocrx_word' id='word_1_347' title='bbox 2951 1515 3232 1569; x_wconf 91' lang='lat' dir='ltr'>Dominus</span> <span class='ocrx_word' id='word_1_348' title='bbox 3258 1530 3620 1585; x_wconf 88' lang='lat' dir='ltr'>nequaquam</span> <span class='ocrx_word' id='word_1_349' title='bbox 3647 1514 3874 1584; x_wconf 83' lang='lat' dir='ltr'>responde-</span> 
     </span>
    </p>
   </div>
   <div class='ocr_carea' id='block_1_46' title="bbox 2307 1599 3875 1674">
    <p class='ocr_par' dir='ltr' id='par_1_46' title="bbox 2307 1599 3875 1674">
     <span class='ocr_line' id='line_1_46' title="bbox 2307 1599 3875 1674; baseline 0.001 -21"><span class='ocrx_word' id='word_1_350' title='bbox 2307 1599 2424 1654; x_wconf 86' lang='lat' dir='ltr'>bat.</span> <span class='ocrx_word' id='word_1_351' title='bbox 2461 1601 2525 1654; x_wconf 83' lang='lat' dir='ltr'>Hi</span> <span class='ocrx_word' id='word_1_352' title='bbox 2561 1602 2852 1674; x_wconf 72' lang='lat' dir='ltr'>propheta:</span> <span class='ocrx_word' id='word_1_353' title='bbox 2885 1603 3164 1657; x_wconf 90' lang='lat' dir='ltr'>dicuntur</span> <span class='ocrx_word' id='word_1_354' title='bbox 3195 1603 3376 1658; x_wconf 87' lang='lat' dir='ltr'>fuisse</span> <span class='ocrx_word' id='word_1_355' title='bbox 3417 1601 3677 1673; x_wconf 89' lang='lat' dir='ltr'>discipuli</span> <span class='ocrx_word' id='word_1_356' title='bbox 3703 1602 3875 1656; x_wconf 49' lang='lat' dir='ltr'>Samae.</span> 
     </span>
    </p>
   </div>
   <div class='ocr_carea' id='block_1_47' title="bbox 2306 1686 3875 1764">
    <p class='ocr_par' dir='ltr' id='par_1_47' title="bbox 2306 1686 3875 1764">
     <span class='ocr_line' id='line_1_47' title="bbox 2306 1686 3875 1764; baseline 0.001 -23"><span class='ocrx_word' id='word_1_357' title='bbox 2306 1686 2399 1754; x_wconf 88' lang='lat' dir='ltr'>lis,</span> <span class='ocrx_word' id='word_1_358' title='bbox 2435 1689 2652 1759; x_wconf 92' lang='lat' dir='ltr'>quibus</span> <span class='ocrx_word' id='word_1_359' title='bbox 2685 1690 3166 1764; x_wconf 86' lang='lat' dir='ltr'>prophetantibus</span> <span class='ocrx_word' id='word_1_360' title='bbox 3190 1692 3388 1763; x_wconf 82' lang='lat' dir='ltr'>junxit</span> <span class='ocrx_word' id='word_1_361' title='bbox 3435 1708 3498 1746; x_wconf 91' lang='lat' dir='ltr'>se</span> <span class='ocrx_word' id='word_1_362' title='bbox 3548 1689 3875 1760; x_wconf 88' lang='lat' dir='ltr'>Sau1,etpro-</span> 
     </span>
    </p>
   </div>
   <div class='ocr_carea' id='block_1_48' title="bbox 2307 1777 2577 1849">
    <p class='ocr_par' dir='ltr' id='par_1_48' title="bbox 2307 1777 2577 1849">
     <span class='ocr_line' id='line_1_48' title="bbox 2307 1777 2577 1849; baseline 0.007 -18"><span class='ocrx_word' id='word_1_363' title='bbox 2307 1777 2577 1849; x_wconf 71' lang='lat' dir='ltr'>phetavit.</span> 
     </span>
    </p>
   </div>
   <div class='ocr_carea' id='block_1_49' title="bbox 2330 1865 3874 1938">
    <p class='ocr_par' dir='ltr' id='par_1_49' title="bbox 2330 1865 3874 1938">
     <span class='ocr_line' id='line_1_49' title="bbox 2330 1865 3874 1938; baseline 0.001 -19"><span class='ocrx_word' id='word_1_364' title='bbox 2330 1906 2332 1910; x_wconf 55' lang='grc' dir='ltr'><strong><em>τ</em></strong></span> <span class='ocrx_word' id='word_1_365' title='bbox 2376 1865 2561 1938; x_wconf 90' lang='lat' dir='ltr'>(Vers.</span> <span class='ocrx_word' id='word_1_366' title='bbox 2594 1869 2672 1938; x_wconf 90' lang='lat'>7.)</span> <span class='ocrx_word' id='word_1_367' title='bbox 2712 1893 2731 1916; x_wconf 78' lang='grc' dir='ltr'>α</span> <span class='ocrx_word' id='word_1_368' title='bbox 2775 1870 3023 1933; x_wconf 73' lang='lat' dir='ltr'>Quzerite</span> <span class='ocrx_word' id='word_1_369' title='bbox 3082 1870 3225 1925; x_wconf 90' lang='lat' dir='ltr'>mibi</span> <span class='ocrx_word' id='word_1_370' title='bbox 3286 1868 3589 1924; x_wconf 90' lang='lat' dir='ltr'>mulierem</span> <span class='ocrx_word' id='word_1_371' title='bbox 3643 1867 3874 1922; x_wconf 78' lang='lat' dir='ltr'>habentem</span> 
     </span>
    </p>
   </div>
   <div class='ocr_carea' id='block_1_50' title="bbox 2305 1955 3878 2027">
    <p class='ocr_par' dir='ltr' id='par_1_50' title="bbox 2305 1955 3878 2027">
     <span class='ocr_line' id='line_1_50' title="bbox 2305 1955 3878 2027; baseline -0.001 -17"><span class='ocrx_word' id='word_1_372' title='bbox 2305 1955 2644 2027; x_wconf 83' lang='lat' dir='ltr'>Pythonem,</span> <span class='ocrx_word' id='word_1_373' title='bbox 2679 1965 2735 2013; x_wconf 91' lang='lat' dir='ltr'>et</span> <span class='ocrx_word' id='word_1_374' title='bbox 2785 1960 2992 2013; x_wconf 88' lang='lat' dir='ltr'>vadam</span> <span class='ocrx_word' id='word_1_375' title='bbox 3047 1959 3116 2013; x_wconf 87' lang='lat' dir='ltr'>ad</span> <span class='ocrx_word' id='word_1_376' title='bbox 3175 1976 3326 2026; x_wconf 90' lang='lat' dir='ltr'>eam,</span> <span class='ocrx_word' id='word_1_377' title='bbox 3377 1963 3433 2013; x_wconf 87' lang='lat' dir='ltr'>et</span> <span class='ocrx_word' id='word_1_378' title='bbox 3489 1956 3794 2013; x_wconf 76' lang='lat' dir='ltr'>sciscitabar</span> <span class='ocrx_word' id='word_1_379' title='bbox 3815 1972 3878 2026; x_wconf 80' lang='lat' dir='ltr'>per</span> 
     </span>
    </p>
   </div>
   <div class='ocr_carea' id='block_1_51' title="bbox 2304 2043 3872 2119">
    <p class='ocr_par' dir='ltr' id='par_1_51' title="bbox 2304 2043 3872 2119">
     <span class='ocr_line' id='line_1_51' title="bbox 2304 2043 3872 2119; baseline -0.001 -20"><span class='ocrx_word' id='word_1_380' title='bbox 2304 2043 2485 2099; x_wconf 91' lang='lat' dir='ltr'>illam.</span> <span class='ocrx_word' id='word_1_381' title='bbox 2527 2069 2552 2094; x_wconf 80' lang='grc'>››</span> <span class='ocrx_word' id='word_1_382' title='bbox 2593 2047 2762 2102; x_wconf 88' lang='lat' dir='ltr'>Nullo</span> <span class='ocrx_word' id='word_1_383' title='bbox 2821 2054 3054 2119; x_wconf 86' lang='lat' dir='ltr'>accepto</span> <span class='ocrx_word' id='word_1_384' title='bbox 3109 2048 3393 2103; x_wconf 89' lang='lat' dir='ltr'>divinitus</span> <span class='ocrx_word' id='word_1_385' title='bbox 3453 2046 3591 2102; x_wconf 91' lang='lat' dir='ltr'>Saul</span> <span class='ocrx_word' id='word_1_386' title='bbox 3649 2061 3872 2117; x_wconf 78' lang='lat' dir='ltr'>responso,</span> 
     </span>
    </p>
   </div>
   <div class='ocr_carea' id='block_1_52' title="bbox 2306 2133 3877 2207">
    <p class='ocr_par' dir='ltr' id='par_1_52' title="bbox 2306 2133 3877 2207">
     <span class='ocr_line' id='line_1_52' title="bbox 2306 2133 3877 2207; baseline 0 -19"><span class='ocrx_word' id='word_1_387' title='bbox 2306 2135 2660 2190; x_wconf 88' lang='lat' dir='ltr'>convertitur</span> <span class='ocrx_word' id='word_1_388' title='bbox 2687 2137 2756 2191; x_wconf 89' lang='lat' dir='ltr'>ad</span> <span class='ocrx_word' id='word_1_389' title='bbox 2794 2136 3101 2207; x_wconf 82' lang='lat' dir='ltr'>Pythones.</span> <span class='ocrx_word' id='word_1_390' title='bbox 3139 2136 3415 2199; x_wconf 86' lang='lat' dir='ltr'>Quamvis</span> <span class='ocrx_word' id='word_1_391' title='bbox 3468 2151 3604 2207; x_wconf 90' lang='lat' dir='ltr'>ergo</span> <span class='ocrx_word' id='word_1_392' title='bbox 3631 2133 3752 2190; x_wconf 89' lang='lat' dir='ltr'>Saul</span> <span class='ocrx_word' id='word_1_393' title='bbox 3778 2133 3877 2203; x_wconf 79' lang='lat' dir='ltr'>lega-</span> 
     </span>
    </p>
   </div>
   <div class='ocr_carea' id='block_1_53' title="bbox 2304 2222 3877 2296">
    <p class='ocr_par' dir='ltr' id='par_1_53' title="bbox 2304 2222 3877 2296">
     <span class='ocr_line' id='line_1_53' title="bbox 2304 2222 3877 2296; baseline -0.003 -18"><span class='ocrx_word' id='word_1_394' title='bbox 2304 2227 2402 2278; x_wconf 88' lang='lat' dir='ltr'>tur</span> <span class='ocrx_word' id='word_1_395' title='bbox 2457 2225 2707 2279; x_wconf 88' lang='lat' dir='ltr'>erasisse</span> <span class='ocrx_word' id='word_1_396' title='bbox 2763 2241 2966 2296; x_wconf 86' lang='lat' dir='ltr'>magos</span> <span class='ocrx_word' id='word_1_397' title='bbox 3018 2230 3076 2279; x_wconf 91' lang='lat' dir='ltr'>et</span> <span class='ocrx_word' id='word_1_398' title='bbox 3134 2223 3392 2280; x_wconf 89' lang='lat' dir='ltr'>hariolos</span> <span class='ocrx_word' id='word_1_399' title='bbox 3448 2225 3521 2280; x_wconf 89' lang='lat' dir='ltr'>de</span> <span class='ocrx_word' id='word_1_400' title='bbox 3579 2222 3877 2280; x_wconf 81' lang='lat' dir='ltr'>terra:hanc</span> 
     </span>
    </p>
   </div>
   <div class='ocr_carea' id='block_1_54' title="bbox 2307 2309 3878 2369">
    <p class='ocr_par' dir='ltr' id='par_1_54' title="bbox 2307 2309 3878 2369">
     <span class='ocr_line' id='line_1_54' title="bbox 2307 2309 3878 2369; baseline -0.003 -2"><span class='ocrx_word' id='word_1_401' title='bbox 2307 2318 2500 2367; x_wconf 90' lang='lat' dir='ltr'>tamen</span> <span class='ocrx_word' id='word_1_402' title='bbox 2537 2313 2842 2369; x_wconf 89' lang='lat' dir='ltr'>mulierem</span> <span class='ocrx_word' id='word_1_403' title='bbox 2880 2313 3102 2368; x_wconf 78' lang='lat' dir='ltr'>Hebraei</span> <span class='ocrx_word' id='word_1_404' title='bbox 3136 2319 3388 2369; x_wconf 89' lang='lat' dir='ltr'>matrem</span> <span class='ocrx_word' id='word_1_405' title='bbox 3422 2314 3603 2369; x_wconf 90' lang='lat' dir='ltr'>fuisse</span> <span class='ocrx_word' id='word_1_406' title='bbox 3631 2313 3790 2368; x_wconf 85' lang='lat' dir='ltr'>Abner</span> <span class='ocrx_word' id='word_1_407' title='bbox 3813 2309 3878 2364; x_wconf 84' lang='lat' dir='ltr'>ﬁlii</span> 
     </span>
    </p>
   </div>
   <div class='ocr_carea' id='block_1_55' title="bbox 2306 2402 3880 2474">
    <p class='ocr_par' dir='ltr' id='par_1_55' title="bbox 2306 2402 3880 2474">
     <span class='ocr_line' id='line_1_55' title="bbox 2306 2402 3880 2474; baseline -0.001 -18"><span class='ocrx_word' id='word_1_408' title='bbox 2306 2402 2419 2458; x_wconf 84' lang='lat' dir='ltr'>Nec</span> <span class='ocrx_word' id='word_1_409' title='bbox 2448 2407 2775 2471; x_wconf 90' lang='lat' dir='ltr'>autumant,</span> <span class='ocrx_word' id='word_1_410' title='bbox 2810 2407 2865 2457; x_wconf 90' lang='lat' dir='ltr'>et</span> <span class='ocrx_word' id='word_1_411' title='bbox 2900 2407 3134 2474; x_wconf 90' lang='lat' dir='ltr'>propter</span> <span class='ocrx_word' id='word_1_412' title='bbox 3165 2404 3441 2458; x_wconf 65' lang='lat' dir='ltr'>eumdem,</span> <span class='ocrx_word' id='word_1_413' title='bbox 3491 2404 3697 2466; x_wconf 84' lang='lat' dir='ltr'>Abner,</span> <span class='ocrx_word' id='word_1_414' title='bbox 3732 2417 3786 2455; x_wconf 89' lang='lat' dir='ltr'>ne</span> <span class='ocrx_word' id='word_1_415' title='bbox 3816 2416 3880 2471; x_wconf 83' lang='lat' dir='ltr'>pe-</span> 
     </span>
    </p>
   </div>
   <div class='ocr_carea' id='block_1_56' title="bbox 2305 2490 3881 2564">
    <p class='ocr_par' dir='ltr' id='par_1_56' title="bbox 2305 2490 3881 2564">
     <span class='ocr_line' id='line_1_56' title="bbox 2305 2490 3881 2564; baseline -0.004 -19"><span class='ocrx_word' id='word_1_416' title='bbox 2305 2490 2613 2546; x_wconf 86' lang='lat' dir='ltr'>rimeretur</span> <span class='ocrx_word' id='word_1_417' title='bbox 2642 2508 2774 2546; x_wconf 89' lang='lat' dir='ltr'>cum</span> <span class='ocrx_word' id='word_1_418' title='bbox 2809 2491 3028 2546; x_wconf 68' lang='lat' dir='ltr'>caeteris</span> <span class='ocrx_word' id='word_1_419' title='bbox 3087 2491 3476 2564; x_wconf 84' lang='lat' dir='ltr'>Pythonissis,</span> <span class='ocrx_word' id='word_1_420' title='bbox 3534 2491 3881 2546; x_wconf 83' lang='lat' dir='ltr'>absconsamet</span> 
     </span>
    </p>
   </div>
   <div class='ocr_carea' id='block_1_57' title="bbox 2306 2579 2889 2635">
    <p class='ocr_par' dir='ltr' id='par_1_57' title="bbox 2306 2579 2889 2635">
     <span class='ocr_line' id='line_1_57' title="bbox 2306 2579 2889 2635; baseline 0 -2"><span class='ocrx_word' id='word_1_421' title='bbox 2306 2585 2658 2634; x_wconf 83' lang='lat' dir='ltr'>reservatam</span> <span class='ocrx_word' id='word_1_422' title='bbox 2690 2579 2889 2635; x_wconf 82' lang='lat' dir='ltr'>fuisse.</span> 
     </span>
    </p>
   </div>
   <div class='ocr_carea' id='block_1_58' title="bbox 2376 2665 3881 2740">
    <p class='ocr_par' dir='ltr' id='par_1_58' title="bbox 2376 2665 3881 2740">
     <span class='ocr_line' id='line_1_58' title="bbox 2376 2665 3881 2740; baseline -0.002 -17"><span class='ocrx_word' id='word_1_423' title='bbox 2376 2668 2534 2739; x_wconf 90' lang='lat' dir='ltr'>(Cap.</span> <span class='ocrx_word' id='word_1_424' title='bbox 2567 2668 2729 2723; x_wconf 88' lang='lat' dir='ltr'>XXX.</span> <span class='ocrx_word' id='word_1_425' title='bbox 2762 2699 2829 2708; x_wconf 92' lang='lat'>-—-</span> <span class='ocrx_word' id='word_1_426' title='bbox 2857 2669 3019 2725; x_wconf 89' lang='lat' dir='ltr'>Vers.</span> <span class='ocrx_word' id='word_1_427' title='bbox 3052 2670 3165 2740; x_wconf 67' lang='lat'>2.5.)</span> <span class='ocrx_word' id='word_1_428' title='bbox 3205 2692 3233 2719; x_wconf 86' lang='lat'><strong><em>«</em></strong></span> <span class='ocrx_word' id='word_1_429' title='bbox 3266 2670 3382 2725; x_wconf 90' lang='lat' dir='ltr'>Nec</span> <span class='ocrx_word' id='word_1_430' title='bbox 3433 2670 3627 2726; x_wconf 88' lang='lat' dir='ltr'>audiet</span> <span class='ocrx_word' id='word_1_431' title='bbox 3664 2685 3749 2723; x_wconf 84' lang='lat' dir='ltr'>vos</span> <span class='ocrx_word' id='word_1_432' title='bbox 3772 2665 3881 2738; x_wconf 83' lang='lat' dir='ltr'>quis-</span> 
     </span>
    </p>
   </div>
   <div class='ocr_carea' id='block_1_59' title="bbox 2304 2757 3882 2831">
    <p class='ocr_par' dir='ltr' id='par_1_59' title="bbox 2304 2757 3882 2831">
     <span class='ocr_line' id='line_1_59' title="bbox 2304 2757 3882 2831; baseline -0.001 -20"><span class='ocrx_word' id='word_1_433' title='bbox 2304 2772 2481 2828; x_wconf 88' lang='lat' dir='ltr'>quam</span> <span class='ocrx_word' id='word_1_434' title='bbox 2513 2757 2584 2812; x_wconf 91' lang='lat' dir='ltr'>de</span> <span class='ocrx_word' id='word_1_435' title='bbox 2616 2775 2884 2814; x_wconf 89' lang='lat' dir='ltr'>sermone</span> <span class='ocrx_word' id='word_1_436' title='bbox 2931 2759 3059 2814; x_wconf 87' lang='lat' dir='ltr'>hoc.</span> <span class='ocrx_word' id='word_1_437' title='bbox 3107 2759 3292 2825; x_wconf 67' lang='lat' dir='ltr'>{Eque</span> <span class='ocrx_word' id='word_1_438' title='bbox 3339 2758 3500 2814; x_wconf 89' lang='lat' dir='ltr'>enim</span> <span class='ocrx_word' id='word_1_439' title='bbox 3555 2776 3682 2831; x_wconf 90' lang='lat' dir='ltr'>pars</span> <span class='ocrx_word' id='word_1_440' title='bbox 3706 2757 3796 2812; x_wconf 87' lang='lat' dir='ltr'>erit</span> <span class='ocrx_word' id='word_1_441' title='bbox 3815 2757 3882 2809; x_wconf 77' lang='lat' dir='ltr'>de-</span> 
     </span>
    </p>
   </div>
   <div class='ocr_carea' id='block_1_60' title="bbox 2303 2847 3882 2919">
    <p class='ocr_par' dir='ltr' id='par_1_60' title="bbox 2303 2847 3882 2919">
     <span class='ocr_line' id='line_1_60' title="bbox 2303 2847 3882 2919; baseline -0.002 -18"><span class='ocrx_word' id='word_1_442' title='bbox 2303 2847 2637 2902; x_wconf 81' lang='lat' dir='ltr'>scandentis</span> <span class='ocrx_word' id='word_1_443' title='bbox 2659 2849 2728 2901; x_wconf 90' lang='lat' dir='ltr'>ad</span> <span class='ocrx_word' id='word_1_444' title='bbox 2755 2847 3040 2919; x_wconf 71' lang='lat' dir='ltr'>praelium,</span> <span class='ocrx_word' id='word_1_445' title='bbox 3065 2854 3121 2903; x_wconf 92' lang='lat' dir='ltr'>et</span> <span class='ocrx_word' id='word_1_446' title='bbox 3141 2850 3509 2904; x_wconf 85' lang='lat' dir='ltr'>remanentis</span> <span class='ocrx_word' id='word_1_447' title='bbox 3530 2850 3599 2903; x_wconf 91' lang='lat' dir='ltr'>ad</span> <span class='ocrx_word' id='word_1_448' title='bbox 3621 2847 3882 2903; x_wconf 68' lang='lat' dir='ltr'>sarcinas.»</span> 
     </span>
    </p>
   </div>
   <div class='ocr_carea' id='block_1_61' title="bbox 2303 2936 3882 3009">
    <p class='ocr_par' dir='ltr' id='par_1_61' title="bbox 2303 2936 3882 3009">
     <span class='ocr_line' id='line_1_61' title="bbox 2303 2936 3882 3009; baseline -0.003 -17"><span class='ocrx_word' id='word_1_449' title='bbox 2303 2938 2446 2992; x_wconf 87' lang='lat' dir='ltr'>Cum</span> <span class='ocrx_word' id='word_1_450' title='bbox 2480 2936 2537 2989; x_wconf 91' lang='lat' dir='ltr'>in</span> <span class='ocrx_word' id='word_1_451' title='bbox 2576 2936 2789 2991; x_wconf 85' lang='lat' dir='ltr'>Latinis</span> <span class='ocrx_word' id='word_1_452' title='bbox 2845 2937 3146 2993; x_wconf 90' lang='lat' dir='ltr'>codicibus</span> <span class='ocrx_word' id='word_1_453' title='bbox 3197 2937 3449 3009; x_wconf 86' lang='lat' dir='ltr'>legatur,</span> <span class='ocrx_word' id='word_1_454' title='bbox 3497 2961 3525 2988; x_wconf 83' lang='grc'>‹‹</span> <span class='ocrx_word' id='word_1_455' title='bbox 3568 2937 3739 2993; x_wconf 88' lang='lat' dir='ltr'>lassos</span> <span class='ocrx_word' id='word_1_456' title='bbox 3761 2950 3882 3006; x_wconf 83' lang='lat' dir='ltr'>quos-</span> 
     </span>
    </p>
   </div>
   <div class='ocr_carea' id='block_1_62' title="bbox 2304 3023 3882 3094">
    <p class='ocr_par' dir='ltr' id='par_1_62' title="bbox 2304 3023 3882 3094">
     <span class='ocr_line' id='line_1_62' title="bbox 2304 3023 3882 3094; baseline -0.001 -15"><span class='ocrx_word' id='word_1_457' title='bbox 2304 3025 2435 3079; x_wconf 90' lang='lat' dir='ltr'>dam</span> <span class='ocrx_word' id='word_1_458' title='bbox 2471 3025 2842 3080; x_wconf 83' lang='lat' dir='ltr'>substitisse&#39;</span> <span class='ocrx_word' id='word_1_459' title='bbox 2879 3027 2950 3081; x_wconf 90' lang='lat' dir='ltr'>ad</span> <span class='ocrx_word' id='word_1_460' title='bbox 2980 3025 3278 3094; x_wconf 89' lang='lat' dir='ltr'>sarcinas;</span> <span class='ocrx_word' id='word_1_461' title='bbox 3315 3048 3344 3075; x_wconf 87' lang='grc'><strong>››</strong></span> <span class='ocrx_word' id='word_1_462' title='bbox 3372 3031 3433 3082; x_wconf 91' lang='lat' dir='ltr'>et</span> <span class='ocrx_word' id='word_1_463' title='bbox 3472 3027 3533 3081; x_wconf 92' lang='lat' dir='ltr'>in</span> <span class='ocrx_word' id='word_1_464' title='bbox 3583 3027 3791 3080; x_wconf 66' lang='lat' dir='ltr'>Hebraeo</span> <span class='ocrx_word' id='word_1_465' title='bbox 3815 3023 3882 3076; x_wconf 79' lang='lat' dir='ltr'>ba-</span> 
     </span>
    </p>
   </div>
   <div class='ocr_carea' id='block_1_63' title="bbox 539 3100 3885 3185">
    <p class='ocr_par' dir='ltr' id='par_1_63' title="bbox 539 3100 3885 3185">
     <span class='ocr_line' id='line_1_63' title="bbox 539 3100 3885 3185; baseline 0.001 -21"><span class='ocrx_word' id='word_1_466' title='bbox 539 3109 760 3165; x_wconf 88' lang='lat' dir='ltr'>d-icitur</span> <span class='ocrx_word' id='word_1_467' title='bbox 792 3129 905 3182; x_wconf 64' lang='lat' dir='ltr'>prae</span> <span class='ocrx_word' id='word_1_468' title='bbox 936 3111 1170 3181; x_wconf 90' lang='lat' dir='ltr'>gaudio,</span> <span class='ocrx_word' id='word_1_469' title='bbox 1203 3128 1269 3165; x_wconf 91' lang='lat' dir='ltr'>eo</span> <span class='ocrx_word' id='word_1_470' title='bbox 1301 3111 1454 3182; x_wconf 92' lang='lat' dir='ltr'>quod</span> <span class='ocrx_word' id='word_1_471' title='bbox 1506 3111 1790 3166; x_wconf 86' lang='lat' dir='ltr'>Dominus</span> <span class='ocrx_word' id='word_1_472' title='bbox 1831 3127 1964 3165; x_wconf 85' lang='lat' dir='ltr'>eum</span> <span class='ocrx_word' id='word_1_473' title='bbox 1999 3116 2193 3167; x_wconf 90' lang='lat' dir='ltr'>custo-</span> <span class='ocrx_word' id='word_1_474' title='bbox 2225 3100 2266 3166; x_wconf 85' lang='lat' dir='ltr'>C</span> <span class='ocrx_word' id='word_1_475' title='bbox 2306 3114 2530 3181; x_wconf 86' lang='lat' dir='ltr'>beatur,</span> <span class='ocrx_word' id='word_1_476' title='bbox 2568 3138 2587 3162; x_wconf 76' lang='grc' dir='ltr'><strong><em>α</em></strong></span> <span class='ocrx_word' id='word_1_477' title='bbox 2617 3115 2822 3185; x_wconf 81' lang='lat' dir='ltr'>jussos</span> <span class='ocrx_word' id='word_1_478' title='bbox 2852 3115 3032 3170; x_wconf 87' lang='lat' dir='ltr'>fuisse</span> <span class='ocrx_word' id='word_1_479' title='bbox 3062 3120 3125 3170; x_wconf 88' lang='lat' dir='ltr'>ut</span> <span class='ocrx_word' id='word_1_480' title='bbox 3151 3114 3482 3171; x_wconf 84' lang='lat' dir='ltr'>residerent</span> <span class='ocrx_word' id='word_1_481' title='bbox 3506 3116 3576 3171; x_wconf 86' lang='lat' dir='ltr'>ad</span> <span class='ocrx_word' id='word_1_482' title='bbox 3607 3114 3847 3178; x_wconf 84' lang='lat' dir='ltr'>sarcinas;</span> <span class='ocrx_word' id='word_1_483' title='bbox 3868 3135 3885 3155; x_wconf 69' lang='grc' dir='ltr'><strong>υ</strong></span> 
     </span>
    </p>
   </div>
   <div class='ocr_carea' id='block_1_64' title="bbox 535 3196 1322 3269">
    <p class='ocr_par' dir='ltr' id='par_1_64' title="bbox 535 3196 1322 3269">
     <span class='ocr_line' id='line_1_64' title="bbox 535 3196 1322 3269; baseline 0.003 -19"><span class='ocrx_word' id='word_1_484' title='bbox 535 3196 746 3264; x_wconf 88' lang='lat' dir='ltr'>disset,</span> <span class='ocrx_word' id='word_1_485' title='bbox 782 3215 853 3253; x_wconf 90' lang='lat' dir='ltr'>ne</span> <span class='ocrx_word' id='word_1_486' title='bbox 883 3215 1009 3252; x_wconf 89' lang='lat' dir='ltr'>eam</span> <span class='ocrx_word' id='word_1_487' title='bbox 1043 3203 1322 3269; x_wconf 84' lang='lat' dir='ltr'>tangeret.</span> 
     </span>
    </p>
   </div>
   <div class='ocr_carea' id='block_1_65' title="bbox 552 3285 2187 3358">
    <p class='ocr_par' dir='ltr' id='par_1_65' title="bbox 552 3285 2187 3358">
     <span class='ocr_line' id='line_1_65' title="bbox 552 3285 2187 3358; baseline 0.002 -19"><span class='ocrx_word' id='word_1_488' title='bbox 552 3311 555 3313; x_wconf 47' lang='grc'>&gt;</span> <span class='ocrx_word' id='word_1_489' title='bbox 606 3285 763 3356; x_wconf 69' lang='grc' dir='ltr'>(ϐαρ.</span> <span class='ocrx_word' id='word_1_490' title='bbox 797 3286 991 3342; x_wconf 85' lang='lat' dir='ltr'>XXVI.</span> <span class='ocrx_word' id='word_1_491' title='bbox 1028 3318 1092 3326; x_wconf 92' lang='lat'><strong><em>—</em></strong></span> <span class='ocrx_word' id='word_1_492' title='bbox 1124 3287 1285 3342; x_wconf 88' lang='lat' dir='ltr'>Vers.</span> <span class='ocrx_word' id='word_1_493' title='bbox 1337 3288 1414 3358; x_wconf 89' lang='lat'>6.)</span> <span class='ocrx_word' id='word_1_494' title='bbox 1461 3310 1488 3336; x_wconf 83' lang='lat'><strong><em>«</em></strong></span> <span class='ocrx_word' id='word_1_495' title='bbox 1524 3288 1620 3342; x_wconf 91' lang='lat' dir='ltr'>Ait</span> <span class='ocrx_word' id='word_1_496' title='bbox 1675 3292 1870 3343; x_wconf 81' lang='lat' dir='ltr'>autem</span> <span class='ocrx_word' id='word_1_497' title='bbox 1912 3287 2085 3342; x_wconf 84' lang='lat' dir='ltr'>David</span> <span class='ocrx_word' id='word_1_498' title='bbox 2117 3289 2187 3343; x_wconf 89' lang='lat' dir='ltr'>ad</span> 
     </span>
    </p>
   </div>
   <div class='ocr_carea' id='block_1_66' title="bbox 532 3372 2188 3432">
    <p class='ocr_par' dir='ltr' id='par_1_66' title="bbox 532 3372 2188 3432">
     <span class='ocr_line' id='line_1_66' title="bbox 532 3372 2188 3432; baseline 0.002 -4"><span class='ocrx_word' id='word_1_499' title='bbox 532 3372 869 3430; x_wconf 86' lang='lat' dir='ltr'>Ahimelech</span> <span class='ocrx_word' id='word_1_500' title='bbox 905 3375 1166 3430; x_wconf 74' lang='lat' dir='ltr'>Ethaaum</span> <span class='ocrx_word' id='word_1_501' title='bbox 1225 3382 1282 3432; x_wconf 90' lang='lat' dir='ltr'>et</span> <span class='ocrx_word' id='word_1_502' title='bbox 1341 3375 1534 3430; x_wconf 84' lang='lat' dir='ltr'>Abisai</span> <span class='ocrx_word' id='word_1_503' title='bbox 1598 3377 1780 3431; x_wconf 83' lang='lat' dir='ltr'>filium</span> <span class='ocrx_word' id='word_1_504' title='bbox 1833 3377 2045 3432; x_wconf 71' lang='lat' dir='ltr'>Sarviae</span> <span class='ocrx_word' id='word_1_505' title='bbox 2077 3377 2188 3431; x_wconf 84' lang='lat' dir='ltr'>fra-</span> 
     </span>
    </p>
   </div>
   <div class='ocr_carea' id='block_1_67' title="bbox 531 3464 2186 3531">
    <p class='ocr_par' dir='ltr' id='par_1_67' title="bbox 531 3464 2186 3531">
     <span class='ocr_line' id='line_1_67' title="bbox 531 3464 2186 3531; baseline 0.001 -13"><span class='ocrx_word' id='word_1_506' title='bbox 531 3466 682 3519; x_wconf 84' lang='lat' dir='ltr'>trem</span> <span class='ocrx_word' id='word_1_507' title='bbox 741 3464 905 3531; x_wconf 86' lang='lat' dir='ltr'>Joab,</span> <span class='ocrx_word' id='word_1_508' title='bbox 967 3465 1206 3520; x_wconf 89' lang='lat' dir='ltr'>dicens:</span> <span class='ocrx_word' id='word_1_509' title='bbox 1271 3464 1409 3531; x_wconf 91' lang='lat' dir='ltr'>Quis</span> <span class='ocrx_word' id='word_1_510' title='bbox 1463 3465 1776 3521; x_wconf 90' lang='lat' dir='ltr'>descendet</span> <span class='ocrx_word' id='word_1_511' title='bbox 1835 3466 2121 3520; x_wconf 83' lang='lat' dir='ltr'>mecum?</span> <span class='ocrx_word' id='word_1_512' title='bbox 2159 3488 2186 3513; x_wconf 83' lang='lat'>»</span> 
     </span>
    </p>
   </div>
   <div class='ocr_carea' id='block_1_68' title="bbox 529 3551 2189 3627">
    <p class='ocr_par' dir='ltr' id='par_1_68' title="bbox 529 3551 2189 3627">
     <span class='ocr_line' id='line_1_68' title="bbox 529 3551 2189 3627; baseline -0.001 -19"><span class='ocrx_word' id='word_1_513' title='bbox 529 3551 867 3608; x_wconf 87' lang='lat' dir='ltr'>Ahimelech</span> <span class='ocrx_word' id='word_1_514' title='bbox 903 3554 1026 3625; x_wconf 91' lang='lat' dir='ltr'>ipse</span> <span class='ocrx_word' id='word_1_515' title='bbox 1057 3560 1144 3609; x_wconf 90' lang='lat' dir='ltr'>est</span> <span class='ocrx_word' id='word_1_516' title='bbox 1174 3555 1358 3610; x_wconf 90' lang='lat' dir='ltr'>Urias.</span> <span class='ocrx_word' id='word_1_517' title='bbox 1395 3555 1560 3610; x_wconf 89' lang='lat' dir='ltr'>Urias</span> <span class='ocrx_word' id='word_1_518' title='bbox 1591 3571 1727 3627; x_wconf 89' lang='lat' dir='ltr'>ergo</span> <span class='ocrx_word' id='word_1_519' title='bbox 1753 3555 2189 3626; x_wconf 87' lang='lat' dir='ltr'>interpretatur,</span> 
     </span>
    </p>
   </div>
   <div class='ocr_carea' id='block_1_69' title="bbox 533 3641 2190 3717">
    <p class='ocr_par' dir='ltr' id='par_1_69' title="bbox 533 3641 2190 3717">
     <span class='ocr_line' id='line_1_69' title="bbox 533 3641 2190 3717; baseline -0.002 -17"><span class='ocrx_word' id='word_1_520' title='bbox 533 3641 633 3700; x_wconf 68' lang='lat' dir='ltr'>huc</span> <span class='ocrx_word' id='word_1_521' title='bbox 683 3659 807 3701; x_wconf 82' lang='lat' dir='ltr'>mea</span> <span class='ocrx_word' id='word_1_522' title='bbox 875 3645 1034 3702; x_wconf 84' lang='lat' dir='ltr'>Deus.</span> <span class='ocrx_word' id='word_1_523' title='bbox 1113 3643 1451 3701; x_wconf 81' lang='lat' dir='ltr'>Ahimelech</span> <span class='ocrx_word' id='word_1_524' title='bbox 1515 3645 1949 3717; x_wconf 86' lang='lat' dir='ltr'>interpretatur,</span> <span class='ocrx_word' id='word_1_525' title='bbox 2013 3646 2190 3714; x_wconf 80' lang='lat' dir='ltr'>frater</span> 
     </span>
    </p>
   </div>
   <div class='ocr_carea' id='block_1_70' title="bbox 531 3749 828 3791">
    <p class='ocr_par' dir='ltr' id='par_1_70' title="bbox 531 3749 828 3791">
     <span class='ocr_line' id='line_1_70' title="bbox 531 3749 828 3791; baseline 0.003 -2"><span class='ocrx_word' id='word_1_526' title='bbox 531 3749 684 3790; x_wconf 76' lang='lat' dir='ltr'>meus</span> <span class='ocrx_word' id='word_1_527' title='bbox 711 3752 828 3791; x_wconf 56' lang='grc' dir='ltr'>νεα.</span> 
     </span>
    </p>
   </div>
   <div class='ocr_carea' id='block_1_71' title="bbox 602 3822 2187 3896">
    <p class='ocr_par' dir='ltr' id='par_1_71' title="bbox 602 3822 2187 3896">
     <span class='ocr_line' id='line_1_71' title="bbox 602 3822 2187 3896; baseline 0 -19"><span class='ocrx_word' id='word_1_528' title='bbox 602 3823 759 3896; x_wconf 84' lang='lat' dir='ltr'>(Cap.</span> <span class='ocrx_word' id='word_1_529' title='bbox 795 3824 1011 3879; x_wconf 83' lang='lat' dir='ltr'>XXVII.</span> <span class='ocrx_word' id='word_1_530' title='bbox 1063 3857 1132 3865; x_wconf 94' lang='lat'><strong>—</strong></span> <span class='ocrx_word' id='word_1_531' title='bbox 1177 3825 1339 3880; x_wconf 89' lang='lat' dir='ltr'>Vers.</span> <span class='ocrx_word' id='word_1_532' title='bbox 1398 3826 1477 3895; x_wconf 91' lang='lat'>8.)</span> <span class='ocrx_word' id='word_1_533' title='bbox 1537 3846 1564 3873; x_wconf 84' lang='lat'><strong><em>«</em></strong></span> <span class='ocrx_word' id='word_1_534' title='bbox 1596 3825 1665 3878; x_wconf 87' lang='lat' dir='ltr'>Et</span> <span class='ocrx_word' id='word_1_535' title='bbox 1695 3823 1957 3879; x_wconf 90' lang='lat' dir='ltr'>ascendit</span> <span class='ocrx_word' id='word_1_536' title='bbox 1986 3822 2187 3891; x_wconf 87' lang='lat' dir='ltr'>David,</span> 
     </span>
    </p>
   </div>
   <div class='ocr_carea' id='block_1_72' title="bbox 533 3913 2190 3986">
    <p class='ocr_par' dir='ltr' id='par_1_72' title="bbox 533 3913 2190 3986">
     <span class='ocr_line' id='line_1_72' title="bbox 533 3913 2190 3986; baseline -0.001 -17"><span class='ocrx_word' id='word_1_537' title='bbox 533 3915 590 3969; x_wconf 84' lang='lat' dir='ltr'>et</span> <span class='ocrx_word' id='word_1_538' title='bbox 621 3913 726 3967; x_wconf 91' lang='lat' dir='ltr'>viri</span> <span class='ocrx_word' id='word_1_539' title='bbox 759 3914 910 3984; x_wconf 84' lang='lat' dir='ltr'>ejus,</span> <span class='ocrx_word' id='word_1_540' title='bbox 942 3918 1000 3969; x_wconf 90' lang='lat' dir='ltr'>ct</span> <span class='ocrx_word' id='word_1_541' title='bbox 1029 3915 1282 3985; x_wconf 87' lang='lat' dir='ltr'>agebant</span> <span class='ocrx_word' id='word_1_542' title='bbox 1339 3914 1564 3985; x_wconf 67' lang='lat' dir='ltr'>praedas</span> <span class='ocrx_word' id='word_1_543' title='bbox 1609 3913 1690 3986; x_wconf 84' lang='lat' dir='ltr'>de</span> <span class='ocrx_word' id='word_1_544' title='bbox 1746 3913 2000 3981; x_wconf 87' lang='lat' dir='ltr'>Gcssuri,</span> <span class='ocrx_word' id='word_1_545' title='bbox 2033 3917 2088 3967; x_wconf 91' lang='lat' dir='ltr'>et</span> <span class='ocrx_word' id='word_1_546' title='bbox 2119 3914 2190 3968; x_wconf 90' lang='lat' dir='ltr'>de</span> 
     </span>
    </p>
   </div>
   <div class='ocr_carea' id='block_1_73' title="bbox 534 3999 2191 4073">
    <p class='ocr_par' dir='ltr' id='par_1_73' title="bbox 534 3999 2191 4073">
     <span class='ocr_line' id='line_1_73' title="bbox 534 3999 2191 4073; baseline -0.001 -17"><span class='ocrx_word' id='word_1_547' title='bbox 534 3999 714 4068; x_wconf 82' lang='lat' dir='ltr'>Getri,</span> <span class='ocrx_word' id='word_1_548' title='bbox 747 4006 803 4056; x_wconf 90' lang='lat' dir='ltr'>et</span> <span class='ocrx_word' id='word_1_549' title='bbox 830 4003 900 4057; x_wconf 91' lang='lat' dir='ltr'>de</span> <span class='ocrx_word' id='word_1_550' title='bbox 932 4002 1286 4058; x_wconf 83' lang='lat' dir='ltr'>Arnalecitis.</span> <span class='ocrx_word' id='word_1_551' title='bbox 1324 4003 1390 4058; x_wconf 86' lang='lat' dir='ltr'>Ili</span> <span class='ocrx_word' id='word_1_552' title='bbox 1422 4002 1579 4057; x_wconf 91' lang='lat' dir='ltr'>enim</span> <span class='ocrx_word' id='word_1_553' title='bbox 1611 4001 1740 4073; x_wconf 87' lang='lat' dir='ltr'>pagi</span> <span class='ocrx_word' id='word_1_554' title='bbox 1775 4001 2191 4056; x_wconf 82' lang='lat' dir='ltr'>habitabantur</span> 
     </span>
    </p>
   </div>
   <div class='ocr_carea' id='block_1_74' title="bbox 533 4089 2186 4164">
    <p class='ocr_par' dir='ltr' id='par_1_74' title="bbox 533 4089 2186 4164">
     <span class='ocr_line' id='line_1_74' title="bbox 533 4089 2186 4164; baseline 0 -20"><span class='ocrx_word' id='word_1_555' title='bbox 533 4089 590 4144; x_wconf 91' lang='lat' dir='ltr'>in</span> <span class='ocrx_word' id='word_1_556' title='bbox 625 4093 781 4145; x_wconf 87' lang='lat' dir='ltr'>terra</span> <span class='ocrx_word' id='word_1_557' title='bbox 812 4091 1165 4162; x_wconf 90' lang='lat' dir='ltr'>antiquitus.</span> <span class='ocrx_word' id='word_1_558' title='bbox 1209 4113 1236 4139; x_wconf 81' lang='lat'>»</span> <span class='ocrx_word' id='word_1_559' title='bbox 1268 4091 1332 4146; x_wconf 85' lang='lat' dir='ltr'>Hi</span> <span class='ocrx_word' id='word_1_560' title='bbox 1369 4091 1497 4164; x_wconf 88' lang='lat' dir='ltr'>pagi</span> <span class='ocrx_word' id='word_1_561' title='bbox 1531 4107 1644 4144; x_wconf 90' lang='lat' dir='ltr'>non</span> <span class='ocrx_word' id='word_1_562' title='bbox 1677 4094 1842 4144; x_wconf 88' lang='lat' dir='ltr'>erant</span> <span class='ocrx_word' id='word_1_563' title='bbox 1889 4090 1997 4144; x_wconf 89' lang='lat' dir='ltr'>sub</span> <span class='ocrx_word' id='word_1_564' title='bbox 2031 4095 2186 4160; x_wconf 88' lang='lat' dir='ltr'>pote-</span> 
     </span>
    </p>
   </div>
   <div class='ocr_carea' id='block_1_75' title="bbox 530 4178 2188 4250">
    <p class='ocr_par' dir='ltr' id='par_1_75' title="bbox 530 4178 2188 4250">
     <span class='ocr_line' id='line_1_75' title="bbox 530 4178 2188 4250; baseline -0.001 -16"><span class='ocrx_word' id='word_1_565' title='bbox 530 4182 679 4234; x_wconf 83' lang='lat' dir='ltr'>state</span> <span class='ocrx_word' id='word_1_566' title='bbox 711 4179 905 4235; x_wconf 88' lang='lat' dir='ltr'>Achis.</span> <span class='ocrx_word' id='word_1_567' title='bbox 943 4179 1193 4235; x_wconf 85' lang='lat' dir='ltr'>Habitati</span> <span class='ocrx_word' id='word_1_568' title='bbox 1236 4180 1294 4234; x_wconf 90' lang='lat' dir='ltr'>in</span> <span class='ocrx_word' id='word_1_569' title='bbox 1329 4185 1480 4235; x_wconf 90' lang='lat' dir='ltr'>terra</span> <span class='ocrx_word' id='word_1_570' title='bbox 1519 4178 1847 4250; x_wconf 89' lang='lat' dir='ltr'>antiquitus</span> <span class='ocrx_word' id='word_1_571' title='bbox 1890 4179 2188 4243; x_wconf 88' lang='lat' dir='ltr'>dicuntur,</span> 
     </span>
    </p>
   </div>
   <div class='ocr_carea' id='block_1_76' title="bbox 529 4253 2188 4340">
    <p class='ocr_par' dir='ltr' id='par_1_76' title="bbox 529 4253 2188 4340">
     <span class='ocr_line' id='line_1_76' title="bbox 529 4253 2188 4340; baseline 0.001 -18"><span class='ocrx_word' id='word_1_572' title='bbox 529 4269 671 4338; x_wconf 86' lang='lat' dir='ltr'>quia</span> <span class='ocrx_word' id='word_1_573' title='bbox 733 4269 911 4340; x_wconf 88' lang='lat' dir='ltr'>quieti</span> <span class='ocrx_word' id='word_1_574' title='bbox 959 4274 1016 4323; x_wconf 92' lang='lat' dir='ltr'>et</span> <span class='ocrx_word' id='word_1_575' title='bbox 1063 4269 1250 4324; x_wconf 87' lang='lat' dir='ltr'>securi</span> <span class='ocrx_word' id='word_1_576' title='bbox 1311 4253 1553 4324; x_wconf 78' lang='lat' dir='ltr'>habitati</span> <span class='ocrx_word' id='word_1_577' title='bbox 1589 4268 1838 4335; x_wconf 89' lang='lat' dir='ltr'>fuerant,</span> <span class='ocrx_word' id='word_1_578' title='bbox 1879 4272 1936 4323; x_wconf 90' lang='lat' dir='ltr'>et</span> <span class='ocrx_word' id='word_1_579' title='bbox 1967 4267 2188 4323; x_wconf 90' lang='lat' dir='ltr'>nullius</span> 
     </span>
    </p>
   </div>
   <div class='ocr_carea' id='block_1_77' title="bbox 533 4355 1527 4429">
    <p class='ocr_par' dir='ltr' id='par_1_77' title="bbox 533 4355 1527 4429">
     <span class='ocr_line' id='line_1_77' title="bbox 533 4355 1527 4429; baseline -0.001 -18"><span class='ocrx_word' id='word_1_580' title='bbox 533 4355 720 4412; x_wconf 82' lang='lat' dir='ltr'>hostis</span> <span class='ocrx_word' id='word_1_581' title='bbox 754 4358 1215 4429; x_wconf 76' lang='lat' dir='ltr'>depraedationes</span> <span class='ocrx_word' id='word_1_582' title='bbox 1247 4358 1527 4429; x_wconf 89' lang='lat' dir='ltr'>perpessi.</span> 
     </span>
    </p>
   </div>
   <div class='ocr_carea' id='block_1_78' title="bbox 601 4446 1547 4518">
    <p class='ocr_par' dir='ltr' id='par_1_78' title="bbox 601 4446 1547 4518">
     <span class='ocr_line' id='line_1_78' title="bbox 601 4446 1547 4518; baseline 0 -18"><span class='ocrx_word' id='word_1_583' title='bbox 601 4446 764 4518; x_wconf 89' lang='lat' dir='ltr'>(Cap.</span> <span class='ocrx_word' id='word_1_584' title='bbox 826 4446 1061 4502; x_wconf 89' lang='lat' dir='ltr'>XXVIII.</span> <span class='ocrx_word' id='word_1_585' title='bbox 1124 4479 1191 4486; x_wconf 95' lang='lat'><em>—</em></span> <span class='ocrx_word' id='word_1_586' title='bbox 1247 4447 1409 4501; x_wconf 91' lang='lat' dir='ltr'>Vers.</span> <span class='ocrx_word' id='word_1_587' title='bbox 1471 4447 1547 4516; x_wconf 90' lang='lat'>3.)</span> 
     </span>
    </p>
   </div>
   <div class='ocr_carea' id='block_1_79' title="bbox 531 4533 2187 4607">
    <p class='ocr_par' dir='ltr' id='par_1_79' title="bbox 531 4533 2187 4607">
     <span class='ocr_line' id='line_1_79' title="bbox 531 4533 2187 4607; baseline 0 -17"><span class='ocrx_word' id='word_1_588' title='bbox 531 4540 804 4590; x_wconf 89' lang='lat' dir='ltr'>mortuus</span> <span class='ocrx_word' id='word_1_589' title='bbox 833 4540 940 4597; x_wconf 88' lang='lat' dir='ltr'>est,</span> <span class='ocrx_word' id='word_1_590' title='bbox 975 4535 1243 4607; x_wconf 88' lang='lat' dir='ltr'>flevitque</span> <span class='ocrx_word' id='word_1_591' title='bbox 1290 4552 1422 4589; x_wconf 90' lang='lat' dir='ltr'>eum</span> <span class='ocrx_word' id='word_1_592' title='bbox 1474 4534 1666 4590; x_wconf 89' lang='lat' dir='ltr'>omnis</span> <span class='ocrx_word' id='word_1_593' title='bbox 1699 4533 1894 4589; x_wconf 88' lang='lat' dir='ltr'>Israel.</span> <span class='ocrx_word' id='word_1_594' title='bbox 1930 4535 1998 4590; x_wconf 90' lang='lat' dir='ltr'>Et</span> <span class='ocrx_word' id='word_1_595' title='bbox 2022 4550 2187 4606; x_wconf 90' lang='lat' dir='ltr'>sepe-</span> 
     </span>
    </p>
   </div>
   <div class='ocr_carea' id='block_1_80' title="bbox 527 4623 2188 4694">
    <p class='ocr_par' dir='ltr' id='par_1_80' title="bbox 527 4623 2188 4694">
     <span class='ocr_line' id='line_1_80' title="bbox 527 4623 2188 4694; baseline -0.001 -15"><span class='ocrx_word' id='word_1_596' title='bbox 527 4624 749 4679; x_wconf 88' lang='lat' dir='ltr'>lierunt</span> <span class='ocrx_word' id='word_1_597' title='bbox 780 4639 913 4678; x_wconf 89' lang='lat' dir='ltr'>eum</span> <span class='ocrx_word' id='word_1_598' title='bbox 950 4625 1005 4678; x_wconf 91' lang='lat' dir='ltr'>in</span> <span class='ocrx_word' id='word_1_599' title='bbox 1039 4625 1223 4680; x_wconf 82' lang='lat' dir='ltr'>Rama</span> <span class='ocrx_word' id='word_1_600' title='bbox 1281 4625 1423 4679; x_wconf 91' lang='lat' dir='ltr'>urbe</span> <span class='ocrx_word' id='word_1_601' title='bbox 1473 4640 1599 4679; x_wconf 90' lang='lat' dir='ltr'>sua.</span> <span class='ocrx_word' id='word_1_602' title='bbox 1638 4646 1664 4671; x_wconf 84' lang='lat'>»</span> <span class='ocrx_word' id='word_1_603' title='bbox 1716 4623 1905 4694; x_wconf 87' lang='lat' dir='ltr'>Supra</span> <span class='ocrx_word' id='word_1_604' title='bbox 1937 4640 2188 4694; x_wconf 89' lang='lat' dir='ltr'>namque</span> 
     </span>
    </p>
   </div>
   <div class='ocr_carea' id='block_1_81' title="bbox 529 4712 2186 4787">
    <p class='ocr_par' dir='ltr' id='par_1_81' title="bbox 529 4712 2186 4787">
     <span class='ocr_line' id='line_1_81' title="bbox 529 4712 2186 4787; baseline -0.001 -19"><span class='ocrx_word' id='word_1_605' title='bbox 529 4715 671 4787; x_wconf 77' lang='lat' dir='ltr'>(cap.</span> <span class='ocrx_word' id='word_1_606' title='bbox 708 4732 840 4780; x_wconf 86' lang='lat' dir='ltr'>xxv,</span> <span class='ocrx_word' id='word_1_607' title='bbox 873 4713 948 4785; x_wconf 78' lang='lat' dir='ltr'>l.)</span> <span class='ocrx_word' id='word_1_608' title='bbox 983 4714 1198 4769; x_wconf 88' lang='lat' dir='ltr'>dicitur</span> <span class='ocrx_word' id='word_1_609' title='bbox 1218 4712 1485 4784; x_wconf 91' lang='lat' dir='ltr'>sepultus</span> <span class='ocrx_word' id='word_1_610' title='bbox 1509 4712 1689 4767; x_wconf 88' lang='lat' dir='ltr'>fuisse</span> <span class='ocrx_word' id='word_1_611' title='bbox 1716 4712 1773 4766; x_wconf 91' lang='lat' dir='ltr'>in</span> <span class='ocrx_word' id='word_1_612' title='bbox 1800 4713 1972 4767; x_wconf 90' lang='lat' dir='ltr'>domo</span> <span class='ocrx_word' id='word_1_613' title='bbox 2000 4730 2108 4768; x_wconf 87' lang='lat' dir='ltr'>sua</span> <span class='ocrx_word' id='word_1_614' title='bbox 2128 4713 2186 4766; x_wconf 92' lang='lat' dir='ltr'>in</span> 
     </span>
    </p>
   </div>
   <div class='ocr_carea' id='block_1_82' title="bbox 531 4800 2186 4873">
    <p class='ocr_par' dir='ltr' id='par_1_82' title="bbox 531 4800 2186 4873">
     <span class='ocr_line' id='line_1_82' title="bbox 531 4800 2186 4873; baseline -0.003 -12"><span class='ocrx_word' id='word_1_615' title='bbox 531 4803 734 4861; x_wconf 78' lang='lat' dir='ltr'>Rama.</span> <span class='ocrx_word' id='word_1_616' title='bbox 772 4804 834 4857; x_wconf 92' lang='lat' dir='ltr'>In</span> <span class='ocrx_word' id='word_1_617' title='bbox 867 4803 1039 4858; x_wconf 92' lang='lat' dir='ltr'>domo</span> <span class='ocrx_word' id='word_1_618' title='bbox 1072 4819 1200 4869; x_wconf 90' lang='lat' dir='ltr'>sua,</span> <span class='ocrx_word' id='word_1_619' title='bbox 1234 4801 1292 4856; x_wconf 91' lang='lat' dir='ltr'>in</span> <span class='ocrx_word' id='word_1_620' title='bbox 1334 4800 1557 4856; x_wconf 85' lang='lat' dir='ltr'>familia</span> <span class='ocrx_word' id='word_1_621' title='bbox 1587 4801 1852 4856; x_wconf 90' lang='lat' dir='ltr'>videlicet</span> <span class='ocrx_word' id='word_1_622' title='bbox 1885 4807 1942 4856; x_wconf 90' lang='lat' dir='ltr'>et</span> <span class='ocrx_word' id='word_1_623' title='bbox 1971 4819 2186 4873; x_wconf 88' lang='lat' dir='ltr'>cogna-</span> 
     </span>
    </p>
   </div>
   <div class='ocr_carea' id='block_1_83' title="bbox 529 4889 2184 4964">
    <p class='ocr_par' dir='ltr' id='par_1_83' title="bbox 529 4889 2184 4964">
     <span class='ocr_line' id='line_1_83' title="bbox 529 4889 2184 4964; baseline -0.004 -14"><span class='ocrx_word' id='word_1_624' title='bbox 529 4890 685 4950; x_wconf 80' lang='lat' dir='ltr'>tione</span> <span class='ocrx_word' id='word_1_625' title='bbox 733 4909 860 4948; x_wconf 90' lang='lat' dir='ltr'>sua.</span> <span class='ocrx_word' id='word_1_626' title='bbox 912 4890 1202 4959; x_wconf 66' lang='lat' dir='ltr'>Quaeritur</span> <span class='ocrx_word' id='word_1_627' title='bbox 1259 4905 1536 4964; x_wconf 90' lang='lat' dir='ltr'>namque,</span> <span class='ocrx_word' id='word_1_628' title='bbox 1587 4905 1716 4944; x_wconf 91' lang='lat' dir='ltr'>cum</span> <span class='ocrx_word' id='word_1_629' title='bbox 1762 4889 2033 4961; x_wconf 90' lang='lat' dir='ltr'>superius</span> <span class='ocrx_word' id='word_1_630' title='bbox 2058 4890 2184 4961; x_wconf 90' lang='lat' dir='ltr'>jam</span> 
     </span>
    </p>
   </div>
   <div class='ocr_carea' id='block_1_84' title="bbox 605 5114 2184 5173">
    <p class='ocr_par' dir='ltr' id='par_1_84' title="bbox 605 5114 2184 5173">
     <span class='ocr_line' id='line_1_84' title="bbox 605 5114 2184 5173; baseline 0.001 -4"><span class='ocrx_word' id='word_1_631' title='bbox 605 5115 618 5148; x_wconf 92' lang='grc'>¹</span> <span class='ocrx_word' id='word_1_632' title='bbox 655 5116 815 5170; x_wconf 88' lang='lat' dir='ltr'>llunc</span> <span class='ocrx_word' id='word_1_633' title='bbox 845 5115 1037 5172; x_wconf 90' lang='lat' dir='ltr'>locum</span> <span class='ocrx_word' id='word_1_634' title='bbox 1069 5117 1302 5173; x_wconf 86' lang='lat' dir='ltr'>abunde</span> <span class='ocrx_word' id='word_1_635' title='bbox 1340 5115 1632 5170; x_wconf 88' lang='lat' dir='ltr'>confutavi</span> <span class='ocrx_word' id='word_1_636' title='bbox 1685 5114 1741 5168; x_wconf 91' lang='lat' dir='ltr'>in</span> <span class='ocrx_word' id='word_1_637' title='bbox 1793 5114 2184 5170; x_wconf 89' lang='lat' dir='ltr'>adnotationi-</span> 
     </span>
    </p>
   </div>
   <div class='ocr_carea' id='block_1_85' title="bbox 531 5184 2184 5257">
    <p class='ocr_par' dir='ltr' id='par_1_85' title="bbox 531 5184 2184 5257">
     <span class='ocr_line' id='line_1_85' title="bbox 531 5184 2184 5257; baseline 0.003 -20"><span class='ocrx_word' id='word_1_638' title='bbox 531 5184 644 5257; x_wconf 81' lang='lat' dir='ltr'>bus</span> <span class='ocrx_word' id='word_1_639' title='bbox 673 5188 819 5242; x_wconf 89' lang='lat' dir='ltr'>meis</span> <span class='ocrx_word' id='word_1_640' title='bbox 849 5187 1066 5243; x_wconf 64' lang='lat' dir='ltr'>Divina:</span> <span class='ocrx_word' id='word_1_641' title='bbox 1101 5188 1466 5244; x_wconf 73' lang='lat' dir='ltr'>Bibliotheca:</span> <span class='ocrx_word' id='word_1_642' title='bbox 1499 5188 1557 5242; x_wconf 91' lang='lat' dir='ltr'>S.</span> <span class='ocrx_word' id='word_1_643' title='bbox 1603 5186 1958 5257; x_wconf 86' lang='lat' dir='ltr'>Hieronymi,</span> <span class='ocrx_word' id='word_1_644' title='bbox 1991 5191 2184 5242; x_wconf 92' lang='lat' dir='ltr'>osten-</span> 
     </span>
    </p>
   </div>
   <div class='ocr_carea' id='block_1_86' title="bbox 532 5254 2183 5330">
    <p class='ocr_par' dir='ltr' id='par_1_86' title="bbox 532 5254 2183 5330">
     <span class='ocr_line' id='line_1_86' title="bbox 532 5254 2183 5330; baseline 0.002 -20"><span class='ocrx_word' id='word_1_645' title='bbox 532 5254 677 5311; x_wconf 88' lang='lat' dir='ltr'>dens</span> <span class='ocrx_word' id='word_1_646' title='bbox 732 5257 993 5315; x_wconf 84' lang='lat' dir='ltr'>Latinam</span> <span class='ocrx_word' id='word_1_647' title='bbox 1052 5261 1402 5325; x_wconf 86' lang='lat' dir='ltr'>versionem,</span> <span class='ocrx_word' id='word_1_648' title='bbox 1459 5261 1556 5330; x_wconf 77' lang='lat' dir='ltr'>qui</span> <span class='ocrx_word' id='word_1_649' title='bbox 1621 5259 1756 5313; x_wconf 65' lang='lat' dir='ltr'>lassi</span> <span class='ocrx_word' id='word_1_650' title='bbox 1803 5254 2183 5323; x_wconf 64' lang='lat' dir='ltr'>substiterant,</span> 
     </span>
    </p>
   </div>
   <div class='ocr_carea' id='block_1_87' title="bbox 604 5406 1688 5549">
    <p class='ocr_par' dir='ltr' id='par_1_87' title="bbox 604 5406 1688 5549">
     <span class='ocr_line' id='line_1_87' title="bbox 628 5406 1688 5478; baseline 0.005 -19"><span class='ocrx_word' id='word_1_651' title='bbox 628 5407 683 5478; x_wconf 85' lang='grc' dir='ltr'>α)</span> <span class='ocrx_word' id='word_1_652' title='bbox 713 5406 986 5463; x_wconf 78' lang='lat' dir='ltr'>Ambros.</span> <span class='ocrx_word' id='word_1_653' title='bbox 1023 5426 1160 5478; x_wconf 88' lang='lat' dir='ltr'>ms.,</span> <span class='ocrx_word' id='word_1_654' title='bbox 1194 5411 1338 5467; x_wconf 76' lang='lat' dir='ltr'>idem</span> <span class='ocrx_word' id='word_1_655' title='bbox 1409 5427 1472 5465; x_wconf 91' lang='lat' dir='ltr'>ro</span> <span class='ocrx_word' id='word_1_656' title='bbox 1503 5410 1559 5465; x_wconf 69' lang='lat' dir='ltr'>id</span> <span class='ocrx_word' id='word_1_657' title='bbox 1591 5413 1688 5464; x_wconf 81' lang='lat' dir='ltr'>est.</span> 
     </span>
     <span class='ocr_line' id='line_1_88' title="bbox 604 5406 1688 5549; baseline 0.002 -14"><span class='ocrx_word' id='word_1_658' title='bbox 604 5406 681 5549; x_wconf 53' lang='lat' dir='ltr'>ib)</span> <span class='ocrx_word' id='word_1_659' title='bbox 713 5478 955 5549; x_wconf 83' lang='lat' dir='ltr'>Legerat</span> <span class='ocrx_word' id='word_1_660' title='bbox 987 5486 1261 5549; x_wconf 64' lang='lat' dir='ltr'>praetcrea</span> <span class='ocrx_word' id='word_1_661' title='bbox 1284 5428 1580 5548; x_wconf 63' lang='lat' dir='ltr'>Rabanus,</span> <span class='ocrx_word' id='word_1_662' title='bbox 1614 5483 1688 5536; x_wconf 91' lang='lat' dir='ltr'>du</span> 
     </span>
    </p>
   </div>
   <div class='ocr_carea' id='block_1_88' title="bbox 628 5478 2184 5551">
    <p class='ocr_par' dir='ltr' id='par_1_88' title="bbox 628 5478 2184 5551">
     <span class='ocr_line' id='line_1_89' title="bbox 628 5478 2184 5551; baseline 0.001 -16"><span class='ocrx_word' id='word_1_663' title='bbox 628 5480 681 5548; x_wconf 88' lang='lat' dir='ltr'>b)</span> <span class='ocrx_word' id='word_1_664' title='bbox 713 5478 955 5551; x_wconf 81' lang='lat' dir='ltr'>Legerat</span> <span class='ocrx_word' id='word_1_665' title='bbox 987 5486 1261 5550; x_wconf 85' lang='lat' dir='ltr'>praetcrea</span> <span class='ocrx_word' id='word_1_666' title='bbox 1284 5478 1580 5551; x_wconf 82' lang='lat' dir='ltr'>Rabanus,</span> <span class='ocrx_word' id='word_1_667' title='bbox 1614 5480 1934 5536; x_wconf 90' lang='lat' dir='ltr'>dummodo</span> <span class='ocrx_word' id='word_1_668' title='bbox 1968 5481 2038 5536; x_wconf 87' lang='lat' dir='ltr'>de</span> <span class='ocrx_word' id='word_1_669' title='bbox 2077 5499 2184 5537; x_wconf 91' lang='lat' dir='ltr'>suo</span> 
     </span>
    </p>
   </div>
   <div class='ocr_carea' id='block_1_89' title="bbox 532 5550 2184 5627">
    <p class='ocr_par' dir='ltr' id='par_1_89' title="bbox 532 5550 2184 5627">
     <span class='ocr_line' id='line_1_90' title="bbox 532 5550 2184 5627; baseline 0 -17"><span class='ocrx_word' id='word_1_670' title='bbox 532 5567 649 5610; x_wconf 84' lang='lat' dir='ltr'>non</span> <span class='ocrx_word' id='word_1_671' title='bbox 691 5550 1018 5606; x_wconf 71' lang='lat' dir='ltr'>suffecerit:</span> <span class='ocrx_word' id='word_1_672' title='bbox 1076 5553 1141 5610; x_wconf 83' lang='lat' dir='ltr'>Et</span> <span class='ocrx_word' id='word_1_673' title='bbox 1196 5556 1475 5625; x_wconf 78' lang='lat' dir='ltr'>repetitur,</span> <span class='ocrx_word' id='word_1_674' title='bbox 1535 5550 1594 5608; x_wconf 76' lang='lat' dir='ltr'>ut</span> <span class='ocrx_word' id='word_1_675' title='bbox 1644 5553 1925 5610; x_wconf 77' lang='lat' dir='ltr'>damnatio</span> <span class='ocrx_word' id='word_1_676' title='bbox 1977 5555 2184 5627; x_wconf 69' lang='lat' dir='ltr'>Saulis,</span> 
     </span>
    </p>
   </div>
   <div class='ocr_carea' id='block_1_90' title="bbox 2299 3201 3884 3273">
    <p class='ocr_par' dir='ltr' id='par_1_90' title="bbox 2299 3201 3884 3273">
     <span class='ocr_line' id='line_1_91' title="bbox 2299 3201 3884 3273; baseline -0.003 -16"><span class='ocrx_word' id='word_1_677' title='bbox 2299 3202 2463 3259; x_wconf 89' lang='lat' dir='ltr'>locus</span> <span class='ocrx_word' id='word_1_678' title='bbox 2496 3203 2587 3258; x_wconf 86' lang='lat' dir='ltr'>hic</span> <span class='ocrx_word' id='word_1_679' title='bbox 2646 3208 2954 3273; x_wconf 82' lang='lat' dir='ltr'>monstrat,</span> <span class='ocrx_word' id='word_1_680' title='bbox 3017 3205 3370 3260; x_wconf 60' lang='lat' dir='ltr'>Hebrasicam</span> <span class='ocrx_word' id='word_1_681' title='bbox 3432 3205 3719 3261; x_wconf 86' lang='lat' dir='ltr'>veritatem</span> <span class='ocrx_word' id='word_1_682' title='bbox 3746 3203 3791 3256; x_wconf 89' lang='lat' dir='ltr'>in</span> <span class='ocrx_word' id='word_1_683' title='bbox 3815 3201 3884 3254; x_wconf 76' lang='lat' dir='ltr'>hoc</span> 
     </span>
    </p>
   </div>
   <div class='ocr_carea' id='block_1_91' title="bbox 2298 3292 3886 3364">
    <p class='ocr_par' dir='ltr' id='par_1_91' title="bbox 2298 3292 3886 3364">
     <span class='ocr_line' id='line_1_92' title="bbox 2298 3292 3886 3364; baseline -0.003 -15"><span class='ocrx_word' id='word_1_684' title='bbox 2298 3294 2424 3349; x_wconf 91' lang='lat' dir='ltr'>loco</span> <span class='ocrx_word' id='word_1_685' title='bbox 2455 3292 2620 3364; x_wconf 88' lang='lat' dir='ltr'>sequi</span> <span class='ocrx_word' id='word_1_686' title='bbox 2653 3294 2883 3360; x_wconf 89' lang='lat' dir='ltr'>debere,</span> <span class='ocrx_word' id='word_1_687' title='bbox 2937 3310 3064 3364; x_wconf 63' lang='lat' dir='ltr'>quae</span> <span class='ocrx_word' id='word_1_688' title='bbox 3123 3311 3238 3349; x_wconf 90' lang='lat' dir='ltr'>non</span> <span class='ocrx_word' id='word_1_689' title='bbox 3297 3295 3490 3362; x_wconf 76' lang='lat' dir='ltr'>lassos,</span> <span class='ocrx_word' id='word_1_690' title='bbox 3524 3295 3621 3350; x_wconf 89' lang='lat' dir='ltr'>sed</span> <span class='ocrx_word' id='word_1_691' title='bbox 3657 3294 3802 3360; x_wconf 71' lang='lat' dir='ltr'>iussos</span> <span class='ocrx_word' id='word_1_692' title='bbox 3829 3303 3886 3341; x_wconf 73' lang='lat' dir='ltr'>re-</span> 
     </span>
    </p>
   </div>
   <div class='ocr_carea' id='block_1_92' title="bbox 2301 3378 3882 3447">
    <p class='ocr_par' dir='ltr' id='par_1_92' title="bbox 2301 3378 3882 3447">
     <span class='ocr_line' id='line_1_93' title="bbox 2301 3378 3882 3447; baseline -0.006 -9"><span class='ocrx_word' id='word_1_693' title='bbox 2301 3383 2588 3438; x_wconf 90' lang='lat' dir='ltr'>mansisse</span> <span class='ocrx_word' id='word_1_694' title='bbox 2623 3383 2691 3438; x_wconf 91' lang='lat' dir='ltr'>ad</span> <span class='ocrx_word' id='word_1_695' title='bbox 2738 3382 3022 3447; x_wconf 89' lang='lat' dir='ltr'>sarcinas,</span> <span class='ocrx_word' id='word_1_696' title='bbox 3073 3382 3214 3438; x_wconf 91' lang='lat' dir='ltr'>dicit</span> <span class='ocrx_word' id='word_1_697' title='bbox 3262 3383 3472 3439; x_wconf 91' lang='lat' dir='ltr'>fuisse.</span> <span class='ocrx_word' id='word_1_698' title='bbox 3533 3383 3624 3437; x_wconf 89' lang='lat' dir='ltr'>Ait</span> <span class='ocrx_word' id='word_1_699' title='bbox 3649 3380 3782 3437; x_wconf 88' lang='lat' dir='ltr'>enim</span> <span class='ocrx_word' id='word_1_700' title='bbox 3805 3378 3882 3431; x_wconf 81' lang='lat' dir='ltr'>ita:</span> 
     </span>
    </p>
   </div>
   <div class='ocr_carea' id='block_1_93' title="bbox 2298 3471 3887 3544">
    <p class='ocr_par' dir='ltr' id='par_1_93' title="bbox 2298 3471 3887 3544">
     <span class='ocr_line' id='line_1_94' title="bbox 2298 3471 3887 3544; baseline -0.006 -17"><span class='ocrx_word' id='word_1_701' title='bbox 2298 3495 2324 3521; x_wconf 90' lang='grc'>‹‹</span> <span class='ocrx_word' id='word_1_702' title='bbox 2359 3474 2542 3543; x_wconf 70' lang='lat' dir='ltr'>1Equa</span> <span class='ocrx_word' id='word_1_703' title='bbox 2574 3489 2708 3543; x_wconf 90' lang='lat' dir='ltr'>pars</span> <span class='ocrx_word' id='word_1_704' title='bbox 2739 3472 2847 3526; x_wconf 90' lang='lat' dir='ltr'>erit</span> <span class='ocrx_word' id='word_1_705' title='bbox 2891 3472 3301 3527; x_wconf 89' lang='lat' dir='ltr'>descendentis</span> <span class='ocrx_word' id='word_1_706' title='bbox 3339 3472 3415 3527; x_wconf 89' lang='lat' dir='ltr'>ad</span> <span class='ocrx_word' id='word_1_707' title='bbox 3470 3471 3740 3544; x_wconf 63' lang='lat' dir='ltr'>praelium,</span> <span class='ocrx_word' id='word_1_708' title='bbox 3763 3471 3808 3522; x_wconf 86' lang='lat' dir='ltr'>et</span> <span class='ocrx_word' id='word_1_709' title='bbox 3827 3480 3887 3519; x_wconf 80' lang='lat' dir='ltr'>re-</span> 
     </span>
    </p>
   </div>
   <div class='ocr_carea' id='block_1_94' title="bbox 2298 3560 3884 3633">
    <p class='ocr_par' dir='ltr' id='par_1_94' title="bbox 2298 3560 3884 3633">
     <span class='ocr_line' id='line_1_95' title="bbox 2298 3560 3884 3633; baseline -0.006 -18"><span class='ocrx_word' id='word_1_710' title='bbox 2298 3561 2590 3616; x_wconf 88' lang='lat' dir='ltr'>manentis</span> <span class='ocrx_word' id='word_1_711' title='bbox 2621 3562 2690 3616; x_wconf 89' lang='lat' dir='ltr'>ad</span> <span class='ocrx_word' id='word_1_712' title='bbox 2725 3561 3006 3617; x_wconf 90' lang='lat' dir='ltr'>sarcinas.</span> <span class='ocrx_word' id='word_1_713' title='bbox 3039 3583 3066 3608; x_wconf 82' lang='lat'>»</span> <span class='ocrx_word' id='word_1_714' title='bbox 3097 3561 3222 3616; x_wconf 91' lang='lat' dir='ltr'>Non</span> <span class='ocrx_word' id='word_1_715' title='bbox 3255 3560 3355 3631; x_wconf 91' lang='lat' dir='ltr'>ait,</span> <span class='ocrx_word' id='word_1_716' title='bbox 3409 3561 3513 3633; x_wconf 89' lang='lat' dir='ltr'>qui</span> <span class='ocrx_word' id='word_1_717' title='bbox 3558 3560 3688 3615; x_wconf 89' lang='lat' dir='ltr'>lassi</span> <span class='ocrx_word' id='word_1_718' title='bbox 3718 3569 3884 3613; x_wconf 71' lang='lat' dir='ltr'>reman-</span> 
     </span>
    </p>
   </div>
   <div class='ocr_carea' id='block_1_95' title="bbox 2295 3639 3884 3718">
    <p class='ocr_par' dir='ltr' id='par_1_95' title="bbox 2295 3639 3884 3718">
     <span class='ocr_line' id='line_1_96' title="bbox 2295 3639 3884 3718; baseline -0.004 -11"><span class='ocrx_word' id='word_1_719' title='bbox 2295 3654 2500 3707; x_wconf 91' lang='lat' dir='ltr'>serunt</span> <span class='ocrx_word' id='word_1_720' title='bbox 2528 3651 2598 3706; x_wconf 91' lang='lat' dir='ltr'>ad</span> <span class='ocrx_word' id='word_1_721' title='bbox 2631 3650 2889 3706; x_wconf 88' lang='lat' dir='ltr'>sarcinas</span> <span class='ocrx_word' id='word_1_722' title='bbox 2921 3668 2932 3718; x_wconf 92' lang='lat'>;</span> <span class='ocrx_word' id='word_1_723' title='bbox 2969 3650 3068 3705; x_wconf 91' lang='lat' dir='ltr'>sed</span> <span class='ocrx_word' id='word_1_724' title='bbox 3112 3647 3403 3716; x_wconf 90' lang='lat' dir='ltr'>absolute,</span> <span class='ocrx_word' id='word_1_725' title='bbox 3439 3673 3469 3699; x_wconf 83' lang='lat'><strong>«</strong></span> <span class='ocrx_word' id='word_1_726' title='bbox 3505 3643 3818 3705; x_wconf 88' lang='lat' dir='ltr'>remanentis</span> <span class='ocrx_word' id='word_1_727' title='bbox 3838 3639 3884 3694; x_wconf 74' lang='lat' dir='ltr'>ad</span> 
     </span>
    </p>
   </div>
   <div class='ocr_carea' id='block_1_96' title="bbox 2297 3730 3888 3810">
    <p class='ocr_par' dir='ltr' id='par_1_96' title="bbox 2297 3730 3888 3810">
     <span class='ocr_line' id='line_1_97' title="bbox 2297 3730 3888 3810; baseline -0.006 -16"><span class='ocrx_word' id='word_1_728' title='bbox 2297 3740 2591 3805; x_wconf 83' lang='lat' dir='ltr'>sarcinas;</span> <span class='ocrx_word' id='word_1_729' title='bbox 2631 3760 2656 3787; x_wconf 83' lang='lat'>»</span> <span class='ocrx_word' id='word_1_730' title='bbox 2691 3740 2831 3810; x_wconf 88' lang='lat' dir='ltr'>quia</span> <span class='ocrx_word' id='word_1_731' title='bbox 2883 3756 2932 3793; x_wconf 81' lang='lat' dir='ltr'>si</span> <span class='ocrx_word' id='word_1_732' title='bbox 2983 3737 3124 3794; x_wconf 90' lang='lat' dir='ltr'>lassi</span> <span class='ocrx_word' id='word_1_733' title='bbox 3179 3739 3626 3807; x_wconf 81' lang='lat' dir='ltr'>remansissent,</span> <span class='ocrx_word' id='word_1_734' title='bbox 3655 3733 3792 3791; x_wconf 88' lang='lat' dir='ltr'>nulla</span> <span class='ocrx_word' id='word_1_735' title='bbox 3831 3730 3888 3784; x_wconf 76' lang='lat' dir='ltr'>eis</span> 
     </span>
    </p>
   </div>
   <div class='ocr_carea' id='block_1_97' title="bbox 2301 3826 3204 3899">
    <p class='ocr_par' dir='ltr' id='par_1_97' title="bbox 2301 3826 3204 3899">
     <span class='ocr_line' id='line_1_98' title="bbox 2301 3826 3204 3899; baseline 0.001 -17"><span class='ocrx_word' id='word_1_736' title='bbox 2301 3828 2617 3882; x_wconf 88' lang='lat' dir='ltr'>deberetur</span> <span class='ocrx_word' id='word_1_737' title='bbox 2647 3829 2718 3882; x_wconf 87' lang='lat' dir='ltr'>de</span> <span class='ocrx_word' id='word_1_738' title='bbox 2755 3827 2964 3899; x_wconf 76' lang='lat' dir='ltr'>praedis</span> <span class='ocrx_word' id='word_1_739' title='bbox 2996 3826 3204 3899; x_wconf 88' lang='lat' dir='ltr'>portio.</span> 
     </span>
    </p>
   </div>
   <div class='ocr_carea' id='block_1_98' title="bbox 2368 3908 3887 3987">
    <p class='ocr_par' dir='ltr' id='par_1_98' title="bbox 2368 3908 3887 3987">
     <span class='ocr_line' id='line_1_99' title="bbox 2368 3908 3887 3987; baseline -0.009 -16"><span class='ocrx_word' id='word_1_740' title='bbox 2368 3921 2525 3987; x_wconf 88' lang='lat' dir='ltr'>(Cap.</span> <span class='ocrx_word' id='word_1_741' title='bbox 2577 3917 2761 3972; x_wconf 85' lang='lat' dir='ltr'>XXXI.</span> <span class='ocrx_word' id='word_1_742' title='bbox 2798 3948 2865 3956; x_wconf 95' lang='lat'><strong><em>—</em></strong></span> <span class='ocrx_word' id='word_1_743' title='bbox 2900 3917 3060 3973; x_wconf 80' lang='lat' dir='ltr'>Vers.</span> <span class='ocrx_word' id='word_1_744' title='bbox 3104 3916 3184 3986; x_wconf 89' lang='grc'>5.)</span> <span class='ocrx_word' id='word_1_745' title='bbox 3235 3916 3466 3980; x_wconf 86' lang='lat' dir='ltr'>«Quod</span> <span class='ocrx_word' id='word_1_746' title='bbox 3524 3931 3654 3972; x_wconf 87' lang='lat' dir='ltr'>cum</span> <span class='ocrx_word' id='word_1_747' title='bbox 3706 3908 3887 3966; x_wconf 82' lang='lat' dir='ltr'>vidisset</span> 
     </span>
    </p>
   </div>
   <div class='ocr_carea' id='block_1_99' title="bbox 2297 3992 3887 4078">
    <p class='ocr_par' dir='ltr' id='par_1_99' title="bbox 2297 3992 3887 4078">
     <span class='ocr_line' id='line_1_100' title="bbox 2297 3992 3887 4078; baseline -0.001 -18"><span class='ocrx_word' id='word_1_748' title='bbox 2297 4005 2550 4078; x_wconf 90' lang='lat' dir='ltr'>armiger</span> <span class='ocrx_word' id='word_1_749' title='bbox 2595 4007 2743 4076; x_wconf 83' lang='lat' dir='ltr'>ejus,</span> <span class='ocrx_word' id='word_1_750' title='bbox 2778 4004 3044 4059; x_wconf 84' lang='lat' dir='ltr'>videlicet</span> <span class='ocrx_word' id='word_1_751' title='bbox 3098 4006 3252 4076; x_wconf 91' lang='lat' dir='ltr'>quod</span> <span class='ocrx_word' id='word_1_752' title='bbox 3286 4010 3564 4060; x_wconf 89' lang='lat' dir='ltr'>mortuus</span> <span class='ocrx_word' id='word_1_753' title='bbox 3592 4005 3732 4058; x_wconf 84' lang='lat' dir='ltr'>esset</span> <span class='ocrx_word' id='word_1_754' title='bbox 3773 3992 3887 4058; x_wconf 52' lang='lat' dir='ltr'>Saul,</span> 
     </span>
    </p>
   </div>
   <div class='ocr_carea' id='block_1_100' title="bbox 2299 4089 3889 4164">
    <p class='ocr_par' dir='ltr' id='par_1_100' title="bbox 2299 4089 3889 4164">
     <span class='ocr_line' id='line_1_101' title="bbox 2299 4089 3889 4164; baseline -0.005 -18"><span class='ocrx_word' id='word_1_755' title='bbox 2299 4092 2473 4147; x_wconf 91' lang='lat' dir='ltr'>irruit</span> <span class='ocrx_word' id='word_1_756' title='bbox 2502 4092 2676 4147; x_wconf 88' lang='lat' dir='ltr'>etiam</span> <span class='ocrx_word' id='word_1_757' title='bbox 2711 4093 2837 4163; x_wconf 88' lang='lat' dir='ltr'>ipse</span> <span class='ocrx_word' id='word_1_758' title='bbox 2862 4109 3038 4163; x_wconf 92' lang='lat' dir='ltr'>super</span> <span class='ocrx_word' id='word_1_759' title='bbox 3066 4091 3326 4164; x_wconf 89' lang='lat' dir='ltr'>gladium</span> <span class='ocrx_word' id='word_1_760' title='bbox 3370 4109 3576 4158; x_wconf 88' lang='lat' dir='ltr'>suum,</span> <span class='ocrx_word' id='word_1_761' title='bbox 3607 4095 3660 4146; x_wconf 90' lang='lat' dir='ltr'>et</span> <span class='ocrx_word' id='word_1_762' title='bbox 3685 4089 3889 4144; x_wconf 82' lang='lat' dir='ltr'>mortuus</span> 
     </span>
    </p>
   </div>
   <div class='ocr_carea' id='block_1_101' title="bbox 2297 4169 3886 4251">
    <p class='ocr_par' dir='ltr' id='par_1_101' title="bbox 2297 4169 3886 4251">
     <span class='ocr_line' id='line_1_102' title="bbox 2297 4169 3886 4251; baseline -0.006 -15"><span class='ocrx_word' id='word_1_763' title='bbox 2297 4186 2387 4236; x_wconf 86' lang='lat' dir='ltr'>est</span> <span class='ocrx_word' id='word_1_764' title='bbox 2437 4198 2570 4236; x_wconf 90' lang='lat' dir='ltr'>cum</span> <span class='ocrx_word' id='word_1_765' title='bbox 2611 4199 2698 4236; x_wconf 90' lang='lat' dir='ltr'>eo.</span> <span class='ocrx_word' id='word_1_766' title='bbox 2734 4205 2760 4231; x_wconf 87' lang='grc'><strong>››</strong></span> <span class='ocrx_word' id='word_1_767' title='bbox 2818 4181 3190 4251; x_wconf 87' lang='lat' dir='ltr'>Armigerum</span> <span class='ocrx_word' id='word_1_768' title='bbox 3249 4181 3433 4236; x_wconf 88' lang='lat' dir='ltr'>istum</span> <span class='ocrx_word' id='word_1_769' title='bbox 3495 4177 3704 4236; x_wconf 67' lang='lat' dir='ltr'>Hebraei</span> <span class='ocrx_word' id='word_1_770' title='bbox 3754 4169 3886 4228; x_wconf 81' lang='lat' dir='ltr'>Doecb</span> 
     </span>
    </p>
   </div>
   <div class='ocr_carea' id='block_1_102' title="bbox 2303 4268 3890 4340">
    <p class='ocr_par' dir='ltr' id='par_1_102' title="bbox 2303 4268 3890 4340">
     <span class='ocr_line' id='line_1_103' title="bbox 2303 4268 3890 4340; baseline -0.006 -15"><span class='ocrx_word' id='word_1_771' title='bbox 2303 4271 2620 4325; x_wconf 71' lang='lat' dir='ltr'>Idumzeum</span> <span class='ocrx_word' id='word_1_772' title='bbox 2646 4271 2848 4323; x_wconf 86' lang='lat' dir='ltr'>dicunt</span> <span class='ocrx_word' id='word_1_773' title='bbox 2871 4270 3070 4338; x_wconf 87' lang='lat' dir='ltr'>fuisse,</span> <span class='ocrx_word' id='word_1_774' title='bbox 3097 4269 3197 4340; x_wconf 91' lang='lat' dir='ltr'>qui</span> <span class='ocrx_word' id='word_1_775' title='bbox 3219 4285 3472 4326; x_wconf 89' lang='lat' dir='ltr'>cernens</span> <span class='ocrx_word' id='word_1_776' title='bbox 3499 4268 3636 4325; x_wconf 89' lang='lat' dir='ltr'>Saul</span> <span class='ocrx_word' id='word_1_777' title='bbox 3662 4268 3890 4322; x_wconf 84' lang='lat' dir='ltr'>mortuum</span> 
     </span>
    </p>
   </div>
   <div class='ocr_carea' id='block_1_103' title="bbox 2299 4356 3493 4429">
    <p class='ocr_par' dir='ltr' id='par_1_103' title="bbox 2299 4356 3493 4429">
     <span class='ocr_line' id='line_1_104' title="bbox 2299 4356 3493 4429; baseline -0.001 -15"><span class='ocrx_word' id='word_1_778' title='bbox 2299 4358 2560 4429; x_wconf 89' lang='lat' dir='ltr'>seipsum</span> <span class='ocrx_word' id='word_1_779' title='bbox 2593 4358 2664 4413; x_wconf 91' lang='lat' dir='ltr'>ob</span> <span class='ocrx_word' id='word_1_780' title='bbox 2701 4363 2921 4414; x_wconf 87' lang='lat' dir='ltr'>metum</span> <span class='ocrx_word' id='word_1_781' title='bbox 2955 4356 3135 4412; x_wconf 87' lang='lat' dir='ltr'>David</span> <span class='ocrx_word' id='word_1_782' title='bbox 3167 4356 3493 4414; x_wconf 87' lang='lat' dir='ltr'>interemit.</span> 
     </span>
    </p>
   </div>
   <div class='ocr_carea' id='block_1_104' title="bbox 1617 4433 3889 4535">
    <p class='ocr_par' dir='ltr' id='par_1_104' title="bbox 1617 4433 3889 4535">
     <span class='ocr_line' id='line_1_105' title="bbox 1617 4433 3889 4535; baseline -0.001 -36"><span class='ocrx_word' id='word_1_783' title='bbox 1617 4469 1644 4535; x_wconf 60' lang='grc' dir='ltr'><em>ᾳ</em></span> <span class='ocrx_word' id='word_1_784' title='bbox 1703 4445 1935 4535; x_wconf 87' lang='lat' dir='ltr'>Samuel</span> <span class='ocrx_word' id='word_1_785' title='bbox 1993 4449 2187 4501; x_wconf 90' lang='lat' dir='ltr'>autem</span> <span class='ocrx_word' id='word_1_786' title='bbox 2219 4471 2266 4535; x_wconf 82' lang='lat' dir='ltr'><strong>D</strong></span> <span class='ocrx_word' id='word_1_787' title='bbox 2370 4448 2556 4519; x_wconf 88' lang='lat' dir='ltr'>(Vers.</span> <span class='ocrx_word' id='word_1_788' title='bbox 2588 4448 2668 4514; x_wconf 89' lang='lat'>6.)</span> <span class='ocrx_word' id='word_1_789' title='bbox 2706 4471 2724 4494; x_wconf 76' lang='grc' dir='ltr'><strong><em>α</em></strong></span> <span class='ocrx_word' id='word_1_790' title='bbox 2761 4447 3026 4501; x_wconf 92' lang='lat' dir='ltr'>Mortuus</span> <span class='ocrx_word' id='word_1_791' title='bbox 3084 4450 3173 4500; x_wconf 87' lang='lat' dir='ltr'>est</span> <span class='ocrx_word' id='word_1_792' title='bbox 3229 4462 3366 4535; x_wconf 87' lang='lat' dir='ltr'>ergo</span> <span class='ocrx_word' id='word_1_793' title='bbox 3395 4444 3585 4535; x_wconf 3' lang='lat' dir='ltr'>(Saul,</span> <span class='ocrx_word' id='word_1_794' title='bbox 3624 4447 3678 4535; x_wconf 87' lang='lat' dir='ltr'>et</span> <span class='ocrx_word' id='word_1_795' title='bbox 3701 4433 3889 4535; x_wconf 32' lang='lat' dir='ltr'>tresii&#39;lil</span> 
     </span>
    </p>
   </div>
   <div class='ocr_carea' id='block_1_105' title="bbox 2297 4522 3887 4608">
    <p class='ocr_par' dir='ltr' id='par_1_105' title="bbox 2297 4522 3887 4608">
     <span class='ocr_line' id='line_1_106' title="bbox 2297 4522 3887 4608; baseline -0.004 -17"><span class='ocrx_word' id='word_1_796' title='bbox 2297 4538 2446 4607; x_wconf 83' lang='lat' dir='ltr'>ejus,</span> <span class='ocrx_word' id='word_1_797' title='bbox 2479 4541 2534 4590; x_wconf 90' lang='lat' dir='ltr'>et</span> <span class='ocrx_word' id='word_1_798' title='bbox 2566 4535 2822 4608; x_wconf 89' lang='lat' dir='ltr'>armiger</span> <span class='ocrx_word' id='word_1_799' title='bbox 2852 4535 3030 4600; x_wconf 90' lang='lat' dir='ltr'>illius,</span> <span class='ocrx_word' id='word_1_800' title='bbox 3063 4538 3120 4590; x_wconf 91' lang='lat' dir='ltr'>et</span> <span class='ocrx_word' id='word_1_801' title='bbox 3150 4534 3404 4590; x_wconf 89' lang='lat' dir='ltr'>universi</span> <span class='ocrx_word' id='word_1_802' title='bbox 3455 4535 3562 4589; x_wconf 88' lang='lat' dir='ltr'>viri</span> <span class='ocrx_word' id='word_1_803' title='bbox 3594 4534 3728 4605; x_wconf 82' lang='lat' dir='ltr'>ejus.</span> <span class='ocrx_word' id='word_1_804' title='bbox 3760 4553 3778 4576; x_wconf 75' lang='grc' dir='ltr'>ι</span> <span class='ocrx_word' id='word_1_805' title='bbox 3805 4522 3887 4577; x_wconf 73' lang='lat' dir='ltr'>Viri</span> 
     </span>
    </p>
   </div>
   <div class='ocr_carea' id='block_1_106' title="bbox 2297 4616 3888 4696">
    <p class='ocr_par' dir='ltr' id='par_1_106' title="bbox 2297 4616 3888 4696">
     <span class='ocr_line' id='line_1_107' title="bbox 2297 4616 3888 4696; baseline -0.009 -16"><span class='ocrx_word' id='word_1_806' title='bbox 2297 4625 2416 4690; x_wconf 88' lang='lat' dir='ltr'>isti,</span> <span class='ocrx_word' id='word_1_807' title='bbox 2452 4625 2613 4696; x_wconf 88' lang='lat' dir='ltr'>pueri</span> <span class='ocrx_word' id='word_1_808' title='bbox 2648 4623 2956 4680; x_wconf 88' lang='lat' dir='ltr'>domestici</span> <span class='ocrx_word' id='word_1_809' title='bbox 2988 4625 3117 4693; x_wconf 87' lang='lat' dir='ltr'>ejus</span> <span class='ocrx_word' id='word_1_810' title='bbox 3145 4623 3518 4695; x_wconf 89' lang='lat' dir='ltr'>intelligendi</span> <span class='ocrx_word' id='word_1_811' title='bbox 3549 4625 3698 4679; x_wconf 89' lang='lat' dir='ltr'>sunt.</span> <span class='ocrx_word' id='word_1_812' title='bbox 3728 4616 3785 4674; x_wconf 78' lang='lat' dir='ltr'>Ili</span> <span class='ocrx_word' id='word_1_813' title='bbox 3807 4618 3888 4668; x_wconf 76' lang='lat' dir='ltr'>tres</span> 
     </span>
    </p>
   </div>
   <div class='ocr_carea' id='block_1_107' title="bbox 2299 4705 3883 4779">
    <p class='ocr_par' dir='ltr' id='par_1_107' title="bbox 2299 4705 3883 4779">
     <span class='ocr_line' id='line_1_108' title="bbox 2299 4705 3883 4779; baseline -0.009 -11"><span class='ocrx_word' id='word_1_814' title='bbox 2299 4714 2400 4768; x_wconf 84' lang='lat' dir='ltr'>lilii</span> <span class='ocrx_word' id='word_1_815' title='bbox 2436 4714 2574 4769; x_wconf 89' lang='lat' dir='ltr'>Saul</span> <span class='ocrx_word' id='word_1_816' title='bbox 2607 4731 2740 4768; x_wconf 90' lang='lat' dir='ltr'>cum</span> <span class='ocrx_word' id='word_1_817' title='bbox 2774 4731 2840 4768; x_wconf 91' lang='lat' dir='ltr'>eo</span> <span class='ocrx_word' id='word_1_818' title='bbox 2871 4713 3160 4768; x_wconf 88' lang='lat' dir='ltr'>interfecti</span> <span class='ocrx_word' id='word_1_819' title='bbox 3200 4715 3360 4779; x_wconf 90' lang='lat' dir='ltr'>sunt,</span> <span class='ocrx_word' id='word_1_820' title='bbox 3390 4712 3702 4774; x_wconf 86' lang='lat' dir='ltr'>Jonathan,</span> <span class='ocrx_word' id='word_1_821' title='bbox 3728 4705 3883 4762; x_wconf 77' lang='lat' dir='ltr'>Abina-</span> 
     </span>
    </p>
   </div>
   <div class='ocr_carea' id='block_1_108' title="bbox 2297 4796 3882 4874">
    <p class='ocr_par' dir='ltr' id='par_1_108' title="bbox 2297 4796 3882 4874">
     <span class='ocr_line' id='line_1_109' title="bbox 2297 4796 3882 4874; baseline -0.011 -15"><span class='ocrx_word' id='word_1_822' title='bbox 2297 4803 2431 4870; x_wconf 90' lang='lat' dir='ltr'>dab,</span> <span class='ocrx_word' id='word_1_823' title='bbox 2466 4802 2565 4874; x_wconf 92' lang='lat' dir='ltr'>qui</span> <span class='ocrx_word' id='word_1_824' title='bbox 2599 4807 2657 4858; x_wconf 90' lang='lat' dir='ltr'>et</span> <span class='ocrx_word' id='word_1_825' title='bbox 2683 4801 2864 4871; x_wconf 90' lang='lat' dir='ltr'>Jesui,</span> <span class='ocrx_word' id='word_1_826' title='bbox 2923 4805 2979 4856; x_wconf 91' lang='lat' dir='ltr'>et</span> <span class='ocrx_word' id='word_1_827' title='bbox 3034 4800 3373 4856; x_wconf 90' lang='lat' dir='ltr'>Melchisua.</span> <span class='ocrx_word' id='word_1_828' title='bbox 3444 4797 3699 4856; x_wconf 86' lang='lat' dir='ltr'>Isbosetb</span> <span class='ocrx_word' id='word_1_829' title='bbox 3745 4796 3882 4850; x_wconf 83' lang='lat' dir='ltr'>autem</span> 
     </span>
    </p>
   </div>
   <div class='ocr_carea' id='block_1_109' title="bbox 2295 4883 3881 4962">
    <p class='ocr_par' dir='ltr' id='par_1_109' title="bbox 2295 4883 3881 4962">
     <span class='ocr_line' id='line_1_110' title="bbox 2295 4883 3881 4962; baseline -0.004 -15"><span class='ocrx_word' id='word_1_830' title='bbox 2295 4891 2455 4947; x_wconf 92' lang='lat' dir='ltr'>domi</span> <span class='ocrx_word' id='word_1_831' title='bbox 2485 4895 2626 4957; x_wconf 90' lang='lat' dir='ltr'>erat,</span> <span class='ocrx_word' id='word_1_832' title='bbox 2664 4891 2787 4962; x_wconf 87' lang='lat' dir='ltr'>qui,</span> <span class='ocrx_word' id='word_1_833' title='bbox 2821 4906 2974 4944; x_wconf 91' lang='lat' dir='ltr'>anno</span> <span class='ocrx_word' id='word_1_834' title='bbox 3007 4906 3122 4960; x_wconf 91' lang='lat' dir='ltr'>quo</span> <span class='ocrx_word' id='word_1_835' title='bbox 3153 4887 3292 4946; x_wconf 89' lang='lat' dir='ltr'>Saul</span> <span class='ocrx_word' id='word_1_836' title='bbox 3325 4903 3425 4944; x_wconf 80' lang='lat' dir='ltr'>rex</span> <span class='ocrx_word' id='word_1_837' title='bbox 3455 4888 3788 4944; x_wconf 89' lang='lat' dir='ltr'>constitutus</span> <span class='ocrx_word' id='word_1_838' title='bbox 3810 4883 3881 4941; x_wconf 45' lang='lat' dir='ltr'>est.</span> 
     </span>
    </p>
   </div>
   <div class='ocr_carea' id='block_1_110' title="bbox 2295 5101 3882 5187">
    <p class='ocr_par' dir='ltr' id='par_1_110' title="bbox 2295 5101 3882 5187">
     <span class='ocr_line' id='line_1_111' title="bbox 2295 5101 3882 5187; baseline -0.005 -17"><span class='ocrx_word' id='word_1_839' title='bbox 2295 5115 2576 5187; x_wconf 85' lang='lat' dir='ltr'>optimam</span> <span class='ocrx_word' id='word_1_840' title='bbox 2608 5129 2736 5169; x_wconf 91' lang='lat' dir='ltr'>esse</span> <span class='ocrx_word' id='word_1_841' title='bbox 2774 5116 2847 5187; x_wconf 26' lang='lat' dir='ltr'>et‘</span> <span class='ocrx_word' id='word_1_842' title='bbox 2886 5111 3025 5187; x_wconf 77' lang='lat' dir='ltr'>fonti</span> <span class='ocrx_word' id='word_1_843' title='bbox 3074 5111 3322 5187; x_wconf 65' lang='lat' dir='ltr'>Hebraeo</span> <span class='ocrx_word' id='word_1_844' title='bbox 3355 5111 3736 5187; x_wconf 59' lang='lat' dir='ltr'>&quot;(uapiggeru</span> <span class='ocrx_word' id='word_1_845' title='bbox 3756 5101 3882 5187; x_wconf 37' lang='lat'>91.8.99</span> 
     </span>
    </p>
   </div>
   <div class='ocr_carea' id='block_1_111' title="bbox 2293 5177 3880 5254">
    <p class='ocr_par' dir='ltr' id='par_1_111' title="bbox 2293 5177 3880 5254">
     <span class='ocr_line' id='line_1_112' title="bbox 2293 5177 3880 5254; baseline -0.009 -12"><span class='ocrx_word' id='word_1_846' title='bbox 2293 5177 2776 5242; x_wconf 76' lang='lat' dir='ltr'>consentientem.</span> <span class='ocrx_word' id='word_1_847' title='bbox 2810 5182 3089 5239; x_wconf 88' lang='lat' dir='ltr'>Consulat</span> <span class='ocrx_word' id='word_1_848' title='bbox 3145 5181 3243 5254; x_wconf 90' lang='lat' dir='ltr'>qui</span> <span class='ocrx_word' id='word_1_849' title='bbox 3301 5177 3553 5237; x_wconf 76' lang='lat' dir='ltr'>voluerit</span> <span class='ocrx_word' id='word_1_850' title='bbox 3583 5177 3880 5236; x_wconf 71' lang='lat' dir='ltr'>observatio-</span> 
     </span>
    </p>
   </div>
   <div class='ocr_carea' id='block_1_112' title="bbox 2297 5261 2683 5315">
    <p class='ocr_par' dir='ltr' id='par_1_112' title="bbox 2297 5261 2683 5315">
     <span class='ocr_line' id='line_1_113' title="bbox 2297 5261 2683 5315; baseline -0.005 -2"><span class='ocrx_word' id='word_1_851' title='bbox 2297 5276 2398 5315; x_wconf 89' lang='lat' dir='ltr'>nes</span> <span class='ocrx_word' id='word_1_852' title='bbox 2431 5261 2683 5314; x_wconf 85' lang='lat' dir='ltr'>nostras.</span> 
     </span>
    </p>
   </div>
   <div class='ocr_carea' id='block_1_113' title="bbox 2328 5374 3878 5481">
    <p class='ocr_par' dir='ltr' id='par_1_113' title="bbox 2328 5394 3878 5481">
     <span class='ocr_line' id='line_1_114' title="bbox 2328 5394 3878 5481; baseline -0.005 -16"><span class='ocrx_word' id='word_1_853' title='bbox 2328 5412 2392 5465; x_wconf 78' lang='lat' dir='ltr'>ui</span> <span class='ocrx_word' id='word_1_854' title='bbox 2420 5413 2479 5464; x_wconf 74' lang='lat' dir='ltr'>in</span> <span class='ocrx_word' id='word_1_855' title='bbox 2505 5411 2738 5481; x_wconf 79' lang='lat' dir='ltr'>peccatis</span> <span class='ocrx_word' id='word_1_856' title='bbox 2793 5415 3056 5481; x_wconf 54' lang='lat' dir='ltr'>mortuus</span> <span class='ocrx_word' id='word_1_857' title='bbox 3097 5409 3233 5473; x_wconf 81' lang='lat' dir='ltr'>erat,</span> <span class='ocrx_word' id='word_1_858' title='bbox 3272 5413 3333 5481; x_wconf 76' lang='lat' dir='ltr'>et</span> <span class='ocrx_word' id='word_1_859' title='bbox 3380 5405 3575 5461; x_wconf 81' lang='lat' dir='ltr'>relicto</span> <span class='ocrx_word' id='word_1_860' title='bbox 3605 5403 3722 5469; x_wconf 82' lang='lat' dir='ltr'>Deo,</span> 
     </span>
    </p>
   </div>
   <div class='ocr_carea' id='block_1_114' title="bbox 2295 5469 3875 5610">
    <p class='ocr_par' dir='ltr' id='par_1_114' title="bbox 2295 5469 3875 5610">
     <span class='ocr_line' id='line_1_115' title="bbox 2295 5469 3875 5610; baseline 0.001 -74"><span class='ocrx_word' id='word_1_861' title='bbox 2295 5469 2468 5610; x_wconf 49' lang='lat' dir='ltr'>legem</span> <span class='ocrx_word' id='word_1_862' title='bbox 2505 5469 2815 5552; x_wconf 53' lang='lat' dir='ltr'>&#39;Pythonem</span> <span class='ocrx_word' id='word_1_863' title='bbox 2867 5469 3228 5548; x_wconf 51' lang='lat' dir='ltr'>consulebat,</span> <span class='ocrx_word' id='word_1_864' title='bbox 3253 5477 3423 5549; x_wconf 76' lang='lat' dir='ltr'>juxta</span> <span class='ocrx_word' id='word_1_865' title='bbox 3481 5491 3593 5532; x_wconf 75' lang='lat' dir='ltr'>esse</span> <span class='ocrx_word' id='word_1_866' title='bbox 3623 5469 3875 5538; x_wconf 52' lang='lat' dir='ltr'>mani/9’“</span> 
     </span>
     <span class='ocr_line' id='line_1_116' title="bbox 2295 5568 2464 5610; baseline -0.006 -2"><span class='ocrx_word' id='word_1_867' title='bbox 2295 5568 2353 5610; x_wconf 87' lang='lat' dir='ltr'>re</span> <span class='ocrx_word' id='word_1_868' title='bbox 2375 5569 2464 5608; x_wconf 79' lang='lat' dir='ltr'>ur.</span> 
     </span>
    </p>
   </div>
  </div>
