4084 6176
255 322 414 384 “09
1221 326 1522 397 QUAEST.
1571 323 1949 388 HEBIIAIC'.‘
1979 326 2059 387 IN
2103 321 2250 387 LIB.
2297 325 2349 388 II
2395 324 2691 388 REGUM.
3493 327 3660 394 MM

250 458 429 510 natus
454 454 637 511 fuisse
663 455 900 533 dicitur,
933 457 1034 529 qui
1059 458 1230 514 etiam
1283 459 1674 531 quadraginta
1715 476 1902 515 anno-
1931 470 1984 532 Λ
2015 459 2252 527 dicitur,
2278 460 2416 530 quia
2436 459 2679 531 aequalis
2718 460 2912 516 meriti
2950 460 3131 517 fuisse
3161 461 3264 516 filii
3315 463 3419 533 [AL
3473 463 3651 533 filius]

250 559 386 598 rum
442 544 624 601 fuisse
670 545 906 616 legitur,
958 564 1090 602 cum
1139 563 1381 620 regnare
1407 548 1672 620 coepisset
1704 567 1716 604 :
1749 549 1904 603 unde
2015 566 2150 604 cum
2200 553 2366 620 patre
2404 554 2808 604 memorantur
2866 550 2974 620 [Al,
3009 555 3407 624 memoratur].
3439 554 3655 610 Abina—

248 632 549 705 colligitur
578 635 716 691 Saul
756 637 1146 708 quadraginta
1176 655 1360 693 annos
1405 654 1700 708 regnasse.
1735 641 1902 702 Quae-
2015 640 2131 693 dab
2160 639 2579 710 interpretantur
2602 649 2760 710 pater
2778 656 2932 695 meus
2960 650 3163 711 sponte.
3193 642 3407 713 Sponte
3437 644 3658 699 etenim

251 723 503 777 rendum
534 739 641 778 cur
669 723 809 779 alibi
831 723 1044 796 legitur
1073 726 1258 796 Jesui,
1292 730 1348 780 ct
1378 725 1517 780 alibi
1545 726 1847 781 Abinadab
1877 727 1905 781 ‘I
2015 745 2124 783 sua
2149 732 2312 799 pater
2340 729 2468 798 ejus
2487 729 2623 783 Saul
2657 729 2808 784 male
2837 731 3062 800 agendo
3095 731 3422 802 acquisivit,
3473 737 3539 788 ut
3568 739 3655 789 tu-

247 810 414 866 Jesui
472 812 629 868 enim
679 813 1097 886 interpretatur
1143 816 1391 887 aequalis.
1439 815 1698 886 quualis
1743 814 1895 871 ideo-
2011 816 2147 872 liter
2175 833 2292 871 una
2323 833 2455 872 cum
2489 816 2624 872 filiis
2656 819 3037 889 perimeretur
3066 821 3164 891 (τι).

323 992 404 1059 (α)
437 990 498 1046 In
531 991 800 1047 Ambros.
837 1009 948 1048 ms.
977 1011 989 1048 ε
1027 994 1346 1065 Expliciwzt
1378 995 1713 1061 Quaestiones
1743 993 2011 1048 hebra—ica:
2039 993 2104 1049 de
2127 994 2286 1049 libr-is
2316 995 2628 1050 Malae/lim.

1279 1399 1393 1484 IN
1454 1398 1889 1487 LIBRUM
1943 1400 2021 1482 II
2082 1399 2489 1486 REGUM
2538 1392 2632 1505 <1".

1748 1611 2159 1625 —

327 1783 487 1852 (Cap.
523 1781 563 1835 Ι.
611 1782 852 1834 —Vers.
902 1780 1002 1851 2.).
1065 1802 1092 1828 «
1146 1780 1210 1834 In
1271 1781 1287 1814 ι
1347 1780 1440 1835 die
1487 1784 1684 1836 autem
1731 1781 1904 1836 tertia
1932 1782 2111 1856 Bgis,
2146 1797 2308 1852 quam
2344 1781 2543 1851 offerre
2599 1782 2817 1853 adipem
2873 1785 3117 1838 arietum
3150 1787 3450 1856 :qaoniam
3503 1802 3664 1857 quasi

254 1869 531 1943 apparuit
560 1868 735 1924 homo
763 1867 1002 1924 veniens
1039 1869 1109 1924 de
1138 1869 1346 1924 castris
1374 1869 1512 1924 Saul
1541 1875 1650 1939 n,et
1680 1870 1906 1942 reliqua
2013 1879 2294 1941 peccatum
2323 1870 2641 1924 hariolandi
2681 1880 2760 1925 est
2811 1888 3139 1943 repugnare,
3182 1881 3233 1928 et
3281 1876 3442 1945 quasi
3487 1875 3664 1930 scelus

254 1959 569 2016 Hominem
601 1959 781 2014 istum
813 1957 1190 2014 Amalecitem
1222 1959 1442 2014 Hebraei
1485 1959 1668 2014 filium
1719 1959 1904 2016 Doech
2015 1960 2345 2014 idololatriae
2375 1960 2520 2014 nolle
2551 1961 2894 2030 acquiescere
2913 1964 2961 2030 (l
2987 1964 3119 2032 Reg.
3151 1979 3243 2030 xv,
3276 1966 3365 2032 22,
3398 1964 3511 2034 23),

254 2048 443 2103 fuisse
475 2047 700 2102 dicunt.
733 2045 1080 2102 Amalecites
1111 2047 1267 2102 enim
1301 2051 1357 2102 et
1388 2047 1679 2102 Idumaeos
1723 2064 1908 2104 unum
2089 2048 2273 2119 (Vers.
2305 2048 2422 2118 24.)
2461 2071 2480 2097 ι
2518 2047 2674 2103 Filiae
2707 2048 2906 2118 Israel,
2943 2067 3120 2121 super
3163 2051 3296 2106 Saul
3351 2053 3506 2120 ﬂete,
3565 2050 3670 2122 qui

255 2141 369 2206 est,
421 2136 560 2208 quia
607 2135 764 2191 filius
812 2135 1235 2207 primogenitus
1284 2137 1437 2191 Esau
1494 2136 1726 2209 Eliphaz
1776 2136 1910 2205 fuit,
2016 2137 2301 2192 vestiebat
2333 2137 2566 2192 coccino
2600 2137 2657 2191 in
2689 2137 2933 2205 deliciis,
2994 2139 3092 2210 qui
3153 2140 3449 2210 prabebat
3486 2157 3667 2196 orna-

255 2231 314 2282 et
344 2225 524 2296 hujus
551 2224 706 2280 filius
737 2224 1279 2280 Amalec.Diadema
1299 2228 1496 2280 autem
1529 2230 1586 2280 et
1614 2224 1907 2280 armillam
2018 2229 2214 2280 menta
2243 2242 2421 2280 aurea
2450 2223 2632 2280 cultui
2666 2231 2914 2281 vestro.»
2949 2227 3248 2283 Vestiebat
3276 2244 3374 2283 eas
3405 2229 3663 2294 coccino,

257 2332 387 2388 quae
413 2313 593 2369 David
625 2312 855 2379 detulit,
879 2331 912 2370 a
941 2318 1104 2386 patre
1134 2313 1323 2370 Doech
1356 2315 1764 2370 commendata
1795 2314 1907 2370 sibi
2018 2319 2075 2369 et
2105 2315 2398 2386 praebebat
2427 2319 2774 2370 ornamenta
2797 2331 2974 2370 aurea
2995 2314 3177 2371 cultui
3200 2332 3402 2372 earum
3434 2317 3505 2372 de
3532 2334 3668 2389 prie-

259 2403 441 2459 fuisse
473 2402 692 2459 Hebraei
724 2402 1052 2474 perhibent.
2018 2403 2109 2458 dis
2139 2403 2400 2458 hostium
2435 2419 2552 2474 qua
2581 2404 2811 2476 agebat.

330 2493 514 2565 (Vers.
548 2491 659 2563 l2.)
693 2514 721 2542 ‹‹
754 2493 823 2548 Et
851 2491 1221 2563 planxerunt,
1273 2497 1330 2548 et
1371 2493 1672 2561 ﬂeverunt,
1720 2498 1778 2549 et
1813 2494 1907 2564 je-
2089 2493 2270 2564 (Vers.
2302 2495 2419 2560 25.)
2450 2517 2476 2541 ‹‹
2511 2493 2812 2556 Quomodo
2845 2493 3182 2550 ceciderunt
3214 2495 3389 2551 fortes
3423 2495 3483 2550 in
3520 2512 3664 2568 prea-

250 2583 612 2653 junaverunt
642 2596 830 2652 usque
860 2582 933 2636 ad
962 2597 1262 2653 vesperam
1295 2599 1472 2654 super
1501 2582 1712 2638 Saulet
1732 2600 1911 2656 super
2018 2580 2095 2636 lio
2126 2582 2153 2636 ?
2180 2605 2200 2629 η
2238 2581 2687 2652 Subauditur,in
2720 2586 2955 2654 peccato
2985 2587 3141 2638 tuo.«
3164 2583 3456 2640 Jonathan
3480 2585 3538 2638 in
3565 2600 3664 2640 ex-

254 2671 552 2728 Jonathan
579 2670 767 2726 filium
789 2672 939 2742 ejus,
973 2675 1030 2726 et
1065 2688 1243 2742 super
1275 2671 1555 2744 populum
1592 2673 1910 2740 Domini,et
2018 2669 2191 2725 celsis
2222 2670 2342 2725 tuis
2371 2670 2601 2726 occisus
2633 2675 2739 2726 est.
2775 2693 2802 2721 ››
2841 2671 2903 2726 In
2944 2671 3180 2728 Hebraeo
3225 2690 3338 2728 non
3387 2673 3660 2741 habetur,

258 2777 441 2832 super
469 2761 711 2816 domum
743 2759 940 2815 Israel.
981 2783 1007 2810 ››
1058 2761 1348 2832 Populum
1405 2761 1656 2832 Domini,
1719 2779 1908 2817 sacer-
2018 2763 2124 2814 est.
2162 2759 2262 2814 Est
2291 2759 2446 2814 enim
2482 2776 2693 2815 sensus
2728 2778 2740 2814 :
2775 2761 2818 2814 0
2849 2760 3009 2830 Saul,
3041 2761 3334 2817 Jonathan
3385 2763 3444 2817 in
3475 2762 3663 2818 excel-

259 2850 447 2916 dotes,
479 2853 536 2904 et
561 2848 803 2904 domum
834 2849 1012 2904 Israel
1043 2849 1393 2921 generaliter
1439 2867 1672 2907 omnem
1727 2868 1907 2923 popu-
2019 2849 2102 2904 sis
2131 2849 2272 2915 tuis,
2305 2847 2358 2902 id
2394 2853 2484 2903 est
2513 2848 2570 2903 in
2604 2853 2836 2920 peccato
2879 2850 3282 2906 inobedientise
3323 2855 3454 2922 tuae,
3507 2852 3662 2906 occi-

262 2937 389 2993 lum
425 2938 595 2993 Israel
628 2938 788 2993 dicit.
2020 2955 2144 3001 sus,
2177 2937 2528 2992 subauditur
2558 2941 2665 2993 est.

337 3027 525 3099 (Vers.
557 3029 670 3096 18.)
717 3050 745 3077 ››
795 3029 866 3083 Et
931 3027 1095 3100 dixit,
1155 3033 1222 3084 ut
1267 3029 1498 3084 doceret
1553 3028 1702 3085 ﬁlios
1759 3029 1910 3085 Juda
2091 3029 2249 3099 (Cap.
2284 3027 2351 3081 ll.
2383 3058 2450 3066 —-
2479 3026 2643 3083 Vers.
2675 3029 2729 3082 6.
2764 3051 2792 3078 «
2830 3029 2894 3083 Et
2924 3045 3078 3084 nunc
3109 3029 3387 3085 retribuet
3421 3029 3659 3100 quidem

269 3133 471 3173 arcum
506 3134 518 3172 :
552 3117 696 3173 Ecce
744 3118 1027 3189 scriptum
1078 3122 1164 3173 est
1213 3117 1271 3172 in
1325 3117 1471 3173 libro
1519 3118 1842 3174 Justorum.
1878 3138 1906 3167 »
1940 3164 1981 3229 Ο
2020 3116 2184 3171 vobis
2221 3115 2504 3172 Dominus
2536 3116 2994 3173 misericordiam
3023 3122 3080 3172 et
3096 3117 3460 3174 veritatem.»
3493 3119 3664 3175 Mise-

269 3210 326 3229 n1
357 3206 492 3229 ,ιι-ει.
541 3207 890 3229 ---Ι-,κηλιιη-
921 3207 1095 3229 ἹἸΑ--2,1
1157 3212 1218 3229 --ι
1255 3207 1477 3229 Δ---..-ι
1559 3208 1908 3229 ---ι----Δημμ
2021 3205 2326 3229 _2--...J.'--_
2398 3207 2451 3229 :_
2546 3207 2807 3229 _._...--__1:
2896 3205 3099 3229 -μ---1-
3215 3207 3509 3229 ----Ξι.-ι-...
3604 3209 3654 3229 :_

261 3206 517 3272 Etdixit,
539 3207 890 3262 subauditur
921 3207 1121 3277 David,
1157 3212 1221 3262 ut
1250 3207 1503 3274 doceret,
1557 3208 1910 3262 subauditur
1941 3205 1981 3229 υ
2021 3205 2331 3260 ricordiam
2398 3207 2456 3260 in
2543 3207 2810 3278 praesenti
2894 3205 3126 3274 saeculo,
3215 3207 3515 3262 veritatem
3603 3209 3663 3263 in

262 3301 439 3363 Deus,
463 3295 613 3350 filios
643 3296 796 3351 Juda
826 3313 1050 3366 arcum,
1084 3312 1248 3369 reges
1292 3295 1559 3351 videlicet
1608 3297 1760 3352 Juda
1809 3297 1910 3351 do-
2021 3295 2215 3349 futuro
2251 3313 2265 3361 ;
2295 3295 2433 3366 quia
2465 3295 2865 3350 misericordia
2893 3313 3021 3367 qua:
3052 3295 3111 3350 in
3143 3295 3413 3367 praesenti
3463 3297 3663 3352 saeculi

267 3389 426 3441 ceret
476 3385 898 3453 fortitudinem,
953 3384 1177 3441 scilicet
1227 3389 1290 3440 ut
1359 3387 1532 3440 fortes
1587 3390 1646 3439 et
1703 3384 1908 3439 intenti
2021 3383 2305 3438 tribuitur
2335 3385 2404 3439 ad
2441 3385 2939 3455 comparationem
2985 3388 3210 3440 aeterna:
3256 3384 3667 3441 misericordia

263 3474 544 3530 essentin
586 3475 795 3529 timore
825 3473 1082 3540 Domini,
1115 3479 1172 3528 et
1225 3473 1283 3527 in
1335 3473 1637 3544 praeceptis
1683 3472 1804 3540 Dei,
1839 3488 1910 3527 ne
2023 3472 2391 3527 mendacium
2418 3478 2524 3528 est.

265 3581 369 3636 per
398 3562 848 3618 inobedientiam
883 3579 1046 3635 reges
1075 3563 1229 3617 Juda
1279 3580 1312 3617 a
1356 3562 1697 3616 fortitudine
1740 3566 1797 3616 et
1839 3563 1908 3616 ti-
2093 3559 2364 3631 (Vers.8.)
2391 3584 2417 3609 ‹‹
2451 3561 2647 3616 Abner
2675 3565 2870 3616 autem
2904 3561 3060 3617 filius
3089 3563 3202 3618 Ner
3230 3563 3502 3635 princeps
3533 3580 3668 3619 exer

263 3669 427 3707 more
458 3651 713 3717 Domini,
746 3651 901 3708 sicut
933 3651 1094 3716 Saul,
1129 3651 1485 3718 recederent,
1517 3655 1576 3706 ot
1620 3667 1685 3706 co
1715 3650 1910 3715 modo,
2021 3649 2172 3703 citus
2196 3648 2352 3717 Saul,
2387 3649 2522 3703 tulit
2561 3649 2823 3705 lsboseth
2869 3650 3053 3705 filium
3106 3651 3269 3718 Saul,
3313 3655 3371 3706 et
3417 3651 3666 3706 circum-

275 3757 392 3814 quo
422 3740 547 3812 ipse
577 3740 850 3812 perierat,
883 3740 1158 3812 perirent.
1185 3740 1346 3805 Quod
1388 3743 1581 3794 autem
1615 3739 1697 3793 ait
1730 3755 1742 3792 :
1782 3740 1915 3793 Ecce
2022 3737 2186 3792 duxit
2216 3753 2348 3792 eum
2382 3754 2486 3809 per
2514 3742 2723 3794 castra.
2762 3760 2790 3787 ››
2823 3739 2885 3793 In
2922 3739 3152 3793 Hebraeo
3184 3738 3435 3794 habetur
3482 3747 3670 3794 tram-

271 3831 536 3901 scriptum
587 3837 664 3885 est
695 3830 756 3884 in
813 3829 955 3884 libro
1025 3831 1318 3896 Juslorum,
1380 3829 1523 3884 liber
1582 3829 1912 3894 Justorum,
2019 3827 2328 3882 duxile-um
2357 3827 2417 3881 in
2454 3826 2713 3894 Manaim,
2774 3841 2897 3897 quae
2953 3826 3416 3891 interpretantur
3465 3835 3664 3883 castra.

268 3919 424 3974 liber
454 3918 742 3974 Samuelis
793 3923 879 3973 est
926 3918 1021 3990 (b),
1074 3919 1171 3973 ubi
1224 3919 1598 3973 continentur
1621 3918 1911 3990 propheta:
2021 3916 2375 3970 Transduxit
2405 3915 3011 3987 eum,intelligendum
3046 3920 3135 3970 est
3165 3915 3317 3970 ultra
3347 3916 3663 3972 Jordauem

255 4008 431 4077 justi.
463 4007 695 4063 Samuel
726 4007 1137 4074 videlicet,Gad
1171 4013 1227 4064 et
1252 4007 1488 4063 Mathan
1526 4025 1537 4062 :
1575 4009 1629 4062 in
1656 4024 1910 4079 quorum
2020 4010 2076 4060 et
2109 4005 2165 4060 in
2197 4006 2446 4061 Mauaim
2479 4022 2674 4077 regem
2706 4021 2840 4060 eum
2874 4004 3270 4060 constituisse.

260 4096 414 4152 libro
445 4097 726 4168 scriptum
759 4112 886 4152 esse
917 4096 1275 4168 perhibetur,
1328 4095 1579 4168 qualiter
1634 4096 1771 4151 Saul
1825 4113 1911 4151 re-
2093 4094 2278 4166 (Vers.
2315 4096 2393 4166 9.)
2425 4119 2450 4144 ‹‹
2487 4096 2674 4166 Super
2733 4094 2947 4150 Galaad
3007 4099 3064 4149 et
3120 4111 3298 4166 super
3353 4095 3598 4152 Jessuri.
3638 4117 3668 4145 υ

258 4185 474 4241 cedens
504 4203 538 4241 a
561 4185 771 4241 timore
805 4184 1050 4252 Domini,
1086 4202 1188 4257 per
1235 4185 1694 4242 inobedientiam
1739 4203 1908 4241 suam
2022 4184 2320 4252 Hebraeus,
2351 4184 2560 4251 Assuri,
2596 4184 2652 4237 id
2685 4188 2774 4239 est
2802 4200 2979 4255 super
3007 4183 3226 4238 tribum
3258 4185 3426 4240 Aser.

256 4274 452 4347 periit.
2095 4272 2413 4345 (Vers.26,)
2449 4275 2469 4327 Ι
2504 4274 2570 4330 Et
2599 4273 2872 4329 clamavit
2897 4273 3090 4329 Abner
3127 4275 3198 4329 ad
3229 4274 3398 4341 Joab,
3431 4277 3490 4329 et
3537 4273 3618 4328 ait
3650 4289 3663 4329 :

335 4363 523 4434 (Vers.
554 4364 666 4434 19.)
732 4384 753 4411 ε(
818 4362 1019 4435 Inclyti
1077 4363 1160 4418 tui
1222 4363 1395 4419 Israel
1455 4381 1632 4436 super
1685 4369 1914 4420 montes
2026 4364 2177 4418 Num
2211 4379 2399 4435 usque
2429 4363 2500 4418 ad
2549 4363 2998 4418 internecionem
3050 4367 3187 4418 tuus
3238 4379 3440 4418 mucro
3479 4363 3662 4417 desae-

261 4458 400 4508 tuos
433 4452 716 4507 interfecti
750 4457 907 4508 sunt.
947 4475 972 4500 ››
1035 4457 1096 4507 In
1130 4453 1368 4508 Hebraeo
1426 4453 1693 4518 habetur,
1752 4469 1915 4525 super
2019 4449 2134 4504 viet
2161 4450 2188 4504 ?
2222 4473 2248 4499 ››
2281 4450 2556 4505 Hebraeus
2591 4467 2704 4503 non
2734 4449 2928 4513 habet,
2969 4454 3113 4504 tuus.
3149 4454 3229 4504 An
3269 4451 3490 4521 ignoras
3518 4450 3668 4520 quod

258 4542 475 4597 excelsa
502 4546 618 4596 tua.
643 4542 714 4596 Et
744 4545 833 4597 est
863 4557 1073 4598 sensus
1107 4558 1120 4595 :
1164 4542 1207 4597 Ο
1239 4540 1396 4610 Saul,
1448 4541 1686 4613 gloriosi
1731 4541 1907 4598 Israel
1939 4528 1986 4592 D
2013 4539 2322 4609 periculosa
2378 4539 2448 4593 sit
2485 4539 2787 4607 desperatio
2826 4538 2853 4593 ?
2886 4540 2946 4592 In
2979 4538 3218 4594 Hebraeo
3250 4537 3331 4594 ita
3369 4537 3619 4594 habetur
3649 4555 3663 4594 :

259 4647 439 4702 super
466 4629 695 4686 excelsa
726 4634 825 4685 tua
857 4631 1136 4686 interfecti
1171 4635 1328 4699 sunt,
1383 4631 1520 4702 quia
1564 4631 1622 4686 in
1676 4636 1906 4704 peccato
2019 4629 2098 4681 Αη
2129 4633 2348 4697 ignoras
2378 4627 2516 4700 quod
2546 4644 2770 4682 amarus
2822 4629 2929 4683 erit
2971 4628 3121 4696 ﬁnis.
3165 4631 3232 4682 Et
3279 4629 3369 4683 est
3415 4642 3663 4684 sensus:

254 4719 664 4774 inobedientia:
688 4723 798 4773 tua:
839 4736 956 4774 una
986 4723 1179 4774 tecum
1214 4720 1532 4792 perierunt.
1571 4720 1908 4776 Inobedien-
2016 4717 2294 4788 Nunquid
2327 4717 2562 4788 ignoras
2593 4717 2746 4787 quod
2780 4717 2850 4770 ad
2884 4715 3337 4771 amaritudinem
3378 4715 3484 4770 tibi
3534 4732 3665 4786 pro-

255 4807 338 4862 tia
369 4823 622 4880 namque
652 4811 753 4862 tua
785 4823 886 4879 pro
918 4807 1112 4876 idolis,
1148 4808 1203 4863 id
1235 4812 1324 4863 est
1353 4808 1614 4875 excelsis,
1641 4814 1905 4881 reputata
2017 4805 2224 4871 veniet,
2258 4821 2324 4858 eo
2351 4805 2505 4876 quod
2541 4803 2824 4876 populum
2859 4804 3013 4858 hunc
3043 4803 3234 4858 delere
3265 4804 3490 4858 niteris.

255 4900 366 4962 est,
402 4897 557 4952 sicut
586 4899 678 4952 est
722 4895 864 4950 illud
901 4897 958 4950 in
1011 4896 1158 4951 libro
1211 4896 1502 4952 Samuelis
1551 4917 1568 4951 :
1600 4899 1788 4953 Melior
1828 4902 1907 4954 est
2088 4895 2245 4964 (Cap.
2285 4894 2379 4948 lll.
2415 4925 2475 4933 —
2510 4894 2666 4948 Vers.
2700 4895 2779 4964 5.)
2817 4916 2836 4940 ι
2871 4894 3080 4947 Sextus
3101 4908 3334 4964 quoque
3362 4893 3668 4947 Jethraam

255 4986 410 5039 enim
431 4986 760 5055 obedientia,
792 5001 960 5055 quam
1018 4987 1256 5040 rirtimw
1291 4995 1379 5040 :et
1418 4988 1730 5042 auscultare
1778 5004 1902 5042 ma-
2015 4983 2086 5038 de
2112 4981 2247 5053 Egla
2281 5000 2455 5037 uxore
2481 4983 2682 5037 David.
2719 5005 2746 5030 ››
2796 4982 3084 5045 Ουὲἓῖίὶυῐδ
3131 4999 3235 5035 cur
3281 4981 3405 5036 alia:
3456 4997 3666 5038 uxores

331 5154 345 5187 ¹
383 5154 444 5207 In
477 5154 752 5226 omnibus
795 5153 910 5208 fere
964 5153 1263 5226 codicibus
1311 5155 1730 5226 manuscriptis
1783 5155 1904 5210 haec
2011 5154 2174 5221 2852,
2210 5152 2304 5226 qui
2339 5152 2446 5205 hac
2479 5150 2761 5206 divisione
2787 5152 2969 5205 utitur
3002 5155 3130 5221 post
3177 5167 3372 5205 vocem
3417 5152 3661 5222 perime-

259 5225 620 5295 conjunctim
679 5224 972 5295 leguntur,
1005 5231 1060 5279 et
1099 5224 1260 5279 nulla
1306 5231 1492 5280 exstat
1531 5224 1905 5296 Quintianum
2013 5233 2194 5279 retur:
2231 5225 2494 5278 Exrucrr
2526 5240 2594 5276 DE
2627 5240 2793 5277 meno
2824 5239 3186 5296 assonarent
3231 5238 3570 5296 aesomnes
3594 5240 3663 5296 DE

256 5297 648 5368 Hem-uicorum
676 5296 885 5350 divisio
919 5296 976 5350 in
1021 5296 1275 5368 primum
1335 5303 1392 5351 et
1449 5295 1774 5354 secundum
1835 5299 1902 5353 Ii-
2015 5312 2180 5368 LIBRO
2212 5310 2698 5368 secuuooiascum
2727 5309 3056 5348 CAPITULUM
3088 5311 3125 5348 1.
3160 5295 3292 5358 Qua:
3322 5295 3518 5350 omnia
3550 5295 3662 5350 mi-

255 5367 428 5422 brum
458 5367 682 5439 Regum
718 5386 730 5423 :
758 5366 1196 5424 attamen'unus
1226 5372 1314 5424 est
1337 5369 1705 5426 Colbertinus
1736 5387 1900 5428 num.
2015 5367 2189 5422 niatis
2218 5366 2424 5420 litteris
2454 5366 2747 5437 descripta
2776 5370 2930 5420 sunt.

325 5519 405 5594 (ᾳ)
434 5517 598 5594 ξε.ηο
631 5535 796 5594 meus
828 5534 937 5572 ms.
974 5519 1414 5594 inscriptionem
1448 5523 1700 5594 supplet.
1778 5593 1783 5594 γ
2011 5518 2283 5594 appellat,
2319 5535 2431 5572 non
2465 5516 2718 5594 Samueli
2755 5517 2977 5583 tribuit,
3012 5519 3110 5572 sed
3147 5518 3338 5594 ipsum
3367 5517 3660 5594 Qeneseos

324 5589 403 5665 (_b)
434 5589 1038 5665 Yeru‘sllieronymus
1069 5592 1126 5665 in
1161 5589 1372 5665 Isaiam
1405 5589 1677 5665 capficvr
1709 5593 1898 5658 initio,
2010 5589 2224 5646 librum
2249 5605 2380 5665 esse
2428 5595 2614 5663 putat,
2674 5590 2938 5662 ipsorum
2997 5597 3232 5648 secutus
3285 5590 3654 5651 Hebraeorum

253 5663 314 5720 et
339 5660 400 5718 in
433 5659 714 5719 Ezechiel.
749 5659 884 5738 Cap;
918 5677 1042 5736 VIII,
1075 5662 1234 5720 hunc
1263 5659 1502 5736 librum,
1538 5681 1714 5740 quem
1752 5666 1902 5725 Raeti
2011 5661 2386 5724 sententiam.
2428 5659 2446 5663 ’
2603 5659 2606 5660 ⁷
2697 5659 2716 5662 “
3387 5699 3390 5703 -
