4070 6166
500 305 656 368 Mil

1994 298 2416 362 APPENDIX.

3704 304 3819 366 1412

505 438 682 494 David
715 452 898 509 supra
928 438 1137 492 notatae
1167 434 1309 506 sint,
1353 438 1410 491 et
1460 452 1575 490 non
1625 434 1897 489 dicantur
1939 449 2148 489 uxores
2180 435 2232 500 Α
2263 433 2463 505 Spicas
2495 433 2670 489 tritici
2704 436 2872 507 quasi
2906 452 3084 491 causa
3113 434 3501 508 primitiarum
3535 434 3823 507 tulerunt,ut

502 526 706 595 David,
738 530 797 583 et
825 525 921 582 hic
952 524 1078 582 sola
1106 525 1246 599 Egla
1276 543 1421 581 uxor
1462 525 1694 579 dicatur
1741 522 1922 578 David
1953 522 1981 576 ‘I
2011 522 2153 593 Egla
2262 522 2541 579 honorem
2576 525 2693 596 regi
2730 525 2951 579 deferre
2982 525 3334 592 viderentur,
3374 529 3430 579 et
3473 540 3658 580 eorum
3698 524 3822 583 dolus

501 615 660 671 enim
690 614 821 688 ipsa
848 618 938 671 est
966 613 1201 681 Michol,
1235 631 1359 686 qum
1393 613 1520 668 ideo
1551 628 1697 667 uxor
1725 613 1852 681 ejus
1884 611 1979 667 hic
2028 610 2152 666 sola
2261 627 2631 685 nequaquam
2663 614 3213 685 deprehenderetur.

500 707 759 773 vocatur,
819 703 974 775 quod
1035 703 1094 758 in
1152 701 1544 758 adolescentia
1625 700 1880 771 primum
1959 701 2149 771 ipsam

502 791 753 847 sortitus
778 792 952 846 fuerit
983 791 1041 846 in
1071 807 1334 857 uxorem,
1379 806 1505 861 quae
1539 789 1713 844 etiam
1772 792 1941 860 partu
1973 805 2145 843 occu-

501 880 708 937 buisse
729 879 963 936 dicitur.
996 879 1137 952 Egla
1166 879 1363 951 itaque
1396 878 1814 949 interpretatur
1843 877 2039 932 vitula.

571 987 758 1059 (Vers,
788 987 862 1054 8.)
892 1009 918 1037 »
954 985 1232 1057 Nunquid
1266 988 1446 1057 caput
1473 985 1637 1040 canis
1693 1000 1798 1055 ego
1863 1000 1991 1039 sum
2045 984 2144 1037 ad-

497 1091 705 1132 versus
758 1076 973 1131 Judam
1004 1075 1032 1129 ?
1067 1098 1087 1123 ι
1144 1076 1224 1129 Ac
1282 1074 1331 1129 si
1388 1074 1606 1130 diceret
1640 1091 1652 1128 :
1684 1077 1928 1145 Propter
1983 1077 2040 1127 te
2092 1076 2148 1127 et

495 1169 738 1237 propter
766 1165 1007 1219 domum
1042 1162 1224 1235 patris
1255 1162 1340 1217 tui
1370 1161 1534 1217 dicor
1579 1166 1757 1233 caput
1805 1162 1971 1216 canis
2018 1177 2147 1216 esse

493 1256 696 1307 contra
723 1252 958 1319 Judam,
991 1268 1056 1307 eo
1087 1251 1242 1323 quod
1277 1268 1391 1306 non
1442 1251 1717 1306 reducam
1768 1250 2009 1305 domum
2062 1251 2145 1304 ls-

496 1340 614 1395 rael
656 1341 724 1395 ad
776 1340 956 1396 David
1011 1343 1124 1411 due
1166 1339 1285 1395 scio
1331 1344 1574 1395 unctum
1634 1355 1761 1394 esse
1818 1354 2036 1410 regem,
2090 1342 2147 1392 et

494 1431 874 1501 regnaturum
907 1444 1084 1499 super
1114 1428 1450 1483 universum
1514 1427 1710 1483 Israel.
1745 1430 1932 1500 Caput
1980 1426 2145 1482 canis

492 1533 554 1572 se
584 1517 727 1572 dicit
756 1534 905 1585 esse,
936 1517 993 1572 id
1027 1522 1117 1572 est
1144 1516 1340 1583 vilem,
1374 1533 1439 1571 eo
1475 1517 1630 1589 quod
1682 1534 1716 1571 a
1771 1517 1945 1572 domo
1991 1516 2147 1571 Juda

491 1606 576 1662 sic
606 1606 927 1662 haberetur
986 1606 1141 1662 sicut
1200 1605 1448 1661 latratus
1504 1605 1717 1660 canis:
1755 1609 1808 1659 et
1867 1622 1932 1659 eo
1991 1606 2144 1676 quod

414 1698 417 1703 λ
490 1695 764 1767 princeps
794 1698 948 1750 esset
989 1711 1223 1765 canum,
1260 1694 1315 1749 id
1347 1699 1435 1750 est
1466 1694 1781 1750 stultorum
1815 1694 2142 1749 hominum.

562 1784 747 1854 (Vers.
781 1784 897 1853 l3.)
929 1808 954 1832 ‹‹
988 1783 1096 1838 Sed
1131 1800 1306 1838 unam
1343 1799 1464 1838 rem
1509 1792 1639 1856 pelo
1689 1801 1722 1837 a
1771 1788 1846 1853 te,
1899 1784 2139 1838 dicens:
2178 1805 2223 1868 Β

489 1872 615 1928 Non
646 1872 868 1928 videbis
903 1873 1105 1927 faciem
1141 1889 1330 1927 meam
1366 1877 1680 1943 antequam
1713 1871 2144 1927 adduxerisMi-

495 1961 626 2039 chol
659 1960 838 2017 ﬁliam
871 1960 1031 2027 Saul,
1063 1965 1119 2016 et
1148 1960 1231 2016 sic
1288 1960 1506 2027 venies,
1567 1965 1624 2015 et
1683 1960 1908 2015 videbis
1966 1977 2078 2015 me.
2117 1983 2137 2009 ι

492 2052 594 2106 Est
648 2050 804 2106 enim
851 2050 946 2105 hic
977 2050 1260 2115 defectus,
1296 2053 1352 2104 et
1399 2050 1729 2103 necessaria
1781 2048 2140 2114 subauditio,

489 2155 608 2211 qua
636 2139 1011 2211 respondisse
1044 2140 1228 2194 fertur
1259 2139 1446 2193 Abner
1475 2139 1545 2192 ad
1608 2138 1806 2203 David,
1874 2155 1935 2192 se
1994 2138 2143 2192 hanc

491 2244 613 2284 rem
645 2228 878 2300 penitus
912 2244 1025 2282 non
1056 2243 1228 2299 posse
1261 2226 1468 2282 facere.
1521 2232 1586 2281 ut
1630 2226 1679 2281 ei
1729 2225 1935 2280 Michol
1970 2226 2140 2280 redu-

489 2321 665 2382 ceret,
698 2333 765 2373 eo
797 2317 951 2388 quod
986 2316 1163 2371 frater
1193 2316 1321 2386 ejus
1353 2331 1452 2370 rex
1483 2332 1610 2371 eam
1661 2314 1901 2370 haberet
1949 2314 2005 2369 in
2038 2331 2143 2385 po-

488 2408 701 2462 testate
733 2422 747 2460 :
779 2409 835 2461 et
864 2422 1148 2478 responso
1181 2404 1580 2460 excusationis
1610 2403 1837 2459 ratione
1866 2404 2036 2475 pleno
2069 2406 2141 2458 ab

487 2510 554 2550 eo
589 2494 764 2550 David
796 2499 1030 2567 accepto
1063 2493 1298 2550 misisse
1331 2510 1433 2565 pro
1487 2509 1555 2548 ea
1601 2493 1672 2547 ad
1732 2494 1860 2563 ejus
1904 2495 2141 2547 fratrem

489 2583 755 2640 Isboseth
787 2582 1017 2655 legitur.
1053 2583 1207 2639 sicut
1237 2582 1542 2654 sequentia
1572 2581 1889 2638 declarant.

560 2672 746 2743 (Vers.
780 2672 893 2744 Μ.)
926 2696 953 2723 ‹‹
988 2672 1141 2728 Misit
1171 2677 1366 2728 autem
1401 2673 1582 2728 David
1606 2673 1846 2727 nuntios
1878 2673 1947 2727 ad
1986 2672 2140 2727 lsbo-

489 2761 615 2816 seth
658 2761 845 2816 ﬁlium
906 2761 1064 2827 Saul,
1123 2761 1364 2817 dicens:
1402 2761 1596 2817 Redde
1653 2777 1892 2816 uxorem
1951 2777 2139 2816 meam

500 2849 735 2917 Michol,
768 2867 947 2922 quam
995 2850 1281 2922 despondi
1340 2849 1484 2905 mihi
1545 2854 1776 2905 centurr
1840 2849 2141 2921 prmputiis

488 2938 829 2995 Pbilistiim.
869 2962 895 2987 ››

559 3027 744 3099 (Vers.
775 3028 890 3099 33.)
923 3049 951 3076 «
985 3026 1398 3099 Plangensquc
1431 3044 1525 3081 rrx
1557 3031 1615 3082 et
1666 3025 1876 3098 lugens
1923 3026 2136 3094 Abner,

489 3115 611 3170 ait:
646 3116 1053 3188 Nequaquam,
1088 3120 1152 3170 ut
1181 3116 1325 3171 mori
1356 3115 1543 3171 solent
1574 3116 1787 3187 ignavi,
1841 3122 2131 3182 mortuus,

487 3205 687 3259 Abner
721 3221 733 3259 :
767 3227 795 3254 ››
830 3204 940 3259 hoc
972 3212 1054 3259 est
1089 3220 1198 3258 non
1235 3204 1455 3274 periisti
1488 3204 1545 3258 in
1578 3202 1825 3259 stultitia
1854 3203 2136 3269 tua,sicut

489 3292 684 3365 ignavi
717 3293 903 3364 perire
934 3292 1123 3349 solent
1155 3310 1167 3347 :
1199 3292 1337 3365 quia
1368 3292 1568 3347 fraude
1598 3294 1874 3364 deceptus
1905 3308 1987 3347 es.

558 3380 744 3453 (Vers.
774 3382 864 3437 34.
902 3404 930 3429 ››
962 3381 1171 3436 Manus
1204 3384 1316 3436 tua:
1348 3397 1459 3436 non
1485 3386 1623 3436 sunt
1652 3380 1929 3452 ligatze,et
1962 3379 2137 3451 pedes

500 3470 588 3525 tui
619 3487 735 3525 non
768 3475 906 3525 sunt
936 3469 1315 3541 compedibus
1349 3469 1667 3541 aggravati.
1705 3492 1731 3518 ››
1763 3470 1885 3525 Non
1919 3486 1980 3524 es
2003 3469 2140 3539 jure

487 3558 624 3615 belli
657 3562 884 3631 captus,
909 3563 965 3614 et
1015 3575 1224 3613 manus
1274 3563 1387 3613 tum
1441 3575 1554 3613 non
1617 3563 1755 3613 sunt
1808 3557 2020 3629 ligatae,
2081 3561 2139 3612 et

489 3648 665 3719 pedes
693 3647 1076 3720 compedibus
1107 3648 1425 3719 aggravati,
1477 3647 1630 3703 sicut
1676 3663 1877 3703 eorum
1923 3662 2134 3700 manus

486 3736 678 3792 solent
706 3735 899 3809 ligari,
932 3740 989 3791 et
1008 3736 1185 3808 pedes
1213 3735 1437 3802 vinciri,
1488 3737 1589 3807 qui
1640 3735 1698 3791 in
1754 3734 1948 3806 prmlio
2007 3734 2154 3806 capi-

487 3825 697 3882 solent.
730 3824 868 3881 Dolo
901 3825 1097 3896 igitur,
1128 3841 1242 3879 non
1277 3824 1499 3879 viribus
1527 3830 1865 3896 peremptus
1896 3840 1978 3879 es.

557 3914 716 3985 (Cap.
750 3913 946 3966 IV.°-—
977 3911 1137 3967 Vers.
1172 3915 1225 3966 2.
1261 3915 1282 3979 )
1313 3934 1341 3962 «
1386 3912 1511 3967 Duo
1556 3917 1750 3967 autem
1799 3911 1928 3979 viri,
1979 3912 2133 3983 prin-

488 4001 646 4073 cipes
676 4000 969 4056 latronum
1001 4005 1169 4055 erant
1200 3999 1318 4054 ﬁlio
1345 4000 1516 4055 Saul:
1553 4016 1766 4054 nomen
1810 4000 1908 4054 uni
1944 3999 2169 4056 Baana.

489 4094 547 4145 et
579 4106 789 4144 nomen
821 4088 983 4144 alteri
1019 4087 1272 4156 Rechab,
1307 4088 1409 4142 ﬁlii
1457 4088 1744 4144 Remmon
1804 4088 2133 4155 Berothitm,

488 4179 560 4234 de
593 4176 728 4233 ﬁliis
759 4177 1082 4246 Beniamin.
1120 4199 1145 4226 »
1185 4179 1301 4233 Duo
1333 4177 1436 4233 viri
1471 4177 1569 4233 isti
1628 4177 1922 4250 principes
1974 4181 2139 4232 erant

488 4283 667 4340 super
696 4265 1092 4338 expeditiones
1127 4266 1406 4322 lsboseth.
1447 4267 1674 4322 Mortuo
1731 4283 1864 4322 vero
1922 4266 2134 4333 Abner,

488 4360 553 4411 ut
586 4356 804 4412 Hebrmi
839 4356 1101 4421 tradunt,
1133 4355 1425 4411 conciliati
1457 4360 1599 4410 sunt
1627 4372 1760 4410 cum
1790 4354 2141 4426 Miphiboset

497 4450 560 4499 ut
592 4462 709 4500 una
757 4444 1152 4500 interﬁcerent
1182 4443 1532 4509 Isboseth,et
1561 4443 1830 4498 eumdem
1849 4442 2137 4514 Miphibo-

2335 719 2492 789 (Cap.
2526 718 2592 773 V.
2625 750 2693 759 —
2723 720 2886 776 Vers.
2919 723 2972 776 Δ.
3018 722 3096 789 5.)
3123 744 3151 771 ‹‹
3200 719 3379 776 Filius
3429 719 3653 792 triginta
3687 737 3821 776 anno-

2261 822 2389 860 rum
2418 811 2543 861 erat
2573 806 2749 862 David
2783 825 2913 864 cum
2946 825 3188 882 regnare
3218 809 3477 880 caapisset
3507 826 3519 863 :
3553 813 3605 862 et
3631 810 3825 880 quadra-

2257 893 2422 964 ginta
2452 896 2624 950 annis
2679 899 2964 968 regnavit.
3029 900 3087 953 In
3129 898 3354 953 Hebron
3395 898 3660 969 regnavit,
3699 915 3826 969 super

2256 982 2470 1039 Judam
2511 988 2734 1056 septem
2766 986 2938 1042 annis
2968 991 3025 1042 et
3057 1005 3155 1042 sex
3184 986 3507 1042 mensibus.
3555 986 3614 1040 In
3645 986 3823 1042 Jerusa-

2257 1070 2370 1125 lem
2396 1077 2590 1127 autem
2622 1075 2887 1145 regnavit
2914 1072 3155 1147 triginta
3186 1079 3242 1129 et
3272 1074 3461 1129 tribus
3491 1074 3652 1128 annis
3697 1091 3826 1144 super

2257 1175 2489 1214 omnem
2526 1160 2701 1216 Israel
2732 1168 2789 1217 et
2816 1163 3047 1218 Judam.
3102 1184 3129 1211 »
3180 1163 3467 1228 Quaeritur
3512 1178 3611 1216 cur
3659 1178 3752 1217 non
3788 1163 3827 1217 in

2256 1264 2491 1303 summa
2524 1250 2915 1322 quadraginta
2943 1252 3082 1307 anni
3112 1256 3168 1306 et
3198 1268 3295 1306 sex
3343 1267 3571 1306 menses
3605 1267 3829 1304 annume-

2256 1340 2458 1391 rentur
2485 1338 2512 1391 ?
2542 1339 2703 1402 Quod
2728 1340 2800 1394 ab
2831 1339 3087 1396 Hebraeis
3116 1340 3346 1395 duobus
3398 1338 3639 1395 solvitur
3671 1338 3828 1394 modis.

2256 1423 2466 1479 Dicunt
2516 1426 2670 1481 enim
2718 1428 2857 1498 quia
2905 1429 3083 1483 David
3123 1445 3223 1483 sex
3274 1429 3577 1484 mensibus
3616 1426 3829 1482 Absalom

2257 1512 2441 1567 ﬁlium
2476 1532 2650 1570 suum
2705 1517 2935 1587 fugerit,
2986 1518 3185 1573 merito
3234 1518 3471 1572 eosdem
3519 1532 3614 1570 sex
3657 1532 3829 1571 menses

2256 1618 2289 1656 a
2319 1620 2553 1659 summa
2584 1605 2742 1676 regni
2772 1605 2927 1660 illius
2959 1622 3087 1660 esse
3116 1605 3404 1661 exclusos.
3459 1604 3663 1659 Dicunt
3700 1604 3827 1658 etiam

2254 1690 2443 1760 aliter,
2478 1694 2632 1763 quod
2682 1710 2781 1749 sex
2811 1694 3110 1749 mensibus
3153 1695 3208 1750 in
3267 1694 3499 1749 Hebron
3543 1692 3703 1747 David
3729 1709 3830 1764 qua-

2256 1781 2389 1835 dam
2446 1781 2785 1837 inﬁrmitate
2832 1782 3091 1855 corporis
3152 1782 3522 1849 laboraverit,
3572 1787 3625 1837 et
3672 1781 3831 1836 idcirco

2253 1869 2489 1923 eosdem
2522 1886 2621 1925 sex
2655 1887 2884 1926 menses
2916 1889 3029 1926 non
3064 1873 3371 1944 supputari
3402 1874 3462 1927 in
3515 1887 3678 1943 regno
3720 1873 3827 1939 ejus.

2256 1956 2337 2011 Ex
2367 1973 2433 2013 eo
2479 1975 2732 2030 namque
2759 1964 3019 2032 tempore
3058 1961 3225 2015 illum
3258 1976 3536 2032 regnasse
3581 1961 3757 2015 dicunt
3792 1959 3831 2012 in

2252 2044 2506 2111 Hebron,
2539 2063 2607 2101 ex
2664 2065 2803 2119 quo,
2863 2049 3103 2105 devictis
3149 2048 3507 2113 Amalecitis,
3568 2049 3634 2103 de
3682 2047 3830 2119 spoliis

2251 2151 2452 2190 eorum
2486 2137 2647 2191 misit
2676 2138 2829 2191 dona
2860 2136 3191 2193 senioribus
3236 2138 3411 2201 Juda,
3446 2136 3536 2191 his
3567 2136 3657 2208 qui
3712 2142 3832 2189 erant

2253 2224 2311 2278 in
2342 2223 2593 2297 Hebron,
2627 2232 2682 2281 et
2712 2226 2746 2280 h
2768 2227 2811 2280 is
2847 2225 2948 2297 qui
2978 2232 3145 2282 erant
3193 2228 3250 2281 in
3284 2225 3504 2294 Bethel,
3555 2231 3608 2279 et
3650 2223 3832 2293 reliquis

2254 2313 2354 2384 qui
2386 2320 2552 2369 erant
2580 2314 2639 2369 in
2671 2314 2764 2370 his
2794 2314 2935 2370 locis
2964 2315 3019 2369 in
3068 2316 3287 2386 quibus
3336 2318 3715 2371 commoratus
3747 2312 3832 2365 fae-

2252 2405 2342 2455 rat
2371 2402 2549 2457 David
2587 2403 2709 2474 ipse
2741 2408 2797 2458 et
2826 2402 2932 2457 viri
2962 2404 3111 2475 ejus.

2322 2492 2512 2562 (Vers.
2545 2492 2636 2563 6.)
2670 2516 2697 2542 ‹‹
2734 2494 3079 2565 Dictumque
3131 2498 3216 2549 est
3270 2493 3339 2548 ad
3405 2493 3583 2547 David
3637 2492 3701 2545 ab
3737 2491 3831 2544 eis:

2252 2579 2377 2635 Non
2412 2579 2753 2651 ingrcdieris
2784 2580 2919 2651 huc,
2954 2582 3065 2636 nisi
3100 2581 3417 2637 abstuleris
3449 2598 3624 2636 czecos
3652 2583 3701 2634 et
3720 2576 3835 2632 clau-

2250 2668 2355 2723 dos
2388 2669 2646 2724 dicentes
2681 2686 2693 2723 :
2727 2669 2849 2725 Non
2884 2670 3242 2743 ingredietur
3273 2670 3451 2725 David
3485 2670 3612 2724 huc.
3655 2691 3680 2718 »
3721 2668 3780 2720 Ac
3801 2665 3833 2718 si

2250 2757 2480 2812 dicatur
2509 2759 2580 2813 ab
2617 2758 2700 2814 eis
2734 2777 2746 2814 :
2780 2760 2903 2815 Non
2939 2759 3294 2832 ingredietur
3325 2759 3445 2815 huc
3484 2757 3671 2823 David,
3701 2757 3835 2810 donec

2252 2864 2358 2902 nos
2406 2847 2541 2902 hinc
2596 2849 2842 2913 auferat,
2918 2865 3064 2920 quos
3139 2848 3397 2903 inermes
3445 2852 3505 2902 et
3580 2842 3835 2900 imbecilles

2251 2935 2406 2992 sicut
2444 2953 2623 2991 caecos
2679 2941 2735 2990 et
2792 2936 3035 2992 claudos
3092 2953 3220 2991 esse
3279 2937 3590 3001 arbitatur,
3638 2939 3690 2989 et
3729 2947 3835 3003 quos

2249 3024 2398 3080 bello
2430 3026 2997 3096 aggressurus,sicut
3026 3042 3207 3081 caecos
3237 3031 3293 3080 et
3321 3025 3566 3080 claudos
3596 3040 3651 3079 se
3679 3022 3835 3076 trium-

2250 3113 2427 3185 phatu
2439 3130 2498 3167 ru
2510 3130 2563 3167 m
2598 3119 2784 3185 putat.

2320 3202 2621 3272 (\~'ers.8.)«
2657 3203 2876 3258 Idcirco
2904 3203 3117 3259 dicitur
3139 3202 3196 3259 in
3244 3202 3554 3259 Proverbio
3583 3201 3838 3256 :Cecusel

2247 3290 2494 3347 claudus
2514 3291 2953 3347 nonintrabunt
2982 3293 3039 3347 in
3074 3292 3425 3365 templum.»
3453 3293 3514 3347 In
3540 3290 3751 3346 Hebraeo
3768 3286 3835 3341 ha-

2250 3380 2417 3434 betur
2452 3397 2464 3432 :
2503 3404 2529 3428 ‹‹
2562 3381 2758 3436 Caecus
2789 3386 2845 3437 et
2872 3382 3116 3437 claudus
3148 3399 3261 3436 non
3296 3381 3545 3436 intrabit
3587 3381 3829 3435 domum»

2246 3467 2355 3522 hoc
2387 3474 2499 3534 est,
2534 3485 2719 3523 crecus
2754 3473 2809 3523 et
2832 3468 3099 3535 claudus,
3122 3470 3482 3525 subauditur
3501 3469 3720 3524 dicunt:
3747 3464 3834 3518 Non

2248 3556 2494 3611 intrabit
2523 3557 2770 3628 quilibet
2799 3559 3035 3613 domum
3097 3575 3380 3614 caecorum
3435 3564 3493 3614 et
3547 3556 3831 3612 claudorum

2245 3645 2506 3716 quandiu
2540 3662 2725 3701 cmcus
2756 3652 2813 3701 et
2842 3647 3086 3702 claudus
3118 3648 3276 3703 intus
3309 3647 3548 3702 fuerint.

2319 3752 2503 3823 (Ιόίιι.)
2534 3775 2561 3801 ‹‹
2597 3752 2982 3823 Proposuerat
3004 3754 3157 3809 enim
3182 3754 3239 3808 in
3271 3754 3366 3809 die
3396 3754 3501 3809 illa
3528 3751 3690 3808 David
3728 3764 3832 3820 pre-

2249 3840 2431 3895 mium
2484 3839 2584 3912 qui
2637 3842 3025 3912 percussisset
3072 3841 3437 3909 Jebusmum,
3500 3846 3556 3896 et
3608 3838 3834 3909 tetigisset

2247 3930 2547 3985 domatum
2579 3929 2829 3999 ﬁstulas,
2866 3936 2923 3986 et
2953 3931 3292 3987 abstulisset
3318 3933 3565 3988 claudos
3610 3935 3661 3985 et
3700 3941 3833 3983 caecos

2247 4018 2508 4072 odientes
2535 4019 2794 4075 animam
2828 4020 3030 4075 David.
3068 4042 3088 4068 ι»
3112 4020 3172 4074 In
3204 4020 3447 4075 Hebrzeo
3478 4022 3555 4075 ita
3594 4018 3829 4073 habetur:

2247 4130 2275 4155 «
2309 4108 2377 4161 Et
2409 4106 2554 4161 dixit
2584 4107 2761 4162 David
2793 4107 2851 4163 in
2885 4109 2977 4163 die
3009 4108 3107 4163 illa
3139 4126 3151 4163 :
3186 4108 3290 4171 Qui
3323 4106 3671 4180 percusserit
3694 4103 3830 4160 Jebu-

2246 4212 2451 4262 sanum,
2485 4200 2540 4250 et
2586 4196 2843 4268 tetigerit
2890 4197 3170 4267 ﬁstulam,
3220 4201 3278 4252 et
3328 4197 3572 4254 claudos
3615 4200 3668 4251 et
3691 4206 3830 4248 cecos

2246 4283 2508 4339 odientes
2536 4284 2796 4340 animam
2826 4285 3003 4340 David
3041 4304 3054 4353 ;
3091 4306 3112 4335 ι
3158 4285 3535 4355 subauditur,
3583 4283 3682 4341 erit
3708 4281 3829 4353 prin-

2247 4388 2382 4443 ceps
2412 4377 2468 4427 et
2497 4372 2636 4439 dux,
2678 4373 2833 4428 sicut
2863 4372 3011 4429 liber
3062 4374 3550 4445 Paralipomenon
3605 4370 3831 4433 declarat,

2247 4461 2358 4515 hoc
2391 4462 2562 4516 modo
2595 4461 2796 4517 dicens
2828 4479 2840 4515 :
2877 4463 3063 4517 Omnis
3091 4464 3188 4533 qui
3212 4465 3546 4533 percusserit
3582 4461 3831 4519 le:me

491 4533 619 4589 seth
679 4532 1103 4589 constituerent
1185 4549 1377 4605 regem
1438 4537 1539 4587 :et
1585 4532 1849 4602 ejusdem
1901 4529 2136 4586 consilii

2252 4552 2309 4603 in
2333 4549 2557 4620 primis,
2588 4552 2697 4605 erit
2722 4552 2982 4621 princeps
3008 4554 3059 4605 et
3273 4552 3524 4608 Ascendit
3560 4553 3713 4621 igitur
3748 4544 3831 4616 pri-

491 4622 814 4679 delatorem
846 4620 1237 4692 Miphiboseth
1281 4620 1592 4675 exstitisse.
1656 4620 1724 4674 Et
1769 4618 1983 4674 idcirco
2042 4619 2135 4674 hic

492 4713 650 4768 idem
686 4708 1082 4782 Miphiboseth
1114 4707 1619 4764 subintroducitur
1650 4707 1757 4763 hoc
1790 4709 1981 4763 modo.

563 4819 751 4892 (Vers.
787 4816 864 4889 4.)
898 4838 926 4866 ‹‹
958 4819 1092 4871 Erat
1121 4819 1316 4871 autem
1347 4814 1610 4870 Jonathm
1647 4813 1763 4869 ﬁlio
1796 4813 1934 4870 Saul
1983 4814 2139 4869 ﬁlius

493 4907 704 4963 debilis
736 4905 985 4980 pedibus
1020 4922 1032 4960 :
1067 4903 1470 4976 quinquennis
1526 4902 1679 4959 enim
1743 4904 1851 4958 fuit
1907 4904 2141 4974 quando

493 4996 650 5051 venit
678 4994 924 5051 nuntius
955 4994 1026 5049 de
1059 4992 1217 5062 Saul,
1253 4997 1309 5048 et
1335 4991 1632 5047 Jonathan
1693 5008 1760 5047 ex
1808 4992 2055 5059 Jezrael,
2118 5014 2144 5041 ››

495 5087 553 5137 et
580 5089 787 5139 caetera
817 5082 1142 5156 sequentia.
1176 5080 1456 5137 Videntes
1503 5097 1637 5137 vero
1682 5081 1879 5136 Baana
1926 5083 1982 5135 et
2032 5081 2142 5136 Re-

497 5170 645 5225 chab
674 5188 707 5226 a
733 5171 1128 5243 Miphiboseth
1151 5187 1325 5227 suum
1352 5170 1646 5244 proditum
1680 5186 1808 5226 esse
1830 5168 2147 5224 consilium

502 5257 707 5313 timore
736 5262 1046 5329 perterriti,
1081 5261 1219 5333 fuga
1250 5261 1396 5332 lapsi
1429 5264 1568 5314 sunt
1595 5259 1654 5313 in
1684 5259 1948 5314 Getbaim
1976 5276 1990 5325 ;
2026 5258 2149 5312 fue-

2245 4654 2367 4693 mus
2389 4638 2521 4693 Joab
2550 4638 2702 4709 ﬁlius
2727 4638 2952 4710 Sarviae,
2985 4644 3035 4695 et
3062 4644 3238 4711 [actus
3278 4649 3356 4695 est
3406 4643 3651 4713 princeps
3699 4637 3735 4707 (Ι
3757 4634 3833 4688 Ρα-

2249 4727 2355 4781 ral.
2386 4744 2461 4794 χι,
2494 4727 2571 4798 6).
2602 4726 2763 4790 Quod
2796 4732 2989 4784 autem
3023 4728 3163 4783 dicit
3197 4745 3210 4783 :
3238 4750 3265 4778 «
3301 4729 3407 4795 Qui
3441 4727 3682 4800 tetigerit
3707 4724 3831 4777 ﬁstu-

2251 4814 2392 4885 lam,
2428 4838 2453 4864 ››
2492 4817 2571 4872 ita
2601 4815 3046 4890 intelligendum
3079 4822 3167 4873 est
3201 4833 3214 4872 :
3249 4818 3357 4881 Qui
3391 4822 3559 4873 tantae
3589 4811 3742 4870 fuerit
3765 4823 3835 4864 au-

2255 4905 2431 4959 dacia:
2464 4908 2521 4959 et
2552 4905 2932 4970 fortitudinis,
2966 4911 3030 4961 ut
3050 4906 3122 4960 ad
3157 4922 3393 4960 murum
3426 4904 3666 4960 civitatis
3692 4910 3834 4968 usque

2255 4993 2470 5061 veniat,
2503 4997 2560 5048 et
2587 4993 2757 5049 hasta
2787 5010 2894 5048 sua
2933 4992 3192 5049 ﬁstulam
3250 5011 3378 5066 quae
3436 4995 3493 5048 in
3550 5006 3702 5046 muro
3751 4987 3828 5047 est,

2257 5086 2480 5154 tangat,
2515 5081 2638 5153 ipse
2660 5082 2929 5154 princeps
2954 5082 3083 5138 erit.

2329 5169 2519 5243 (Vers.
2552 5170 2668 5241 2i.)
2714 5193 2741 5219 «
2782 5171 2851 5226 Et
2890 5171 3257 5243 reliquerunt
3312 5171 3388 5227 ibi
3446 5167 3716 5241 sculptilia
3759 5175 3834 5217 sua

2270 5276 2399 5330 quae
2430 5258 2566 5314 tulit
2602 5259 2774 5313 David
2797 5263 2854 5314 et
2881 5259 2987 5313 viri
3017 5261 3167 5329 ejus.
3217 5282 3244 5309 ››
3271 5260 3429 5314 Tulit
3484 5275 3549 5315 ea
3602 5253 3771 5319 David,
3795 5250 3835 5302 ei

501 5348 756 5416 runtque
778 5346 857 5400 ibi
891 5348 1122 5404 advenze
1151 5366 1337 5421 usque
1368 5349 1439 5405 ad
1472 5346 2151 5420 tempusillud.’l‘empus
2263 5348 2385 5420 igni
2409 5347 2598 5417 jussit
2625 5347 2808 5419 exuri,
2842 5347 3012 5410 sicut.
3047 5348 3195 5403 liber
3218 5348 3682 5420 Paralipomenon
3700 5337 3836 5395 decla-

502 5432 652 5492 illud
684 5430 1130 5503 intelligendum
1162 5442 1269 5503 est,
1317 5437 1554 5508 quando
1584 5436 1719 5492 inde
1773 5435 1986 5490 reversi
2044 5436 2151 5490 do-

506 5539 675 5583 mum
710 5519 972 5576 Isboseth
1008 5522 1258 5579 fervente
1299 5525 1391 5581 die
1449 5525 1699 5597 ingressi
1762 5529 1921 5591 sunt,
1990 5541 2157 5581 assu-

505 5615 732 5687 mentes
764 5605 957 5690 spicas
972 5609 1231 5683 tritici,et
1255 5618 1645 5687 percutientes
1665 5630 1695 5673 c
1724 5630 1803 5671 'm
1830 5613 1891 5670 in
1918 5613 2161 5688 inguine

2266 5440 2375 5504 rat,
2437 5435 2519 5489 ita
2575 5435 2776 5490 dicens
2827 5454 2839 5503 ;
2892 5437 3405 5508 Dereliqmntque
3462 5436 3541 5490 ibi
3580 5434 3691 5488 «(eos
3728 5438 3834 5491 δῦθι,

2267 5539 2397 5598 quos
2426 5524 2602 5579 David
2624 5526 2793 5597 jussit
2823 5526 3003 5581 exurit
3036 5527 3080 5596 (Ι
3110 5526 3323 5582 Paral.‘
3345 5542 3460 5592 xiv,
3492 5524 3594 5594 i2).

2341 5612 2524 5692 (Vers.
2557 5612 2676 5695 23.)
2709 5636 2730 5667 «ι
2764 5613 3073 5675 Consuluit
3091 5618 3287 5675 autem
3313 5612 3492 5677 David
3525 5608 3809 5679 Dominum.
