  <div class='ocr_page' id='page_1' title='image "/cluster/home/n/w/nwhite01/storage/ocr_20150623/23/hvd.32044052772480/714.png"; bbox 0 0 4070 6166; ppageno 0'>
   <div class='ocr_carea' id='block_1_1' title="bbox 237 311 393 379">
    <p class='ocr_par' dir='ltr' id='par_1_1' title="bbox 237 311 393 379">
     <span class='ocr_line' id='line_1_1' title="bbox 237 311 393 379; baseline 0.006 -2"><span class='ocrx_word' id='word_1_1' title='bbox 237 311 393 379; x_wconf 72' lang='grc'><strong>1113</strong></span> 
     </span>
    </p>
   </div>
   <div class='ocr_carea' id='block_1_2' title="bbox 1199 308 2677 393">
    <p class='ocr_par' dir='ltr' id='par_1_2' title="bbox 1199 308 2677 393">
     <span class='ocr_line' id='line_1_2' title="bbox 1199 308 2677 393; baseline -0.004 -8"><span class='ocrx_word' id='word_1_2' title='bbox 1199 322 1502 393; x_wconf 65' lang='lat' dir='ltr'>QU/Esr.</span> <span class='ocrx_word' id='word_1_3' title='bbox 1552 308 2036 383; x_wconf 55' lang='lat' dir='ltr'>HEBRAICIIN</span> <span class='ocrx_word' id='word_1_4' title='bbox 2086 319 2229 380; x_wconf 90' lang='lat' dir='ltr'>LIB.</span> <span class='ocrx_word' id='word_1_5' title='bbox 2280 317 2331 380; x_wconf 80' lang='grc' dir='ltr'>ιι</span> <span class='ocrx_word' id='word_1_6' title='bbox 2379 315 2677 382; x_wconf 85' lang='lat' dir='ltr'>ItEGUM.</span> 
     </span>
    </p>
   </div>
   <div class='ocr_carea' id='block_1_3' title="bbox 3483 308 3639 382">
    <p class='ocr_par' dir='ltr' id='par_1_3' title="bbox 3483 308 3639 382">
     <span class='ocr_line' id='line_1_3' title="bbox 3483 308 3639 382; baseline 0.006 -1"><span class='ocrx_word' id='word_1_7' title='bbox 3483 308 3639 382; x_wconf 68' lang='lat' dir='ltr'>[4M</span> 
     </span>
    </p>
   </div>
   <div class='ocr_carea' id='block_1_4' title="bbox 234 450 3637 527">
    <p class='ocr_par' dir='ltr' id='par_1_4' title="bbox 234 450 3637 527">
     <span class='ocr_line' id='line_1_4' title="bbox 234 450 3637 527; baseline 0.001 -22"><span class='ocrx_word' id='word_1_8' title='bbox 234 450 344 516; x_wconf 84' lang='lat' dir='ltr'>Qui</span> <span class='ocrx_word' id='word_1_9' title='bbox 395 450 733 522; x_wconf 82' lang='lat' dir='ltr'>respondit:</span> <span class='ocrx_word' id='word_1_10' title='bbox 785 450 910 508; x_wconf 91' lang='lat' dir='ltr'>Non</span> <span class='ocrx_word' id='word_1_11' title='bbox 964 454 1270 520; x_wconf 80' lang='lat' dir='ltr'>ascendas,</span> <span class='ocrx_word' id='word_1_12' title='bbox 1304 455 1403 510; x_wconf 89' lang='lat' dir='ltr'>sed</span> <span class='ocrx_word' id='word_1_13' title='bbox 1436 470 1575 527; x_wconf 77' lang='lat' dir='ltr'>gyra</span> <span class='ocrx_word' id='word_1_14' title='bbox 1607 458 1738 525; x_wconf 91' lang='lat' dir='ltr'>post</span> <span class='ocrx_word' id='word_1_15' title='bbox 1768 458 1879 509; x_wconf 87' lang='lat' dir='ltr'>ter-</span> <span class='ocrx_word' id='word_1_16' title='bbox 1912 456 1965 521; x_wconf 82' lang='grc' dir='ltr'><strong>Α</strong></span> <span class='ocrx_word' id='word_1_17' title='bbox 1996 451 2262 507; x_wconf 89' lang='lat' dir='ltr'>tentorio.</span> <span class='ocrx_word' id='word_1_18' title='bbox 2298 450 2648 507; x_wconf 80' lang='lat' dir='ltr'>Ambulasse</span> <span class='ocrx_word' id='word_1_19' title='bbox 2680 468 2742 507; x_wconf 91' lang='lat' dir='ltr'>se</span> <span class='ocrx_word' id='word_1_20' title='bbox 2774 451 3052 509; x_wconf 87' lang='lat' dir='ltr'>Dominus</span> <span class='ocrx_word' id='word_1_21' title='bbox 3083 452 3224 508; x_wconf 84' lang='lat' dir='ltr'><strong>dicit</strong></span> <span class='ocrx_word' id='word_1_22' title='bbox 3263 453 3321 508; x_wconf 91' lang='lat' dir='ltr'>in</span> <span class='ocrx_word' id='word_1_23' title='bbox 3365 453 3637 511; x_wconf 87' lang='lat' dir='ltr'>taberna-</span> 
     </span>
    </p>
   </div>
   <div class='ocr_carea' id='block_1_5' title="bbox 234 538 1885 616">
    <p class='ocr_par' dir='ltr' id='par_1_5' title="bbox 234 538 1885 616">
     <span class='ocr_line' id='line_1_5' title="bbox 234 538 1885 616; baseline 0.002 -20"><span class='ocrx_word' id='word_1_24' title='bbox 234 556 376 612; x_wconf 88' lang='lat' dir='ltr'>gum</span> <span class='ocrx_word' id='word_1_25' title='bbox 426 538 687 606; x_wconf 91' lang='lat' dir='ltr'>illorum,</span> <span class='ocrx_word' id='word_1_26' title='bbox 739 545 795 597; x_wconf 90' lang='lat' dir='ltr'>et</span> <span class='ocrx_word' id='word_1_27' title='bbox 841 542 1039 598; x_wconf 84' lang='lat' dir='ltr'>venies</span> <span class='ocrx_word' id='word_1_28' title='bbox 1092 544 1163 599; x_wconf 89' lang='lat' dir='ltr'>ad</span> <span class='ocrx_word' id='word_1_29' title='bbox 1213 561 1312 599; x_wconf 90' lang='lat' dir='ltr'>eos</span> <span class='ocrx_word' id='word_1_30' title='bbox 1343 560 1409 599; x_wconf 81' lang='lat' dir='ltr'>ex</span> <span class='ocrx_word' id='word_1_31' title='bbox 1441 544 1680 600; x_wconf 90' lang='lat' dir='ltr'>adverso</span> <span class='ocrx_word' id='word_1_32' title='bbox 1713 560 1885 616; x_wconf 77' lang='lat' dir='ltr'>pyro-</span> 
     </span>
    </p>
   </div>
   <div class='ocr_carea' id='block_1_6' title="bbox 235 630 1884 704">
    <p class='ocr_par' dir='ltr' id='par_1_6' title="bbox 235 630 1884 704">
     <span class='ocr_line' id='line_1_6' title="bbox 235 630 1884 704; baseline 0.001 -21"><span class='ocrx_word' id='word_1_33' title='bbox 235 645 389 684; x_wconf 91' lang='lat' dir='ltr'>rum.</span> <span class='ocrx_word' id='word_1_34' title='bbox 427 651 453 677; x_wconf 88' lang='grc'><strong>››</strong></span> <span class='ocrx_word' id='word_1_35' title='bbox 486 634 551 683; x_wconf 90' lang='lat' dir='ltr'>In</span> <span class='ocrx_word' id='word_1_36' title='bbox 576 630 814 686; x_wconf 69' lang='lat' dir='ltr'>Hebraeo</span> <span class='ocrx_word' id='word_1_37' title='bbox 845 648 961 687; x_wconf 90' lang='lat' dir='ltr'>non</span> <span class='ocrx_word' id='word_1_38' title='bbox 987 648 1275 704; x_wconf 81' lang='lat' dir='ltr'>pyrorum,</span> <span class='ocrx_word' id='word_1_39' title='bbox 1325 633 1423 688; x_wconf 91' lang='lat' dir='ltr'>sed</span> <span class='ocrx_word' id='word_1_40' title='bbox 1455 634 1707 703; x_wconf 82' lang='lat' dir='ltr'>ﬂentium</span> <span class='ocrx_word' id='word_1_41' title='bbox 1738 632 1884 704; x_wconf 85' lang='lat' dir='ltr'>legi-</span> 
     </span>
    </p>
   </div>
   <div class='ocr_carea' id='block_1_7' title="bbox 234 718 1885 793">
    <p class='ocr_par' dir='ltr' id='par_1_7' title="bbox 234 718 1885 793">
     <span class='ocr_line' id='line_1_7' title="bbox 234 718 1885 793; baseline 0.001 -20"><span class='ocrx_word' id='word_1_42' title='bbox 234 722 352 774; x_wconf 89' lang='lat' dir='ltr'>tur.</span> <span class='ocrx_word' id='word_1_43' title='bbox 385 718 468 773; x_wconf 85' lang='lat' dir='ltr'><strong>Ex</strong></span> <span class='ocrx_word' id='word_1_44' title='bbox 496 719 739 776; x_wconf 89' lang='lat' dir='ltr'>adverso</span> <span class='ocrx_word' id='word_1_45' title='bbox 784 720 982 793; x_wconf 85' lang='lat' dir='ltr'>itaque</span> <span class='ocrx_word' id='word_1_46' title='bbox 1015 722 1283 777; x_wconf 90' lang='lat' dir='ltr'>ﬂentium</span> <span class='ocrx_word' id='word_1_47' title='bbox 1314 738 1448 777; x_wconf 91' lang='lat' dir='ltr'>eum</span> <span class='ocrx_word' id='word_1_48' title='bbox 1472 721 1667 778; x_wconf 89' lang='lat' dir='ltr'>venire</span> <span class='ocrx_word' id='word_1_49' title='bbox 1691 721 1885 793; x_wconf 87' lang='lat' dir='ltr'>jubet,</span> 
     </span>
    </p>
   </div>
   <div class='ocr_carea' id='block_1_8' title="bbox 233 806 1888 877">
    <p class='ocr_par' dir='ltr' id='par_1_8' title="bbox 233 806 1888 877">
     <span class='ocr_line' id='line_1_8' title="bbox 233 806 1888 877; baseline 0.002 -15"><span class='ocrx_word' id='word_1_50' title='bbox 233 806 343 863; x_wconf 91' lang='lat' dir='ltr'>hoc</span> <span class='ocrx_word' id='word_1_51' title='bbox 374 811 484 874; x_wconf 90' lang='lat' dir='ltr'>est,</span> <span class='ocrx_word' id='word_1_52' title='bbox 516 824 585 863; x_wconf 80' lang='lat' dir='ltr'>ex</span> <span class='ocrx_word' id='word_1_53' title='bbox 613 809 856 865; x_wconf 91' lang='lat' dir='ltr'>adverso</span> <span class='ocrx_word' id='word_1_54' title='bbox 887 809 1178 866; x_wconf 80' lang='lat' dir='ltr'>idolorum</span> <span class='ocrx_word' id='word_1_55' title='bbox 1235 827 1499 877; x_wconf 90' lang='lat' dir='ltr'>suorum,</span> <span class='ocrx_word' id='word_1_56' title='bbox 1534 809 1633 864; x_wconf 86' lang='lat' dir='ltr'>ubi</span> <span class='ocrx_word' id='word_1_57' title='bbox 1664 809 1888 865; x_wconf 86' lang='lat' dir='ltr'>scilicet</span> 
     </span>
    </p>
   </div>
   <div class='ocr_carea' id='block_1_9' title="bbox 233 894 1887 971">
    <p class='ocr_par' dir='ltr' id='par_1_9' title="bbox 233 894 1887 971">
     <span class='ocr_line' id='line_1_9' title="bbox 233 894 1887 971; baseline 0.002 -21"><span class='ocrx_word' id='word_1_58' title='bbox 233 894 392 953; x_wconf 89' lang='lat' dir='ltr'>idola</span> <span class='ocrx_word' id='word_1_59' title='bbox 424 912 627 952; x_wconf 92' lang='lat' dir='ltr'>eorum</span> <span class='ocrx_word' id='word_1_60' title='bbox 659 903 825 953; x_wconf 89' lang='lat' dir='ltr'>erant</span> <span class='ocrx_word' id='word_1_61' title='bbox 850 899 908 954; x_wconf 89' lang='lat' dir='ltr'>in</span> <span class='ocrx_word' id='word_1_62' title='bbox 934 900 1148 971; x_wconf 87' lang='lat' dir='ltr'>quibus</span> <span class='ocrx_word' id='word_1_63' title='bbox 1179 900 1707 963; x_wconf 60' lang='lat' dir='ltr'>codﬂdebantﬂuae</span> <span class='ocrx_word' id='word_1_64' title='bbox 1731 897 1887 954; x_wconf 89' lang='lat' dir='ltr'>idola</span> 
     </span>
    </p>
   </div>
   <div class='ocr_carea' id='block_1_10' title="bbox 232 984 1881 1061">
    <p class='ocr_par' dir='ltr' id='par_1_10' title="bbox 232 984 1881 1061">
     <span class='ocr_line' id='line_1_10' title="bbox 232 984 1881 1061; baseline 0.001 -21"><span class='ocrx_word' id='word_1_65' title='bbox 232 984 451 1041; x_wconf 88' lang='lat' dir='ltr'>idcirco</span> <span class='ocrx_word' id='word_1_66' title='bbox 499 986 764 1042; x_wconf 90' lang='lat' dir='ltr'>ﬂentium</span> <span class='ocrx_word' id='word_1_67' title='bbox 804 994 1108 1059; x_wconf 80' lang='lat' dir='ltr'>vocantur,</span> <span class='ocrx_word' id='word_1_68' title='bbox 1152 989 1290 1061; x_wconf 82' lang='lat' dir='ltr'>quia</span> <span class='ocrx_word' id='word_1_69' title='bbox 1345 989 1481 1043; x_wconf 89' lang='lat' dir='ltr'>ﬂetu</span> <span class='ocrx_word' id='word_1_70' title='bbox 1513 989 1692 1060; x_wconf 85' lang='lat' dir='ltr'>digna</span> <span class='ocrx_word' id='word_1_71' title='bbox 1721 992 1881 1054; x_wconf 89' lang='lat' dir='ltr'>sunt,</span> 
     </span>
    </p>
   </div>
   <div class='ocr_carea' id='block_1_11' title="bbox 233 1075 1885 1147">
    <p class='ocr_par' dir='ltr' id='par_1_11' title="bbox 233 1075 1885 1147">
     <span class='ocr_line' id='line_1_11' title="bbox 233 1075 1885 1147; baseline 0.002 -18"><span class='ocrx_word' id='word_1_72' title='bbox 233 1077 291 1129; x_wconf 89' lang='lat' dir='ltr'>et</span> <span class='ocrx_word' id='word_1_73' title='bbox 321 1088 421 1130; x_wconf 91' lang='lat' dir='ltr'>eos</span> <span class='ocrx_word' id='word_1_74' title='bbox 450 1075 551 1145; x_wconf 89' lang='lat' dir='ltr'>qui</span> <span class='ocrx_word' id='word_1_75' title='bbox 584 1091 650 1131; x_wconf 90' lang='lat' dir='ltr'>ea</span> <span class='ocrx_word' id='word_1_76' title='bbox 681 1075 901 1144; x_wconf 88' lang='lat' dir='ltr'>colunt,</span> <span class='ocrx_word' id='word_1_77' title='bbox 935 1077 1007 1132; x_wconf 90' lang='lat' dir='ltr'>ad</span> <span class='ocrx_word' id='word_1_78' title='bbox 1040 1077 1240 1133; x_wconf 91' lang='lat' dir='ltr'>ﬂetum</span> <span class='ocrx_word' id='word_1_79' title='bbox 1276 1077 1641 1133; x_wconf 81' lang='lat' dir='ltr'>miseriarum</span> <span class='ocrx_word' id='word_1_80' title='bbox 1677 1077 1885 1147; x_wconf 88' lang='lat' dir='ltr'>perdu-</span> 
     </span>
    </p>
   </div>
   <div class='ocr_carea' id='block_1_12' title="bbox 233 1162 1882 1237">
    <p class='ocr_par' dir='ltr' id='par_1_12' title="bbox 233 1162 1882 1237">
     <span class='ocr_line' id='line_1_12' title="bbox 233 1162 1882 1237; baseline 0.002 -20"><span class='ocrx_word' id='word_1_81' title='bbox 233 1162 700 1219; x_wconf 84' lang='lat' dir='ltr'>cunt.Flentium</span> <span class='ocrx_word' id='word_1_82' title='bbox 727 1165 925 1237; x_wconf 85' lang='lat' dir='ltr'>itaque</span> <span class='ocrx_word' id='word_1_83' title='bbox 955 1182 1157 1221; x_wconf 91' lang='lat' dir='ltr'>eorum</span> <span class='ocrx_word' id='word_1_84' title='bbox 1178 1164 1337 1221; x_wconf 92' lang='lat' dir='ltr'>idola</span> <span class='ocrx_word' id='word_1_85' title='bbox 1357 1166 1428 1221; x_wconf 93' lang='lat' dir='ltr'>ob</span> <span class='ocrx_word' id='word_1_86' title='bbox 1454 1165 1882 1237; x_wconf 87' lang='lat' dir='ltr'>blasphemiam</span> 
     </span>
    </p>
   </div>
   <div class='ocr_carea' id='block_1_13' title="bbox 235 1249 1884 1320">
    <p class='ocr_par' dir='ltr' id='par_1_13' title="bbox 235 1249 1884 1320">
     <span class='ocr_line' id='line_1_13' title="bbox 235 1249 1884 1320; baseline 0.003 -15"><span class='ocrx_word' id='word_1_87' title='bbox 235 1249 331 1306; x_wconf 87' lang='lat' dir='ltr'>hic</span> <span class='ocrx_word' id='word_1_88' title='bbox 361 1267 554 1308; x_wconf 87' lang='lat' dir='ltr'>sermo</span> <span class='ocrx_word' id='word_1_89' title='bbox 604 1253 840 1309; x_wconf 72' lang='lat' dir='ltr'>divinus</span> <span class='ocrx_word' id='word_1_90' title='bbox 896 1258 1083 1320; x_wconf 88' lang='lat' dir='ltr'>vocat,</span> <span class='ocrx_word' id='word_1_91' title='bbox 1133 1254 1286 1309; x_wconf 86' lang='lat' dir='ltr'>sicut</span> <span class='ocrx_word' id='word_1_92' title='bbox 1316 1254 1453 1310; x_wconf 88' lang='lat' dir='ltr'>alibi</span> <span class='ocrx_word' id='word_1_93' title='bbox 1486 1258 1726 1310; x_wconf 87' lang='lat' dir='ltr'>vocatur</span> <span class='ocrx_word' id='word_1_94' title='bbox 1756 1255 1884 1310; x_wconf 85' lang='lat' dir='ltr'>ido-</span> 
     </span>
    </p>
   </div>
   <div class='ocr_carea' id='block_1_14' title="bbox 234 1339 1248 1407">
    <p class='ocr_par' dir='ltr' id='par_1_14' title="bbox 234 1339 1248 1407">
     <span class='ocr_line' id='line_1_14' title="bbox 234 1339 1248 1407; baseline 0.003 -12"><span class='ocrx_word' id='word_1_95' title='bbox 234 1339 360 1396; x_wconf 90' lang='lat' dir='ltr'>lum</span> <span class='ocrx_word' id='word_1_96' title='bbox 391 1341 578 1407; x_wconf 83' lang='lat' dir='ltr'>Moab,</span> <span class='ocrx_word' id='word_1_97' title='bbox 613 1343 1032 1399; x_wconf 89' lang='lat' dir='ltr'>contaminatio</span> <span class='ocrx_word' id='word_1_98' title='bbox 1060 1344 1248 1399; x_wconf 86' lang='lat' dir='ltr'>Moab.</span> 
     </span>
    </p>
   </div>
   <div class='ocr_carea' id='block_1_15' title="bbox 306 1429 1882 1505">
    <p class='ocr_par' dir='ltr' id='par_1_15' title="bbox 306 1429 1882 1505">
     <span class='ocr_line' id='line_1_15' title="bbox 306 1429 1882 1505; baseline 0.003 -23"><span class='ocrx_word' id='word_1_99' title='bbox 306 1429 494 1501; x_wconf 89' lang='lat' dir='ltr'>(Vers.</span> <span class='ocrx_word' id='word_1_100' title='bbox 530 1430 646 1503; x_wconf 80' lang='grc'><strong>24.)</strong></span> <span class='ocrx_word' id='word_1_101' title='bbox 679 1454 707 1480; x_wconf 90' lang='grc'>‹‹</span> <span class='ocrx_word' id='word_1_102' title='bbox 742 1431 808 1486; x_wconf 91' lang='lat' dir='ltr'>Et</span> <span class='ocrx_word' id='word_1_103' title='bbox 837 1448 970 1488; x_wconf 90' lang='lat' dir='ltr'>cum</span> <span class='ocrx_word' id='word_1_104' title='bbox 1002 1432 1262 1488; x_wconf 89' lang='lat' dir='ltr'>audieris</span> <span class='ocrx_word' id='word_1_105' title='bbox 1293 1433 1551 1489; x_wconf 89' lang='lat' dir='ltr'>sonitum</span> <span class='ocrx_word' id='word_1_106' title='bbox 1610 1431 1882 1505; x_wconf 78' lang='lat' dir='ltr'>gradien-</span> 
     </span>
    </p>
   </div>
   <div class='ocr_carea' id='block_1_16' title="bbox 232 1518 1886 1590">
    <p class='ocr_par' dir='ltr' id='par_1_16' title="bbox 232 1518 1886 1590">
     <span class='ocr_line' id='line_1_16' title="bbox 232 1518 1886 1590; baseline 0.001 -15"><span class='ocrx_word' id='word_1_107' title='bbox 232 1518 314 1575; x_wconf 89' lang='lat' dir='ltr'>tis</span> <span class='ocrx_word' id='word_1_108' title='bbox 337 1519 396 1574; x_wconf 92' lang='lat' dir='ltr'>in</span> <span class='ocrx_word' id='word_1_109' title='bbox 427 1520 730 1576; x_wconf 88' lang='lat' dir='ltr'>cacumine</span> <span class='ocrx_word' id='word_1_110' title='bbox 762 1520 1066 1578; x_wconf 91' lang='lat' dir='ltr'>ﬂentium:</span> <span class='ocrx_word' id='word_1_111' title='bbox 1105 1544 1131 1571; x_wconf 86' lang='lat'>»</span> <span class='ocrx_word' id='word_1_112' title='bbox 1164 1522 1273 1577; x_wconf 91' lang='lat' dir='ltr'>hoc</span> <span class='ocrx_word' id='word_1_113' title='bbox 1321 1525 1428 1590; x_wconf 92' lang='lat' dir='ltr'>est,</span> <span class='ocrx_word' id='word_1_114' title='bbox 1462 1539 1597 1577; x_wconf 92' lang='lat' dir='ltr'>cum</span> <span class='ocrx_word' id='word_1_115' title='bbox 1630 1521 1886 1577; x_wconf 88' lang='lat' dir='ltr'>audieris</span> 
     </span>
    </p>
   </div>
   <div class='ocr_carea' id='block_1_17' title="bbox 234 1609 1885 1682">
    <p class='ocr_par' dir='ltr' id='par_1_17' title="bbox 234 1609 1885 1682">
     <span class='ocr_line' id='line_1_17' title="bbox 234 1609 1885 1682; baseline 0.002 -19"><span class='ocrx_word' id='word_1_116' title='bbox 234 1624 269 1662; x_wconf 91' lang='lat' dir='ltr'>a</span> <span class='ocrx_word' id='word_1_117' title='bbox 324 1609 718 1679; x_wconf 86' lang='lat' dir='ltr'>potestatibus</span> <span class='ocrx_word' id='word_1_118' title='bbox 775 1609 1055 1682; x_wconf 83' lang='lat' dir='ltr'>angelicis</span> <span class='ocrx_word' id='word_1_119' title='bbox 1108 1627 1309 1666; x_wconf 87' lang='lat' dir='ltr'>eorum</span> <span class='ocrx_word' id='word_1_120' title='bbox 1368 1610 1524 1666; x_wconf 92' lang='lat' dir='ltr'>idola</span> <span class='ocrx_word' id='word_1_121' title='bbox 1556 1610 1635 1681; x_wconf 91' lang='lat' dir='ltr'>(in</span> <span class='ocrx_word' id='word_1_122' title='bbox 1667 1609 1885 1682; x_wconf 88' lang='lat' dir='ltr'>quibus</span> 
     </span>
    </p>
   </div>
   <div class='ocr_carea' id='block_1_18' title="bbox 236 1695 1884 1770">
    <p class='ocr_par' dir='ltr' id='par_1_18' title="bbox 236 1695 1884 1770">
     <span class='ocr_line' id='line_1_18' title="bbox 236 1695 1884 1770; baseline 0.003 -21"><span class='ocrx_word' id='word_1_123' title='bbox 236 1695 430 1750; x_wconf 89' lang='lat' dir='ltr'>omnis</span> <span class='ocrx_word' id='word_1_124' title='bbox 480 1696 760 1752; x_wconf 87' lang='lat' dir='ltr'>fortitudo</span> <span class='ocrx_word' id='word_1_125' title='bbox 808 1714 1009 1754; x_wconf 91' lang='lat' dir='ltr'>eorum</span> <span class='ocrx_word' id='word_1_126' title='bbox 1056 1698 1164 1770; x_wconf 91' lang='lat' dir='ltr'>est)</span> <span class='ocrx_word' id='word_1_127' title='bbox 1194 1698 1412 1755; x_wconf 90' lang='lat' dir='ltr'>conteri</span> <span class='ocrx_word' id='word_1_128' title='bbox 1445 1703 1503 1754; x_wconf 91' lang='lat' dir='ltr'>et</span> <span class='ocrx_word' id='word_1_129' title='bbox 1531 1698 1884 1767; x_wconf 86' lang='lat' dir='ltr'>conculcari,</span> 
     </span>
    </p>
   </div>
   <div class='ocr_carea' id='block_1_19' title="bbox 234 1784 1879 1860">
    <p class='ocr_par' dir='ltr' id='par_1_19' title="bbox 234 1784 1879 1860">
     <span class='ocr_line' id='line_1_19' title="bbox 234 1784 1879 1860; baseline 0.002 -21"><span class='ocrx_word' id='word_1_130' title='bbox 234 1787 378 1840; x_wconf 86' lang='lat' dir='ltr'>tunc</span> <span class='ocrx_word' id='word_1_131' title='bbox 410 1784 586 1841; x_wconf 89' lang='lat' dir='ltr'>inibis</span> <span class='ocrx_word' id='word_1_132' title='bbox 618 1785 881 1858; x_wconf 67' lang='lat' dir='ltr'>praelium</span> <span class='ocrx_word' id='word_1_133' title='bbox 907 1804 919 1841; x_wconf 93' lang='lat'>:</span> <span class='ocrx_word' id='word_1_134' title='bbox 956 1787 1094 1860; x_wconf 89' lang='lat' dir='ltr'>quia</span> <span class='ocrx_word' id='word_1_135' title='bbox 1150 1792 1288 1843; x_wconf 90' lang='lat' dir='ltr'>tunc</span> <span class='ocrx_word' id='word_1_136' title='bbox 1320 1788 1652 1860; x_wconf 86' lang='lat' dir='ltr'>egredietur</span> <span class='ocrx_word' id='word_1_137' title='bbox 1684 1787 1879 1843; x_wconf 92' lang='lat' dir='ltr'>Domi-</span> 
     </span>
    </p>
   </div>
   <div class='ocr_carea' id='block_1_20' title="bbox 238 1875 1886 1948">
    <p class='ocr_par' dir='ltr' id='par_1_20' title="bbox 238 1875 1886 1948">
     <span class='ocr_line' id='line_1_20' title="bbox 238 1875 1886 1948; baseline 0.002 -20"><span class='ocrx_word' id='word_1_138' title='bbox 238 1890 351 1929; x_wconf 88' lang='lat' dir='ltr'>nus</span> <span class='ocrx_word' id='word_1_139' title='bbox 399 1879 534 1929; x_wconf 89' lang='lat' dir='ltr'>ante</span> <span class='ocrx_word' id='word_1_140' title='bbox 584 1875 788 1931; x_wconf 87' lang='lat' dir='ltr'>faciem</span> <span class='ocrx_word' id='word_1_141' title='bbox 844 1880 1026 1945; x_wconf 90' lang='lat' dir='ltr'>tuam,</span> <span class='ocrx_word' id='word_1_142' title='bbox 1078 1886 1141 1933; x_wconf 89' lang='lat' dir='ltr'>ut</span> <span class='ocrx_word' id='word_1_143' title='bbox 1171 1878 1459 1948; x_wconf 89' lang='lat' dir='ltr'>percutiat</span> <span class='ocrx_word' id='word_1_144' title='bbox 1490 1881 1684 1933; x_wconf 83' lang='lat' dir='ltr'>castra</span> <span class='ocrx_word' id='word_1_145' title='bbox 1710 1876 1886 1932; x_wconf 86' lang='lat' dir='ltr'>Phili-</span> 
     </span>
    </p>
   </div>
   <div class='ocr_carea' id='block_1_21' title="bbox 238 1962 1891 2038">
    <p class='ocr_par' dir='ltr' id='par_1_21' title="bbox 238 1962 1891 2038">
     <span class='ocr_line' id='line_1_21' title="bbox 238 1962 1891 2038; baseline 0.002 -20"><span class='ocrx_word' id='word_1_146' title='bbox 238 1962 419 2019; x_wconf 88' lang='lat' dir='ltr'>stiim.</span> <span class='ocrx_word' id='word_1_147' title='bbox 465 1968 526 2018; x_wconf 90' lang='lat' dir='ltr'>In</span> <span class='ocrx_word' id='word_1_148' title='bbox 573 1981 775 2020; x_wconf 92' lang='lat' dir='ltr'>eorum</span> <span class='ocrx_word' id='word_1_149' title='bbox 828 1983 1082 2038; x_wconf 89' lang='lat' dir='ltr'>namque</span> <span class='ocrx_word' id='word_1_150' title='bbox 1128 1966 1302 2023; x_wconf 88' lang='lat' dir='ltr'>idolis</span> <span class='ocrx_word' id='word_1_151' title='bbox 1353 1966 1891 2036; x_wconf 88' lang='lat' dir='ltr'>Dominusjudicia</span> 
     </span>
    </p>
   </div>
   <div class='ocr_carea' id='block_1_22' title="bbox 237 2052 1353 2128">
    <p class='ocr_par' dir='ltr' id='par_1_22' title="bbox 237 2052 1353 2128">
     <span class='ocr_line' id='line_1_22' title="bbox 237 2052 1353 2128; baseline 0.003 -21"><span class='ocrx_word' id='word_1_152' title='bbox 237 2052 394 2120; x_wconf 86' lang='lat' dir='ltr'>fecit,</span> <span class='ocrx_word' id='word_1_153' title='bbox 428 2053 581 2108; x_wconf 89' lang='lat' dir='ltr'>sicut</span> <span class='ocrx_word' id='word_1_154' title='bbox 612 2058 669 2109; x_wconf 91' lang='lat' dir='ltr'>et</span> <span class='ocrx_word' id='word_1_155' title='bbox 698 2054 756 2108; x_wconf 92' lang='lat' dir='ltr'>in</span> <span class='ocrx_word' id='word_1_156' title='bbox 788 2055 902 2111; x_wconf 90' lang='lat' dir='ltr'>diis</span> <span class='ocrx_word' id='word_1_157' title='bbox 930 2055 1353 2128; x_wconf 66' lang='lat' dir='ltr'>JEgyptiorum.</span> 
     </span>
    </p>
   </div>
   <div class='ocr_carea' id='block_1_23' title="bbox 311 2141 1888 2217">
    <p class='ocr_par' dir='ltr' id='par_1_23' title="bbox 311 2141 1888 2217">
     <span class='ocr_line' id='line_1_23' title="bbox 311 2141 1888 2217; baseline 0.002 -21"><span class='ocrx_word' id='word_1_158' title='bbox 311 2141 473 2215; x_wconf 86' lang='lat' dir='ltr'>(Cap.</span> <span class='ocrx_word' id='word_1_159' title='bbox 506 2142 603 2200; x_wconf 88' lang='lat' dir='ltr'>VI.</span> <span class='ocrx_word' id='word_1_160' title='bbox 640 2174 706 2199; x_wconf 85' lang='lat'>.—</span> <span class='ocrx_word' id='word_1_161' title='bbox 752 2143 916 2200; x_wconf 89' lang='lat' dir='ltr'>Vers.</span> <span class='ocrx_word' id='word_1_162' title='bbox 950 2145 1028 2217; x_wconf 92' lang='lat'>8.)</span> <span class='ocrx_word' id='word_1_163' title='bbox 1070 2168 1097 2194; x_wconf 75' lang='grc' dir='ltr'>κ</span> <span class='ocrx_word' id='word_1_164' title='bbox 1131 2144 1527 2201; x_wconf 87' lang='lat' dir='ltr'>Contristatus</span> <span class='ocrx_word' id='word_1_165' title='bbox 1575 2148 1663 2200; x_wconf 89' lang='lat' dir='ltr'>est</span> <span class='ocrx_word' id='word_1_166' title='bbox 1693 2148 1888 2199; x_wconf 89' lang='lat' dir='ltr'>autem</span> 
     </span>
    </p>
   </div>
   <div class='ocr_carea' id='block_1_24' title="bbox 236 2230 1890 2305">
    <p class='ocr_par' dir='ltr' id='par_1_24' title="bbox 236 2230 1890 2305">
     <span class='ocr_line' id='line_1_24' title="bbox 236 2230 1890 2305; baseline 0.002 -21"><span class='ocrx_word' id='word_1_167' title='bbox 236 2230 441 2298; x_wconf 86' lang='lat' dir='ltr'>David,</span> <span class='ocrx_word' id='word_1_168' title='bbox 473 2248 540 2287; x_wconf 91' lang='lat' dir='ltr'>eo</span> <span class='ocrx_word' id='word_1_169' title='bbox 572 2232 729 2304; x_wconf 89' lang='lat' dir='ltr'>quod</span> <span class='ocrx_word' id='word_1_170' title='bbox 761 2234 1149 2305; x_wconf 87' lang='lat' dir='ltr'>percussisset</span> <span class='ocrx_word' id='word_1_171' title='bbox 1180 2234 1467 2290; x_wconf 91' lang='lat' dir='ltr'>Dominus</span> <span class='ocrx_word' id='word_1_172' title='bbox 1491 2234 1688 2289; x_wconf 90' lang='lat' dir='ltr'>Ozam.</span> <span class='ocrx_word' id='word_1_173' title='bbox 1726 2255 1753 2282; x_wconf 87' lang='grc'>››</span> <span class='ocrx_word' id='word_1_174' title='bbox 1784 2238 1890 2289; x_wconf 87' lang='lat' dir='ltr'>He-</span> 
     </span>
    </p>
   </div>
   <div class='ocr_carea' id='block_1_25' title="bbox 238 2320 1889 2395">
    <p class='ocr_par' dir='ltr' id='par_1_25' title="bbox 238 2320 1889 2395">
     <span class='ocr_line' id='line_1_25' title="bbox 238 2320 1889 2395; baseline 0.001 -19"><span class='ocrx_word' id='word_1_175' title='bbox 238 2320 467 2376; x_wconf 67' lang='lat' dir='ltr'>braeus:</span> <span class='ocrx_word' id='word_1_176' title='bbox 509 2341 531 2369; x_wconf 77' lang='grc' dir='ltr'>ι</span> <span class='ocrx_word' id='word_1_177' title='bbox 586 2321 665 2377; x_wconf 88' lang='lat' dir='ltr'>Eo</span> <span class='ocrx_word' id='word_1_178' title='bbox 724 2323 880 2395; x_wconf 87' lang='lat' dir='ltr'>quod</span> <span class='ocrx_word' id='word_1_179' title='bbox 939 2322 1255 2379; x_wconf 88' lang='lat' dir='ltr'>divisisset.</span> <span class='ocrx_word' id='word_1_180' title='bbox 1319 2346 1347 2373; x_wconf 83' lang='lat'><strong>»</strong></span> <span class='ocrx_word' id='word_1_181' title='bbox 1403 2322 1683 2378; x_wconf 89' lang='lat' dir='ltr'>Divisisse</span> <span class='ocrx_word' id='word_1_182' title='bbox 1724 2322 1889 2378; x_wconf 91' lang='lat' dir='ltr'>illum</span> 
     </span>
    </p>
   </div>
   <div class='ocr_carea' id='block_1_26' title="bbox 246 2410 1893 2484">
    <p class='ocr_par' dir='ltr' id='par_1_26' title="bbox 246 2410 1893 2484">
     <span class='ocr_line' id='line_1_26' title="bbox 246 2410 1893 2484; baseline 0.003 -20"><span class='ocrx_word' id='word_1_183' title='bbox 246 2410 529 2466; x_wconf 89' lang='lat' dir='ltr'>Dominus</span> <span class='ocrx_word' id='word_1_184' title='bbox 560 2410 795 2482; x_wconf 90' lang='lat' dir='ltr'>dicitur,</span> <span class='ocrx_word' id='word_1_185' title='bbox 826 2411 965 2484; x_wconf 88' lang='lat' dir='ltr'>quia</span> <span class='ocrx_word' id='word_1_186' title='bbox 995 2411 1161 2469; x_wconf 92' lang='lat' dir='ltr'>locus</span> <span class='ocrx_word' id='word_1_187' title='bbox 1194 2412 1292 2468; x_wconf 91' lang='lat' dir='ltr'>ubi</span> <span class='ocrx_word' id='word_1_188' title='bbox 1324 2415 1448 2469; x_wconf 91' lang='lat' dir='ltr'>erat</span> <span class='ocrx_word' id='word_1_189' title='bbox 1469 2412 1893 2480; x_wconf 89' lang='lat' dir='ltr'>Ozam,vacuus</span> 
     </span>
    </p>
   </div>
   <div class='ocr_carea' id='block_1_27' title="bbox 246 2498 538 2568">
    <p class='ocr_par' dir='ltr' id='par_1_27' title="bbox 246 2498 538 2568">
     <span class='ocr_line' id='line_1_27' title="bbox 246 2498 538 2568; baseline 0.007 -16"><span class='ocrx_word' id='word_1_190' title='bbox 246 2498 538 2568; x_wconf 84' lang='lat' dir='ltr'>apparuit.</span> 
     </span>
    </p>
   </div>
   <div class='ocr_carea' id='block_1_28' title="bbox 318 2586 1893 2660">
    <p class='ocr_par' dir='ltr' id='par_1_28' title="bbox 318 2586 1893 2660">
     <span class='ocr_line' id='line_1_28' title="bbox 318 2586 1893 2660; baseline 0.006 -21"><span class='ocrx_word' id='word_1_191' title='bbox 318 2586 503 2658; x_wconf 90' lang='lat' dir='ltr'>(Vers.</span> <span class='ocrx_word' id='word_1_192' title='bbox 534 2587 649 2660; x_wconf 87' lang='grc'><strong>10.)</strong></span> <span class='ocrx_word' id='word_1_193' title='bbox 682 2611 710 2638; x_wconf 92' lang='grc'>‹‹</span> <span class='ocrx_word' id='word_1_194' title='bbox 772 2592 839 2644; x_wconf 84' lang='lat' dir='ltr'>Et</span> <span class='ocrx_word' id='word_1_195' title='bbox 892 2589 1081 2645; x_wconf 90' lang='lat' dir='ltr'>noluit</span> <span class='ocrx_word' id='word_1_196' title='bbox 1131 2591 1310 2647; x_wconf 89' lang='lat' dir='ltr'>David</span> <span class='ocrx_word' id='word_1_197' title='bbox 1367 2592 1438 2646; x_wconf 89' lang='lat' dir='ltr'>ad</span> <span class='ocrx_word' id='word_1_198' title='bbox 1499 2608 1562 2647; x_wconf 88' lang='lat' dir='ltr'>se</span> <span class='ocrx_word' id='word_1_199' title='bbox 1609 2592 1893 2649; x_wconf 88' lang='lat' dir='ltr'>divertere</span> 
     </span>
    </p>
   </div>
   <div class='ocr_carea' id='block_1_29' title="bbox 244 2677 1893 2747">
    <p class='ocr_par' dir='ltr' id='par_1_29' title="bbox 244 2677 1893 2747">
     <span class='ocr_line' id='line_1_29' title="bbox 244 2677 1893 2747; baseline 0.004 -17"><span class='ocrx_word' id='word_1_200' title='bbox 244 2691 442 2731; x_wconf 89' lang='lat' dir='ltr'>arcam</span> <span class='ocrx_word' id='word_1_201' title='bbox 500 2677 731 2733; x_wconf 92' lang='lat' dir='ltr'>Domini</span> <span class='ocrx_word' id='word_1_202' title='bbox 790 2678 850 2733; x_wconf 89' lang='lat' dir='ltr'>in</span> <span class='ocrx_word' id='word_1_203' title='bbox 909 2679 1200 2735; x_wconf 87' lang='lat' dir='ltr'>civitatem</span> <span class='ocrx_word' id='word_1_204' title='bbox 1251 2680 1430 2735; x_wconf 88' lang='lat' dir='ltr'>David</span> <span class='ocrx_word' id='word_1_205' title='bbox 1461 2682 1623 2747; x_wconf 88' lang='lat' dir='ltr'>;.sed</span> <span class='ocrx_word' id='word_1_206' title='bbox 1657 2682 1893 2738; x_wconf 89' lang='lat' dir='ltr'>divertit</span> 
     </span>
    </p>
   </div>
   <div class='ocr_carea' id='block_1_30' title="bbox 240 2766 1892 2841">
    <p class='ocr_par' dir='ltr' id='par_1_30' title="bbox 240 2766 1892 2841">
     <span class='ocr_line' id='line_1_30' title="bbox 240 2766 1892 2841; baseline 0.005 -22"><span class='ocrx_word' id='word_1_207' title='bbox 240 2781 372 2820; x_wconf 89' lang='lat' dir='ltr'>eam</span> <span class='ocrx_word' id='word_1_208' title='bbox 406 2766 464 2820; x_wconf 92' lang='lat' dir='ltr'>in</span> <span class='ocrx_word' id='word_1_209' title='bbox 498 2766 740 2822; x_wconf 91' lang='lat' dir='ltr'>domum</span> <span class='ocrx_word' id='word_1_210' title='bbox 772 2767 929 2823; x_wconf 90' lang='lat' dir='ltr'>Obed</span> <span class='ocrx_word' id='word_1_211' title='bbox 966 2768 1145 2824; x_wconf 87' lang='lat' dir='ltr'>Edom</span> <span class='ocrx_word' id='word_1_212' title='bbox 1179 2769 1418 2836; x_wconf 72' lang='lat' dir='ltr'>Gethzei,</span> <span class='ocrx_word' id='word_1_213' title='bbox 1449 2790 1475 2819; x_wconf 86' lang='lat'>»</span> <span class='ocrx_word' id='word_1_214' title='bbox 1498 2769 1892 2841; x_wconf 69' lang='lat' dir='ltr'>quiGethaaus</span> 
     </span>
    </p>
   </div>
   <div class='ocr_carea' id='block_1_31' title="bbox 245 2853 1888 2929">
    <p class='ocr_par' dir='ltr' id='par_1_31' title="bbox 245 2853 1888 2929">
     <span class='ocr_line' id='line_1_31' title="bbox 245 2853 1888 2929; baseline 0.004 -21"><span class='ocrx_word' id='word_1_215' title='bbox 245 2853 378 2909; x_wconf 88' lang='lat' dir='ltr'>ideo</span> <span class='ocrx_word' id='word_1_216' title='bbox 400 2858 729 2925; x_wconf 91' lang='lat' dir='ltr'>vocatur,eo</span> <span class='ocrx_word' id='word_1_217' title='bbox 752 2856 907 2928; x_wconf 90' lang='lat' dir='ltr'>quod</span> <span class='ocrx_word' id='word_1_218' title='bbox 934 2857 992 2911; x_wconf 90' lang='lat' dir='ltr'>in</span> <span class='ocrx_word' id='word_1_219' title='bbox 1014 2857 1161 2913; x_wconf 90' lang='lat' dir='ltr'>Geth</span> <span class='ocrx_word' id='word_1_220' title='bbox 1185 2862 1349 2929; x_wconf 92' lang='lat' dir='ltr'>pater</span> <span class='ocrx_word' id='word_1_221' title='bbox 1368 2859 1497 2929; x_wconf 84' lang='lat' dir='ltr'>ejus</span> <span class='ocrx_word' id='word_1_222' title='bbox 1520 2857 1888 2915; x_wconf 89' lang='lat' dir='ltr'>habitaverit.</span> 
     </span>
    </p>
   </div>
   <div class='ocr_carea' id='block_1_32' title="bbox 316 2960 1889 3035">
    <p class='ocr_par' dir='ltr' id='par_1_32' title="bbox 316 2960 1889 3035">
     <span class='ocr_line' id='line_1_32' title="bbox 316 2960 1889 3035; baseline 0.005 -20"><span class='ocrx_word' id='word_1_223' title='bbox 316 2960 509 3030; x_wconf 83' lang='lat' dir='ltr'>(Vere.</span> <span class='ocrx_word' id='word_1_224' title='bbox 552 2962 662 3032; x_wconf 90' lang='grc'><strong>11.)</strong></span> <span class='ocrx_word' id='word_1_225' title='bbox 695 2985 722 3013; x_wconf 89' lang='grc'><strong>‹‹</strong></span> <span class='ocrx_word' id='word_1_226' title='bbox 756 2963 826 3018; x_wconf 87' lang='lat' dir='ltr'>Et</span> <span class='ocrx_word' id='word_1_227' title='bbox 855 2963 1146 3020; x_wconf 84' lang='lat' dir='ltr'>benedixit</span> <span class='ocrx_word' id='word_1_228' title='bbox 1177 2965 1460 3020; x_wconf 88' lang='lat' dir='ltr'>Dominus</span> <span class='ocrx_word' id='word_1_229' title='bbox 1489 2965 1889 3035; x_wconf 81' lang='lat' dir='ltr'>Obed-Edam,</span> 
     </span>
    </p>
   </div>
   <div class='ocr_carea' id='block_1_33' title="bbox 245 3051 1891 3127">
    <p class='ocr_par' dir='ltr' id='par_1_33' title="bbox 245 3051 1891 3127">
     <span class='ocr_line' id='line_1_33' title="bbox 245 3051 1891 3127; baseline 0.005 -23"><span class='ocrx_word' id='word_1_230' title='bbox 245 3054 303 3105; x_wconf 91' lang='lat' dir='ltr'>et</span> <span class='ocrx_word' id='word_1_231' title='bbox 331 3066 567 3106; x_wconf 91' lang='lat' dir='ltr'>omnem</span> <span class='ocrx_word' id='word_1_232' title='bbox 600 3051 840 3107; x_wconf 92' lang='lat' dir='ltr'>domum</span> <span class='ocrx_word' id='word_1_233' title='bbox 860 3053 1007 3123; x_wconf 83' lang='lat' dir='ltr'>ejus.</span> <span class='ocrx_word' id='word_1_234' title='bbox 1042 3074 1070 3101; x_wconf 83' lang='grc'><strong>››</strong></span> <span class='ocrx_word' id='word_1_235' title='bbox 1100 3053 1471 3109; x_wconf 84' lang='lat' dir='ltr'>Benedixisse</span> <span class='ocrx_word' id='word_1_236' title='bbox 1497 3055 1737 3111; x_wconf 91' lang='lat' dir='ltr'>domum</span> <span class='ocrx_word' id='word_1_237' title='bbox 1761 3057 1891 3127; x_wconf 89' lang='lat' dir='ltr'>ejus</span> 
     </span>
    </p>
   </div>
   <div class='ocr_carea' id='block_1_34' title="bbox 242 3139 1889 3215">
    <p class='ocr_par' dir='ltr' id='par_1_34' title="bbox 242 3139 1889 3215">
     <span class='ocr_line' id='line_1_34' title="bbox 242 3139 1889 3215; baseline 0.005 -22"><span class='ocrx_word' id='word_1_238' title='bbox 242 3139 560 3195; x_wconf 91' lang='lat' dir='ltr'>Dominum</span> <span class='ocrx_word' id='word_1_239' title='bbox 591 3141 815 3196; x_wconf 70' lang='lat' dir='ltr'>Hebraei</span> <span class='ocrx_word' id='word_1_240' title='bbox 845 3140 1067 3206; x_wconf 91' lang='lat' dir='ltr'>dicunt,</span> <span class='ocrx_word' id='word_1_241' title='bbox 1101 3159 1168 3197; x_wconf 93' lang='lat' dir='ltr'>eo</span> <span class='ocrx_word' id='word_1_242' title='bbox 1225 3144 1379 3215; x_wconf 91' lang='lat' dir='ltr'>quod</span> <span class='ocrx_word' id='word_1_243' title='bbox 1434 3160 1637 3200; x_wconf 89' lang='lat' dir='ltr'>omnes</span> <span class='ocrx_word' id='word_1_244' title='bbox 1682 3163 1889 3202; x_wconf 84' lang='lat' dir='ltr'>uxores</span> 
     </span>
    </p>
   </div>
   <div class='ocr_carea' id='block_1_35' title="bbox 1917 1832 1965 1895">
    <p class='ocr_par' dir='ltr' id='par_1_35' title="bbox 1917 1832 1965 1895">
     <span class='ocr_line' id='line_1_35' title="bbox 1917 1832 1965 1895; baseline 0 0"><span class='ocrx_word' id='word_1_245' title='bbox 1917 1832 1965 1895; x_wconf 91' lang='lat' dir='ltr'><strong>B</strong></span> 
     </span>
    </p>
   </div>
   <div class='ocr_carea' id='block_1_36' title="bbox 1994 540 3637 613">
    <p class='ocr_par' dir='ltr' id='par_1_36' title="bbox 1994 540 3637 613">
     <span class='ocr_line' id='line_1_36' title="bbox 1994 540 3637 613; baseline 0.003 -18"><span class='ocrx_word' id='word_1_246' title='bbox 1994 540 2127 596; x_wconf 89' lang='lat' dir='ltr'>culo</span> <span class='ocrx_word' id='word_1_247' title='bbox 2185 543 2241 595; x_wconf 91' lang='lat' dir='ltr'>et</span> <span class='ocrx_word' id='word_1_248' title='bbox 2299 540 2356 594; x_wconf 91' lang='lat' dir='ltr'>in</span> <span class='ocrx_word' id='word_1_249' title='bbox 2412 540 2682 611; x_wconf 85' lang='lat' dir='ltr'>tentorio,</span> <span class='ocrx_word' id='word_1_250' title='bbox 2741 541 2880 613; x_wconf 89' lang='lat' dir='ltr'>quia</span> <span class='ocrx_word' id='word_1_251' title='bbox 2909 558 3015 597; x_wconf 90' lang='lat' dir='ltr'>nec</span> <span class='ocrx_word' id='word_1_252' title='bbox 3044 542 3289 613; x_wconf 87' lang='lat' dir='ltr'>Moyses,</span> <span class='ocrx_word' id='word_1_253' title='bbox 3323 559 3430 599; x_wconf 91' lang='lat' dir='ltr'>nec</span> <span class='ocrx_word' id='word_1_254' title='bbox 3460 544 3637 600; x_wconf 84' lang='lat' dir='ltr'>Josue</span> 
     </span>
    </p>
   </div>
   <div class='ocr_carea' id='block_1_37' title="bbox 1993 628 3631 701">
    <p class='ocr_par' dir='ltr' id='par_1_37' title="bbox 1993 628 3631 701">
     <span class='ocr_line' id='line_1_37' title="bbox 1993 628 3631 701; baseline 0.002 -17"><span class='ocrx_word' id='word_1_255' title='bbox 1993 632 2308 700; x_wconf 89' lang='lat' dir='ltr'>potuerunt</span> <span class='ocrx_word' id='word_1_256' title='bbox 2337 628 2388 683; x_wconf 84' lang='lat' dir='ltr'>ei</span> <span class='ocrx_word' id='word_1_257' title='bbox 2419 630 2702 685; x_wconf 71' lang='lat' dir='ltr'>mdificare</span> <span class='ocrx_word' id='word_1_258' title='bbox 2723 630 3058 698; x_wconf 90' lang='lat' dir='ltr'>domum,eo</span> <span class='ocrx_word' id='word_1_259' title='bbox 3090 632 3243 701; x_wconf 87' lang='lat' dir='ltr'>quod</span> <span class='ocrx_word' id='word_1_260' title='bbox 3274 631 3379 686; x_wconf 92' lang='lat' dir='ltr'>viri</span> <span class='ocrx_word' id='word_1_261' title='bbox 3413 632 3631 688; x_wconf 89' lang='lat' dir='ltr'>fuerint</span> 
     </span>
    </p>
   </div>
   <div class='ocr_carea' id='block_1_38' title="bbox 1995 717 2877 790">
    <p class='ocr_par' dir='ltr' id='par_1_38' title="bbox 1995 717 2877 790">
     <span class='ocr_line' id='line_1_38' title="bbox 1995 717 2877 790; baseline -0.001 -16"><span class='ocrx_word' id='word_1_262' title='bbox 1995 718 2376 790; x_wconf 87' lang='lat' dir='ltr'>sanguinum,</span> <span class='ocrx_word' id='word_1_263' title='bbox 2408 717 2561 773; x_wconf 85' lang='lat' dir='ltr'>sicut</span> <span class='ocrx_word' id='word_1_264' title='bbox 2591 722 2647 773; x_wconf 89' lang='lat' dir='ltr'>et</span> <span class='ocrx_word' id='word_1_265' title='bbox 2682 719 2877 773; x_wconf 87' lang='lat' dir='ltr'>David.</span> 
     </span>
    </p>
   </div>
   <div class='ocr_carea' id='block_1_39' title="bbox 2065 806 3637 880">
    <p class='ocr_par' dir='ltr' id='par_1_39' title="bbox 2065 806 3637 880">
     <span class='ocr_line' id='line_1_39' title="bbox 2065 806 3637 880; baseline 0.006 -22"><span class='ocrx_word' id='word_1_266' title='bbox 2065 806 2250 878; x_wconf 88' lang='lat' dir='ltr'>(Vers.</span> <span class='ocrx_word' id='word_1_267' title='bbox 2281 807 2358 878; x_wconf 92' lang='lat'>7.)</span> <span class='ocrx_word' id='word_1_268' title='bbox 2391 830 2417 856; x_wconf 90' lang='grc'><strong>‹‹</strong></span> <span class='ocrx_word' id='word_1_269' title='bbox 2480 812 2590 861; x_wconf 91' lang='lat' dir='ltr'>Per</span> <span class='ocrx_word' id='word_1_270' title='bbox 2636 812 2847 862; x_wconf 89' lang='lat' dir='ltr'>cuncta</span> <span class='ocrx_word' id='word_1_271' title='bbox 2893 808 3020 863; x_wconf 87' lang='lat' dir='ltr'>loca</span> <span class='ocrx_word' id='word_1_272' title='bbox 3066 826 3195 880; x_wconf 67' lang='lat' dir='ltr'>quae</span> <span class='ocrx_word' id='word_1_273' title='bbox 3226 810 3469 866; x_wconf 87' lang='lat' dir='ltr'>transivi</span> <span class='ocrx_word' id='word_1_274' title='bbox 3503 826 3637 867; x_wconf 90' lang='lat' dir='ltr'>cum</span> 
     </span>
    </p>
   </div>
   <div class='ocr_carea' id='block_1_40' title="bbox 1994 895 3637 970">
    <p class='ocr_par' dir='ltr' id='par_1_40' title="bbox 1994 895 3637 970">
     <span class='ocr_line' id='line_1_40' title="bbox 1994 895 3637 970; baseline 0.003 -19"><span class='ocrx_word' id='word_1_275' title='bbox 1994 896 2270 951; x_wconf 90' lang='lat' dir='ltr'>omnibus</span> <span class='ocrx_word' id='word_1_276' title='bbox 2300 895 2434 950; x_wconf 80' lang='lat' dir='ltr'>ﬁliis</span> <span class='ocrx_word' id='word_1_277' title='bbox 2470 895 2936 968; x_wconf 82' lang='lat' dir='ltr'>lsrael,nunquid</span> <span class='ocrx_word' id='word_1_278' title='bbox 2968 897 3216 970; x_wconf 87' lang='lat' dir='ltr'>loquens</span> <span class='ocrx_word' id='word_1_279' title='bbox 3245 898 3473 955; x_wconf 87' lang='lat' dir='ltr'>locutus</span> <span class='ocrx_word' id='word_1_280' title='bbox 3504 916 3637 956; x_wconf 90' lang='lat' dir='ltr'>sum</span> 
     </span>
    </p>
   </div>
   <div class='ocr_carea' id='block_1_41' title="bbox 1996 985 3642 1060">
    <p class='ocr_par' dir='ltr' id='par_1_41' title="bbox 1996 985 3642 1060">
     <span class='ocr_line' id='line_1_41' title="bbox 1996 985 3642 1060; baseline 0.003 -21"><span class='ocrx_word' id='word_1_281' title='bbox 1996 986 2067 1040; x_wconf 90' lang='lat' dir='ltr'>ad</span> <span class='ocrx_word' id='word_1_282' title='bbox 2100 1002 2278 1040; x_wconf 90' lang='lat' dir='ltr'>unam</span> <span class='ocrx_word' id='word_1_283' title='bbox 2310 986 2380 1039; x_wconf 91' lang='lat' dir='ltr'>de</span> <span class='ocrx_word' id='word_1_284' title='bbox 2412 985 2683 1040; x_wconf 83' lang='lat' dir='ltr'>tribubus</span> <span class='ocrx_word' id='word_1_285' title='bbox 2717 986 2913 1052; x_wconf 85' lang='lat' dir='ltr'>Israel,</span> <span class='ocrx_word' id='word_1_286' title='bbox 2949 987 3041 1041; x_wconf 91' lang='lat' dir='ltr'>cui</span> <span class='ocrx_word' id='word_1_287' title='bbox 3074 989 3318 1059; x_wconf 68' lang='lat' dir='ltr'>praaeepi</span> <span class='ocrx_word' id='word_1_288' title='bbox 3351 992 3416 1043; x_wconf 93' lang='lat' dir='ltr'>ut</span> <span class='ocrx_word' id='word_1_289' title='bbox 3445 1004 3642 1060; x_wconf 90' lang='lat' dir='ltr'>pasce-</span> 
     </span>
    </p>
   </div>
   <div class='ocr_carea' id='block_1_42' title="bbox 1996 1073 3642 1146">
    <p class='ocr_par' dir='ltr' id='par_1_42' title="bbox 1996 1073 3642 1146">
     <span class='ocr_line' id='line_1_42' title="bbox 1996 1073 3642 1146; baseline 0.004 -18"><span class='ocrx_word' id='word_1_290' title='bbox 1996 1079 2084 1129; x_wconf 89' lang='lat' dir='ltr'>ret</span> <span class='ocrx_word' id='word_1_291' title='bbox 2140 1073 2420 1146; x_wconf 90' lang='lat' dir='ltr'>populum</span> <span class='ocrx_word' id='word_1_292' title='bbox 2481 1089 2676 1129; x_wconf 88' lang='lat' dir='ltr'>meum</span> <span class='ocrx_word' id='word_1_293' title='bbox 2714 1074 2907 1143; x_wconf 89' lang='lat' dir='ltr'>Israel,</span> <span class='ocrx_word' id='word_1_294' title='bbox 2970 1076 3209 1132; x_wconf 90' lang='lat' dir='ltr'>dicens:</span> <span class='ocrx_word' id='word_1_295' title='bbox 3275 1077 3465 1141; x_wconf 88' lang='lat' dir='ltr'>Quare</span> <span class='ocrx_word' id='word_1_296' title='bbox 3526 1095 3642 1135; x_wconf 89' lang='lat' dir='ltr'>non</span> 
     </span>
    </p>
   </div>
   <div class='ocr_carea' id='block_1_43' title="bbox 1995 1162 3644 1240">
    <p class='ocr_par' dir='ltr' id='par_1_43' title="bbox 1995 1162 3644 1240">
     <span class='ocr_line' id='line_1_43' title="bbox 1995 1162 3644 1240; baseline 0.003 -22"><span class='ocrx_word' id='word_1_297' title='bbox 1995 1162 2293 1218; x_wconf 80' lang='lat' dir='ltr'>aediﬁcasti</span> <span class='ocrx_word' id='word_1_298' title='bbox 2322 1162 2467 1217; x_wconf 91' lang='lat' dir='ltr'>mihi</span> <span class='ocrx_word' id='word_1_299' title='bbox 2499 1163 2738 1219; x_wconf 89' lang='lat' dir='ltr'>domum</span> <span class='ocrx_word' id='word_1_300' title='bbox 2774 1165 3070 1220; x_wconf 80' lang='lat' dir='ltr'>cedrinain</span> <span class='ocrx_word' id='word_1_301' title='bbox 3094 1165 3121 1219; x_wconf 85' lang='lat'><strong>?</strong></span> <span class='ocrx_word' id='word_1_302' title='bbox 3154 1188 3181 1216; x_wconf 84' lang='lat'>»</span> <span class='ocrx_word' id='word_1_303' title='bbox 3219 1166 3349 1222; x_wconf 69' lang='lat' dir='ltr'>Haec</span> <span class='ocrx_word' id='word_1_304' title='bbox 3380 1166 3507 1223; x_wconf 88' lang='lat' dir='ltr'>loca</span> <span class='ocrx_word' id='word_1_305' title='bbox 3540 1184 3644 1240; x_wconf 89' lang='lat' dir='ltr'>per</span> 
     </span>
    </p>
   </div>
   <div class='ocr_carea' id='block_1_44' title="bbox 1994 1252 3631 1327">
    <p class='ocr_par' dir='ltr' id='par_1_44' title="bbox 1994 1252 3631 1327">
     <span class='ocr_line' id='line_1_44' title="bbox 1994 1252 3631 1327; baseline 0.003 -20"><span class='ocrx_word' id='word_1_306' title='bbox 1994 1269 2121 1324; x_wconf 72' lang='lat' dir='ltr'>quae</span> <span class='ocrx_word' id='word_1_307' title='bbox 2153 1268 2214 1308; x_wconf 89' lang='lat' dir='ltr'>se</span> <span class='ocrx_word' id='word_1_308' title='bbox 2244 1252 2527 1307; x_wconf 87' lang='lat' dir='ltr'>transisse</span> <span class='ocrx_word' id='word_1_309' title='bbox 2556 1253 2835 1308; x_wconf 86' lang='lat' dir='ltr'>Dominus</span> <span class='ocrx_word' id='word_1_310' title='bbox 2868 1254 3026 1319; x_wconf 89' lang='lat' dir='ltr'>dicit,</span> <span class='ocrx_word' id='word_1_311' title='bbox 3058 1254 3435 1327; x_wconf 87' lang='lat' dir='ltr'>intelligenda</span> <span class='ocrx_word' id='word_1_312' title='bbox 3489 1260 3631 1312; x_wconf 90' lang='lat' dir='ltr'>sunt</span> 
     </span>
    </p>
   </div>
   <div class='ocr_carea' id='block_1_45' title="bbox 1995 1340 3642 1412">
    <p class='ocr_par' dir='ltr' id='par_1_45' title="bbox 1995 1340 3642 1412">
     <span class='ocr_line' id='line_1_45' title="bbox 1995 1340 3642 1412; baseline 0.002 -16"><span class='ocrx_word' id='word_1_313' title='bbox 1995 1341 2115 1396; x_wconf 90' lang='lat' dir='ltr'>Silo</span> <span class='ocrx_word' id='word_1_314' title='bbox 2146 1346 2204 1395; x_wconf 92' lang='lat' dir='ltr'>et</span> <span class='ocrx_word' id='word_1_315' title='bbox 2234 1340 2474 1412; x_wconf 86' lang='lat' dir='ltr'>Galgala</span> <span class='ocrx_word' id='word_1_316' title='bbox 2507 1346 2562 1396; x_wconf 89' lang='lat' dir='ltr'>et</span> <span class='ocrx_word' id='word_1_317' title='bbox 2590 1342 2771 1407; x_wconf 84' lang='lat' dir='ltr'>Nobe,</span> <span class='ocrx_word' id='word_1_318' title='bbox 2811 1346 2868 1397; x_wconf 92' lang='lat' dir='ltr'>et</span> <span class='ocrx_word' id='word_1_319' title='bbox 2900 1346 3102 1398; x_wconf 68' lang='lat' dir='ltr'>caetera</span> <span class='ocrx_word' id='word_1_320' title='bbox 3133 1342 3259 1399; x_wconf 89' lang='lat' dir='ltr'>loca</span> <span class='ocrx_word' id='word_1_321' title='bbox 3292 1345 3390 1399; x_wconf 88' lang='lat' dir='ltr'>ubi</span> <span class='ocrx_word' id='word_1_322' title='bbox 3449 1343 3642 1401; x_wconf 89' lang='lat' dir='ltr'>taber-</span> 
     </span>
    </p>
   </div>
   <div class='ocr_carea' id='block_1_46' title="bbox 1996 1429 3643 1506">
    <p class='ocr_par' dir='ltr' id='par_1_46' title="bbox 1996 1429 3643 1506">
     <span class='ocr_line' id='line_1_46' title="bbox 1996 1429 3643 1506; baseline 0.002 -21"><span class='ocrx_word' id='word_1_323' title='bbox 1996 1429 2275 1485; x_wconf 89' lang='lat' dir='ltr'>naculum</span> <span class='ocrx_word' id='word_1_324' title='bbox 2309 1434 2365 1484; x_wconf 91' lang='lat' dir='ltr'>et</span> <span class='ocrx_word' id='word_1_325' title='bbox 2390 1447 2524 1485; x_wconf 84' lang='lat' dir='ltr'>arca</span> <span class='ocrx_word' id='word_1_326' title='bbox 2558 1430 2783 1485; x_wconf 88' lang='lat' dir='ltr'>Domini</span> <span class='ocrx_word' id='word_1_327' title='bbox 2818 1431 3097 1487; x_wconf 89' lang='lat' dir='ltr'>collocata</span> <span class='ocrx_word' id='word_1_328' title='bbox 3121 1432 3246 1488; x_wconf 84' lang='lat' dir='ltr'>fuit.</span> <span class='ocrx_word' id='word_1_329' title='bbox 3284 1456 3304 1481; x_wconf 71' lang='grc' dir='ltr'>α</span> <span class='ocrx_word' id='word_1_330' title='bbox 3342 1433 3643 1506; x_wconf 85' lang='lat' dir='ltr'>Numquid</span> 
     </span>
    </p>
   </div>
   <div class='ocr_carea' id='block_1_47' title="bbox 1996 1517 3643 1591">
    <p class='ocr_par' dir='ltr' id='par_1_47' title="bbox 1996 1517 3643 1591">
     <span class='ocr_line' id='line_1_47' title="bbox 1996 1517 3643 1591; baseline 0.003 -18"><span class='ocrx_word' id='word_1_331' title='bbox 1996 1517 2243 1590; x_wconf 84' lang='lat' dir='ltr'>loquens</span> <span class='ocrx_word' id='word_1_332' title='bbox 2271 1517 2501 1574; x_wconf 90' lang='lat' dir='ltr'>locutus</span> <span class='ocrx_word' id='word_1_333' title='bbox 2532 1536 2664 1575; x_wconf 90' lang='lat' dir='ltr'>sum</span> <span class='ocrx_word' id='word_1_334' title='bbox 2689 1518 2864 1575; x_wconf 87' lang='lat' dir='ltr'>alicui</span> <span class='ocrx_word' id='word_1_335' title='bbox 2889 1521 3080 1591; x_wconf 89' lang='lat' dir='ltr'>judici</span> <span class='ocrx_word' id='word_1_336' title='bbox 3102 1521 3173 1588; x_wconf 80' lang='lat' dir='ltr'>de</span> <span class='ocrx_word' id='word_1_337' title='bbox 3197 1522 3467 1577; x_wconf 88' lang='lat' dir='ltr'>tribubus</span> <span class='ocrx_word' id='word_1_338' title='bbox 3495 1527 3643 1578; x_wconf 86' lang='lat' dir='ltr'>Isra-</span> 
     </span>
    </p>
   </div>
   <div class='ocr_carea' id='block_1_48' title="bbox 1994 1606 3636 1681">
    <p class='ocr_par' dir='ltr' id='par_1_48' title="bbox 1994 1606 3636 1681">
     <span class='ocr_line' id='line_1_48' title="bbox 1994 1606 3636 1681; baseline 0.003 -19"><span class='ocrx_word' id='word_1_339' title='bbox 1994 1606 2047 1662; x_wconf 91' lang='lat' dir='ltr'>el</span> <span class='ocrx_word' id='word_1_340' title='bbox 2079 1607 2172 1661; x_wconf 91' lang='lat' dir='ltr'>cui</span> <span class='ocrx_word' id='word_1_341' title='bbox 2203 1608 2445 1679; x_wconf 67' lang='lat' dir='ltr'>praecepi</span> <span class='ocrx_word' id='word_1_342' title='bbox 2478 1613 2542 1662; x_wconf 91' lang='lat' dir='ltr'>ut</span> <span class='ocrx_word' id='word_1_343' title='bbox 2581 1614 2842 1679; x_wconf 88' lang='lat' dir='ltr'>pasceret</span> <span class='ocrx_word' id='word_1_344' title='bbox 2874 1610 3158 1681; x_wconf 90' lang='lat' dir='ltr'>populum</span> <span class='ocrx_word' id='word_1_345' title='bbox 3187 1627 3384 1667; x_wconf 90' lang='lat' dir='ltr'>meum</span> <span class='ocrx_word' id='word_1_346' title='bbox 3434 1610 3636 1677; x_wconf 87' lang='lat' dir='ltr'>Israel,</span> 
     </span>
    </p>
   </div>
   <div class='ocr_carea' id='block_1_49' title="bbox 1996 1696 3648 1760">
    <p class='ocr_par' dir='ltr' id='par_1_49' title="bbox 1996 1696 3648 1760">
     <span class='ocr_line' id='line_1_49' title="bbox 1996 1696 3648 1760; baseline 0.002 -10"><span class='ocrx_word' id='word_1_347' title='bbox 1996 1696 2233 1752; x_wconf 87' lang='lat' dir='ltr'>dicens:</span> <span class='ocrx_word' id='word_1_348' title='bbox 2276 1698 2461 1760; x_wconf 89' lang='lat' dir='ltr'>Quare</span> <span class='ocrx_word' id='word_1_349' title='bbox 2488 1712 2603 1751; x_wconf 92' lang='lat' dir='ltr'>non</span> <span class='ocrx_word' id='word_1_350' title='bbox 2638 1696 2936 1753; x_wconf 69' lang='lat' dir='ltr'>aedificasti</span> <span class='ocrx_word' id='word_1_351' title='bbox 2981 1699 3127 1753; x_wconf 92' lang='lat' dir='ltr'>mihi</span> <span class='ocrx_word' id='word_1_352' title='bbox 3160 1700 3413 1754; x_wconf 70' lang='lat' dir='ltr'>dsamum</span> <span class='ocrx_word' id='word_1_353' title='bbox 3461 1699 3648 1755; x_wconf 90' lang='lat' dir='ltr'>cedri-</span> 
     </span>
    </p>
   </div>
   <div class='ocr_carea' id='block_1_50' title="bbox 1997 1783 3653 1856">
    <p class='ocr_par' dir='ltr' id='par_1_50' title="bbox 1997 1783 3653 1856">
     <span class='ocr_line' id='line_1_50' title="bbox 1997 1783 3653 1856; baseline 0.007 -18"><span class='ocrx_word' id='word_1_354' title='bbox 1997 1800 2133 1839; x_wconf 91' lang='lat' dir='ltr'>nam</span> <span class='ocrx_word' id='word_1_355' title='bbox 2158 1783 2185 1838; x_wconf 85' lang='lat'><strong>?</strong></span> <span class='ocrx_word' id='word_1_356' title='bbox 2222 1806 2242 1835; x_wconf 81' lang='grc' dir='ltr'>ι</span> <span class='ocrx_word' id='word_1_357' title='bbox 2278 1784 2496 1840; x_wconf 88' lang='lat' dir='ltr'>Idcirco</span> <span class='ocrx_word' id='word_1_358' title='bbox 2524 1801 2557 1839; x_wconf 89' lang='lat' dir='ltr'>a</span> <span class='ocrx_word' id='word_1_359' title='bbox 2584 1783 2745 1840; x_wconf 89' lang='lat' dir='ltr'>nullo</span> <span class='ocrx_word' id='word_1_360' title='bbox 2769 1785 3065 1856; x_wconf 86' lang='lat' dir='ltr'>judicium</span> <span class='ocrx_word' id='word_1_361' title='bbox 3100 1787 3210 1842; x_wconf 88' lang='lat' dir='ltr'>sibi</span> <span class='ocrx_word' id='word_1_362' title='bbox 3248 1789 3519 1847; x_wconf 65' lang='lat' dir='ltr'>aedificari</span> <span class='ocrx_word' id='word_1_363' title='bbox 3551 1794 3653 1849; x_wconf 93' lang='lat' dir='ltr'>do-</span> 
     </span>
    </p>
   </div>
   <div class='ocr_carea' id='block_1_51' title="bbox 2002 1872 3651 1946">
    <p class='ocr_par' dir='ltr' id='par_1_51' title="bbox 2002 1872 3651 1946">
     <span class='ocr_line' id='line_1_51' title="bbox 2002 1872 3651 1946; baseline 0.008 -20"><span class='ocrx_word' id='word_1_364' title='bbox 2002 1890 2163 1927; x_wconf 91' lang='lat' dir='ltr'>mum</span> <span class='ocrx_word' id='word_1_365' title='bbox 2197 1872 2494 1928; x_wconf 88' lang='lat' dir='ltr'>cedrinam</span> <span class='ocrx_word' id='word_1_366' title='bbox 2516 1873 2718 1944; x_wconf 81' lang='lat' dir='ltr'>jussit,</span> <span class='ocrx_word' id='word_1_367' title='bbox 2754 1875 2893 1946; x_wconf 91' lang='lat' dir='ltr'>quia</span> <span class='ocrx_word' id='word_1_368' title='bbox 2921 1876 2993 1930; x_wconf 91' lang='lat' dir='ltr'>ab</span> <span class='ocrx_word' id='word_1_369' title='bbox 3028 1872 3303 1933; x_wconf 88' lang='lat' dir='ltr'>omnibus</span> <span class='ocrx_word' id='word_1_370' title='bbox 3326 1885 3528 1938; x_wconf 91' lang='lat' dir='ltr'>contra</span> <span class='ocrx_word' id='word_1_371' title='bbox 3551 1882 3651 1941; x_wconf 89' lang='lat' dir='ltr'>ho-</span> 
     </span>
    </p>
   </div>
   <div class='ocr_carea' id='block_1_52' title="bbox 2000 1962 3648 2034">
    <p class='ocr_par' dir='ltr' id='par_1_52' title="bbox 2000 1962 3648 2034">
     <span class='ocr_line' id='line_1_52' title="bbox 2000 1962 3648 2034; baseline 0.007 -17"><span class='ocrx_word' id='word_1_372' title='bbox 2000 1966 2117 2018; x_wconf 89' lang='lat' dir='ltr'>stes</span> <span class='ocrx_word' id='word_1_373' title='bbox 2149 1966 2473 2034; x_wconf 84' lang='lat' dir='ltr'>pugnatum</span> <span class='ocrx_word' id='word_1_374' title='bbox 2505 1962 2697 2030; x_wconf 87' lang='lat' dir='ltr'>fuit,et</span> <span class='ocrx_word' id='word_1_375' title='bbox 2721 1979 2925 2019; x_wconf 90' lang='lat' dir='ltr'>omnes</span> <span class='ocrx_word' id='word_1_376' title='bbox 2950 1964 3230 2021; x_wconf 79' lang='lat' dir='ltr'>eﬂ‘usores</span> <span class='ocrx_word' id='word_1_377' title='bbox 3256 1967 3491 2026; x_wconf 88' lang='lat' dir='ltr'>fuerunt</span> <span class='ocrx_word' id='word_1_378' title='bbox 3511 1988 3648 2028; x_wconf 85' lang='lat' dir='ltr'>san-</span> 
     </span>
    </p>
   </div>
   <div class='ocr_carea' id='block_1_53' title="bbox 1998 2049 3645 2122">
    <p class='ocr_par' dir='ltr' id='par_1_53' title="bbox 1998 2049 3645 2122">
     <span class='ocr_line' id='line_1_53' title="bbox 1998 2049 3645 2122; baseline 0.007 -18"><span class='ocrx_word' id='word_1_379' title='bbox 1998 2051 2267 2122; x_wconf 85' lang='lat' dir='ltr'>guinum.</span> <span class='ocrx_word' id='word_1_380' title='bbox 2304 2049 2483 2106; x_wconf 83' lang='lat' dir='ltr'>Filius</span> <span class='ocrx_word' id='word_1_381' title='bbox 2515 2054 2710 2106; x_wconf 89' lang='lat' dir='ltr'>autem</span> <span class='ocrx_word' id='word_1_382' title='bbox 2751 2053 3014 2121; x_wconf 89' lang='lat' dir='ltr'>tuus,cui</span> <span class='ocrx_word' id='word_1_383' title='bbox 3047 2070 3160 2108; x_wconf 89' lang='lat' dir='ltr'>non</span> <span class='ocrx_word' id='word_1_384' title='bbox 3192 2055 3499 2113; x_wconf 88' lang='lat' dir='ltr'>instabunt</span> <span class='ocrx_word' id='word_1_385' title='bbox 3527 2059 3645 2116; x_wconf 84' lang='lat' dir='ltr'>bel-</span> 
     </span>
    </p>
   </div>
   <div class='ocr_carea' id='block_1_54' title="bbox 1999 2138 3647 2220">
    <p class='ocr_par' dir='ltr' id='par_1_54' title="bbox 1999 2138 3647 2220">
     <span class='ocr_line' id='line_1_54' title="bbox 1999 2138 3647 2220; baseline 0.007 -27"><span class='ocrx_word' id='word_1_386' title='bbox 1999 2138 2057 2193; x_wconf 89' lang='lat' dir='ltr'>la</span> <span class='ocrx_word' id='word_1_387' title='bbox 2087 2139 2366 2207; x_wconf 91' lang='lat' dir='ltr'>hostium,</span> <span class='ocrx_word' id='word_1_388' title='bbox 2426 2143 2484 2194; x_wconf 92' lang='lat' dir='ltr'>et</span> <span class='ocrx_word' id='word_1_389' title='bbox 2540 2140 2637 2211; x_wconf 89' lang='lat' dir='ltr'>qui</span> <span class='ocrx_word' id='word_1_390' title='bbox 2696 2156 2811 2195; x_wconf 90' lang='lat' dir='ltr'>non</span> <span class='ocrx_word' id='word_1_391' title='bbox 2855 2142 2965 2197; x_wconf 90' lang='lat' dir='ltr'>erit</span> <span class='ocrx_word' id='word_1_392' title='bbox 2995 2159 3081 2197; x_wconf 69' lang='lat' dir='ltr'>vnr</span> <span class='ocrx_word' id='word_1_393' title='bbox 3110 2144 3490 2215; x_wconf 90' lang='lat' dir='ltr'>sanguinum,</span> <span class='ocrx_word' id='word_1_394' title='bbox 3523 2148 3647 2220; x_wconf 85' lang='lat' dir='ltr'>ipse</span> 
     </span>
    </p>
   </div>
   <div class='ocr_carea' id='block_1_55' title="bbox 2001 2227 2755 2284">
    <p class='ocr_par' dir='ltr' id='par_1_55' title="bbox 2001 2227 2755 2284">
     <span class='ocr_line' id='line_1_55' title="bbox 2001 2227 2755 2284; baseline 0.001 -2"><span class='ocrx_word' id='word_1_395' title='bbox 2001 2227 2316 2283; x_wconf 73' lang='lat' dir='ltr'>aadiﬁcabit</span> <span class='ocrx_word' id='word_1_396' title='bbox 2346 2227 2490 2283; x_wconf 90' lang='lat' dir='ltr'>mihi</span> <span class='ocrx_word' id='word_1_397' title='bbox 2513 2228 2755 2284; x_wconf 89' lang='lat' dir='ltr'>donum.</span> 
     </span>
    </p>
   </div>
   <div class='ocr_carea' id='block_1_56' title="bbox 2073 2316 3644 2389">
    <p class='ocr_par' dir='ltr' id='par_1_56' title="bbox 2073 2316 3644 2389">
     <span class='ocr_line' id='line_1_56' title="bbox 2073 2316 3644 2389; baseline 0.009 -20"><span class='ocrx_word' id='word_1_398' title='bbox 2073 2316 2261 2389; x_wconf 81' lang='lat' dir='ltr'>(Vers.</span> <span class='ocrx_word' id='word_1_399' title='bbox 2293 2319 2346 2388; x_wconf 83' lang='lat'>8,</span> <span class='ocrx_word' id='word_1_400' title='bbox 2375 2317 2454 2387; x_wconf 84' lang='lat'>9.)</span> <span class='ocrx_word' id='word_1_401' title='bbox 2487 2340 2514 2367; x_wconf 74' lang='grc' dir='ltr'><strong>ι‹</strong></span> <span class='ocrx_word' id='word_1_402' title='bbox 2547 2318 2615 2372; x_wconf 87' lang='lat' dir='ltr'>Et</span> <span class='ocrx_word' id='word_1_403' title='bbox 2644 2335 2797 2374; x_wconf 82' lang='lat' dir='ltr'>nunc</span> <span class='ocrx_word' id='word_1_404' title='bbox 2827 2318 2946 2374; x_wconf 66' lang='lat' dir='ltr'>haec</span> <span class='ocrx_word' id='word_1_405' title='bbox 2977 2320 3134 2376; x_wconf 90' lang='lat' dir='ltr'>dices</span> <span class='ocrx_word' id='word_1_406' title='bbox 3182 2338 3345 2379; x_wconf 85' lang='lat' dir='ltr'>servo</span> <span class='ocrx_word' id='word_1_407' title='bbox 3378 2340 3505 2381; x_wconf 90' lang='lat' dir='ltr'>meo</span> <span class='ocrx_word' id='word_1_408' title='bbox 3536 2330 3644 2382; x_wconf 89' lang='lat' dir='ltr'>Da-</span> 
     </span>
    </p>
   </div>
   <div class='ocr_carea' id='block_1_57' title="bbox 1999 2404 3642 2484">
    <p class='ocr_par' dir='ltr' id='par_1_57' title="bbox 1999 2404 3642 2484">
     <span class='ocr_line' id='line_1_57' title="bbox 1999 2404 3642 2484; baseline 0.007 -26"><span class='ocrx_word' id='word_1_409' title='bbox 1999 2404 2131 2460; x_wconf 89' lang='lat' dir='ltr'>vid:</span> <span class='ocrx_word' id='word_1_410' title='bbox 2167 2405 2296 2460; x_wconf 75' lang='lat' dir='ltr'>Haec</span> <span class='ocrx_word' id='word_1_411' title='bbox 2325 2405 2466 2461; x_wconf 86' lang='lat' dir='ltr'>dicit</span> <span class='ocrx_word' id='word_1_412' title='bbox 2496 2406 2776 2463; x_wconf 86' lang='lat' dir='ltr'>Dominus</span> <span class='ocrx_word' id='word_1_413' title='bbox 2803 2408 3202 2464; x_wconf 86' lang='lat' dir='ltr'>exercituum:</span> <span class='ocrx_word' id='word_1_414' title='bbox 3236 2411 3386 2484; x_wconf 88' lang='lat' dir='ltr'>Ergo</span> <span class='ocrx_word' id='word_1_415' title='bbox 3444 2411 3553 2468; x_wconf 89' lang='lat' dir='ltr'>tuli</span> <span class='ocrx_word' id='word_1_416' title='bbox 3586 2419 3642 2471; x_wconf 90' lang='lat' dir='ltr'>te</span> 
     </span>
    </p>
   </div>
   <div class='ocr_carea' id='block_1_58' title="bbox 2002 2494 3641 2575">
    <p class='ocr_par' dir='ltr' id='par_1_58' title="bbox 2002 2494 3641 2575">
     <span class='ocr_line' id='line_1_58' title="bbox 2002 2494 3641 2575; baseline 0.007 -26"><span class='ocrx_word' id='word_1_417' title='bbox 2002 2495 2074 2550; x_wconf 91' lang='lat' dir='ltr'>de</span> <span class='ocrx_word' id='word_1_418' title='bbox 2127 2494 2361 2566; x_wconf 88' lang='lat' dir='ltr'>pascuis</span> <span class='ocrx_word' id='word_1_419' title='bbox 2408 2499 2749 2567; x_wconf 88' lang='lat' dir='ltr'>sequentem</span> <span class='ocrx_word' id='word_1_420' title='bbox 2799 2513 3055 2569; x_wconf 85' lang='lat' dir='ltr'>gregem.</span> <span class='ocrx_word' id='word_1_421' title='bbox 3102 2519 3131 2547; x_wconf 83' lang='lat'>»</span> <span class='ocrx_word' id='word_1_422' title='bbox 3160 2500 3230 2554; x_wconf 89' lang='lat' dir='ltr'>Et</span> <span class='ocrx_word' id='word_1_423' title='bbox 3258 2506 3389 2572; x_wconf 88' lang='lat' dir='ltr'>post</span> <span class='ocrx_word' id='word_1_424' title='bbox 3420 2519 3641 2575; x_wconf 89' lang='lat' dir='ltr'>pauca:</span> 
     </span>
    </p>
   </div>
   <div class='ocr_carea' id='block_1_59' title="bbox 2002 2583 3647 2663">
    <p class='ocr_par' dir='ltr' id='par_1_59' title="bbox 2002 2583 3647 2663">
     <span class='ocr_line' id='line_1_59' title="bbox 2002 2583 3647 2663; baseline 0.009 -30"><span class='ocrx_word' id='word_1_425' title='bbox 2002 2606 2030 2633; x_wconf 92' lang='grc'>‹‹</span> <span class='ocrx_word' id='word_1_426' title='bbox 2067 2583 2309 2656; x_wconf 83' lang='lat' dir='ltr'>Fecique</span> <span class='ocrx_word' id='word_1_427' title='bbox 2339 2583 2445 2639; x_wconf 89' lang='lat' dir='ltr'>tibi</span> <span class='ocrx_word' id='word_1_428' title='bbox 2478 2600 2692 2640; x_wconf 91' lang='lat' dir='ltr'>nomen</span> <span class='ocrx_word' id='word_1_429' title='bbox 2725 2586 3138 2657; x_wconf 86' lang='lat' dir='ltr'>grandejuxta</span> <span class='ocrx_word' id='word_1_430' title='bbox 3167 2605 3382 2645; x_wconf 88' lang='lat' dir='ltr'>nomen</span> <span class='ocrx_word' id='word_1_431' title='bbox 3405 2607 3647 2663; x_wconf 88' lang='lat' dir='ltr'>magno-</span> 
     </span>
    </p>
   </div>
   <div class='ocr_carea' id='block_1_60' title="bbox 2001 2673 3644 2748">
    <p class='ocr_par' dir='ltr' id='par_1_60' title="bbox 2001 2673 3644 2748">
     <span class='ocr_line' id='line_1_60' title="bbox 2001 2673 3644 2748; baseline 0.006 -21"><span class='ocrx_word' id='word_1_432' title='bbox 2001 2682 2133 2728; x_wconf 83' lang='lat' dir='ltr'>ru’m</span> <span class='ocrx_word' id='word_1_433' title='bbox 2166 2673 2263 2745; x_wconf 91' lang='lat' dir='ltr'>qui</span> <span class='ocrx_word' id='word_1_434' title='bbox 2295 2677 2433 2728; x_wconf 88' lang='lat' dir='ltr'>sunt</span> <span class='ocrx_word' id='word_1_435' title='bbox 2462 2673 2521 2727; x_wconf 90' lang='lat' dir='ltr'>in</span> <span class='ocrx_word' id='word_1_436' title='bbox 2555 2677 2725 2730; x_wconf 90' lang='lat' dir='ltr'>terra.</span> <span class='ocrx_word' id='word_1_437' title='bbox 2764 2696 2791 2723; x_wconf 90' lang='grc'>››</span> <span class='ocrx_word' id='word_1_438' title='bbox 2824 2675 2972 2742; x_wconf 88' lang='lat' dir='ltr'>Feci,</span> <span class='ocrx_word' id='word_1_439' title='bbox 3005 2676 3196 2747; x_wconf 89' lang='lat' dir='ltr'>inquit</span> <span class='ocrx_word' id='word_1_440' title='bbox 3214 2678 3515 2748; x_wconf 89' lang='lat' dir='ltr'>Dominus,</span> <span class='ocrx_word' id='word_1_441' title='bbox 3534 2681 3644 2737; x_wconf 92' lang='lat' dir='ltr'>tibi</span> 
     </span>
    </p>
   </div>
   <div class='ocr_carea' id='block_1_61' title="bbox 2002 2762 3640 2835">
    <p class='ocr_par' dir='ltr' id='par_1_61' title="bbox 2002 2762 3640 2835">
     <span class='ocr_line' id='line_1_61' title="bbox 2002 2762 3640 2835; baseline 0.006 -19"><span class='ocrx_word' id='word_1_442' title='bbox 2002 2778 2215 2817; x_wconf 89' lang='lat' dir='ltr'>nomen</span> <span class='ocrx_word' id='word_1_443' title='bbox 2245 2762 2484 2834; x_wconf 90' lang='lat' dir='ltr'>grande,</span> <span class='ocrx_word' id='word_1_444' title='bbox 2519 2762 2671 2818; x_wconf 91' lang='lat' dir='ltr'>sicut</span> <span class='ocrx_word' id='word_1_445' title='bbox 2702 2763 2809 2818; x_wconf 86' lang='lat' dir='ltr'>feci</span> <span class='ocrx_word' id='word_1_446' title='bbox 2838 2763 3155 2835; x_wconf 86' lang='lat' dir='ltr'>Abraham,</span> <span class='ocrx_word' id='word_1_447' title='bbox 3187 2770 3446 2833; x_wconf 90' lang='lat' dir='ltr'>Isaac,et</span> <span class='ocrx_word' id='word_1_448' title='bbox 3464 2770 3640 2826; x_wconf 77' lang='lat' dir='ltr'>Jacob</span> 
     </span>
    </p>
   </div>
   <div class='ocr_carea' id='block_1_62' title="bbox 2001 2850 3641 2923">
    <p class='ocr_par' dir='ltr' id='par_1_62' title="bbox 2001 2850 3641 2923">
     <span class='ocr_line' id='line_1_62' title="bbox 2001 2850 3641 2923; baseline 0.006 -18"><span class='ocrx_word' id='word_1_449' title='bbox 2001 2854 2058 2905; x_wconf 86' lang='lat' dir='ltr'>et</span> <span class='ocrx_word' id='word_1_450' title='bbox 2087 2850 2263 2923; x_wconf 57' lang='lat' dir='ltr'>Mojsi</span> <span class='ocrx_word' id='word_1_451' title='bbox 2296 2855 2351 2905; x_wconf 91' lang='lat' dir='ltr'>et</span> <span class='ocrx_word' id='word_1_452' title='bbox 2378 2850 2592 2907; x_wconf 87' lang='lat' dir='ltr'>Josue:</span> <span class='ocrx_word' id='word_1_453' title='bbox 2628 2868 2878 2923; x_wconf 89' lang='lat' dir='ltr'>quorum</span> <span class='ocrx_word' id='word_1_454' title='bbox 2911 2853 3149 2909; x_wconf 89' lang='lat' dir='ltr'>nomina</span> <span class='ocrx_word' id='word_1_455' title='bbox 3179 2860 3318 2910; x_wconf 89' lang='lat' dir='ltr'>sunt</span> <span class='ocrx_word' id='word_1_456' title='bbox 3365 2856 3641 2915; x_wconf 88' lang='lat' dir='ltr'>famosis-</span> 
     </span>
    </p>
   </div>
   <div class='ocr_carea' id='block_1_63' title="bbox 2001 2938 2435 2995">
    <p class='ocr_par' dir='ltr' id='par_1_63' title="bbox 2001 2938 2435 2995">
     <span class='ocr_line' id='line_1_63' title="bbox 2001 2938 2435 2995; baseline 0 -2"><span class='ocrx_word' id='word_1_457' title='bbox 2001 2938 2153 2994; x_wconf 91' lang='lat' dir='ltr'>sima</span> <span class='ocrx_word' id='word_1_458' title='bbox 2182 2939 2236 2993; x_wconf 91' lang='lat' dir='ltr'>in</span> <span class='ocrx_word' id='word_1_459' title='bbox 2262 2943 2435 2995; x_wconf 87' lang='lat' dir='ltr'>terra.</span> 
     </span>
    </p>
   </div>
   <div class='ocr_carea' id='block_1_64' title="bbox 2071 3027 3642 3105">
    <p class='ocr_par' dir='ltr' id='par_1_64' title="bbox 2071 3027 3642 3105">
     <span class='ocr_line' id='line_1_64' title="bbox 2071 3027 3642 3105; baseline 0.006 -23"><span class='ocrx_word' id='word_1_460' title='bbox 2071 3027 2254 3100; x_wconf 91' lang='lat' dir='ltr'>(Vers,</span> <span class='ocrx_word' id='word_1_461' title='bbox 2287 3028 2399 3099; x_wconf 84' lang='grc'><strong>10.)</strong></span> <span class='ocrx_word' id='word_1_462' title='bbox 2432 3051 2459 3078; x_wconf 91' lang='grc'>‹‹</span> <span class='ocrx_word' id='word_1_463' title='bbox 2494 3029 2560 3083; x_wconf 88' lang='lat' dir='ltr'>Et</span> <span class='ocrx_word' id='word_1_464' title='bbox 2590 3046 2802 3101; x_wconf 91' lang='lat' dir='ltr'>ponam</span> <span class='ocrx_word' id='word_1_465' title='bbox 2834 3029 3028 3086; x_wconf 91' lang='lat' dir='ltr'>locum</span> <span class='ocrx_word' id='word_1_466' title='bbox 3060 3032 3273 3105; x_wconf 92' lang='lat' dir='ltr'>populo</span> <span class='ocrx_word' id='word_1_467' title='bbox 3306 3051 3436 3091; x_wconf 92' lang='lat' dir='ltr'>meo</span> <span class='ocrx_word' id='word_1_468' title='bbox 3462 3036 3642 3093; x_wconf 87' lang='lat' dir='ltr'>Israel</span> 
     </span>
    </p>
   </div>
   <div class='ocr_carea' id='block_1_65' title="bbox 2000 3116 3645 3187">
    <p class='ocr_par' dir='ltr' id='par_1_65' title="bbox 2000 3116 3645 3187">
     <span class='ocr_line' id='line_1_65' title="bbox 2000 3116 3645 3187; baseline 0.007 -17"><span class='ocrx_word' id='word_1_469' title='bbox 2000 3119 2058 3171; x_wconf 90' lang='lat' dir='ltr'>et</span> <span class='ocrx_word' id='word_1_470' title='bbox 2085 3116 2359 3187; x_wconf 88' lang='lat' dir='ltr'>plantabo</span> <span class='ocrx_word' id='word_1_471' title='bbox 2391 3133 2545 3179; x_wconf 90' lang='lat' dir='ltr'>eum.</span> <span class='ocrx_word' id='word_1_472' title='bbox 2580 3122 2637 3173; x_wconf 88' lang='lat' dir='ltr'>et</span> <span class='ocrx_word' id='word_1_473' title='bbox 2666 3118 2951 3174; x_wconf 89' lang='lat' dir='ltr'>habitabit</span> <span class='ocrx_word' id='word_1_474' title='bbox 2981 3121 3091 3175; x_wconf 89' lang='lat' dir='ltr'>sub</span> <span class='ocrx_word' id='word_1_475' title='bbox 3121 3137 3208 3176; x_wconf 92' lang='lat' dir='ltr'>eo.</span> <span class='ocrx_word' id='word_1_476' title='bbox 3242 3144 3262 3171; x_wconf 77' lang='grc' dir='ltr'>ι</span> <span class='ocrx_word' id='word_1_477' title='bbox 3299 3122 3415 3178; x_wconf 85' lang='grc' dir='ltr'>Ηοο</span> <span class='ocrx_word' id='word_1_478' title='bbox 3438 3123 3645 3181; x_wconf 91' lang='lat' dir='ltr'>inloco</span> 
     </span>
    </p>
   </div>
   <div class='ocr_carea' id='block_1_66' title="bbox 2502 3194 3351 3222">
    <p class='ocr_par' dir='ltr' id='par_1_66' title="bbox 2502 3194 3351 3222">
     <span class='ocr_line' id='line_1_66' title="bbox 2502 3194 3351 3222; baseline 0.002 -2"><span class='ocrx_word' id='word_1_479' title='bbox 2502 3194 2523 3213; x_wconf 61' lang='grc'><em>’³</em></span> <span class='ocrx_word' id='word_1_480' title='bbox 2569 3206 2578 3217; x_wconf 67' lang='grc' dir='ltr'><strong>ο</strong></span> <span class='ocrx_word' id='word_1_481' title='bbox 2939 3210 2954 3222; x_wconf 59' lang='grc' dir='ltr'><strong>Ὦ</strong></span> <span class='ocrx_word' id='word_1_482' title='bbox 3096 3210 3127 3222; x_wconf 78' lang='grc' dir='ltr'><strong>ΙΙ</strong></span> <span class='ocrx_word' id='word_1_483' title='bbox 3158 3210 3191 3222; x_wconf 76' lang='grc' dir='ltr'>ο.</span> <span class='ocrx_word' id='word_1_484' title='bbox 3256 3211 3294 3222; x_wconf 71' lang='lat' dir='ltr'><strong>II</strong></span> <span class='ocrx_word' id='word_1_485' title='bbox 3340 3211 3351 3222; x_wconf 74' lang='grc' dir='ltr'><strong>Ι</strong></span> 
     </span>
    </p>
   </div>
   <div class='ocr_carea' id='block_1_67' title="bbox 240 3196 3644 3298">
    <p class='ocr_par' dir='ltr' id='par_1_67' title="bbox 240 3196 3644 3298">
     <span class='ocr_line' id='line_1_67' title="bbox 240 3196 3644 3298; baseline 0.004 -16"><span class='ocrx_word' id='word_1_486' title='bbox 240 3229 375 3298; x_wconf 87' lang='lat' dir='ltr'>ejus</span> <span class='ocrx_word' id='word_1_487' title='bbox 405 3232 461 3282; x_wconf 90' lang='lat' dir='ltr'>et</span> <span class='ocrx_word' id='word_1_488' title='bbox 490 3228 848 3294; x_wconf 69' lang='lat' dir='ltr'>concubinae,</span> <span class='ocrx_word' id='word_1_489' title='bbox 882 3233 937 3283; x_wconf 90' lang='lat' dir='ltr'>et</span> <span class='ocrx_word' id='word_1_490' title='bbox 968 3247 1172 3298; x_wconf 89' lang='lat' dir='ltr'>nurus,</span> <span class='ocrx_word' id='word_1_491' title='bbox 1214 3196 1269 3286; x_wconf 71' lang='lat' dir='ltr'>et</span> <span class='ocrx_word' id='word_1_492' title='bbox 1300 3232 1544 3297; x_wconf 65' lang='lat' dir='ltr'>ancillae,</span> <span class='ocrx_word' id='word_1_493' title='bbox 1594 3235 1890 3291; x_wconf 89' lang='lat' dir='ltr'>masculos</span> <span class='ocrx_word' id='word_1_494' title='bbox 1921 3196 1963 3262; x_wconf 65' lang='grc' dir='ltr'>Ο</span> <span class='ocrx_word' id='word_1_495' title='bbox 2001 3211 2234 3298; x_wconf 59' lang='lat' dir='ltr'>tEFPP“</span> <span class='ocrx_word' id='word_1_496' title='bbox 2289 3206 2615 3298; x_wconf 34' lang='lat' dir='ltr'>ngmonis</span> <span class='ocrx_word' id='word_1_497' title='bbox 2673 3224 2865 3263; x_wconf 60' lang='lat' dir='ltr'>sermo</span> <span class='ocrx_word' id='word_1_498' title='bbox 2889 3297 2897 3298; x_wconf 53' lang='lat'><strong><em>,</em></strong></span> <span class='ocrx_word' id='word_1_499' title='bbox 2922 3210 3201 3265; x_wconf 50' lang='lat' dir='ltr'>describit</span> <span class='ocrx_word' id='word_1_500' title='bbox 3239 3211 3492 3280; x_wconf 65' lang='lat' dir='ltr'>diVinus&#39;</span> <span class='ocrx_word' id='word_1_501' title='bbox 3526 3230 3644 3285; x_wconf 74' lang='lat' dir='ltr'>quo</span> 
     </span>
    </p>
   </div>
   <div class='ocr_carea' id='block_1_68' title="bbox 243 3316 1891 3395">
    <p class='ocr_par' dir='ltr' id='par_1_68' title="bbox 243 3316 1891 3395">
     <span class='ocr_line' id='line_1_68' title="bbox 243 3316 1891 3395; baseline 0.005 -23"><span class='ocrx_word' id='word_1_502' title='bbox 243 3316 581 3389; x_wconf 88' lang='lat' dir='ltr'>pepererint</span> <span class='ocrx_word' id='word_1_503' title='bbox 632 3316 802 3383; x_wconf 82' lang='lat' dir='ltr'>filios,</span> <span class='ocrx_word' id='word_1_504' title='bbox 853 3334 1078 3373; x_wconf 89' lang='lat' dir='ltr'>necnon</span> <span class='ocrx_word' id='word_1_505' title='bbox 1134 3323 1191 3374; x_wconf 90' lang='lat' dir='ltr'>et</span> <span class='ocrx_word' id='word_1_506' title='bbox 1222 3319 1448 3375; x_wconf 64' lang='lat' dir='ltr'>feminas</span> <span class='ocrx_word' id='word_1_507' title='bbox 1480 3322 1891 3395; x_wconf 80' lang='lat' dir='ltr'>quadrupedes</span> 
     </span>
    </p>
   </div>
   <div class='ocr_carea' id='block_1_69' title="bbox 239 3405 1889 3479">
    <p class='ocr_par' dir='ltr' id='par_1_69' title="bbox 239 3405 1889 3479">
     <span class='ocr_line' id='line_1_69' title="bbox 239 3405 1889 3479; baseline 0.004 -19"><span class='ocrx_word' id='word_1_508' title='bbox 239 3405 513 3477; x_wconf 88' lang='lat' dir='ltr'>geminos</span> <span class='ocrx_word' id='word_1_509' title='bbox 571 3405 622 3461; x_wconf 90' lang='lat' dir='ltr'>ei</span> <span class='ocrx_word' id='word_1_510' title='bbox 670 3406 958 3461; x_wconf 87' lang='lat' dir='ltr'>ediderint</span> <span class='ocrx_word' id='word_1_511' title='bbox 1005 3409 1197 3463; x_wconf 61' lang='lat' dir='ltr'>fretus.</span> <span class='ocrx_word' id='word_1_512' title='bbox 1263 3414 1335 3463; x_wconf 86' lang='lat' dir='ltr'>De</span> <span class='ocrx_word' id='word_1_513' title='bbox 1392 3425 1508 3479; x_wconf 90' lang='lat' dir='ltr'>quo</span> <span class='ocrx_word' id='word_1_514' title='bbox 1541 3409 1620 3463; x_wconf 87' lang='lat' dir='ltr'>ita</span> <span class='ocrx_word' id='word_1_515' title='bbox 1650 3411 1708 3465; x_wconf 88' lang='lat' dir='ltr'>in</span> <span class='ocrx_word' id='word_1_516' title='bbox 1743 3412 1889 3467; x_wconf 89' lang='lat' dir='ltr'>libro</span> 
     </span>
    </p>
   </div>
   <div class='ocr_carea' id='block_1_70' title="bbox 238 3492 1886 3565">
    <p class='ocr_par' dir='ltr' id='par_1_70' title="bbox 238 3492 1886 3565">
     <span class='ocr_line' id='line_1_70' title="bbox 238 3492 1886 3565; baseline 0.004 -17"><span class='ocrx_word' id='word_1_517' title='bbox 238 3492 727 3565; x_wconf 89' lang='lat' dir='ltr'>Paralipomenon</span> <span class='ocrx_word' id='word_1_518' title='bbox 760 3495 1076 3550; x_wconf 89' lang='lat' dir='ltr'>scribitur:</span> <span class='ocrx_word' id='word_1_519' title='bbox 1112 3499 1325 3552; x_wconf 78' lang='lat' dir='ltr'>Mansit</span> <span class='ocrx_word' id='word_1_520' title='bbox 1351 3513 1479 3565; x_wconf 84' lang='lat' dir='ltr'>ergo</span> <span class='ocrx_word' id='word_1_521' title='bbox 1507 3514 1639 3553; x_wconf 80' lang='lat' dir='ltr'>arca</span> <span class='ocrx_word' id='word_1_522' title='bbox 1689 3501 1784 3554; x_wconf 83' lang='lat' dir='ltr'>Dei</span> <span class='ocrx_word' id='word_1_523' title='bbox 1828 3502 1886 3554; x_wconf 86' lang='lat' dir='ltr'>in</span> 
     </span>
    </p>
   </div>
   <div class='ocr_carea' id='block_1_71' title="bbox 236 3582 1885 3648">
    <p class='ocr_par' dir='ltr' id='par_1_71' title="bbox 236 3582 1885 3648">
     <span class='ocr_line' id='line_1_71' title="bbox 236 3582 1885 3648; baseline 0.003 -11"><span class='ocrx_word' id='word_1_524' title='bbox 236 3582 401 3637; x_wconf 85' lang='lat' dir='ltr'>domo</span> <span class='ocrx_word' id='word_1_525' title='bbox 433 3582 777 3637; x_wconf 80' lang='lat' dir='ltr'>Obed-Edam</span> <span class='ocrx_word' id='word_1_526' title='bbox 804 3584 981 3639; x_wconf 74' lang='lat' dir='ltr'>tribus</span> <span class='ocrx_word' id='word_1_527' title='bbox 1008 3586 1303 3648; x_wconf 75' lang='lat' dir='ltr'>mensibus,</span> <span class='ocrx_word' id='word_1_528' title='bbox 1336 3592 1388 3640; x_wconf 75' lang='lat' dir='ltr'>et</span> <span class='ocrx_word' id='word_1_529' title='bbox 1450 3586 1727 3641; x_wconf 67' lang='lat' dir='ltr'>benedixit</span> <span class='ocrx_word' id='word_1_530' title='bbox 1784 3589 1885 3643; x_wconf 82' lang='lat' dir='ltr'>Do-</span> 
     </span>
    </p>
   </div>
   <div class='ocr_carea' id='block_1_72' title="bbox 234 3671 1884 3745">
    <p class='ocr_par' dir='ltr' id='par_1_72' title="bbox 234 3671 1884 3745">
     <span class='ocr_line' id='line_1_72' title="bbox 234 3671 1884 3745; baseline 0.004 -18"><span class='ocrx_word' id='word_1_531' title='bbox 234 3674 426 3727; x_wconf 83' lang='lat' dir='ltr'>minus</span> <span class='ocrx_word' id='word_1_532' title='bbox 453 3671 640 3727; x_wconf 78' lang='lat' dir='ltr'>domui</span> <span class='ocrx_word' id='word_1_533' title='bbox 668 3673 783 3742; x_wconf 86' lang='lat' dir='ltr'>ejus</span> <span class='ocrx_word' id='word_1_534' title='bbox 823 3676 875 3727; x_wconf 85' lang='lat' dir='ltr'>et</span> <span class='ocrx_word' id='word_1_535' title='bbox 903 3673 1155 3728; x_wconf 81' lang='lat' dir='ltr'>omnibus</span> <span class='ocrx_word' id='word_1_536' title='bbox 1184 3690 1309 3745; x_wconf 62' lang='lat' dir='ltr'>quae</span> <span class='ocrx_word' id='word_1_537' title='bbox 1363 3674 1592 3729; x_wconf 84' lang='lat' dir='ltr'>habebat</span> <span class='ocrx_word' id='word_1_538' title='bbox 1618 3676 1663 3745; x_wconf 89' lang='lat' dir='ltr'>(l</span> <span class='ocrx_word' id='word_1_539' title='bbox 1695 3676 1884 3733; x_wconf 83' lang='lat' dir='ltr'>Paral.</span> 
     </span>
    </p>
   </div>
   <div class='ocr_carea' id='block_1_73' title="bbox 233 3759 1885 3836">
    <p class='ocr_par' dir='ltr' id='par_1_73' title="bbox 233 3759 1885 3836">
     <span class='ocr_line' id='line_1_73' title="bbox 233 3759 1885 3836; baseline 0.002 -20"><span class='ocrx_word' id='word_1_540' title='bbox 233 3777 369 3827; x_wconf 82' lang='lat' dir='ltr'>xm,</span> <span class='ocrx_word' id='word_1_541' title='bbox 405 3760 511 3831; x_wconf 74' lang='grc'><strong>14).</strong></span> <span class='ocrx_word' id='word_1_542' title='bbox 548 3764 614 3813; x_wconf 86' lang='lat' dir='ltr'>Et</span> <span class='ocrx_word' id='word_1_543' title='bbox 680 3759 819 3815; x_wconf 88' lang='lat' dir='ltr'>alibi</span> <span class='ocrx_word' id='word_1_544' title='bbox 850 3761 906 3815; x_wconf 91' lang='lat' dir='ltr'>in</span> <span class='ocrx_word' id='word_1_545' title='bbox 940 3762 1143 3816; x_wconf 88' lang='lat' dir='ltr'>eodem</span> <span class='ocrx_word' id='word_1_546' title='bbox 1203 3762 1350 3818; x_wconf 90' lang='lat' dir='ltr'>libro</span> <span class='ocrx_word' id='word_1_547' title='bbox 1407 3763 1885 3836; x_wconf 89' lang='lat' dir='ltr'>Paralipomenon</span> 
     </span>
    </p>
   </div>
   <div class='ocr_carea' id='block_1_74' title="bbox 233 3849 1885 3923">
    <p class='ocr_par' dir='ltr' id='par_1_74' title="bbox 233 3849 1885 3923">
     <span class='ocr_line' id='line_1_74' title="bbox 233 3849 1885 3923; baseline 0.003 -20"><span class='ocrx_word' id='word_1_548' title='bbox 233 3850 489 3904; x_wconf 89' lang='lat' dir='ltr'>dicitur:</span> <span class='ocrx_word' id='word_1_549' title='bbox 542 3849 674 3904; x_wconf 78' lang='lat' dir='ltr'>Filii</span> <span class='ocrx_word' id='word_1_550' title='bbox 717 3858 900 3905; x_wconf 85' lang='lat' dir='ltr'>autem</span> <span class='ocrx_word' id='word_1_551' title='bbox 954 3849 1325 3918; x_wconf 79' lang='lat' dir='ltr'>Obed-Edam,</span> <span class='ocrx_word' id='word_1_552' title='bbox 1380 3852 1617 3907; x_wconf 82' lang='lat' dir='ltr'>Semezas</span> <span class='ocrx_word' id='word_1_553' title='bbox 1678 3855 1885 3923; x_wconf 83' lang='lat' dir='ltr'>primo-</span> 
     </span>
    </p>
   </div>
   <div class='ocr_carea' id='block_1_75' title="bbox 232 3939 1890 4007">
    <p class='ocr_par' dir='ltr' id='par_1_75' title="bbox 232 3939 1890 4007">
     <span class='ocr_line' id='line_1_75' title="bbox 232 3939 1890 4007; baseline 0.003 -14"><span class='ocrx_word' id='word_1_554' title='bbox 232 3940 477 4007; x_wconf 77' lang='lat' dir='ltr'>genitus,</span> <span class='ocrx_word' id='word_1_555' title='bbox 524 3939 751 3992; x_wconf 76' lang='lat' dir='ltr'>lambat</span> <span class='ocrx_word' id='word_1_556' title='bbox 796 3939 1086 4005; x_wconf 82' lang='lat' dir='ltr'>secundus,</span> <span class='ocrx_word' id='word_1_557' title='bbox 1135 3940 1309 3995; x_wconf 85' lang='lat' dir='ltr'>Johaa</span> <span class='ocrx_word' id='word_1_558' title='bbox 1381 3942 1593 4006; x_wconf 82' lang='lat' dir='ltr'>tertius,</span> <span class='ocrx_word' id='word_1_559' title='bbox 1679 3944 1890 3998; x_wconf 77' lang='lat' dir='ltr'>Sachar</span> 
     </span>
    </p>
   </div>
   <div class='ocr_carea' id='block_1_76' title="bbox 233 4027 1889 4097">
    <p class='ocr_par' dir='ltr' id='par_1_76' title="bbox 233 4027 1889 4097">
     <span class='ocr_line' id='line_1_76' title="bbox 233 4027 1889 4097; baseline 0.004 -17"><span class='ocrx_word' id='word_1_560' title='bbox 233 4034 485 4097; x_wconf 80' lang='lat' dir='ltr'>quartus,</span> <span class='ocrx_word' id='word_1_561' title='bbox 516 4027 821 4082; x_wconf 79' lang='lat' dir='ltr'>Nuthaan</span> <span class='ocrx_word' id='word_1_562' title='bbox 870 4028 1112 4097; x_wconf 76' lang='lat' dir='ltr'>quintus,</span> <span class='ocrx_word' id='word_1_563' title='bbox 1166 4029 1344 4093; x_wconf 83' lang='lat' dir='ltr'>Aniel,</span> <span class='ocrx_word' id='word_1_564' title='bbox 1370 4033 1578 4094; x_wconf 65' lang='lat' dir='ltr'>sextus,</span> <span class='ocrx_word' id='word_1_565' title='bbox 1637 4031 1889 4087; x_wconf 79' lang='lat' dir='ltr'>Issachar</span> 
     </span>
    </p>
   </div>
   <div class='ocr_carea' id='block_1_77' title="bbox 230 4114 1887 4188">
    <p class='ocr_par' dir='ltr' id='par_1_77' title="bbox 230 4114 1887 4188">
     <span class='ocr_line' id='line_1_77' title="bbox 230 4114 1887 4188; baseline 0.002 -17"><span class='ocrx_word' id='word_1_566' title='bbox 230 4117 521 4187; x_wconf 78' lang='lat' dir='ltr'>septimus.</span> <span class='ocrx_word' id='word_1_567' title='bbox 579 4114 824 4170; x_wconf 83' lang='lat' dir='ltr'>Pallathi</span> <span class='ocrx_word' id='word_1_568' title='bbox 874 4124 1109 4183; x_wconf 82' lang='lat' dir='ltr'>octavus,</span> <span class='ocrx_word' id='word_1_569' title='bbox 1163 4118 1295 4188; x_wconf 81' lang='lat' dir='ltr'>quia</span> <span class='ocrx_word' id='word_1_570' title='bbox 1324 4117 1602 4173; x_wconf 71' lang='lat' dir='ltr'>benedixit</span> <span class='ocrx_word' id='word_1_571' title='bbox 1631 4119 1720 4174; x_wconf 72' lang='lat' dir='ltr'>itii</span> <span class='ocrx_word' id='word_1_572' title='bbox 1748 4120 1887 4175; x_wconf 85' lang='lat' dir='ltr'>Deus</span> 
     </span>
    </p>
   </div>
   <div class='ocr_carea' id='block_1_78' title="bbox 232 4205 802 4275">
    <p class='ocr_par' dir='ltr' id='par_1_78' title="bbox 232 4205 802 4275">
     <span class='ocr_line' id='line_1_78' title="bbox 232 4205 802 4275; baseline -0.004 -15"><span class='ocrx_word' id='word_1_573' title='bbox 232 4205 286 4275; x_wconf 92' lang='grc'><strong>(1</strong></span> <span class='ocrx_word' id='word_1_574' title='bbox 315 4205 505 4260; x_wconf 87' lang='lat' dir='ltr'>Paral.</span> <span class='ocrx_word' id='word_1_575' title='bbox 538 4221 693 4273; x_wconf 73' lang='lat' dir='ltr'>xxvn,</span> <span class='ocrx_word' id='word_1_576' title='bbox 727 4205 802 4273; x_wconf 77' lang='grc'>4).</span> 
     </span>
    </p>
   </div>
   <div class='ocr_carea' id='block_1_79' title="bbox 309 4292 1888 4365">
    <p class='ocr_par' dir='ltr' id='par_1_79' title="bbox 309 4292 1888 4365">
     <span class='ocr_line' id='line_1_79' title="bbox 309 4292 1888 4365; baseline 0.005 -20"><span class='ocrx_word' id='word_1_577' title='bbox 309 4292 496 4364; x_wconf 87' lang='lat' dir='ltr'>(Vers.</span> <span class='ocrx_word' id='word_1_578' title='bbox 528 4293 642 4363; x_wconf 84' lang='lat'>23.)</span> <span class='ocrx_word' id='word_1_579' title='bbox 676 4317 702 4343; x_wconf 87' lang='grc'><strong>‹‹</strong></span> <span class='ocrx_word' id='word_1_580' title='bbox 738 4294 919 4365; x_wconf 86' lang='lat' dir='ltr'>Igitur</span> <span class='ocrx_word' id='word_1_581' title='bbox 973 4292 1182 4349; x_wconf 82' lang='lat' dir='ltr'>Michol</span> <span class='ocrx_word' id='word_1_582' title='bbox 1241 4293 1371 4348; x_wconf 70' lang='lat' dir='ltr'>filim</span> <span class='ocrx_word' id='word_1_583' title='bbox 1428 4294 1561 4350; x_wconf 90' lang='lat' dir='ltr'>Saul</span> <span class='ocrx_word' id='word_1_584' title='bbox 1624 4312 1735 4351; x_wconf 91' lang='lat' dir='ltr'>non</span> <span class='ocrx_word' id='word_1_585' title='bbox 1796 4301 1888 4353; x_wconf 87' lang='lat' dir='ltr'>est</span> 
     </span>
    </p>
   </div>
   <div class='ocr_carea' id='block_1_80' title="bbox 229 4382 1884 4454">
    <p class='ocr_par' dir='ltr' id='par_1_80' title="bbox 229 4382 1884 4454">
     <span class='ocr_line' id='line_1_80' title="bbox 229 4382 1884 4454; baseline 0.002 -17"><span class='ocrx_word' id='word_1_586' title='bbox 229 4382 605 4451; x_wconf 66' lang='lat' dir='ltr'>natusﬁlius</span> <span class='ocrx_word' id='word_1_587' title='bbox 650 4399 835 4454; x_wconf 89' lang='lat' dir='ltr'>usque</span> <span class='ocrx_word' id='word_1_588' title='bbox 882 4382 953 4436; x_wconf 87' lang='lat' dir='ltr'>ad</span> <span class='ocrx_word' id='word_1_589' title='bbox 1004 4384 1158 4437; x_wconf 81' lang='lat' dir='ltr'>diem</span> <span class='ocrx_word' id='word_1_590' title='bbox 1193 4384 1397 4438; x_wconf 90' lang='lat' dir='ltr'>mortis</span> <span class='ocrx_word' id='word_1_591' title='bbox 1427 4401 1564 4439; x_wconf 65' lang='lat' dir='ltr'>suae.</span> <span class='ocrx_word' id='word_1_592' title='bbox 1604 4408 1631 4433; x_wconf 88' lang='grc'>››</span> <span class='ocrx_word' id='word_1_593' title='bbox 1673 4385 1884 4441; x_wconf 90' lang='lat' dir='ltr'>Michol</span> 
     </span>
    </p>
   </div>
   <div class='ocr_carea' id='block_1_81' title="bbox 231 4469 1881 4545">
    <p class='ocr_par' dir='ltr' id='par_1_81' title="bbox 231 4469 1881 4545">
     <span class='ocr_line' id='line_1_81' title="bbox 231 4469 1881 4545; baseline 0.003 -21"><span class='ocrx_word' id='word_1_594' title='bbox 231 4469 371 4542; x_wconf 87' lang='lat' dir='ltr'>ipsa</span> <span class='ocrx_word' id='word_1_595' title='bbox 398 4475 487 4525; x_wconf 90' lang='lat' dir='ltr'>est</span> <span class='ocrx_word' id='word_1_596' title='bbox 518 4470 690 4542; x_wconf 87' lang='lat' dir='ltr'>Egla:</span> <span class='ocrx_word' id='word_1_597' title='bbox 725 4470 843 4526; x_wconf 69' lang='lat' dir='ltr'>haec</span> <span class='ocrx_word' id='word_1_598' title='bbox 873 4472 1076 4543; x_wconf 88' lang='lat' dir='ltr'>genuit</span> <span class='ocrx_word' id='word_1_599' title='bbox 1132 4471 1307 4527; x_wconf 84' lang='lat' dir='ltr'>David</span> <span class='ocrx_word' id='word_1_600' title='bbox 1364 4472 1661 4528; x_wconf 83' lang='lat' dir='ltr'>Jelhraam</span> <span class='ocrx_word' id='word_1_601' title='bbox 1712 4475 1881 4545; x_wconf 83' lang='lat' dir='ltr'>cujus</span> 
     </span>
    </p>
   </div>
   <div class='ocr_carea' id='block_1_82' title="bbox 233 4559 743 4629">
    <p class='ocr_par' dir='ltr' id='par_1_82' title="bbox 233 4559 743 4629">
     <span class='ocr_line' id='line_1_82' title="bbox 233 4559 743 4629; baseline 0.004 -17"><span class='ocrx_word' id='word_1_602' title='bbox 233 4563 409 4629; x_wconf 88' lang='lat' dir='ltr'>partu</span> <span class='ocrx_word' id='word_1_603' title='bbox 451 4559 743 4614; x_wconf 87' lang='lat' dir='ltr'>occubuit.</span> 
     </span>
    </p>
   </div>
   <div class='ocr_carea' id='block_1_83' title="bbox 309 4646 1884 4721">
    <p class='ocr_par' dir='ltr' id='par_1_83' title="bbox 309 4646 1884 4721">
     <span class='ocr_line' id='line_1_83' title="bbox 309 4646 1884 4721; baseline 0.003 -20"><span class='ocrx_word' id='word_1_604' title='bbox 309 4646 471 4719; x_wconf 88' lang='lat' dir='ltr'>(Cap.</span> <span class='ocrx_word' id='word_1_605' title='bbox 505 4646 625 4703; x_wconf 90' lang='lat' dir='ltr'>Vll.</span> <span class='ocrx_word' id='word_1_606' title='bbox 661 4679 725 4689; x_wconf 90' lang='lat'>-—</span> <span class='ocrx_word' id='word_1_607' title='bbox 755 4648 918 4704; x_wconf 90' lang='lat' dir='ltr'>Vers.</span> <span class='ocrx_word' id='word_1_608' title='bbox 953 4650 1031 4717; x_wconf 92' lang='lat'>3.)</span> <span class='ocrx_word' id='word_1_609' title='bbox 1063 4672 1090 4698; x_wconf 77' lang='grc' dir='ltr'>α</span> <span class='ocrx_word' id='word_1_610' title='bbox 1129 4649 1394 4721; x_wconf 87' lang='lat' dir='ltr'>Dixitque</span> <span class='ocrx_word' id='word_1_611' title='bbox 1426 4649 1654 4705; x_wconf 91' lang='lat' dir='ltr'>Nathan</span> <span class='ocrx_word' id='word_1_612' title='bbox 1696 4652 1767 4706; x_wconf 90' lang='lat' dir='ltr'>ad</span> <span class='ocrx_word' id='word_1_613' title='bbox 1799 4668 1884 4706; x_wconf 88' lang='lat' dir='ltr'>re-</span> 
     </span>
    </p>
   </div>
   <div class='ocr_carea' id='block_1_84' title="bbox 227 4735 1879 4808">
    <p class='ocr_par' dir='ltr' id='par_1_84' title="bbox 227 4735 1879 4808">
     <span class='ocr_line' id='line_1_84' title="bbox 227 4735 1879 4808; baseline 0.004 -19"><span class='ocrx_word' id='word_1_614' title='bbox 227 4750 406 4807; x_wconf 85' lang='lat' dir='ltr'>gem:</span> <span class='ocrx_word' id='word_1_615' title='bbox 467 4735 652 4793; x_wconf 86' lang='lat' dir='ltr'>Omne</span> <span class='ocrx_word' id='word_1_616' title='bbox 708 4737 862 4808; x_wconf 90' lang='lat' dir='ltr'>quod</span> <span class='ocrx_word' id='word_1_617' title='bbox 921 4742 1010 4793; x_wconf 92' lang='lat' dir='ltr'>est</span> <span class='ocrx_word' id='word_1_618' title='bbox 1049 4737 1107 4792; x_wconf 87' lang='lat' dir='ltr'>in</span> <span class='ocrx_word' id='word_1_619' title='bbox 1140 4739 1311 4793; x_wconf 90' lang='lat' dir='ltr'>corde</span> <span class='ocrx_word' id='word_1_620' title='bbox 1340 4743 1460 4803; x_wconf 81' lang='lat' dir='ltr'>tuo,</span> <span class='ocrx_word' id='word_1_621' title='bbox 1493 4740 1637 4795; x_wconf 91' lang='lat' dir='ltr'>vade</span> <span class='ocrx_word' id='word_1_622' title='bbox 1666 4744 1723 4795; x_wconf 89' lang='lat' dir='ltr'>et</span> <span class='ocrx_word' id='word_1_623' title='bbox 1755 4740 1879 4795; x_wconf 89' lang='lat' dir='ltr'>fac:</span> 
     </span>
    </p>
   </div>
   <div class='ocr_carea' id='block_1_85' title="bbox 227 4822 1884 4894">
    <p class='ocr_par' dir='ltr' id='par_1_85' title="bbox 227 4822 1884 4894">
     <span class='ocr_line' id='line_1_85' title="bbox 227 4822 1884 4894; baseline 0.004 -17"><span class='ocrx_word' id='word_1_624' title='bbox 227 4822 377 4894; x_wconf 86' lang='lat' dir='ltr'>quia</span> <span class='ocrx_word' id='word_1_625' title='bbox 415 4824 694 4881; x_wconf 89' lang='lat' dir='ltr'>Dominus</span> <span class='ocrx_word' id='word_1_626' title='bbox 743 4831 935 4881; x_wconf 91' lang='lat' dir='ltr'>tecum</span> <span class='ocrx_word' id='word_1_627' title='bbox 985 4830 1091 4882; x_wconf 88' lang='lat' dir='ltr'>est.</span> <span class='ocrx_word' id='word_1_628' title='bbox 1144 4849 1172 4877; x_wconf 86' lang='lat'>»</span> <span class='ocrx_word' id='word_1_629' title='bbox 1222 4831 1342 4882; x_wconf 83' lang='lat' dir='ltr'>Hoc</span> <span class='ocrx_word' id='word_1_630' title='bbox 1372 4828 1528 4883; x_wconf 90' lang='lat' dir='ltr'>enim</span> <span class='ocrx_word' id='word_1_631' title='bbox 1561 4828 1786 4884; x_wconf 84' lang='lat' dir='ltr'>Nathan</span> <span class='ocrx_word' id='word_1_632' title='bbox 1815 4846 1884 4884; x_wconf 84' lang='lat' dir='ltr'>ex</span> 
     </span>
    </p>
   </div>
   <div class='ocr_carea' id='block_1_86' title="bbox 225 4914 1880 4979">
    <p class='ocr_par' dir='ltr' id='par_1_86' title="bbox 225 4914 1880 4979">
     <span class='ocr_line' id='line_1_86' title="bbox 225 4914 1880 4979; baseline 0.004 -13"><span class='ocrx_word' id='word_1_633' title='bbox 225 4928 321 4979; x_wconf 82' lang='lat' dir='ltr'>se,</span> <span class='ocrx_word' id='word_1_634' title='bbox 352 4928 465 4967; x_wconf 90' lang='lat' dir='ltr'>non</span> <span class='ocrx_word' id='word_1_635' title='bbox 496 4916 566 4969; x_wconf 85' lang='lat' dir='ltr'>e‘x</span> <span class='ocrx_word' id='word_1_636' title='bbox 612 4930 882 4970; x_wconf 87' lang='lat' dir='ltr'>sermone</span> <span class='ocrx_word' id='word_1_637' title='bbox 930 4914 1156 4970; x_wconf 92' lang='lat' dir='ltr'>Domini</span> <span class='ocrx_word' id='word_1_638' title='bbox 1207 4914 1353 4970; x_wconf 81' lang='lat' dir='ltr'>dixit</span> <span class='ocrx_word' id='word_1_639' title='bbox 1393 4916 1465 4970; x_wconf 91' lang='lat' dir='ltr'>ad</span> <span class='ocrx_word' id='word_1_640' title='bbox 1499 4916 1695 4972; x_wconf 89' lang='lat' dir='ltr'>David.</span> <span class='ocrx_word' id='word_1_641' title='bbox 1728 4916 1880 4973; x_wconf 88' lang='lat' dir='ltr'>Illud</span> 
     </span>
    </p>
   </div>
   <div class='ocr_carea' id='block_1_87' title="bbox 224 5003 1755 5075">
    <p class='ocr_par' dir='ltr' id='par_1_87' title="bbox 224 5003 1755 5075">
     <span class='ocr_line' id='line_1_87' title="bbox 224 5003 1755 5075; baseline 0.004 -20"><span class='ocrx_word' id='word_1_642' title='bbox 224 5016 372 5055; x_wconf 86' lang='lat' dir='ltr'>vero</span> <span class='ocrx_word' id='word_1_643' title='bbox 401 5004 554 5073; x_wconf 89' lang='lat' dir='ltr'>quod</span> <span class='ocrx_word' id='word_1_644' title='bbox 588 5003 874 5075; x_wconf 88' lang='lat' dir='ltr'>sequitur,</span> <span class='ocrx_word' id='word_1_645' title='bbox 907 5020 976 5058; x_wconf 86' lang='lat' dir='ltr'>ex</span> <span class='ocrx_word' id='word_1_646' title='bbox 1007 5020 1275 5060; x_wconf 75' lang='lat' dir='ltr'>sermone</span> <span class='ocrx_word' id='word_1_647' title='bbox 1306 5004 1531 5060; x_wconf 90' lang='lat' dir='ltr'>Domini</span> <span class='ocrx_word' id='word_1_648' title='bbox 1568 5005 1715 5061; x_wconf 87' lang='lat' dir='ltr'>dixit</span> <span class='ocrx_word' id='word_1_649' title='bbox 1743 5024 1755 5061; x_wconf 95' lang='lat'>:</span> 
     </span>
    </p>
   </div>
   <div class='ocr_carea' id='block_1_88' title="bbox 309 5090 1879 5167">
    <p class='ocr_par' dir='ltr' id='par_1_88' title="bbox 309 5090 1879 5167">
     <span class='ocr_line' id='line_1_88' title="bbox 309 5090 1879 5167; baseline 0.004 -23"><span class='ocrx_word' id='word_1_650' title='bbox 309 5090 498 5159; x_wconf 84' lang='lat' dir='ltr'>(Vera.</span> <span class='ocrx_word' id='word_1_651' title='bbox 530 5093 607 5164; x_wconf 84' lang='lat'>5).</span> <span class='ocrx_word' id='word_1_652' title='bbox 659 5115 681 5141; x_wconf 72' lang='grc' dir='ltr'>ι</span> <span class='ocrx_word' id='word_1_653' title='bbox 716 5092 847 5149; x_wconf 62' lang='lat' dir='ltr'>Haec</span> <span class='ocrx_word' id='word_1_654' title='bbox 894 5092 1036 5147; x_wconf 88' lang='lat' dir='ltr'>dicit</span> <span class='ocrx_word' id='word_1_655' title='bbox 1094 5093 1413 5149; x_wconf 86' lang='lat' dir='ltr'>Dominus:</span> <span class='ocrx_word' id='word_1_656' title='bbox 1478 5094 1775 5167; x_wconf 87' lang='lat' dir='ltr'>Numquid</span> <span class='ocrx_word' id='word_1_657' title='bbox 1820 5100 1879 5151; x_wconf 90' lang='lat' dir='ltr'>tu</span> 
     </span>
    </p>
   </div>
   <div class='ocr_carea' id='block_1_89' title="bbox 263 5178 1881 5240">
    <p class='ocr_par' dir='ltr' id='par_1_89' title="bbox 263 5178 1881 5240">
     <span class='ocr_line' id='line_1_89' title="bbox 263 5178 1881 5240; baseline 0.003 -7"><span class='ocrx_word' id='word_1_658' title='bbox 263 5178 600 5236; x_wconf 69' lang='lat' dir='ltr'>mditlcabis</span> <span class='ocrx_word' id='word_1_659' title='bbox 636 5181 780 5237; x_wconf 92' lang='lat' dir='ltr'>mihi</span> <span class='ocrx_word' id='word_1_660' title='bbox 813 5182 1075 5237; x_wconf 90' lang='lat' dir='ltr'>domum</span> <span class='ocrx_word' id='word_1_661' title='bbox 1110 5182 1182 5236; x_wconf 90' lang='lat' dir='ltr'>ad</span> <span class='ocrx_word' id='word_1_662' title='bbox 1216 5181 1562 5237; x_wconf 84' lang='lat' dir='ltr'>habitudum</span> <span class='ocrx_word' id='word_1_663' title='bbox 1586 5182 1613 5237; x_wconf 87' lang='lat'><strong>?</strong></span> <span class='ocrx_word' id='word_1_664' title='bbox 1664 5207 1690 5231; x_wconf 75' lang='grc' dir='ltr'><strong>υ</strong></span> <span class='ocrx_word' id='word_1_665' title='bbox 1723 5186 1801 5239; x_wconf 87' lang='lat' dir='ltr'>Ac</span> <span class='ocrx_word' id='word_1_666' title='bbox 1833 5185 1881 5240; x_wconf 91' lang='lat' dir='ltr'>si</span> 
     </span>
    </p>
   </div>
   <div class='ocr_carea' id='block_1_90' title="bbox 227 5267 1883 5344">
    <p class='ocr_par' dir='ltr' id='par_1_90' title="bbox 227 5267 1883 5344">
     <span class='ocr_line' id='line_1_90' title="bbox 227 5267 1883 5344; baseline 0.002 -21"><span class='ocrx_word' id='word_1_667' title='bbox 227 5267 493 5323; x_wconf 85' lang='lat' dir='ltr'>diceret:</span> <span class='ocrx_word' id='word_1_668' title='bbox 528 5269 649 5324; x_wconf 90' lang='lat' dir='ltr'>Non</span> <span class='ocrx_word' id='word_1_669' title='bbox 680 5270 895 5342; x_wconf 88' lang='lat' dir='ltr'>poteris</span> <span class='ocrx_word' id='word_1_670' title='bbox 931 5269 1071 5324; x_wconf 90' lang='lat' dir='ltr'>mihi</span> <span class='ocrx_word' id='word_1_671' title='bbox 1114 5270 1354 5324; x_wconf 91' lang='lat' dir='ltr'>domum</span> <span class='ocrx_word' id='word_1_672' title='bbox 1404 5269 1708 5337; x_wconf 68' lang='lat' dir='ltr'>tediﬁcare,</span> <span class='ocrx_word' id='word_1_673' title='bbox 1744 5274 1883 5344; x_wconf 90' lang='lat' dir='ltr'>quia</span> 
     </span>
    </p>
   </div>
   <div class='ocr_carea' id='block_1_91' title="bbox 224 5356 1877 5430">
    <p class='ocr_par' dir='ltr' id='par_1_91' title="bbox 224 5356 1877 5430">
     <span class='ocr_line' id='line_1_91' title="bbox 224 5356 1877 5430; baseline 0.003 -19"><span class='ocrx_word' id='word_1_674' title='bbox 224 5356 323 5411; x_wconf 81' lang='lat' dir='ltr'>vir</span> <span class='ocrx_word' id='word_1_675' title='bbox 352 5358 704 5430; x_wconf 88' lang='lat' dir='ltr'>sanguinum</span> <span class='ocrx_word' id='word_1_676' title='bbox 740 5376 824 5425; x_wconf 91' lang='lat' dir='ltr'>es,</span> <span class='ocrx_word' id='word_1_677' title='bbox 851 5364 907 5413; x_wconf 90' lang='lat' dir='ltr'>et</span> <span class='ocrx_word' id='word_1_678' title='bbox 938 5356 1187 5413; x_wconf 87' lang='lat' dir='ltr'>multum</span> <span class='ocrx_word' id='word_1_679' title='bbox 1222 5357 1570 5430; x_wconf 88' lang='lat' dir='ltr'>sanguinem</span> <span class='ocrx_word' id='word_1_680' title='bbox 1600 5360 1877 5417; x_wconf 82' lang='lat' dir='ltr'>eﬂ‘udisti.</span> 
     </span>
    </p>
   </div>
   <div class='ocr_carea' id='block_1_92' title="bbox 301 5461 1880 5537">
    <p class='ocr_par' dir='ltr' id='par_1_92' title="bbox 301 5461 1880 5537">
     <span class='ocr_line' id='line_1_92' title="bbox 301 5461 1880 5537; baseline 0.006 -23"><span class='ocrx_word' id='word_1_681' title='bbox 301 5461 492 5534; x_wconf 80' lang='lat' dir='ltr'>(Vers.</span> <span class='ocrx_word' id='word_1_682' title='bbox 524 5466 607 5535; x_wconf 88' lang='lat'>6.)</span> <span class='ocrx_word' id='word_1_683' title='bbox 632 5488 659 5514; x_wconf 90' lang='grc'><em>‹‹</em></span> <span class='ocrx_word' id='word_1_684' title='bbox 694 5465 891 5537; x_wconf 88' lang='lat' dir='ltr'>Neque</span> <span class='ocrx_word' id='word_1_685' title='bbox 920 5464 1076 5519; x_wconf 89' lang='lat' dir='ltr'>enim</span> <span class='ocrx_word' id='word_1_686' title='bbox 1111 5463 1364 5519; x_wconf 90' lang='lat' dir='ltr'>habitavi</span> <span class='ocrx_word' id='word_1_687' title='bbox 1391 5465 1447 5519; x_wconf 91' lang='lat' dir='ltr'>in</span> <span class='ocrx_word' id='word_1_688' title='bbox 1479 5475 1657 5523; x_wconf 85' lang='lat' dir='ltr'>domo</span> <span class='ocrx_word' id='word_1_689' title='bbox 1689 5484 1755 5523; x_wconf 82' lang='lat' dir='ltr'>ex</span> <span class='ocrx_word' id='word_1_690' title='bbox 1789 5468 1880 5524; x_wconf 91' lang='lat' dir='ltr'>die</span> 
     </span>
    </p>
   </div>
   <div class='ocr_carea' id='block_1_93' title="bbox 223 5553 1876 5631">
    <p class='ocr_par' dir='ltr' id='par_1_93' title="bbox 223 5553 1876 5631">
     <span class='ocr_line' id='line_1_93' title="bbox 223 5553 1876 5631; baseline 0.004 -24"><span class='ocrx_word' id='word_1_691' title='bbox 223 5567 355 5624; x_wconf 85' lang='lat' dir='ltr'>qua</span> <span class='ocrx_word' id='word_1_692' title='bbox 383 5553 551 5608; x_wconf 80' lang='lat' dir='ltr'>eduxi</span> <span class='ocrx_word' id='word_1_693' title='bbox 614 5554 765 5610; x_wconf 88' lang='lat' dir='ltr'>Iilios</span> <span class='ocrx_word' id='word_1_694' title='bbox 826 5554 1001 5609; x_wconf 89' lang='lat' dir='ltr'>Israel</span> <span class='ocrx_word' id='word_1_695' title='bbox 1035 5554 1106 5608; x_wconf 93' lang='lat' dir='ltr'>de</span> <span class='ocrx_word' id='word_1_696' title='bbox 1137 5558 1290 5608; x_wconf 88' lang='lat' dir='ltr'>terra</span> <span class='ocrx_word' id='word_1_697' title='bbox 1321 5557 1546 5625; x_wconf 64' lang='lat' dir='ltr'>Aigypti</span> <span class='ocrx_word' id='word_1_698' title='bbox 1580 5572 1767 5631; x_wconf 90' lang='lat' dir='ltr'>usque</span> <span class='ocrx_word' id='word_1_699' title='bbox 1806 5558 1876 5613; x_wconf 89' lang='lat' dir='ltr'>ad</span> 
     </span>
    </p>
   </div>
   <div class='ocr_carea' id='block_1_94' title="bbox 223 5639 1877 5714">
    <p class='ocr_par' dir='ltr' id='par_1_94' title="bbox 223 5639 1877 5714">
     <span class='ocr_line' id='line_1_94' title="bbox 223 5639 1877 5714; baseline 0.004 -17"><span class='ocrx_word' id='word_1_700' title='bbox 223 5639 391 5699; x_wconf 82' lang='lat' dir='ltr'>diem</span> <span class='ocrx_word' id='word_1_701' title='bbox 421 5640 608 5701; x_wconf 88' lang='lat' dir='ltr'>hanc:</span> <span class='ocrx_word' id='word_1_702' title='bbox 643 5643 743 5701; x_wconf 88' lang='lat' dir='ltr'>sed</span> <span class='ocrx_word' id='word_1_703' title='bbox 776 5641 1155 5701; x_wconf 87' lang='lat' dir='ltr'>ambulabam</span> <span class='ocrx_word' id='word_1_704' title='bbox 1187 5640 1247 5698; x_wconf 90' lang='lat' dir='ltr'>in</span> <span class='ocrx_word' id='word_1_705' title='bbox 1278 5641 1676 5714; x_wconf 85' lang='lat' dir='ltr'>tabernaculo,</span> <span class='ocrx_word' id='word_1_706' title='bbox 1711 5649 1767 5703; x_wconf 86' lang='lat' dir='ltr'>et</span> <span class='ocrx_word' id='word_1_707' title='bbox 1817 5646 1877 5704; x_wconf 86' lang='lat' dir='ltr'>in</span> 
     </span>
    </p>
   </div>
   <div class='ocr_carea' id='block_1_95' title="bbox 2000 3293 3643 3371">
    <p class='ocr_par' dir='ltr' id='par_1_95' title="bbox 2000 3293 3643 3371">
     <span class='ocr_line' id='line_1_95' title="bbox 2000 3293 3643 3371; baseline 0.006 -23"><span class='ocrx_word' id='word_1_708' title='bbox 2000 3293 2104 3349; x_wconf 86' lang='lat' dir='ltr'>filii</span> <span class='ocrx_word' id='word_1_709' title='bbox 2171 3295 2349 3350; x_wconf 87' lang='lat' dir='ltr'>Israel</span> <span class='ocrx_word' id='word_1_710' title='bbox 2391 3313 2591 3367; x_wconf 87' lang='lat' dir='ltr'>pacem</span> <span class='ocrx_word' id='word_1_711' title='bbox 2647 3302 2844 3353; x_wconf 78' lang='lat' dir='ltr'>essent</span> <span class='ocrx_word' id='word_1_712' title='bbox 2887 3297 3143 3354; x_wconf 89' lang='lat' dir='ltr'>habituri</span> <span class='ocrx_word' id='word_1_713' title='bbox 3185 3316 3287 3371; x_wconf 89' lang='lat' dir='ltr'>per</span> <span class='ocrx_word' id='word_1_714' title='bbox 3308 3301 3643 3371; x_wconf 90' lang='lat' dir='ltr'>circuitum,</span> 
     </span>
    </p>
   </div>
   <div class='ocr_carea' id='block_1_96' title="bbox 1999 3385 3643 3458">
    <p class='ocr_par' dir='ltr' id='par_1_96' title="bbox 1999 3385 3643 3458">
     <span class='ocr_line' id='line_1_96' title="bbox 1999 3385 3643 3458; baseline 0.006 -21"><span class='ocrx_word' id='word_1_715' title='bbox 1999 3387 2055 3437; x_wconf 92' lang='lat' dir='ltr'>et</span> <span class='ocrx_word' id='word_1_716' title='bbox 2086 3400 2200 3438; x_wconf 91' lang='lat' dir='ltr'>non</span> <span class='ocrx_word' id='word_1_717' title='bbox 2230 3391 2426 3439; x_wconf 89' lang='lat' dir='ltr'>essent</span> <span class='ocrx_word' id='word_1_718' title='bbox 2457 3385 2753 3457; x_wconf 85' lang='lat' dir='ltr'>alﬂigendi</span> <span class='ocrx_word' id='word_1_719' title='bbox 2786 3391 2842 3441; x_wconf 92' lang='lat' dir='ltr'>et</span> <span class='ocrx_word' id='word_1_720' title='bbox 2870 3387 3239 3458; x_wconf 84' lang='lat' dir='ltr'>opprimendi</span> <span class='ocrx_word' id='word_1_721' title='bbox 3289 3391 3443 3446; x_wconf 88' lang='lat' dir='ltr'>sicut</span> <span class='ocrx_word' id='word_1_722' title='bbox 3496 3396 3643 3447; x_wconf 86' lang='lat' dir='ltr'>tom-</span> 
     </span>
    </p>
   </div>
   <div class='ocr_carea' id='block_1_97' title="bbox 1998 3472 3300 3547">
    <p class='ocr_par' dir='ltr' id='par_1_97' title="bbox 1998 3472 3300 3547">
     <span class='ocr_line' id='line_1_97' title="bbox 1998 3472 3300 3547; baseline 0.006 -22"><span class='ocrx_word' id='word_1_723' title='bbox 1998 3488 2136 3541; x_wconf 90' lang='lat' dir='ltr'>pore</span> <span class='ocrx_word' id='word_1_724' title='bbox 2172 3472 2440 3542; x_wconf 88' lang='lat' dir='ltr'>judicum</span> <span class='ocrx_word' id='word_1_725' title='bbox 2478 3475 2715 3529; x_wconf 82' lang='lat' dir='ltr'>fuerunt</span> <span class='ocrx_word' id='word_1_726' title='bbox 2744 3477 2966 3547; x_wconf 86' lang='lat' dir='ltr'>opressi</span> <span class='ocrx_word' id='word_1_727' title='bbox 2997 3481 3052 3531; x_wconf 90' lang='lat' dir='ltr'>et</span> <span class='ocrx_word' id='word_1_728' title='bbox 3083 3478 3300 3533; x_wconf 74' lang='lat' dir='ltr'>afflicti.</span> 
     </span>
    </p>
   </div>
   <div class='ocr_carea' id='block_1_98' title="bbox 2069 3577 3644 3655">
    <p class='ocr_par' dir='ltr' id='par_1_98' title="bbox 2069 3577 3644 3655">
     <span class='ocr_line' id='line_1_98' title="bbox 2069 3577 3644 3655; baseline 0.008 -26"><span class='ocrx_word' id='word_1_729' title='bbox 2069 3577 2252 3647; x_wconf 87' lang='lat' dir='ltr'>(Vers.</span> <span class='ocrx_word' id='word_1_730' title='bbox 2291 3580 2400 3649; x_wconf 71' lang='grc'><strong>14.)</strong></span> <span class='ocrx_word' id='word_1_731' title='bbox 2432 3602 2459 3627; x_wconf 91' lang='grc'><em>‹‹</em></span> <span class='ocrx_word' id='word_1_732' title='bbox 2494 3578 2598 3643; x_wconf 86' lang='lat' dir='ltr'>Qui</span> <span class='ocrx_word' id='word_1_733' title='bbox 2632 3580 2681 3634; x_wconf 89' lang='lat' dir='ltr'>si</span> <span class='ocrx_word' id='word_1_734' title='bbox 2714 3580 2912 3652; x_wconf 88' lang='lat' dir='ltr'>inique</span> <span class='ocrx_word' id='word_1_735' title='bbox 2943 3582 3162 3653; x_wconf 88' lang='lat' dir='ltr'>aliquid</span> <span class='ocrx_word' id='word_1_736' title='bbox 3213 3586 3484 3655; x_wconf 89' lang='lat' dir='ltr'>gesserit,</span> <span class='ocrx_word' id='word_1_737' title='bbox 3547 3605 3644 3642; x_wconf 87' lang='lat' dir='ltr'>ar-</span> 
     </span>
    </p>
   </div>
   <div class='ocr_carea' id='block_1_99' title="bbox 1996 3667 3641 3743">
    <p class='ocr_par' dir='ltr' id='par_1_99' title="bbox 1996 3667 3641 3743">
     <span class='ocr_line' id='line_1_99' title="bbox 1996 3667 3641 3743; baseline 0.006 -24"><span class='ocrx_word' id='word_1_738' title='bbox 1996 3681 2172 3736; x_wconf 81' lang='lat' dir='ltr'>guam</span> <span class='ocrx_word' id='word_1_739' title='bbox 2203 3683 2335 3720; x_wconf 88' lang='lat' dir='ltr'>eum</span> <span class='ocrx_word' id='word_1_740' title='bbox 2371 3667 2429 3720; x_wconf 91' lang='lat' dir='ltr'>in</span> <span class='ocrx_word' id='word_1_741' title='bbox 2463 3667 2623 3738; x_wconf 86' lang='lat' dir='ltr'>virga</span> <span class='ocrx_word' id='word_1_742' title='bbox 2651 3669 2929 3738; x_wconf 89' lang='lat' dir='ltr'>virorum,</span> <span class='ocrx_word' id='word_1_743' title='bbox 2961 3673 3017 3724; x_wconf 90' lang='lat' dir='ltr'>et</span> <span class='ocrx_word' id='word_1_744' title='bbox 3047 3671 3105 3724; x_wconf 89' lang='lat' dir='ltr'>in</span> <span class='ocrx_word' id='word_1_745' title='bbox 3155 3670 3343 3743; x_wconf 88' lang='lat' dir='ltr'>plagis</span> <span class='ocrx_word' id='word_1_746' title='bbox 3384 3674 3641 3729; x_wconf 80' lang='lat' dir='ltr'>filiorum</span> 
     </span>
    </p>
   </div>
   <div class='ocr_carea' id='block_1_100' title="bbox 1998 3754 3642 3828">
    <p class='ocr_par' dir='ltr' id='par_1_100' title="bbox 1998 3754 3642 3828">
     <span class='ocr_line' id='line_1_100' title="bbox 1998 3754 3642 3828; baseline 0.005 -20"><span class='ocrx_word' id='word_1_747' title='bbox 1998 3754 2325 3810; x_wconf 86' lang='lat' dir='ltr'>hominum.</span> <span class='ocrx_word' id='word_1_748' title='bbox 2353 3778 2379 3804; x_wconf 92' lang='grc'><strong>››</strong></span> <span class='ocrx_word' id='word_1_749' title='bbox 2414 3755 2646 3827; x_wconf 65' lang='grc' dir='ltr'><strong>νίτςαιιι</strong></span> <span class='ocrx_word' id='word_1_750' title='bbox 2695 3758 2972 3823; x_wconf 90' lang='lat' dir='ltr'>virorum,</span> <span class='ocrx_word' id='word_1_751' title='bbox 3014 3758 3275 3828; x_wconf 86' lang='lat' dir='ltr'>gladium</span> <span class='ocrx_word' id='word_1_752' title='bbox 3323 3766 3486 3816; x_wconf 87' lang='lat' dir='ltr'>vocat</span> <span class='ocrx_word' id='word_1_753' title='bbox 3539 3762 3642 3817; x_wconf 84' lang='lat' dir='ltr'>ini-</span> 
     </span>
    </p>
   </div>
   <div class='ocr_carea' id='block_1_101' title="bbox 1996 3843 3642 3916">
    <p class='ocr_par' dir='ltr' id='par_1_101' title="bbox 1996 3843 3642 3916">
     <span class='ocr_line' id='line_1_101' title="bbox 1996 3843 3642 3916; baseline 0.005 -18"><span class='ocrx_word' id='word_1_754' title='bbox 1996 3844 2303 3899; x_wconf 90' lang='lat' dir='ltr'>micorum.</span> <span class='ocrx_word' id='word_1_755' title='bbox 2360 3843 2548 3916; x_wconf 73' lang='lat' dir='ltr'>Plagae</span> <span class='ocrx_word' id='word_1_756' title='bbox 2595 3861 2726 3900; x_wconf 90' lang='lat' dir='ltr'>vero</span> <span class='ocrx_word' id='word_1_757' title='bbox 2759 3845 3012 3901; x_wconf 84' lang='lat' dir='ltr'>filiorum</span> <span class='ocrx_word' id='word_1_758' title='bbox 3051 3847 3353 3904; x_wconf 90' lang='lat' dir='ltr'>hominum</span> <span class='ocrx_word' id='word_1_759' title='bbox 3387 3855 3528 3906; x_wconf 88' lang='lat' dir='ltr'>sunt</span> <span class='ocrx_word' id='word_1_760' title='bbox 3552 3852 3642 3907; x_wconf 85' lang='lat' dir='ltr'>in-</span> 
     </span>
    </p>
   </div>
   <div class='ocr_carea' id='block_1_102' title="bbox 1995 3932 3641 4012">
    <p class='ocr_par' dir='ltr' id='par_1_102' title="bbox 1995 3932 3641 4012">
     <span class='ocr_line' id='line_1_102' title="bbox 1995 3932 3641 4012; baseline 0.007 -26"><span class='ocrx_word' id='word_1_761' title='bbox 1995 3932 2440 3988; x_wconf 88' lang='lat' dir='ltr'>commoditates</span> <span class='ocrx_word' id='word_1_762' title='bbox 2473 3950 2779 4005; x_wconf 89' lang='lat' dir='ltr'>corporum</span> <span class='ocrx_word' id='word_1_763' title='bbox 2823 3934 3237 4002; x_wconf 88' lang='lat' dir='ltr'>humanorum,</span> <span class='ocrx_word' id='word_1_764' title='bbox 3290 3939 3505 4011; x_wconf 90' lang='lat' dir='ltr'>quibus</span> <span class='ocrx_word' id='word_1_765' title='bbox 3540 3957 3641 4012; x_wconf 87' lang='lat' dir='ltr'>pro</span> 
     </span>
    </p>
   </div>
   <div class='ocr_carea' id='block_1_103' title="bbox 1995 4022 3645 4100">
    <p class='ocr_par' dir='ltr' id='par_1_103' title="bbox 1995 4022 3645 4100">
     <span class='ocr_line' id='line_1_103' title="bbox 1995 4022 3645 4100; baseline 0.005 -25"><span class='ocrx_word' id='word_1_766' title='bbox 1995 4022 2248 4092; x_wconf 89' lang='lat' dir='ltr'>peccatis</span> <span class='ocrx_word' id='word_1_767' title='bbox 2279 4022 2453 4077; x_wconf 88' lang='lat' dir='ltr'>suisa</span> <span class='ocrx_word' id='word_1_768' title='bbox 2482 4023 2724 4077; x_wconf 92' lang='lat' dir='ltr'>Domino</span> <span class='ocrx_word' id='word_1_769' title='bbox 2740 4023 2943 4078; x_wconf 91' lang='lat' dir='ltr'>merito</span> <span class='ocrx_word' id='word_1_770' title='bbox 2976 4024 3245 4081; x_wconf 88' lang='lat' dir='ltr'>homines</span> <span class='ocrx_word' id='word_1_771' title='bbox 3276 4026 3645 4100; x_wconf 87' lang='lat' dir='ltr'>ﬂagellantur</span> 
     </span>
    </p>
   </div>
   <div class='ocr_carea' id='block_1_104' title="bbox 2066 4109 3643 4183">
    <p class='ocr_par' dir='ltr' id='par_1_104' title="bbox 2066 4109 3643 4183">
     <span class='ocr_line' id='line_1_104' title="bbox 2066 4109 3643 4183; baseline 0.006 -20"><span class='ocrx_word' id='word_1_772' title='bbox 2066 4109 2243 4179; x_wconf 86' lang='lat' dir='ltr'>(Vers.</span> <span class='ocrx_word' id='word_1_773' title='bbox 2307 4111 2416 4179; x_wconf 86' lang='lat'>19.)</span> <span class='ocrx_word' id='word_1_774' title='bbox 2476 4115 2596 4165; x_wconf 89' lang='lat' dir='ltr'>Ista</span> <span class='ocrx_word' id='word_1_775' title='bbox 2652 4116 2741 4166; x_wconf 90' lang='lat' dir='ltr'>est</span> <span class='ocrx_word' id='word_1_776' title='bbox 2785 4112 3090 4168; x_wconf 85' lang='lat' dir='ltr'>enim&#39;lex</span> <span class='ocrx_word' id='word_1_777' title='bbox 3133 4116 3340 4183; x_wconf 89' lang='lat' dir='ltr'>Adam,</span> <span class='ocrx_word' id='word_1_778' title='bbox 3402 4118 3643 4173; x_wconf 87' lang='lat' dir='ltr'>Domine</span> 
     </span>
    </p>
   </div>
   <div class='ocr_carea' id='block_1_105' title="bbox 1997 4198 3641 4272">
    <p class='ocr_par' dir='ltr' id='par_1_105' title="bbox 1997 4198 3641 4272">
     <span class='ocr_line' id='line_1_105' title="bbox 1997 4198 3641 4272; baseline 0.007 -22"><span class='ocrx_word' id='word_1_779' title='bbox 1997 4201 2165 4253; x_wconf 89' lang='lat' dir='ltr'>Deus.</span> <span class='ocrx_word' id='word_1_780' title='bbox 2202 4220 2229 4246; x_wconf 82' lang='lat'>»</span> <span class='ocrx_word' id='word_1_781' title='bbox 2262 4198 2378 4253; x_wconf 84' lang='lat' dir='ltr'>Hoc</span> <span class='ocrx_word' id='word_1_782' title='bbox 2407 4205 2516 4263; x_wconf 83' lang='lat' dir='ltr'>est,</span> <span class='ocrx_word' id='word_1_783' title='bbox 2544 4198 2635 4255; x_wconf 84' lang='lat' dir='ltr'>lex</span> <span class='ocrx_word' id='word_1_784' title='bbox 2666 4200 2923 4256; x_wconf 88' lang='lat' dir='ltr'>hominis</span> <span class='ocrx_word' id='word_1_785' title='bbox 2954 4207 3062 4266; x_wconf 86' lang='lat' dir='ltr'>est,</span> <span class='ocrx_word' id='word_1_786' title='bbox 3096 4204 3336 4259; x_wconf 87' lang='lat' dir='ltr'>Domine</span> <span class='ocrx_word' id='word_1_787' title='bbox 3370 4209 3541 4272; x_wconf 87' lang='lat' dir='ltr'>Deus,</span> <span class='ocrx_word' id='word_1_788' title='bbox 3574 4209 3641 4261; x_wconf 88' lang='lat' dir='ltr'>ut</span> 
     </span>
    </p>
   </div>
   <div class='ocr_carea' id='block_1_106' title="bbox 1991 4286 3455 4362">
    <p class='ocr_par' dir='ltr' id='par_1_106' title="bbox 1991 4286 3455 4362">
     <span class='ocr_line' id='line_1_106' title="bbox 1991 4286 3455 4362; baseline 0.005 -21"><span class='ocrx_word' id='word_1_789' title='bbox 1991 4286 2095 4341; x_wconf 89' lang='lat' dir='ltr'>tibi</span> <span class='ocrx_word' id='word_1_790' title='bbox 2127 4286 2185 4341; x_wconf 92' lang='lat' dir='ltr'>in</span> <span class='ocrx_word' id='word_1_791' title='bbox 2216 4286 2590 4360; x_wconf 91' lang='lat' dir='ltr'>simplicitate</span> <span class='ocrx_word' id='word_1_792' title='bbox 2620 4288 2812 4345; x_wconf 90' lang='lat' dir='ltr'>cordis</span> <span class='ocrx_word' id='word_1_793' title='bbox 2842 4295 2898 4345; x_wconf 91' lang='lat' dir='ltr'>et</span> <span class='ocrx_word' id='word_1_794' title='bbox 2930 4292 3181 4362; x_wconf 90' lang='lat' dir='ltr'>puritate</span> <span class='ocrx_word' id='word_1_795' title='bbox 3220 4292 3455 4349; x_wconf 89' lang='lat' dir='ltr'>serviat.</span> 
     </span>
    </p>
   </div>
   <div class='ocr_carea' id='block_1_107' title="bbox 2064 4394 3640 4465">
    <p class='ocr_par' dir='ltr' id='par_1_107' title="bbox 2064 4394 3640 4465">
     <span class='ocr_line' id='line_1_107' title="bbox 2064 4394 3640 4465; baseline 0.006 -20"><span class='ocrx_word' id='word_1_796' title='bbox 2064 4394 2248 4461; x_wconf 83' lang='lat' dir='ltr'>(Vers.</span> <span class='ocrx_word' id='word_1_797' title='bbox 2280 4396 2394 4465; x_wconf 86' lang='lat' dir='ltr'>2I.)</span> <span class='ocrx_word' id='word_1_798' title='bbox 2428 4418 2453 4443; x_wconf 87' lang='grc'><em>‹‹</em></span> <span class='ocrx_word' id='word_1_799' title='bbox 2488 4398 2554 4449; x_wconf 82' lang='lat' dir='ltr'>Et</span> <span class='ocrx_word' id='word_1_800' title='bbox 2587 4400 2649 4449; x_wconf 91' lang='lat' dir='ltr'>ut</span> <span class='ocrx_word' id='word_1_801' title='bbox 2682 4395 2854 4451; x_wconf 83' lang='lat' dir='ltr'>facies</span> <span class='ocrx_word' id='word_1_802' title='bbox 2884 4396 2932 4451; x_wconf 91' lang='lat' dir='ltr'>ei</span> <span class='ocrx_word' id='word_1_803' title='bbox 2966 4398 3131 4464; x_wconf 80' lang='lat' dir='ltr'>iuxta</span> <span class='ocrx_word' id='word_1_804' title='bbox 3177 4399 3640 4455; x_wconf 86' lang='lat' dir='ltr'>misericordiam</span> 
     </span>
    </p>
   </div>
   <div class='ocr_carea' id='block_1_108' title="bbox 1991 4482 3641 4562">
    <p class='ocr_par' dir='ltr' id='par_1_108' title="bbox 1991 4482 3641 4562">
     <span class='ocr_line' id='line_1_108' title="bbox 1991 4482 3641 4562; baseline 0.005 -25"><span class='ocrx_word' id='word_1_805' title='bbox 1991 4487 2174 4551; x_wconf 90' lang='lat' dir='ltr'>tuam,</span> <span class='ocrx_word' id='word_1_806' title='bbox 2205 4482 2357 4538; x_wconf 92' lang='lat' dir='ltr'>sicut</span> <span class='ocrx_word' id='word_1_807' title='bbox 2388 4482 2530 4538; x_wconf 92' lang='lat' dir='ltr'>mihi</span> <span class='ocrx_word' id='word_1_808' title='bbox 2562 4484 2838 4555; x_wconf 89' lang='lat' dir='ltr'>dignatus</span> <span class='ocrx_word' id='word_1_809' title='bbox 2868 4502 2929 4541; x_wconf 89' lang='lat' dir='ltr'>es</span> <span class='ocrx_word' id='word_1_810' title='bbox 2962 4487 3147 4541; x_wconf 84' lang='lat' dir='ltr'>facere</span> <span class='ocrx_word' id='word_1_811' title='bbox 3178 4504 3345 4544; x_wconf 89' lang='lat' dir='ltr'>servo</span> <span class='ocrx_word' id='word_1_812' title='bbox 3380 4494 3479 4544; x_wconf 91' lang='lat' dir='ltr'>tuo</span> <span class='ocrx_word' id='word_1_813' title='bbox 3512 4504 3641 4562; x_wconf 88' lang='lat' dir='ltr'>pro-</span> 
     </span>
    </p>
   </div>
   <div class='ocr_carea' id='block_1_109' title="bbox 1915 4562 3638 4644">
    <p class='ocr_par' dir='ltr' id='par_1_109' title="bbox 1915 4562 3638 4644">
     <span class='ocr_line' id='line_1_109' title="bbox 1915 4562 3638 4644; baseline 0.004 -18"><span class='ocrx_word' id='word_1_814' title='bbox 1915 4562 1961 4626; x_wconf 81' lang='grc' dir='ltr'><strong>Ι)</strong></span> <span class='ocrx_word' id='word_1_815' title='bbox 1993 4577 2122 4644; x_wconf 91' lang='lat' dir='ltr'>pter</span> <span class='ocrx_word' id='word_1_816' title='bbox 2148 4571 2386 4627; x_wconf 88' lang='lat' dir='ltr'>verbum</span> <span class='ocrx_word' id='word_1_817' title='bbox 2414 4578 2579 4627; x_wconf 91' lang='lat' dir='ltr'>tuum</span> <span class='ocrx_word' id='word_1_818' title='bbox 2605 4590 2617 4629; x_wconf 91' lang='lat'>:</span> <span class='ocrx_word' id='word_1_819' title='bbox 2654 4578 2710 4628; x_wconf 91' lang='lat' dir='ltr'>et</span> <span class='ocrx_word' id='word_1_820' title='bbox 2738 4575 3063 4630; x_wconf 85' lang='lat' dir='ltr'>secundum</span> <span class='ocrx_word' id='word_1_821' title='bbox 3098 4592 3197 4631; x_wconf 86' lang='lat' dir='ltr'>cor</span> <span class='ocrx_word' id='word_1_822' title='bbox 3226 4582 3396 4633; x_wconf 90' lang='lat' dir='ltr'>tuum</span> <span class='ocrx_word' id='word_1_823' title='bbox 3450 4578 3638 4634; x_wconf 90' lang='lat' dir='ltr'>fecisti</span> 
     </span>
    </p>
   </div>
   <div class='ocr_carea' id='block_1_110' title="bbox 1992 4660 3635 4735">
    <p class='ocr_par' dir='ltr' id='par_1_110' title="bbox 1992 4660 3635 4735">
     <span class='ocr_line' id='line_1_110' title="bbox 1992 4660 3635 4735; baseline 0.005 -21"><span class='ocrx_word' id='word_1_824' title='bbox 1992 4660 2189 4715; x_wconf 86' lang='lat' dir='ltr'>omnia</span> <span class='ocrx_word' id='word_1_825' title='bbox 2238 4661 2530 4731; x_wconf 79' lang='lat' dir='ltr'>magnalia</span> <span class='ocrx_word' id='word_1_826' title='bbox 2578 4662 2734 4729; x_wconf 68' lang='lat' dir='ltr'>haec;</span> <span class='ocrx_word' id='word_1_827' title='bbox 2772 4685 2797 4710; x_wconf 87' lang='grc'><strong>››</strong></span> <span class='ocrx_word' id='word_1_828' title='bbox 2858 4669 3090 4735; x_wconf 85' lang='lat' dir='ltr'>propter</span> <span class='ocrx_word' id='word_1_829' title='bbox 3142 4666 3382 4721; x_wconf 82' lang='lat' dir='ltr'>verbum</span> <span class='ocrx_word' id='word_1_830' title='bbox 3442 4672 3635 4734; x_wconf 89' lang='lat' dir='ltr'>tuum,</span> 
     </span>
    </p>
   </div>
   <div class='ocr_carea' id='block_1_111' title="bbox 1993 4750 3638 4822">
    <p class='ocr_par' dir='ltr' id='par_1_111' title="bbox 1993 4750 3638 4822">
     <span class='ocr_line' id='line_1_111' title="bbox 1993 4750 3638 4822; baseline 0.005 -19"><span class='ocrx_word' id='word_1_831' title='bbox 1993 4750 2145 4820; x_wconf 89' lang='lat' dir='ltr'>quod</span> <span class='ocrx_word' id='word_1_832' title='bbox 2175 4750 2496 4821; x_wconf 88' lang='lat' dir='ltr'>promisisti</span> <span class='ocrx_word' id='word_1_833' title='bbox 2530 4752 2846 4819; x_wconf 75' lang='lat' dir='ltr'>Abraham,</span> <span class='ocrx_word' id='word_1_834' title='bbox 2882 4752 3042 4807; x_wconf 86' lang='lat' dir='ltr'>Isaac</span> <span class='ocrx_word' id='word_1_835' title='bbox 3087 4760 3143 4809; x_wconf 89' lang='lat' dir='ltr'>et</span> <span class='ocrx_word' id='word_1_836' title='bbox 3193 4755 3393 4822; x_wconf 85' lang='lat' dir='ltr'>Jacob,</span> <span class='ocrx_word' id='word_1_837' title='bbox 3452 4754 3638 4812; x_wconf 91' lang='lat' dir='ltr'>fecisti</span> 
     </span>
    </p>
   </div>
   <div class='ocr_carea' id='block_1_112' title="bbox 1991 4838 3637 4909">
    <p class='ocr_par' dir='ltr' id='par_1_112' title="bbox 1991 4838 3637 4909">
     <span class='ocr_line' id='line_1_112' title="bbox 1991 4838 3637 4909; baseline 0.004 -16"><span class='ocrx_word' id='word_1_838' title='bbox 1991 4839 2189 4893; x_wconf 87' lang='lat' dir='ltr'>omnia</span> <span class='ocrx_word' id='word_1_839' title='bbox 2220 4838 2340 4893; x_wconf 81' lang='lat' dir='ltr'>haec</span> <span class='ocrx_word' id='word_1_840' title='bbox 2396 4840 2537 4894; x_wconf 90' lang='lat' dir='ltr'>mihi</span> <span class='ocrx_word' id='word_1_841' title='bbox 2571 4858 2733 4895; x_wconf 84' lang='lat' dir='ltr'>servo</span> <span class='ocrx_word' id='word_1_842' title='bbox 2794 4847 2915 4896; x_wconf 89' lang='lat' dir='ltr'>tuo.</span> <span class='ocrx_word' id='word_1_843' title='bbox 2949 4843 3109 4908; x_wconf 85' lang='lat' dir='ltr'>Quod</span> <span class='ocrx_word' id='word_1_844' title='bbox 3142 4843 3306 4909; x_wconf 89' lang='lat' dir='ltr'>dicit,</span> <span class='ocrx_word' id='word_1_845' title='bbox 3337 4844 3637 4901; x_wconf 81' lang='lat' dir='ltr'>secundum</span> 
     </span>
    </p>
   </div>
   <div class='ocr_carea' id='block_1_113' title="bbox 1989 4928 3636 5001">
    <p class='ocr_par' dir='ltr' id='par_1_113' title="bbox 1989 4928 3636 5001">
     <span class='ocr_line' id='line_1_113' title="bbox 1989 4928 3636 5001; baseline 0.005 -20"><span class='ocrx_word' id='word_1_846' title='bbox 1989 4942 2082 4983; x_wconf 87' lang='lat' dir='ltr'>cor</span> <span class='ocrx_word' id='word_1_847' title='bbox 2138 4935 2313 4994; x_wconf 87' lang='lat' dir='ltr'>tuum,</span> <span class='ocrx_word' id='word_1_848' title='bbox 2374 4928 2721 5001; x_wconf 83' lang='lat' dir='ltr'>intelligitur</span> <span class='ocrx_word' id='word_1_849' title='bbox 2772 4931 3094 4986; x_wconf 84' lang='lat' dir='ltr'>secundum</span> <span class='ocrx_word' id='word_1_850' title='bbox 3176 4931 3636 4990; x_wconf 85' lang='lat' dir='ltr'>misericordiam</span> 
     </span>
    </p>
   </div>
   <div class='ocr_carea' id='block_1_114' title="bbox 1992 5021 2176 5072">
    <p class='ocr_par' dir='ltr' id='par_1_114' title="bbox 1992 5021 2176 5072">
     <span class='ocr_line' id='line_1_114' title="bbox 1992 5021 2176 5072; baseline 0.011 -2"><span class='ocrx_word' id='word_1_851' title='bbox 1992 5021 2176 5072; x_wconf 75' lang='lat' dir='ltr'>tuam.</span> 
     </span>
    </p>
   </div>
   <div class='ocr_carea' id='block_1_115' title="bbox 2062 5104 3635 5183">
    <p class='ocr_par' dir='ltr' id='par_1_115' title="bbox 2062 5104 3635 5183">
     <span class='ocr_line' id='line_1_115' title="bbox 2062 5104 3635 5183; baseline 0.008 -26"><span class='ocrx_word' id='word_1_852' title='bbox 2062 5104 2247 5176; x_wconf 88' lang='lat' dir='ltr'>(Vers.</span> <span class='ocrx_word' id='word_1_853' title='bbox 2301 5106 2415 5175; x_wconf 82' lang='lat'>22.)</span> <span class='ocrx_word' id='word_1_854' title='bbox 2450 5127 2477 5155; x_wconf 86' lang='lat'><strong>«</strong></span> <span class='ocrx_word' id='word_1_855' title='bbox 2533 5106 2677 5171; x_wconf 88' lang='lat' dir='ltr'>Quia</span> <span class='ocrx_word' id='word_1_856' title='bbox 2734 5124 2846 5162; x_wconf 91' lang='lat' dir='ltr'>non</span> <span class='ocrx_word' id='word_1_857' title='bbox 2904 5112 2994 5162; x_wconf 91' lang='lat' dir='ltr'>est</span> <span class='ocrx_word' id='word_1_858' title='bbox 3048 5108 3262 5165; x_wconf 85' lang='lat' dir='ltr'>similis</span> <span class='ocrx_word' id='word_1_859' title='bbox 3297 5108 3635 5183; x_wconf 87' lang='lat' dir='ltr'>tui.Neque</span> 
     </span>
    </p>
   </div>
   <div class='ocr_carea' id='block_1_116' title="bbox 1990 5194 3638 5269">
    <p class='ocr_par' dir='ltr' id='par_1_116' title="bbox 1990 5194 3638 5269">
     <span class='ocr_line' id='line_1_116' title="bbox 1990 5194 3638 5269; baseline 0.005 -20"><span class='ocrx_word' id='word_1_860' title='bbox 1990 5194 2143 5249; x_wconf 90' lang='lat' dir='ltr'>enim</span> <span class='ocrx_word' id='word_1_861' title='bbox 2176 5198 2266 5250; x_wconf 86' lang='lat' dir='ltr'>est</span> <span class='ocrx_word' id='word_1_862' title='bbox 2298 5199 2445 5249; x_wconf 84' lang='lat' dir='ltr'>Deus</span> <span class='ocrx_word' id='word_1_863' title='bbox 2475 5200 2637 5250; x_wconf 84' lang='lat' dir='ltr'>extra</span> <span class='ocrx_word' id='word_1_864' title='bbox 2666 5200 2721 5249; x_wconf 89' lang='lat' dir='ltr'>te</span> <span class='ocrx_word' id='word_1_865' title='bbox 2761 5196 2818 5251; x_wconf 89' lang='lat' dir='ltr'>in</span> <span class='ocrx_word' id='word_1_866' title='bbox 2852 5197 3127 5251; x_wconf 88' lang='lat' dir='ltr'>omnibus</span> <span class='ocrx_word' id='word_1_867' title='bbox 3153 5214 3281 5269; x_wconf 73' lang='lat' dir='ltr'>qum</span> <span class='ocrx_word' id='word_1_868' title='bbox 3303 5198 3638 5258; x_wconf 88' lang='lat' dir='ltr'>audivimus</span> 
     </span>
    </p>
   </div>
   <div class='ocr_carea' id='block_1_117' title="bbox 1992 5284 3640 5358">
    <p class='ocr_par' dir='ltr' id='par_1_117' title="bbox 1992 5284 3640 5358">
     <span class='ocr_line' id='line_1_117' title="bbox 1992 5284 3640 5358; baseline 0.005 -21"><span class='ocrx_word' id='word_1_869' title='bbox 1992 5284 2233 5338; x_wconf 82' lang='lat' dir='ltr'>auribus</span> <span class='ocrx_word' id='word_1_870' title='bbox 2265 5284 2503 5351; x_wconf 83' lang='lat' dir='ltr'>nostris,</span> <span class='ocrx_word' id='word_1_871' title='bbox 2542 5308 2567 5332; x_wconf 88' lang='grc'>››</span> <span class='ocrx_word' id='word_1_872' title='bbox 2601 5284 2723 5341; x_wconf 85' lang='grc' dir='ltr'><strong>Νοιι</strong></span> <span class='ocrx_word' id='word_1_873' title='bbox 2755 5291 2862 5353; x_wconf 84' lang='lat' dir='ltr'>est,</span> <span class='ocrx_word' id='word_1_874' title='bbox 2896 5285 3106 5358; x_wconf 88' lang='lat' dir='ltr'>inquit,</span> <span class='ocrx_word' id='word_1_875' title='bbox 3136 5291 3283 5342; x_wconf 89' lang='lat' dir='ltr'>Deus</span> <span class='ocrx_word' id='word_1_876' title='bbox 3311 5288 3525 5346; x_wconf 89' lang='lat' dir='ltr'>similis</span> <span class='ocrx_word' id='word_1_877' title='bbox 3552 5291 3640 5346; x_wconf 89' lang='lat' dir='ltr'>tui</span> 
     </span>
    </p>
   </div>
   <div class='ocr_carea' id='block_1_118' title="bbox 1990 5372 3644 5445">
    <p class='ocr_par' dir='ltr' id='par_1_118' title="bbox 1990 5372 3644 5445">
     <span class='ocr_line' id='line_1_118' title="bbox 1990 5372 3644 5445; baseline 0.006 -19"><span class='ocrx_word' id='word_1_878' title='bbox 1990 5373 2088 5444; x_wconf 91' lang='lat' dir='ltr'>qui</span> <span class='ocrx_word' id='word_1_879' title='bbox 2123 5372 2319 5427; x_wconf 81' lang='lat' dir='ltr'>fecerit</span> <span class='ocrx_word' id='word_1_880' title='bbox 2350 5372 2643 5445; x_wconf 88' lang='lat' dir='ltr'>magnalia</span> <span class='ocrx_word' id='word_1_881' title='bbox 2674 5373 2793 5429; x_wconf 68' lang='lat' dir='ltr'>haec</span> <span class='ocrx_word' id='word_1_882' title='bbox 2824 5391 2953 5445; x_wconf 65' lang='lat' dir='ltr'>quae</span> <span class='ocrx_word' id='word_1_883' title='bbox 3011 5375 3344 5431; x_wconf 88' lang='lat' dir='ltr'>audivimus</span> <span class='ocrx_word' id='word_1_884' title='bbox 3398 5378 3644 5436; x_wconf 86' lang='lat' dir='ltr'>auribus</span> 
     </span>
    </p>
   </div>
   <div class='ocr_carea' id='block_1_119' title="bbox 1990 5461 2227 5516">
    <p class='ocr_par' dir='ltr' id='par_1_119' title="bbox 1990 5461 2227 5516">
     <span class='ocr_line' id='line_1_119' title="bbox 1990 5461 2227 5516; baseline -0.004 -1"><span class='ocrx_word' id='word_1_885' title='bbox 1990 5461 2227 5516; x_wconf 89' lang='lat' dir='ltr'>nostris.</span> 
     </span>
    </p>
   </div>
   <div class='ocr_carea' id='block_1_120' title="bbox 2060 5550 3646 5629">
    <p class='ocr_par' dir='ltr' id='par_1_120' title="bbox 2060 5550 3646 5629">
     <span class='ocr_line' id='line_1_120' title="bbox 2060 5550 3646 5629; baseline 0.001 -26"><span class='ocrx_word' id='word_1_886' title='bbox 2060 5550 2244 5621; x_wconf 81' lang='lat' dir='ltr'>(Vers.</span> <span class='ocrx_word' id='word_1_887' title='bbox 2266 5552 2380 5621; x_wconf 81' lang='lat'>23.)</span> <span class='ocrx_word' id='word_1_888' title='bbox 2413 5575 2439 5599; x_wconf 89' lang='grc'>‹‹</span> <span class='ocrx_word' id='word_1_889' title='bbox 2473 5554 2517 5606; x_wconf 86' lang='grc' dir='ltr'><strong>Α</strong></span> <span class='ocrx_word' id='word_1_890' title='bbox 2548 5551 2696 5608; x_wconf 76' lang='lat' dir='ltr'>facie</span> <span class='ocrx_word' id='word_1_891' title='bbox 2731 5552 2933 5629; x_wconf 87' lang='lat' dir='ltr'>populi</span> <span class='ocrx_word' id='word_1_892' title='bbox 2968 5555 3077 5622; x_wconf 89' lang='lat' dir='ltr'>tui,</span> <span class='ocrx_word' id='word_1_893' title='bbox 3109 5570 3287 5625; x_wconf 89' lang='lat' dir='ltr'>quem</span> <span class='ocrx_word' id='word_1_894' title='bbox 3343 5553 3646 5617; x_wconf 78' lang='lat' dir='ltr'>redemisti</span> 
     </span>
    </p>
   </div>
   <div class='ocr_carea' id='block_1_121' title="bbox 1986 5634 3650 5715">
    <p class='ocr_par' dir='ltr' id='par_1_121' title="bbox 1986 5634 3650 5715">
     <span class='ocr_line' id='line_1_121' title="bbox 1986 5634 3650 5715; baseline -0.003 -19"><span class='ocrx_word' id='word_1_895' title='bbox 1986 5656 2056 5698; x_wconf 84' lang='lat' dir='ltr'>ex</span> <span class='ocrx_word' id='word_1_896' title='bbox 2082 5640 2589 5715; x_wconf 54' lang='lat' dir='ltr'>{Egyptogentem</span> <span class='ocrx_word' id='word_1_897' title='bbox 2619 5645 2679 5700; x_wconf 85' lang='lat' dir='ltr'>et</span> <span class='ocrx_word' id='word_1_898' title='bbox 2711 5650 2903 5704; x_wconf 88' lang='lat' dir='ltr'>Deum</span> <span class='ocrx_word' id='word_1_899' title='bbox 2932 5642 3062 5715; x_wconf 80' lang='lat' dir='ltr'>ejus</span> <span class='ocrx_word' id='word_1_900' title='bbox 3093 5666 3120 5694; x_wconf 85' lang='grc'><strong>››</strong></span> <span class='ocrx_word' id='word_1_901' title='bbox 3141 5634 3421 5702; x_wconf 74' lang='lat' dir='ltr'>Hebraeus</span> <span class='ocrx_word' id='word_1_902' title='bbox 3449 5638 3650 5709; x_wconf 84' lang='lat' dir='ltr'>habet,</span> 
     </span>
    </p>
   </div>
  </div>
