4070 6166
451 276 610 356 4.445.

1947 270 2368 334 APPENDIX.

3664 275 3790 342 1116

444 409 756 484 egentibus
785 409 842 462 et
879 405 993 462 diis
1030 420 1261 462 earum.
1301 427 1328 456 »
1363 406 1434 462 Et
1465 412 1554 462 est
1586 423 1797 462 sensus
1820 425 1831 462 :
1857 408 1900 460 A
1952 406 2094 460 facie
2129 411 2175 472 Α
2208 407 2546 478 speluncam
2606 405 2890 469 Odollam,
2955 404 3054 460 ubi
3105 407 3393 461 venerunt
3420 405 3486 468 ad
3515 419 3635 462 eum
3659 414 3790 480 pater

445 496 644 569 pepuli
677 495 782 562 tui,
819 512 994 567 quem
1027 495 1324 551 redemisti
1380 512 1449 550 ex
1507 497 1769 568 zEgypto,
1807 497 1878 550 de
1924 512 2104 550 manu

443 585 668 642 scilicet
705 585 1128 657 Egyptiorum,
1162 601 1310 656 quos
1341 585 1399 639 in
1434 585 1580 640 mari
1625 584 1820 639 Rubro
1855 583 2102 656 peremi-

441 674 540 742 sti,
582 679 640 729 et
671 674 784 729 diis
813 690 1038 739 eorum,
1074 674 1130 728 in
1164 673 1622 744 quibusjudicia
1653 672 1862 728 fecisti.

515 763 703 834 (Vers.
737 764 851 834 27.)
885 786 912 812 ‹‹
947 762 1092 828 Quia
1122 767 1207 830 tu,
1243 761 1486 818 Domine
1533 763 1914 832 exercituum,
1948 761 2102 816 Deus

447 852 650 917 Israel,
681 851 958 908 revelasti
993 867 1194 906 aurem
1228 850 1376 906 servi
1417 851 1523 917 tui,
1558 851 1793 906 dicens:
1855 855 2103 906 Domum

449 940 748 996 aedificabo
783 940 910 1006 tibi,
943 943 1180 1012 propter
1211 939 1320 994 hoc
1381 938 1602 995 invenit
1633 955 1833 994 servus
1854 943 1992 993 tuus
2012 953 2109 994 cor

439 1045 638 1098 suum,
667 1033 732 1084 ut
759 1032 950 1084 oraret
978 1031 1034 1082 te
1065 1027 1323 1083 oratione
1352 1027 1481 1083 hac.
1520 1050 1546 1076 ››
1580 1032 1794 1083 Aurem
1822 1029 1952 1097 ejus
1983 1027 2090 1082 Do-

439 1117 635 1174 minus
663 1135 766 1189 per
793 1116 1137 1190 prOphetam
1169 1115 1541 1184 revelaverat,
1581 1133 1643 1171 se
1702 1114 1785 1170 illi
1846 1117 2091 1171 domum

441 1207 885 1263 :edlficaturum.
925 1205 1140 1260 Idcirco
1172 1205 1349 1260 David
1381 1204 1673 1261 invenisse
1726 1222 1788 1260 se
1830 1204 1971 1259 dicit
2000 1221 2102 1260 cor

445 1311 645 1364 suum,
707 1295 763 1349 id
819 1299 926 1361 est,
985 1294 1206 1348 invenit
1236 1294 1542 1350 audaciam
1585 1295 1643 1350 in
1677 1295 1847 1350 corde
1878 1310 2007 1360 suo,
2037 1297 2103 1348 ut

442 1389 636 1439 oraret
665 1399 799 1439 eum
824 1383 1083 1438 oratione
1109 1383 1238 1438 hac.

511 1473 671 1545 (Cap.
709 1473 851 1528 VIII.
887 1504 951 1513 —
984 1471 1146 1527 Vers.
1184 1474 1259 1543 1.)
1293 1495 1320 1522 ‹‹
1360 1473 1601 1527 Factum
1625 1475 1713 1527 est
1746 1476 1939 1527 autem
1965 1480 2098 1543 post

439 1562 561 1616 haec
593 1561 886 1633 percussit
914 1560 1093 1616 David
1127 1560 1440 1615 Philistiim
1471 1579 1483 1615 :
1517 1566 1572 1615 et
1604 1560 1937 1614 humiliavit
1959 1576 2093 1616 eos:

440 1653 497 1706 et
521 1649 656 1706 tulit
689 1650 864 1705 David
898 1651 1125 1705 frenum
1159 1649 1360 1704 tributi
1393 1651 1463 1706 de
1497 1666 1675 1704 manu
1711 1648 2092 1704 Philistiim.»

2217 496 2345 565 ejus
2377 501 2433 550 et
2463 500 2652 550 mater
2687 501 2743 550 et
2771 495 2964 550 omnis
2994 494 3206 550 domus
3238 496 3390 564 ejus.
3431 495 3558 550 Inde
3585 497 3718 552 venit
3740 499 3792 553 ad

2217 583 2407 651 Moab,
2441 587 2496 638 et
2527 583 2750 638 dimisit
2781 584 2932 653 apud
2969 599 3100 638 eum
3163 586 3384 653 patrem
3417 587 3470 638 et
3498 587 3731 652 matrem,
3754 589 3796 640 et

2216 689 2448 726 omnem
2483 673 2724 726 domum
2788 688 2978 726 suam.
3030 671 3192 735 Quod
3221 687 3354 726 vero
3381 671 3519 726 dixit
3546 671 3702 726 Achis
3726 689 3797 728 rex

2215 760 2356 814 Geth
2383 777 2397 814 :
2430 763 2664 816 Hircine
2692 762 3028 831 ingredietur
3055 761 3280 815 domum
3306 764 3524 814 meam?
3551 760 3680 815 Abiit
3705 762 3800 815 inde

2215 848 2385 903 David
2441 857 2492 904 et
2544 852 2689 921 fugit
2749 853 2828 924 in.
2855 851 3176 922 speluncam
3226 849 3542 916 0dollam(l
3577 849 3801 918 Reg.xx1,

2217 938 2285 992 15
2322 930 2479 1005 'xxn,
2544 938 2614 1010 1).
2684 939 2844 994 Abiit
2906 939 3061 1009 inde,
3117 937 3579 994 subaudiendum
3628 941 3726 1005 est,
3751 938 3803 992 de

2213 1027 2386 1082 domo
2443 1027 2613 1097 Naas,
2671 1033 2727 1083 et
2783 1028 2918 1084 inde
2971 1027 3192 1100 fugisse
3248 1025 3415 1082 illum
3464 1026 3521 1081 in
3552 1025 3801 1098 speculam

2211 1115 2493 1172 Odollam.
2529 1117 2587 1173 Si
2627 1133 2759 1172 vero
2804 1118 3082 1189 quaeritur
3128 1133 3231 1172 cur
3275 1117 3346 1170 ad
3381 1131 3534 1184 eum,
3565 1115 3618 1170 id
3648 1120 3722 1170 est
3746 1115 3798 1170 ad

2210 1204 2405 1272 Achis,
2459 1205 2635 1261 David
2688 1205 2942 1272 redierit,
2991 1210 3125 1261 ante
3163 1205 3332 1276 cujus
3365 1204 3565 1259 faciem
3599 1203 3802 1276 fugerat,

2212 1293 2629 1367 intelligendus
2659 1299 2746 1349 est
2777 1295 2885 1350 iste
2912 1294 3086 1349 Acbis
3107 1293 3262 1349 ﬁlius
3295 1293 3476 1349 tuisse
3499 1291 3645 1347 illius
3662 1291 3799 1346 Achis

2210 1399 2243 1436 a
2307 1399 2422 1454 quo
2495 1383 2637 1455 fugit
2700 1383 2895 1438 David.
2967 1382 3127 1437 Unde
3179 1383 3323 1437 etin
3357 1379 3802 1453 subsequentibus

2207 1470 2383 1526 Achis
2413 1489 2548 1527 cum
2579 1489 2692 1543 quo
2728 1473 2899 1526 David
2944 1473 3000 1526 in
3035 1471 3298 1542 praelium
3331 1475 3532 1526 contra
3584 1469 3705 1524 Saul
3730 1470 3803 1524 de-

2206 1561 2540 1628 scendebat,
2586 1560 2740 1616 filius
2771 1561 2986 1616 dicitur
3014 1560 3194 1615 fuisse
3225 1558 3446 1614 Maocli.
3489 1557 3608 1612 Non
3636 1557 3805 1612 enim:

2205 1652 2367 1720 patre
2401 1649 2507 1705 hoc
2542 1667 2753 1704 nomen
2789 1649 3384 1721 patronymicum,sed
3420 1664 3454 1702 a
3486 1651 3662 1701 matre
3682 1663 3806 1701 sum-

439 1739 689 1794 Frenum
737 1738 961 1805 tributi,
1015 1739 1275 1810 quinque
1323 1744 1489 1793 erant
1539 1739 1800 1793 civitates
1833 1737 2089 1792 Philisti-
2125 1777 2168 1840 Β
2208 1737 2342 1808 psit,
2405 1756 2532 1810 quae
2591 1738 2829 1792 Maacha
2878 1738 3210 1792 vocabatur.
3274 1737 3341 1791 Et
3396 1736 3610 1791 idcirco
3657 1751 3751 1790 non
3781 1749 3805 1789 ι

436 1844 672 1895 norum,
709 1844 838 1898 quae
867 1829 1199 1899 frequenter
1231 1827 1404 1882 Israel
1440 1827 1552 1882 sibi
1585 1825 1963 1881 tributarium
2001 1826 2088 1881 fa-

435 1915 688 1982 ciebant,
719 1933 864 1987 quas
896 1917 966 1970 ab
999 1917 1082 1971 eis
1114 1915 1248 1969 tulit
1278 1915 1480 1980 David,
1517 1919 1573 1969 et
1602 1914 1938 1969 humiliavit
1963 1931 2083 1980 eos,

436 2004 686 2076 fecitque
719 2004 828 2059 sibi
862 2003 1226 2059 tributarios.
1261 2003 1423 2058 Unde
1445 2003 1578 2058 etin
1601 2001 2087 2074 Paralipomenon

435 2093 680 2166 legitur:
744 2094 1020 2147 Percussit
1076 2092 1248 2147 David
1305 2092 1614 2146 Philisliim
1671 2096 1722 2145 et
1769 2092 2090 2146 humiliavit

433 2197 541 2247 eos,
593 2186 647 2238 et
701 2181 826 2237 tulit
883 2181 1010 2236 Geth
1055 2189 1106 2236 et
1155 2181 1304 2250 ﬁlias
1351 2181 1469 2252 ejus
1509 2181 1584 2235 de
1620 2197 1794 2236 manu
1823 2197 2008 2236 eorum
2042 2181 2090 2251 (Ι

434 2269 635 2325 Paral.
667 2288 825 2337 xvm,
860 2271 938 2341 1.)

504 2359 893 2430 (Vers.13.)(c
965 2359 1240 2430 Fecitque
1294 2357 1472 2414 David
1528 2358 1639 2412 sibi
1699 2374 1911 2412 nomen
1953 2375 2088 2414 cum

435 2451 835 2512 reverteretur,
896 2451 1068 2520 capta
1120 2446 1307 2518 Syria.
1372 2470 1391 2496 ι
1456 2446 1681 2502 Fecisse
1729 2447 1838 2501 sibi
1876 2462 2087 2502 nomen

434 2537 669 2602 dicitur,
729 2536 866 2608 quia
924 2536 982 2590 in
1037 2535 1182 2591 valle
1213 2536 1560 2602 Salinarum,
1603 2535 1768 2591 cresia
1799 2537 1998 2590 decem
2029 2539 2088 2590 et

437 2632 564 2682 octo
622 2625 908 2691 millibus,
942 2626 1124 2681 erexit
1183 2625 1293 2680 sibi
1329 2625 1606 2680 fornicem
1641 2624 2084 2696 triumphalem.

440 2715 598 2771 Fecit
637 2714 810 2770 etiam
845 2715 952 2770 sibi
987 2730 1220 2782 nomen,
1246 2713 1385 2785 quia
1413 2715 1563 2770 victa
1600 2713 1766 2785 Syria
1799 2712 2085 2776 Damasci,

438 2807 496 2859 et
526 2803 690 2876 Syria
720 2804 894 2871 Soba,
927 2802 1178 2858 erexisse
1209 2802 1318 2858 sibi
1376 2802 1591 2857 dicitur
1629 2791 1870 2857 alteram
1906 2801 2088 2856 forni-

439 2908 562 2948 cem
598 2892 1041 2965 triumphalem.
1077 2893 1222 2948 Etsi
1256 2907 1428 2964 quem
1475 2896 1666 2947 movet
1691 2892 1842 2962 quod
1879 2891 1936 2945 in
1970 2889 2087 2962 ple-

444 2982 643 3053 risque
702 2982 1041 3037 Latinorum
1101 2982 1398 3036 codicibus
1429 2981 1723 3036 invenitur
1763 2979 1940 3035 David
1974 2996 2088 3034 non

436 3070 619 3125 decem
648 3079 701 3126 et
730 3075 844 3125 octo
872 3071 1056 3126 millia
1085 3071 1143 3124 in
1175 3069 1322 3125 valle
1353 3069 1707 3138 Salinarum,
1743 3069 1843 3124 sed
1896 3067 2092 3122 duode-

2200 1831 2362 1899 patre
2395 1827 2506 1882 hoc
2538 1828 2795 1899 sumpsit
2825 1844 3061 1894 nomen,
3092 1843 3156 1882 eo
3189 1826 3344 1898 quod
3382 1825 3556 1880 David
3587 1842 3618 1880 a
3653 1841 3706 1878 se
3731 1824 3807 1877 ab-

2190 1916 2425 1986 jecerit.

2271 2006 2460 2076 (Vers.
2491 2004 2604 2074 10.)
2631 2027 2659 2053 «
2690 2005 2996 2077 Reliquam
3031 2008 3224 2059 autem
3258 2008 3484 2076 partem
3515 2001 3700 2074 populi
3725 2007 3807 2056 tra-

2211 2092 2360 2147 didit
2392 2094 2583 2148 Abisai
2619 2093 2776 2148 fratri
2814 2110 2939 2148 suo.
2975 2115 3002 2142 »
3036 2093 3367 2148 Notandum
3427 2093 3582 2164 quod
3628 2091 3806 2146 solum-

2207 2183 2382 2236 modo
2413 2182 2472 2236 in
2507 2181 2613 2237 hoc
2638 2180 2760 2236 loco
2802 2182 2858 2236 in
2892 2182 3128 2238 l-Iebrzeo
3170 2181 3393 2254 legatur
3434 2181 3616 2244 Abisa,
3643 2180 3694 2234 in
3731 2196 3808 2233 ra-

2198 2269 2339 2324 teris
2369 2285 2500 2324 vero
2532 2269 2676 2325 locis
2707 2271 2908 2325 Abisai.
2943 2271 3119 2327 Abisa
3174 2271 3369 2342 itaque
3432 2270 3806 2340 interpretatur

2198 2363 2352 2428 pater
2406 2359 2704 2428 sacriﬁcii:
2750 2364 2805 2414 et
2849 2359 3070 2424 Abisai,
3118 2363 3277 2431 pater
3305 2375 3462 2414 meus
3489 2358 3800 2427 sacriﬁcium.

2201 2447 2332 2501 Ideo
2367 2451 2560 2502 autem
2593 2463 2660 2501 ex
2691 2448 2926 2504 nomine
2959 2447 3114 2502 illius
3148 2465 3327 2502 unam
3378 2445 3634 2502 litteram
3675 2445 3800 2499 dem-

2199 2539 2358 2606 ptam
2390 2536 2612 2590 Hebrazi
2649 2536 2944 2603 dicunt,eo
2975 2537 3128 2609 quod
3163 2537 3320 2592 necis
3350 2537 3552 2591 Abner
3581 2534 3802 2590 conscius

2200 2624 2397 2680 fuerit:

2270 2713 2429 2784 (Cap.
2466 2713 2553 2768 XI.
2591 2744 2655 2753 ——
2687 2717 2848 2769 Vere.
2889 2714 2964 2784 1.)
2999 2737 3017 2761 ιι
3055 2714 3292 2768 Factum
3326 2718 3417 2769 est
3460 2729 3614 2785 ergo,
3659 2725 3806 2767 rever-

2198 2803 2390 2856 tente’
2417 2819 2590 2865 anno,
2625 2818 2690 2856 eo
2725 2807 2984 2873 tempore
3015 2818 3128 2873 quo
3161 2801 3350 2857 solent
3381 2818 3553 2874 reges
3599 2802 3662 2856 ad
3691 2799 3809 2854 bella

2200 2890 2544 2963 procedere:
2581 2891 2738 2945 misit
2795 2890 2968 2945 David
3011 2891 3158 2946 Joab
3209 2897 3266 2945 et
3315 2907 3518 2946 servos
3549 2905 3678 2945 suos
3704 2902 3807 2942 cum

2200 2997 2287 3045 eo,
2322 3002 2349 3028 »
2374 2983 2429 3034 et
2450 2985 2677 3034 caetera.
2703 2985 2762 3034 In
2785 2980 3020 3034 Hebrreo
3045 2979 3127 3035 ita
3155 2980 3368 3051 legitur
3393 2998 3406 3035 :
3440 3003 3467 3028 ‹‹
3493 2981 3570 3034 Eo
3587 2984 3809 3048 tempore

2201 3086 2315 3140 quo
2342 3084 2506 3140 reges
2537 3069 2606 3122 ad
2643 3069 2792 3123 bella
2821 3069 3422 3141 processerant,misit
3453 3069 3619 3122 David
3641 3065 3806 3128 Joab,»

445 3159 590 3213 cima
617 3159 795 3212 millia
845 3158 1159 3213 cecidisse:
1196 3157 1419 3212 noverit
1449 3157 1557 3211 hoc
1587 3157 1663 3228 (It)
1693 3156 1868 3211 vitio‘
1904 3156 2088 3228 scrip-
2122 3143 2164 3209 C
2205 3163 2260 3213 et
2291 3163 2512 3213 caetera.
2547 3162 2661 3212 Hos
2693 3173 2856 3230 reges
2889 3157 3027 3212 dicit
3066 3160 3165 3229 qui
3196 3162 3609 3229 processerunt
3645 3158 3810 3210 contra

443 3250 637 3300 torum
664 3245 723 3298 in
746 3245 966 3300 eisdem
1001 3243 1301 3300 codicibus
1332 3245 1582 3300 inditum
1611 3259 1758 3299 esse.
1793 3243 2089 3299 Veraciter

440 3338 636 3388 tamen
682 3332 858 3389 David
912 3333 970 3388 in
1011 3334 1213 3388 eadem
1243 3333 1390 3389 valle
1441 3333 1770 3389 Salinarum
1805 3335 2001 3388 decem
2033 3337 2088 3388 et

441 3423 569 3476 octo
629 3420 794 3476 milia
851 3420 1080 3491 cecidit,
1141 3421 1287 3477 Joab
1343 3438 1476 3477 vero
1531 3422 1835 3477 duodecim
1881 3421 2086 3487 millia,

442 3510 597 3565 sicut
625 3510 683 3565 in
726 3509 896 3566 titulo
919 3510 1394 3582 quinquagesimi
1427 3512 1610 3567 octavi
1645 3511 1856 3583 psalmi
1881 3510 2087 3567 scribi-

443 3599 621 3655 bitur.

511 3688 670 3762 (Cap.
709 3688 798 3745 IX.
833 3719 898 3729 —
930 3688 1267 3760 Vers.11.)«
1303 3689 1573 3760 Dixitque
1606 3690 1744 3744 Siba
1775 3690 1844 3744 ad
1871 3704 2086 3761 regem:

442 3778 886 3850 Sicutjussisti,
935 3778 1170 3833 domine
1232 3778 1309 3833 mi
1361 3796 1481 3845 rex,
1535 3794 1697 3834 servo
1732 3783 1850 3844 tuo,
1885 3779 1969 3832 sic
2001 3777 2088 3833 fa-

439 3867 554 3922 ciet
609 3883 812 3922 servus
881 3872 1040 3931 tuus,
1100 3871 1156 3922 et
1201 3866 1592 3939 Miphiboseth
1621 3867 1884 3922 comedet
1915 3882 2091 3938 super

443 3970 710 4010 mensam
741 3960 926 4010 tuam.
963 3977 990 4004 »
1022 3955 1357 4011 Notandum
1390 3957 1542 4028 quod
1575 3956 1632 4010 in
1662 3956 1896 4011 Hebrreo
1929 3972 2092 4027 super

436 4059 684 4099 mensam
729 4060 909 4098 meam
963 4042 1224 4116 legatur:
1282 4045 1420 4116 quia
1450 4045 1507 4098 in
1537 4044 1644 4099 hoc
1675 4044 1798 4100 loco
1830 4045 2089 4100 defectus

439 4136 547 4200 est,
581 4137 638 4188 et
666 4133 998 4189 necessaria
1049 4134 1406 4189 subauditio.
1442 4134 1681 4199 Quando
1733 4133 1887 4189 enim
1945 4132 2088 4188 dixit

439 4221 596 4290 Siba,
624 4243 652 4272 ‹‹
704 4221 867 4277 Sicut
913 4221 1170 4292 jussisti,
1222 4222 1466 4278 Domine
1500 4222 1578 4277 mi
1614 4238 1731 4290 rex,
1775 4239 1936 4278 servo
1965 4226 2087 4288 tuo,

439 4309 522 4364 sic
555 4310 724 4366 faciet
749 4327 952 4366 servus
985 4314 1147 4379 tuus,
1183 4333 1209 4358 n
1243 4311 1721 4366 subaudiendum
1766 4316 1856 4366 est
1915 4309 2087 4366 David

441 4397 678 4466 dixisse,
707 4423 735 4450 «
776 4400 845 4454 Et
874 4398 1282 4471 Miphiboseph
1317 4399 1577 4455 comedet
1618 4416 1795 4471 super
1825 4416 2088 4456 mensam

442 4503 655 4556 meam,
684 4511 705 4537 ιι
739 4488 906 4560 quasi
945 4505 1102 4542 unus
1134 4489 1204 4543 de
1225 4488 1362 4543 filiis
1403 4489 1574 4561 regis.

511 4580 647 4648 Cap.
682 4575 747 4631 X.
778 4607 847 4616 ——
878 4580 1042 4633 Vers.
1076 4578 1152 4648 2.)
1190 4599 1216 4627 «
1258 4577 1525 4649 Dixitque
1583 4577 1797 4634 David:
1857 4577 2086 4634 Faciam

442 4664 906 4721 misericordiam
975 4683 1108 4721 cum
1169 4672 1335 4720 Anon
1387 4666 1505 4722 filio
1561 4670 1736 4736 Naas,
1770 4667 1925 4722 sicut
1957 4667 2092 4722 fecit

443 4759 610 4826 pater
639 4753 768 4826 ejus
801 4771 1029 4809 mecum
1071 4753 1554 4809 misericordiam.
1590 4777 1616 4803 »
1670 4756 1911 4819 Quando
1945 4755 2091 4827 fugit

443 4843 616 4898 David
650 4860 683 4898 a
716 4843 858 4899 facie
909 4842 1084 4899 Achis
1138 4841 1291 4914 regis
1323 4843 1492 4921 Geth,
1532 4843 1687 4897 venit
1717 4844 1786 4897 ad
1821 4843 1969 4899 Naas
2004 4861 2089 4899 re-

443 4947 574 5003 gem
640 4935 911 4996 Ammon,
972 4933 1072 5004 qui
1132 4933 1265 4987 fecit
1313 4947 1444 4986 cum
1504 4947 1568 4988 eo
1601 4932 2091 5003 misericordiam,

442 5021 628 5076 multa
659 5021 1004 5094 impertiens
1036 5020 1086 5076 ei
1121 5021 1290 5076 bona.
1329 5025 1402 5075 De
1436 5020 1586 5075 Naas
1617 5019 1812 5092 itaque
1844 5021 2001 5078 venit
2032 5021 2090 5076 in

477 5180 529 5261 ,ί
564 5180 642 5261 De
658 5182 926 5261 _v_ar_i_an_te
959 5184 1300 5261 hujusmodi
1333 5181 1580 5261 lectione
1612 5183 1871 5261 diximus
1901 5183 1958 5239 in
1989 5201 2093 5261 uo-

450 5252 527 5327 tis
560 5252 630 5305 ad
657 5252 1071 5327 Bibliothecam
1107 5256 1366 5312 Divinam
1381 5255 2094 5327 S.Hieronymi.Consulat

444 5320 645 5376 locum
685 5324 785 5393 qui
815 5325 1078 5381 voluerit.

516 5445 974 5528 (a)_Hujusmodi
1012 5450 1349 5528 _vitio_quod
1401 5449 1807 5528 remotissima:
1838 5451 2094 5528 antiqui-

443 5517 581 5596 tatis
613 5517 895 5596 iudicium
941 5525 1051 5596 est,
1081 5517 1260 5596 codex
1294 5539 1529 5596 quoque
1579 5521 1930 5596 Veronensis
1963 5517 2091 5596 pec:

443 5539 581 5576 Laus
614 5539 895 5574 inuictum
941 5539 1048 5584 εει,
1081 5539 1260 5578 coaex
1339 5539 1529 5595 uoque
1587 5539 1930 5578 VBPODBDSIS
1963 5539 2091 5596 pec-

443 5594 564 5656 cat.
634 5588 812 5648 Porro
870 5606 972 5667 pro
1030 5593 1269 5660 inditum
1294 5539 1480 5672 clegas
1537 5594 1812 5674 inclitum,
1848 5593 1906 5652 id
1940 5595 2094 5675 quod

2200 3247 2374 3301 David
2415 3247 2472 3300 in
2508 3261 2786 3318 pugnam,
2821 3246 3042 3301 scilicet
3074 3263 3267 3319 regem
3304 3247 3464 3302 Roob
3493 3251 3550 3300 et
3579 3245 3738 3308 Istob,
3768 3245 3808 3294 et

2198 3337 2350 3391 Soba
2387 3340 2444 3390 et
2465 3336 2708 3404 Maadia,
2734 3335 2832 3406 qui
2865 3335 3068 3407 utique
3094 3351 3259 3407 reges
3291 3335 3473 3407 Syriae
3505 3335 3744 3396 fuerunt,
3767 3334 3812 3383 et

2198 3439 2462 3495 pugnare
2488 3423 2800 3479 voluerunt
2820 3423 3090 3478 conducti
3138 3425 3407 3479 mercede
3455 3442 3489 3479 a
3520 3438 3647 3495 rege
3674 3418 3808 3476 Moab

2199 3517 2401 3567 contra
2433 3512 2629 3578 David,
2662 3529 2695 3567 a
2727 3529 2841 3583 quo
2873 3512 3214 3584 triumphati
3247 3529 3375 3590 esse
3405 3512 3695 3584 leguntur.

2270 3603 2456 3673 (Vere.
2488 3601 2565 3670 3.)
2599 3624 2624 3650 ‹‹
2662 3601 2728 3656 Et
2757 3600 2905 3656 dixit
2934 3601 3110 3655 David
3140 3617 3151 3654 :
3188 3601 3391 3655 Nonne
3424 3600 3542 3656 ista
3569 3605 3654 3655 est
3672 3596 3809 3652 Beth-

2197 3690 2369 3745 sabee
2390 3689 2509 3744 filia
2539 3688 2748 3757 Eliam,
2785 3705 2926 3744 uxor
2953 3689 3098 3744 Uria:
3128 3689 3327 3744 {Ethrei
3360 3692 3383 3744 Ρ
3415 3711 3446 3739 »
3480 3689 3658 3744 Eli'am
3685 3685 3810 3739 filius

2201 3779 2308 3833 fuit
2337 3777 2704 3849 Achitophel,

2269 3869 2448 3938 (Vers.
2485 3868 2598 3935 13.)
2629 3890 2656 3916 ‹‹
2693 3868 2760 3922 Et
2788 3867 3012 3922 vocavit
3039 3866 3234 3922 Uriam
3278 3867 3482 3937 David,
3536 3871 3598 3921 ut
3651 3877 3808 3919 come-

2200 3957 2359 4011 deret
2415 3971 2610 4010 coram
2671 3972 2750 4020 se,
2813 3959 2869 4010 et
2913 3955 3154 4023 biberet,
3187 3960 3246 4010 et
3273 3956 3591 4011 inebriavit
3627 3968 3806 4008 eum.»

2199 4045 2419 4100 Idcirco
2450 4043 2770 4099 inebriasse
2793 4061 2926 4099 eum
2957 4045 3190 4110 dicitur,
3223 4049 3289 4098 ut
3319 4043 3529 4100 saltem
3560 4041 3738 4098 ebrius
3761 4037 3805 4091 in

2198 4136 2440 4191 domum
2473 4152 2641 4190 suam
2671 4135 3066 4190 descenderet.

2269 4224 2429 4296 (Cap.
2463 4223 2581 4279 Xll.
2611 4254 2680 4264 -—
2711 4227 2872 4279 Vers.
2908 4224 3018 4292 14.)
3055 4246 3081 4274 ‹‹
3113 4228 3536 4279 Verumtamen
3569 4219 3806 4294 quoniam

2197 4312 2606 4385 blasphemare
2638 4313 2822 4368 fecisti
2853 4312 3126 4368 inimicos
3169 4313 3423 4379 Domini,
3459 4317 3690 4386 propter
3713 4323 3812 4363 ver-

2197 4404 2338 4458 bum
2372 4401 2666 4464 hoc,filius
2696 4401 2795 4473 qui
2825 4406 2996 4457 natus
3029 4406 3116 4457 est
3147 4401 3474 4470 tibi,morte
3508 4399 3810 4457 morietur.»

2123 4513 2165 4578 D
2203 4496 2262 4548 In
2327 4491 2562 4546 Hebraeo
2619 4490 2701 4546 ita
2762 4490 3009 4564 legitur:
3047 4515 3074 4542 «
3109 4495 3534 4546 Verumtamen
3573 4486 3810 4562 quoniam

2197 4579 2658 4652 blasphemando
2688 4578 3113 4651 blasphemasti
3147 4579 3417 4635 inimicos
3454 4578 3811 4647 Domini,pm-

2200 4675 2325 4741 pter
2361 4668 2600 4724 verbum
2638 4667 2744 4723 hoc
2775 4668 2951 4724 etiam
2981 4672 3038 4723 et
3061 4668 3217 4724 filius
3256 4669 3358 4740 qui
3391 4673 3570 4724 natus
3599 4670 3683 4722 est
3729 4659 3811 4717 tibi

2201 4762 2383 4812 morte
2439 4757 2737 4812 morietur.
2804 4780 2825 4804 η
2873 4757 3034 4820 Quod
3070 4773 3173 4828 per
3202 4756 3595 4829 antiphrasim
3626 4755 3812 4809 dictum

2201 4850 2323 4902 est:
2358 4849 2412 4900 et
2438 4853 2523 4901 est
2553 4861 2802 4902 sensus:
2840 4844 3225 4902 Salvationem
3276 4844 3537 4901 tribuisti
3595 4838 3812 4899 inimicis

2204 4935 2452 5002 Domini,
2487 4934 2702 5006 quibus
2734 4934 3178 5007 insurgentibus
3200 4937 3398 4990 contra
3429 4931 3701 5005 populum
3731 4932 3810 4981 Do-

2201 5023 2366 5090 mini,
2409 5027 2645 5096 peccato
2677 5023 2784 5078 hoc
2816 5027 2915 5077 tuo
2947 5022 3356 5095 praepediente,
3383 5038 3501 5077 non
3526 5019 3721 5093 poterit
3745 5013 3807 5069 eis

2273 5187 2423 5258 ’Μελ
2461 5185 2726 5249 Ambros,
2751 5188 3033 5258 vertente:
3072 5189 3129 5258 et
3159 5183 3332 5257 paulo
3363 5189 3496 5258 post
3538 5181 3654 5238 sive
3679 5179 3805 5258 sexto

2203 5256 2405 5382 gbbhoc
2435 5273 2602 5312 versu
2636 5256 2771 5310 1δίοὺ
2804 5260 2861 5310 et
2918 5256 3139 5311 Maacha
3169 5256 3581 5328 praetermisso
3609 5256 3807 5307 nomine

2243 5346 2270 5383 0
2309 5344 2360 5382 a.

2205 5453 2339 5582 iicet
2367 5468 2434 5508 ex
2467 5452 2703 5508 Rabano
2733 5467 2996 5524 arguere,
3029 5451 3129 5526 qui
3162 5453 3436 5509 mendose
3460 5450 3633 5507 habet
3673 5442 3804 5501 moli-

2229 5542 2339 5582 um.

2229 5542 2339 5582 um.
