4070 6166
234 236 392 303 “ﬁt

1195 237 1497 308 QUEST.
1546 236 1907 301 HEBRAI'C.
1956 240 2034 303 IN
2082 241 2228 302 LIB.
2274 241 2327 302 II
2374 242 2671 304 REGUM.

3479 244 3641 305 Mil-8

228 370 498 425 resistam
529 368 785 441 populus
812 368 1064 424 Domini.
1102 370 1345 443 Insuper
1375 372 1547 427 etiam
1597 372 1705 443 ipsi
1765 372 1875 426 ini-
1906 376 1957 440 Α
1991 375 2185 430 reduci
2220 380 2282 429 ut
2313 374 2603 430 videretur
2631 376 2701 429 ab
2737 391 2824 441 eo,
2856 392 3086 448 semper
3108 378 3506 432 morsAmnon
3529 376 3635 432 filii

228 459 395 513 micis
425 458 717 512 victoriosi
774 459 1021 513 existent
1068 465 1302 530 propter
1349 467 1647 531 peccatum
1708 467 1871 515 tuum

224 565 402 618 super
435 548 715 618 populum
752 547 1000 601 Domini.

298 636 481 707 (Vers.
543 638 653 706 ~25.)
689 660 714 685 ‹‹
748 637 815 690 Et
872 637 1095 691 vocavit
1152 654 1361 692 nomen
1419 640 1545 709 ejus
1593 638 1875 693 Amabilis

222 726 494 789 Domino,
525 741 593 780 eo
623 725 778 796 quod
805 724 1070 796 diligeret
1098 742 1231 781 eum
1264 726 1569 782 Dominus.
1598 749 1624 775 ››
1657 729 1719 783 In
1766 728 1874 784 He-

221 815 375 870 braeo
408 814 489 869 ita
523 814 775 884 legitur:
811 838 838 863 α
875 819 940 869 Et
969 814 1191 870 vocavit
1214 833 1422 871 nomen
1446 818 1573 887 ejus
1597 817 1699 888 1(a)
1730 834 1872 871 IDDI-

223 905 419 969 DIA,id
452 908 541 959 est
588 903 833 958 dilectus
892 904 1121 959 Domini
1176 912 1410 976 propter
1474 906 1809 961 Dominum.
1847 929 1868 958 ι

224 993 476 1057 Dilectus
515 991 739 1046 homini
776 996 1008 1064 propter
1044 992 1351 1047 Dominum
1377 993 1606 1061 dicitur,
1641 998 1877 1065 propter

218 1100 389 1139 suam
421 1081 643 1137 scilicet
667 1080 1129 1136 misericordiam
1173 1084 1513 1153 gratuitam,
1571 1100 1685 1153 qua
1739 1100 1873 1139 eum

222 1172 465 1243 diligere
490 1172 767 1241 dignatus
796 1174 903 1238 est,
939 1187 1072 1225 cum
1104 1171 1307 1242 utique
1338 1173 1464 1241 ejus
1486 1172 1791 1229 dilectione
1820 1178 1877 1227 et

224 1260 627 1316 misericordia
656 1258 933 1330 indignus
968 1259 1289 1328 exsisteret,
1350 1277 1527 1330 quem
1572 1262 1876 1317 constabat

224 1367 380 1411 mam
389 1366 447 1405 ΖΟ
456 1366 575 1404 rem
594 1365 722 1404 CSSC
733 1391 743 1402 .

295 1440 476 1509 (Vers.
514 1440 630 1508 ’27.)
668 1458 689 1484 α
718 1436 996 1493 Dimicavi
1040 1439 1347 1492 adversum
1412 1440 1631 1509 Bebba,
1663 1446 1719 1494 et
1776 1457 1873 1495 ca-

220 1529 437 1601 pienda
487 1534 576 1583 est
618 1528 757 1582 urbs
814 1544 1128 1598 aquarum.
1166 1552 1191 1575 ››
1237 1529 1568 1584 Notandum
1609 1530 1763 1600 quod
1816 1530 1875 1584 in

217 1619 477 1681 Hebraeo,
511 1617 745 1687 quando
776 1633 909 1671 cum
948 1615 1273 1685 adjectione
1301 1617 1605 1672 nominum
1641 1618 1878 1688 ponitur

220 1707 486 1765 Itabbath
520 1706 616 1776 (li),
649 1705 802 1761 sicut
830 1708 916 1760 est
982 1705 1246 1760 Babbalb
1288 1706 1545 1761 ﬁliorum
1600 1708 1870 1762 Ammon.

216 1797 461 1862 Quando
494 1812 626 1850 vero
659 1794 784 1850 sine
813 1794 1135 1864 adjectione
1164 1795 1491 1863 nominum,
1547 1812 1663 1851 non
1722 1796 1871 1851 Rab-

217 1886 381 1949 bath,
416 1885 516 1939 sed
559 1884 758 1939 Rabba
778 1883 1086 1941 scribitur.

293 1974 480 2045 (Vers.
514 1975 602 2037 29.,
628 1974 742 2041 30.)
767 1996 793 2022 «
819 1974 1082 2047 Cumque
1112 1975 1471 2040 dimicasset,
1522 1973 1674 2045 cepit
1720 1990 1879 2042 eam,

218 2071 279 2120 et
313 2062 449 2118 tulit
478 2063 749 2118 diadema
780 2062 1065 2119 Melcliom
1118 2064 1188 2118 de
1246 2061 1430 2133 capite
1491 2064 1638 2133 ejus.
1671 2082 1696 2113 ιο
1738 2061 1875 2118 Mel-

221 2153 397 2207 ehom
430 2152 844 2222 interpretatur
862 2167 964 2206 rex
989 2168 1195 2208 eorum.
1234 2152 1349 2207 Rex
1380 2168 1581 2206 eorum
1640 2156 1881 2207 vocatur

222 2241 449 2298 idolum
480 2256 719 2295 eorum:
755 2241 909 2311 quod
942 2240 1036 2295 hic
1069 2244 1307 2297 vocatur
1344 2240 1647 2308 Melchom,
1708 2241 1880 2311 cujus

232 2329 583 2387 diadematis
614 2346 822 2384 aurum
846 2335 901 2385 et
922 2345 1186 2401 gemmas
1208 2330 1491 2385 conﬂasse
1513 2336 1569 2384 et
1598 2346 1882 2401 purgasse

233 2420 450 2475 dicitur
478 2418 655 2474 David
682 2419 1009 2474 secundum
1040 2418 1249 2489 legem,
1283 2424 1341 2472 et
1373 2418 1576 2473 fecisse
1608 2417 1719 2473 sibi
1749 2418 1881 2473 inde

230 2509 521 2574 diadema,
556 2507 710 2579 quod
741 2507 835 2561 hic
868 2506 1121 2579 positum
1156 2524 1331 2579 super
1361 2512 1535 2579 caput
1582 2509 1707 2577 ejus
1738 2507 1881 2562 dici-

226 2603 347 2654 tur.

301 2687 489 2759 (Vers.
550 2686 663 2756 3t.)
699 2684 1045 2757 «Populum
1095 2702 1328 2757 quoque
1395 2687 1524 2755 ejus
1582 2686 1880 2741 adducens

223 2776 495 2840 serravit,
528 2780 584 2830 et
612 2774 953 2846 circumegit
985 2791 1163 2845 super
1187 2790 1285 2829 cos
1320 2773 1533 2830 ferrata
1583 2778 1875 2845 carpenta,

223 2865 545 2935 divisitque
574 2862 777 2918 cultris
807 2867 863 2917 et
883 2862 1213 2917 transduxit
1258 2863 1315 2917 in
1364 2869 1500 2935 typo
1551 2868 1823 2919 laterum.
1852 2886 1878 2911 ››

223 2954 479 3010 Serravit
512 2952 668 3009 enim
699 2968 797 3007 eos
831 2952 1057 3006 ferratis
1088 2952 1399 3023 carpentis,
1433 2959 1489 3007 et
1518 2951 1715 3007 divisit
1755 2952 1880 3007 cul-

228 3044 364 3109 tris,
399 3043 552 3099 sicut
580 3041 791 3097 lateres
813 3040 989 3097 dividi
1016 3040 1223 3111 solent,
1252 3041 1353 3112 qui
1376 3058 1445 3097 ex
1467 3041 1649 3113 paleis
1679 3047 1734 3097 et
1758 3041 1880 3098 luto

225 3150 338 3188 con
349 3132 640 3187 ficiuntur.

303 3226 465 3292 (Cap.
502 3221 650 3275 XIII.
686 3251 753 3259 —-
782 3219 944 3274 Vers.
978 3220 1091 3289 37.)
1121 3243 1147 3269 ‹‹
1174 3218 1347 3274 Porro
1374 3218 1628 3275 Absalon
1652 3221 1882 3292 fugiens

226 3312 379 3367 abiit
400 3312 471 3366 ad
514 3308 780 3365 Tholmai
814 3308 999 3363 ﬁlium
1032 3308 1276 3362 Amibur
1302 3309 1423 3378 (ms.
1458 3309 1654 3379 Amui)
1687 3326 1883 3381 regem

228 3403 472 3457 Gessur.
515 3422 541 3448 »
571 3397 833 3454 Tholmai
861 3402 1013 3469 pater
1053 3397 1165 3451 fuit
1193 3397 1430 3453 Maacha
1460 3398 1664 3452 matris
1701 3400 1882 3453 Absa-

229 3490 379 3553 lom,
413 3505 587 3559 quam
618 3487 821 3541 dicunt
852 3485 1072 3540 Hebraei
1095 3505 1129 3539 a
1154 3486 1331 3541 David
1357 3487 1411 3540 in
1434 3486 1628 3557 ρι’ωέἰο
1655 3490 1883 3558 captam

228 3584 289 3633 et
317 3576 566 3632 cresariaa
598 3581 653 3631 et
713 3575 1010 3647 unguibus
1040 3574 1319 3645 praecisis,
1344 3574 1665 3629 secundum
1697 3574 1883 3647 legem

228 3668 409 3738 (Deut.
446 3683 556 3733 xxx,
590 3664 780 3734 40-13)
813 3680 941 3719 eam
977 3680 1213 3719 uxorem
1265 3663 1375 3719 sibi
1428 3663 1605 3719 David
1668 3663 1886 3719 socias-

228 3772 297 3811 se
329 3760 387 3810 et
415 3771 482 3809 ex
510 3769 578 3809 ea
605 3768 915 3825 generasse
943 3752 1200 3808 Thamar
1218 3756 1275 3808 et
1302 3751 1577 3807 Absalom
1610 3753 1683 3823 (II
1739 3754 1840 3823 Reg
1867 3770 1878 3807 :

230 3862 318 3901 ιιι.
357 3848 423 3911 3;
458 3845 482 3898 ι
511 3843 699 3899 Paret.
722 3859 804 3909 In,
838 3842 892 3912 2)

308 3933 500 4001 (Vers.
525 3930 638 4002 39.)
672 3954 699 3981 ‹‹
732 3930 989 3986 Cessavit
1018 3931 1217 4002 itaque
1248 3931 1428 3986 David
1463 3949 1561 3987 rex
1620 3932 1886 4004 persequi

225 4021 531 4079 Absalom.
559 4044 584 4069 »
620 4020 681 4075 In
705 4019 941 4076 Hebraeo
972 4018 1227 4092 legitur:
1263 4043 1289 4069 «
1323 4022 1579 4077 Cessavit
1600 4021 1796 4093 itaque
1820 4022 1890 4093 (c)

228 4111 418 4169 David
455 4127 549 4165 rex
580 4109 735 4165 exire
763 4114 898 4179 post
926 4108 1226 4179 Absalom,
1246 4132 1273 4159 »
1307 4109 1571 4166 Voluisse
1594 4110 1749 4165 idem
1785 4116 1889 4166 Da-

224 4202 329 4258 vid
365 4199 519 4255 exire
549 4198 909 4271 perhibetur,
971 4202 1035 4253 ut
1081 4199 1380 4255 reduceret
1425 4199 1725 4256 Absalom.
1779 4202 1889 4256 Sed

230 4294 604 4365 pertractans
636 4288 696 4343 in
746 4287 918 4343 corde
949 4304 1077 4355 suo,
1120 4288 1273 4359 quod
1308 4287 1533 4359 quoties
1580 4306 1713 4344 eum
1744 4289 1894 4345 vide-

230 4386 347 4444 ret,
375 4378 543 4433 toties
576 4376 837 4432 dolorem
870 4376 1076 4433 mortis
1099 4378 1327 4432 Amnon
1358 4377 1409 4432 ei
1442 4378 1513 4431 ad
1551 4378 1892 4434 memoriam

1985 464 2073 517 sui
2106 465 2300 518 animo
2330 466 2457 533 ejus
2491 465 2847 520 occurrebat.
2883 466 3010 519 Sive
3042 466 3227 531 alder,
3288 467 3627 521 consolatus

1984 553 2163 607 fuisse
2193 569 2369 623 super
2399 556 2625 608 Amnon
2653 554 2888 608 interitu
2947 554 3179 618 dicitur,
3213 572 3277 609 eo
3329 556 3481 625 quod
3531 573 3634 609 uo-

1981 647 2142 695 verat
2172 657 2303 697 eum
2338 642 2690 711 flagitiosum
2722 648 2777 697 et
2807 643 3052 713 dignum
3092 650 3276 697 morte
3305 645 3631 715 meritoque

1985 731 2227 801 perisse.

2058 818 2212 888 (Cap.
2250 818 2392 873 XIV.
2427 850 2494 858 —-
2527 818 2685 875 Vers.
2724 820 2797 890 1.)
2832 843 2859 871 ‹‹
2886 820 3218 893 Intelligens
3248 827 3446 881 autem
3486 822 3633 877 Joab

1984 905 2140 963 ﬁlius
2163 906 2371 965 Servis:
2402 909 2556 979 quod
2590 924 2687 964 cor
2719 909 2870 980 regis
2893 926 3124 965 versum
3158 914 3311 965 esset
3340 910 3411 964 ad
3449 910 3633 965 Absa-

1981 995 2119 1050 lom.
2153 1018 2179 1044 ››
2211 1001 2316 1051 Cor
2347 998 2499 1067 regis
2528 1014 2762 1053 versum
2792 1015 2920 1053 esse
2970 1000 3039 1053 ad
3101 998 3375 1054 Absalom
3414 999 3626 1055 vidisse

1984 1085 2217 1151 dicitur,
2250 1102 2316 1140 eo
2348 1086 2501 1156 quod
2533 1087 2741 1141 viderit
2779 1104 2912 1141 eum
2938 1086 3090 1141 idem
3121 1088 3265 1142 Joab
3298 1105 3400 1159 pro
3453 1089 3637 1143 Absa-

1982 1173 2102 1229 lom
2132 1174 2207 1244 (il)
2238 1175 2555 1245 suspirare,
2588 1178 2640 1229 et
2674 1191 2741 1228 ex
2762 1191 2827 1229 eo
2859 1174 3141 1230 intellexit
3171 1178 3323 1247 quod
3356 1194 3454 1231 cur
3507 1178 3636 1247 ejus

1987 1279 2213 1318 versum
2248 1268 2401 1317 esset
2432 1264 2501 1317 ad
2542 1263 2839 1318 Absalom.

2054 1351 2240 1418 (Vers.
2271 1355 2353 1419 2.)
2384 1373 2410 1401 «
2446 1352 2603 1408 Misit
2630 1352 2946 1419 Thecuam,
2978 1357 3034 1407 et
3064 1353 3199 1407 tulit
3232 1354 3363 1408 inde
3424 1354 3633 1409 mulie-

1985 1457 2104 1495 rem
2137 1440 2479 1511 sapientem.
2518 1463 2537 1490 ι
2580 1442 2807 1496 Thecua
2842 1442 3044 1496 civitas
3073 1447 3180 1509 est,
3237 1444 3308 1496 de
3358 1461 3474 1514 qua
3519 1444 3632 1497 fuit

1982 1531 2160 1584 Amos
2186 1530 2485 1601 prepheta.
2513 1530 2756 1585 Petatur
2778 1535 2971 1586 autem
2997 1532 3198 1587 eadem
3219 1532 3393 1586 vidua
3413 1534 3485 1603 (θ)
3505 1532 3635 1587 avia

1984 1618 2165 1673 fuisse
2197 1619 2463 1687 ejusdem
2492 1621 2667 1674 Amos
2700 1619 3017 1690 propheta.

2058 1710 2242 1779 (Vers.
2300 1708 2669 1776 5-7.)«Quze
2729 1708 3033 1779 respondit
3118 1709 3207 1764 ei:
3299 1708 3420 1763 Heu
3509 1725 3639 1764 mu-

1987 1796 2094 1851 lier
2118 1797 2292 1850 vidua
2321 1812 2427 1867 ego
2459 1812 2611 1850 sum.
2648 1796 2914 1851 Mortuus
2944 1802 3034 1852 est
3055 1798 3209 1853 enim
3242 1797 3329 1851 vir
3349 1813 3545 1852 meus:
3586 1800 3644 1851 et

1985 1885 2207 1941 ancillae
2238 1890 2347 1939 tuae
2380 1890 2547 1939 erant
2573 1886 2689 1939 duo
2722 1885 2846 1951 lilii,
2873 1886 2971 1958 qui
2997 1888 3161 1940 rixati
3196 1891 3335 1940 sunt
3357 1887 3638 1941 adversus

1986 1992 2048 2030 se
2078 1974 2135 2029 in
2166 1990 2328 2045 agro,
2350 1972 2667 2044 nullusque
2697 1979 2819 2029 erat
2851 1973 2951 2045 qui
3007 1991 3105 2030 eos
3160 1974 3467 2046 prohibere
3509 1990 3641 2046 pos-

1988 2067 2094 2118 set.
2130 2066 2196 2115 ιιι
2225 2061 2511 2133 percussit
2541 2061 2687 2117 alter
2716 2061 2983 2129 alterum,
3026 2067 3084 2117 et
3134 2062 3419 2117 interfecit
3465 2079 3621 2118 eum.

1988 2154 2057 2207 Et
2111 2168 2241 2207 ecce
2299 2166 2658 2221 consurgens
2711 2151 2979 2206 universa
3029 2150 3293 2223 cognatio
3352 2151 3631 2205 adversus

1989 2241 2261 2297 ancillam
2294 2246 2458 2295 tuam
2490 2239 2650 2295 dicit.
2676 2240 2861 2295 Trade
2893 2257 3033 2295 eum
3067 2240 3164 2310 qui
3195 2239 3484 2310 percussit
3515 2240 3628 2294 fra-

1992 2335 2137 2385 trem
2170 2346 2364 2384 suum.
2394 2352 2420 2377 η
2451 2331 2513 2384 In
2533 2328 2772 2384 veritate
2792 2333 3006 2395 autem,
3034 2333 3098 2382 ut
3130 2328 3348 2384 llebrzei
3373 2328 3632 2393 tradunt,

1992 2419 2109 2473 haec
2142 2419 2351 2473 mulier
2372 2419 2546 2473 vidua
2574 2419 2720 2473 duos
2748 2418 2900 2473 ﬁlios
2918 2418 3142 2483 habuit,
3168 2417 3267 2489 qui
3299 2417 3464 2471 rixati
3495 2421 3635 2472 sunt

1993 2508 2049 2562 in
2084 2524 2221 2579 agro
2251 2523 2425 2578 super
2456 2505 2791 2561 haereditate
2823 2507 3005 2578 patris
3038 2506 3149 2574 sui,
3186 2512 3241 2560 et
3269 2506 3518 2561 alterum
3570 2506 3643 2561 ab

1991 2596 2169 2652 altero
2200 2595 2635 2665 interemptum.
2672 2594 2937 2666 Seipsam
2965 2600 3177 2651 tamen.
3198 2596 3401 2650 eadem
3457 2595 3634 2651 vidua

1990 2688 2048 2740 in
2084 2702 2331 2756 persona
2376 2684 2555 2739 David
2615 2683 2830 2755 posuit,
2890 2689 2945 2739 et
2990 2686 3137 2740 duos
3194 2683 3342 2739 ﬁlios
3391 2700 3530 2740 suos
3576 2684 3635 2739 in

1990 2792 2238 2847 persona
2296 2775 2516 2829 Amnon
2562 2778 2617 2829 et
2664 2773 2977 2829 Absalom:
3024 2774 3427 2846 cognationem
3480 2789 3638 2839 vero,

1990 2883 2116 2937 quae
2148 2864 2509 2920 consurrexit
2533 2864 2811 2918 adversus
2842 2863 3028 2919 filium
3069 2880 3264 2929 suum,
3300 2864 3357 2917 in
3393 2880 3639 2935 persona

1990 2960 2329 3010 caeterorum
2362 2952 2618 3008 ﬁliorum
2651 2952 2852 3007 David.

2062 3045 2241 3115 (Vers.
2272 3044 2351 3113 9.)
2378 3066 2404 3092 «
2442 3043 2502 3096 In
2555 3058 2666 3107 me,
2726 3042 2959 3097 domine
3022 3042 3097 3096 mi
3141 3058 3258 3107 rex,
3317 3041 3632 3112 iniquitas:

1991 3140 2048 3190 et
2078 3135 2135 3189 in
2166 3135 2339 3188 domo
2368 3131 2550 3203 patris
2585 3130 2696 3185 mei
2726 3148 2738 3186 :
2774 3148 2871 3186 rex
2901 3136 3117 3197 autem,
3148 3136 3204 3185 et
3232 3130 3481 3185 thronus
3513 3130 3640 3199 ejus

1992 3225 2065 3279 sit
2123 3224 2419 3278 innocens.
2484 3222 2619 3275 »Ac
2677 3220 2724 3274 si
2785 3220 3020 3287 diceret,
3077 3237 3179 3292 pro
3210 3236 3275 3275 eo
3307 3220 3462 3291 quod
3493 3217 3643 3274 alter

1992 3312 2150 3367 ﬁlius
2182 3328 2350 3366 meus
2371 3308 2733 3365 consurrexit
2753 3309 3028 3363 adversus
3059 3308 3329 3363 alterum:
3362 3308 3420 3363 in
3454 3324 3545 3363 me
3567 3307 3647 3377 sit

1993 3401 2294 3471 iniquitas,
2327 3400 2375 3454 si
2410 3404 2605 3454 tamen
2636 3398 2833 3469 aliqua
2861 3414 2989 3453 esse
3020 3399 3208 3453 debet.
3246 3398 3304 3452 In
3338 3404 3392 3453 te
3423 3402 3640 3461 autem,

1993 3508 2025 3545 ο
2056 3506 2153 3544 rcx
2176 3487 2377 3551 David,
2413 3486 2573 3540 nulla
2603 3487 2679 3539 sit
2707 3486 3017 3556 iniquitas:
3053 3487 3191 3557 quia
3224 3488 3442 3557 absque
3470 3484 3644 3555 culpa

1993 3595 2074 3640 es,
2109 3593 2173 3631 eo
2204 3576 2358 3646 quod
2390 3573 2665 3629 Absalom
2699 3579 2929 3627 Amnon
2961 3573 3204 3643 dignum
3238 3578 3427 3627 morte
3467 3571 3645 3625 inter-

1994 3667 2143 3721 fecit.
2180 3666 2245 3719 Et
2274 3665 2427 3718 sicut
2457 3679 2561 3734 ego
2593 3662 2815 3732 absque
2845 3660 3017 3732 culpa
3046 3678 3177 3715 sum
3229 3678 3330 3732 pro
3363 3677 3428 3715 eo
3482 3658 3638 3729 quod

1996 3758 2110 3811 duo
2145 3753 2247 3808 filii
2279 3752 2393 3807 mei
2427 3753 2915 3805 consurrexerunt
2970 3750 3035 3819 (f)
3094 3749 3401 3805 adversum
3453 3764 3536 3814 se,
3587 3751 3646 3803 et

1996 3844 2336 3900 interfectus
2368 3845 2457 3896 est
2486 3839 2635 3895 alter
2680 3840 2750 3895 ab
2802 3837 3017 3894 altero:
3050 3839 3131 3894 ita
3189 3843 3245 3893 et
3300 3842 3364 3893 tu
3423 3837 3647 3907 absque

1998 3933 2171 4005 culpa
2198 3950 2280 3998 es,
2313 3948 2412 4004 pro
2442 3948 2506 3987 eo
2539 3930 2695 4002 quod
2726 3927 3002 3983 Absalom
3043 3932 3101 3983 et
3129 3930 3355 3983 Amnon
3403 3927 3649 3998 dignum

2000 4027 2183 4079 morte
2206 4020 2511 4076 interfecit.

2072 4111 2255 4183 (Vers.
2305 4112 2416 4177 11.)
2448 4132 2475 4159 ‹‹
2510 4111 2644 4174 Quae
2701 4106 2814 4163 ait:
2878 4107 3233 4162 Recordetur
3284 4121 3382 4160 rex
3412 4101 3648 4160 Domini

2002 4202 2102 4258 Dei
2124 4202 2236 4267 sui,
2271 4204 2335 4254 ut
2364 4216 2479 4254 non
2513 4195 2980 4269 multiplicantur
3036 4194 3283 4267 proximi
3335 4191 3643 4265 sanguinis

2004 4292 2074 4347 ad
2109 4289 2532 4355 ulciscendum,
2565 4291 2621 4343 et
2654 4302 3024 4357 nequaquam
3059 4284 3408 4339 interﬁcient
3464 4280 3653 4337 {ilium

2005 4396 2222 4435 meum.
2252 4400 2279 4428 ››
2314 4377 2652 4433 Recordatio
2684 4375 2777 4429 hic
2808 4392 2906 4445 pro
2931 4376 3267 4445 juramento
3301 4373 3492 4445 posita
3542 4375 3651 4427 est.

233 4470 565 4532 reduceret,
599 4465 815 4521 idcirco
847 4481 1075 4521 cessare
1097 4465 1312 4520 dicitur
1342 4465 1495 4521 exire
1555 4471 1685 4539 post
1709 4469 1892 4523 Absa-
1927 4473 1972 4537 Β
2005 4472 2079 4524 Ae
2113 4468 2161 4523 si
2193 4467 2445 4522 diceret:
2491 4466 2849 4520 Recordetur
2905 4480 3001 4518 rex
3059 4461 3464 4534 promissionis
3512 4475 3654 4525 sum,

226 4558 393 4613 lom:
428 4556 801 4619 subauditur,
858 4558 921 4609 ut
970 4570 1104 4609 eum
1156 4556 1225 4609 ad
1287 4555 1523 4627 propria
1582 4564 1903 4617 revocaret.

2016 4560 2132 4614 imo
2160 4554 2476 4627 juramenti
2510 4553 2621 4619 sui,
2651 4571 2764 4624 quo
2798 4552 2939 4608 mihi
2976 4570 3076 4624 per
3109 4552 3415 4607 Dominum
3474 4550 3657 4604 Deum

230 4645 409 4712 Quod
442 4660 571 4700 vero
603 4644 719 4699 ait:
755 4667 781 4693 «
817 4644 892 4697 Eo
924 4644 1079 4714 quod
1125 4642 1465 4700 consolatus
1532 4652 1686 4701 esset
1731 4665 1908 4721 super
2017 4664 2191 4704 suum
2224 4643 2518 4717 pollicitus
2545 4646 2652 4709 est,
2687 4647 2749 4697 ut
2783 4660 2897 4697 non
2928 4641 3392 4713 multiplicemur
3416 4637 3660 4711 proxim;

224 4739 469 4792 Amnon
505 4732 815 4798 interitu,»
876 4731 1323 4803 intelligendum
1379 4738 1486 4802 est,
1556 4735 1694 4806 quia
1742 4742 1907 4808 post-

223 4839 416 4897 quam
453 4822 638 4877 noluit
658 4821 812 4875 exire
843 4820 1295 4891 postAbsalom,
1330 4828 1392 4877 ut
1417 4823 1719 4880 reduceret
1749 4844 1910 4900 eum,

228 4919 298 4970 et
331 4912 629 4967 videretur
685 4912 757 4965 ab
788 4927 875 4979 eo,
913 4911 1086 4981 cmpit
1143 4912 1430 4966 consolari
1494 4930 1672 4983 super
1723 4923 1910 4971 morte

228 5008 497 5060 Amnon.
532 5000 822 5064 Quamdiu
854 5000 1009 5053 enim
1045 5000 1361 5070 putabatur
1418 4999 1570 5056 idem
1630 5004 1907 5059 Absalom

2017 4734 2321 4807 sanguinis
2352 4734 2422 4787 ad
2455 4732 2878 4787 ulciscendum.

2090 4826 2275 4893 (Vers.
2336 4824 2442 4891 l3.)
2476 4846 2499 4869 (ι
2539 4821 2806 4891 Dixitque
2866 4820 3109 4874 mulier:
3160 4818 3348 4881 Quare
3397 4814 3665 4888 cogitasti

2022 4911 2351 4971 istiusmodi
2382 4928 2501 4965 rem
2536 4916 2737 4967 contra
2796 4910 3076 4981 populum
3126 4907 3267 4962 Dei?
3321 4906 3387 4960 Et
3435 4904 3665 4971 locutus

2019 5009 2108 5061 est
2139 5018 2236 5057 rex
2260 5001 2501 5055 verbum
2536 5000 2689 5054 istud
2722 5003 2785 5053 ut
2816 5004 3011 5070 peccet
3040 5003 3105 5052 ut
3135 5012 3248 5051 non
3289 4994 3527 5050 reducat
3557 4994 3668 5064 eje~

321 5157 336 5188 ί
381 5152 466 5207 lta
504 5151 707 5223 legunt
733 5150 959 5207 codices
992 5167 1159 5218 mss.;
1194 5150 1331 5205 editi
1364 5168 1494 5207 vero
1525 5154 1758 5209 Jedidia.
1791 5156 1938 5221 Quid
1973 5155 2049 5212 sit
2080 5159 2325 5209 Mamzer
2356 5150 2485 5206 vide
2509 5151 2741 5206 Denter.
2777 5167 2940 5217 χχιιι,
3014 5191 3026 5203 .

316 5298 397 5367 (a)
433 5295 491 5349 In
524 5311 651 5349 meo
685 5312 794 5350 ms.
864 5299 925 5348 ut
984 5294 1279 5353 Ambros.
1343 5295 1611 5355 1‹Ιι’‹1ἰαγη.·
1673 5298 1893 5353 Raban.

230 5368 476 5425 Ididam.

319 5441 399 5504 (ὁ)
433 5438 678 5501 Raban.,
710 5447 838 5493 tunc
869 5439 1073 5493 [tabent
1104 5438 1384 5492 scribitur.

318 5494 394 5583 {ei
423 5494 818 5583 lpsgumillavid
844 5526 1051 5583 nomen
1085 5510 1141 5583 in
1178 5526 1304 5583 meo
1331 5526 1445 5583 gms.
1478 5516 1533 5566 et
1567 5529 1743 5582 penes
1795 5514 1901 5569 ita-

228 5580 473 5642 banum
507 5581 565 5637 in
600 5582 836 5638 Hebraeo
871 5597 983 5636 non
1007 5580 1206 5638 haberi
1229 5581 1479 5652 dicitur;
1515 5580 1896 5645 l'a'lsotamen.

587 5712 854 5777 ΡΑτιιοι..
906 5708 1130 5775 XXIII.

2010 5591 2114 5641 (res
2141 5583 2287 5638 inter
2314 5596 2368 5637 se
2388 5595 2493 5637 con

2079 5298 2154 5369 (d)
2187 5294 2489 5369 Martia_n.,
2517 5310 2617 5361 per
2646 5294 2926 5369 Absalom.

2191 5366 2354 5438 Apud
2392 5360 2639 5420 Raban..
2678 5368 2917 5420 Petatur
2947 5370 3130 5419 altilem
3175 5363 3242 5417 ab
3293 5360 3533 5418 Hebraeis
3589 5362 3675 5416 vi-

2006 5442 2149 5584 duli!)
2322 5507 2412 5563 his
2444 5508 2495 5563 le
2540 5508 2585 5565 it
2612 5506 2863 5577 Raban.,
2902 5508 2959 5563 In
3002 5523 3061 5562 eo
3091 5508 3235 5577 quod
3290 5505 3379 5559 illi
3419 5503 3527 5558 duo
3556 5503 3680 5571 frao

2010 5591 2114 5641 (res
2141 5583 2287 5638 inter
2314 5596 2368 5637 se
2388 5523 2792 5652 conﬁixerunt.

3306 5697 3384 5769 45
