4084 6176
471 314 658 376 1419

1986 312 2380 377 ΑΡΡΕΝΒΙΧ
2395 361 2408 377 .

3696 313 3815 379 uiti

496 452 655 503 ctum
686 447 902 503 suum?
933 468 961 498 ››
1003 448 1081 503 Ex
1138 448 1246 503 hoc
1304 446 1428 504 loco
1479 450 1913 504 demonstratur
1969 447 2135 515 illud,
2171 451 2224 516 Α
2255 467 2387 504 nem
2411 452 2698 507 facturum
2724 451 2783 508 in
2819 451 2942 508 loco
2990 468 3105 524 quo
3154 449 3523 522 requiescunt
3563 449 3814 520 Abraham,

497 537 651 607 quod
677 535 848 608 paulo
879 536 1150 608 superius
1181 537 1403 592 dictum
1435 542 1557 593 est:
1609 538 1846 593 Cessavit
1904 553 2003 593 rex
2034 538 2139 593 Da-

496 625 586 680 vid
614 627 698 680 ire
729 629 847 696 post
878 626 1125 681 Absalom
1148 628 1221 698 (II
1248 628 1373 695 Reg.
1408 643 1534 692 xm,
1582 627 1696 699 39),
1756 626 1814 681 id
1874 629 1982 692 est,
2015 643 2143 682 ces-

490 715 637 770 savit
683 717 745 769 ut
778 731 890 770 non
924 714 1177 771 exiretur
1217 716 1290 770 ab
1320 714 1518 787 aliquo
1549 719 1606 771 et
1633 716 2005 772 reduceretur
2033 716 2141 771 Ab-

492 802 698 859 salom.
734 803 872 859 Inde
901 804 982 859 ait
1013 803 1254 860 mulier:
1282 826 1309 854 «
1341 803 1647 859 Etlocutus
1671 807 1760 858 est
1789 803 2140 859 rexverbum

490 891 648 948 istud
682 896 743 946 ut
774 896 988 964 peccet,
1020 897 1076 948 et
1133 909 1248 948 non
1298 893 1540 948 reducat
1591 893 1837 964 ejectum
1896 909 2139 947 suum.»

491 981 653 1046 Quod
685 998 818 1036 vero
846 980 960 1036 ait:
997 1005 1023 1030 ‹‹
1057 981 1244 1044 Quare
1301 980 1571 1052 cogitasti
1623 981 1959 1037 istiusmodi
2015 997 2138 1036 rem

492 1073 694 1124 contra
723 1068 1004 1141 populum
1055 1069 1236 1124 Dei?»
1273 1069 1558 1141 Populum
1597 1070 1714 1136 Dei,
1769 1074 1934 1125 vocat
1983 1087 2140 1124 eum-

491 1158 623 1213 dem
667 1157 961 1230 Absalom,
997 1159 1114 1213 sive
1163 1175 1262 1213 eos
1320 1159 1419 1230 qui
1461 1176 1595 1214 cum
1638 1158 1736 1213 illo
1795 1159 1980 1214 ierant
2029 1157 2134 1229 (Al.

490 1247 698 1317 erant),
733 1247 832 1318 qui
867 1247 1036 1319 quasi
1069 1247 1277 1319 captivi
1309 1253 1367 1303 et
1408 1249 1574 1319 eiecti
1625 1253 1808 1313 erant,
1861 1264 1927 1302 eo
1982 1249 2136 1319 quod

490 1351 605 1391 non
639 1337 1053 1392 reducerentur
1107 1337 1177 1392 ad
1234 1336 1633 1393 haereditatem
1685 1337 1816 1392 Dei:
1876 1353 1946 1392 ne
1995 1337 2138 1392 forte

489 1424 688 1490 coacti,
714 1411 826 1480 diis
858 1424 1063 1480 alienis
1084 1425 1142 1480 in
1177 1430 1330 1481 terra
1359 1425 1551 1480 aliena
1593 1426 1894 1481 servirent.

559 1513 745 1584 (Vers.
773 1515 882 1585 14.)
913 1538 939 1562 ‹‹
964 1515 1076 1568 Nec
1103 1514 1222 1568 vult
1253 1516 1439 1586 perire
1490 1515 1642 1570 Deus
1691 1515 1978 1578 animam,
2036 1514 2134 1568 sed

487 1607 761 1657 retractat
787 1603 1070 1674 cogitans,
1108 1620 1178 1658 ne
1236 1608 1429 1675 pereat
1462 1603 1696 1676 penitus
1744 1604 1840 1675 qui
1875 1603 2137 1673 abjectus

486 1695 594 1745 est.
633 1714 657 1738 ››
689 1694 766 1745 Ac
795 1692 843 1744 si
877 1692 1129 1746 diceret:
1165 1692 1316 1746 Deus
1352 1696 1677 1763 peccatores
1711 1691 1809 1762 qui
1843 1709 1877 1746 a
1906 1691 2136 1746 diabolo

487 1779 696 1850 captivi
729 1779 1081 1845 detinentur,
1120 1786 1184 1833 ut
1228 1781 1298 1834 ad
1340 1795 1401 1835 se
1440 1785 1872 1847 convertantur,
1932 1783 2131 1835 vocat:
2167 1817 2214 1881 Β

487 1871 544 1921 et
596 1873 656 1920 tu
690 1867 788 1938 qui
832 1884 966 1922 eum
1017 1868 1232 1922 imitari
1292 1868 1488 1937 debes,
1523 1885 1626 1924 cur
1683 1885 1796 1924 non
1847 1885 1912 1924 eo
1966 1869 2136 1923 modo

489 1955 613 2028 agis
640 1956 736 2028 (a).

556 2045 744 2114 (Vers.
776 2045 891 2116 26.)
922 2067 949 2094 ‹‹
980 2046 1047 2100 Et
1077 2047 1310 2117 quando
1349 2042 1699 2102 tondebatur
1727 2044 1993 2119 capillus,
2045 2062 2134 2102 se-

488 2133 602 2190 mel
633 2138 827 2190 autem
876 2133 936 2188 in
994 2151 1148 2189 anno
1191 2135 1560 2191 tondebatur.
1599 2158 1626 2184 »
1659 2140 1723 2191 In
1769 2135 2005 2191 Hebraeo
2055 2135 2137 2190 ita

484 2224 729 2295 legitur:
759 2245 786 2273 ‹‹
818 2224 884 2278 Et
912 2225 1142 2295 quando
1160 2224 1510 2280 tondebatur
1533 2229 1709 2296 caput
1723 2225 1871 2296 ejus.
1906 2225 2134 2280 Statuto

485 2319 677 2368 autem
737 2317 998 2384 tempore
1057 2313 1437 2368 tondebatur:
1496 2315 1633 2385 quia
1692 2314 1969 2386 gravabat
1997 2331 2132 2369 eum

483 2400 766 2458 caesaries.
799 2401 1168 2457 Ponderabat
1196 2402 1438 2474 capillos
1469 2402 1678 2474 capitis
1724 2403 1814 2458 sui
1867 2403 2134 2458 ducentis

481 2491 642 2546 siclis
675 2491 927 2561 pondere
958 2491 1213 2562 publico.
1240 2512 1267 2540 »
1299 2491 1422 2546 Non
1479 2490 1634 2546 enim
1666 2492 1829 2547 semel
1881 2493 1940 2546 in
1988 2508 2133 2548 anno

484 2585 547 2636 ut
580 2579 766 2635 Latini
793 2579 1022 2635 codices
1045 2579 1284 2645 habent,
1333 2580 1683 2635 tondebatur
1734 2583 1908 2652 caput
1965 2581 2130 2650 ejus:

481 2669 585 2724 sed
605 2671 822 2724 statuto
853 2671 1135 2740 tempore,
1166 2667 1224 2724 id
1257 2672 1364 2740 est,
1400 2669 1472 2724 de
1502 2669 1744 2742 triginta
1785 2669 1843 2724 in
1890 2667 2134 2741 triginta

482 2757 709 2813 diebus.

551 2849 708 2919 (Cap.
742 2844 859 2902 XV.
882 2878 950 2887 —
980 2849 1144 2902 Vers.
1173 2846 1254 2920 7.)
1289 2867 1317 2898 ‹‹
1357 2846 1494 2904 Post
1523 2845 1914 2918 quadraginta
1937 2849 2130 2902 autem

484 2953 668 2992 annos
690 2935 834 2992 dixit
862 2936 1134 2993 Absalom
1167 2936 1238 2991 ad
1273 2951 1506 3007 regem:
1543 2935 1763 2991 Vadam
1795 2939 1853 2991 et
1891 2934 2131 2990 reddam

485 3035 619 3083 vota
649 3042 798 3094 mea,
832 3043 959 3098 quae
989 3025 1110 3082 vovi
1147 3025 1391 3081 Domino
1416 3024 1471 3080 in
1503 3024 1754 3080 Hebron.
1784 3049 1804 3072 ιι
1869 3025 2130 3090 Quadra-

488 3115 748 3187 gesimus
787 3115 1071 3186 agebatur
1097 3131 1289 3170 annus
1327 3131 1396 3170 ex
1435 3129 1501 3169 eo
1532 3118 1788 3184 tempore
1819 3130 1934 3184 quo
1994 3112 2131 3168 Saul

2253 538 2411 595 Isaac
2442 544 2498 596 et
2526 540 2724 596 Jacob.

2322 629 2502 700 (Vers.
2565 631 2680 701 24.)
2730 631 2851 685 «Et
2887 631 3286 702 deposuerunt
3358 644 3544 683 arcam
3611 626 3715 682 Dei.
3771 628 3820 683 Et

2250 718 2514 773 ascendit
2543 719 2842 787 Abiathar,
2876 720 3054 774 donec
3077 718 3339 790 expletus
3368 721 3516 772 esset
3543 716 3711 772 omnis
3749 731 3820 786 po-

2249 805 2425 876 pulus
2448 807 2547 878 qui
2579 824 2851 878 egressus
2890 807 3078 863 fuerat
3109 809 3178 863 de
3209 808 3456 863 civitate.
3484 826 3509 854 ››
3539 804 3659 860 Ideo
3677 821 3823 858 arcam

2248 894 2346 950 Dei
2372 895 2713 968 deposuisse
2743 896 3036 967 dicuntur,
3072 902 3132 951 ut
3183 895 3462 949 Dominus
3509 893 3578 946 ab
3604 891 3826 946 Abiatbar

2248 984 2545 1040 sacerdote
2583 984 3006 1052 consuleretur,
3068 1003 3181 1057 quo
3227 1000 3427 1039 versus
3474 980 3641 1037 David
3665 981 3735 1035 ire
3756 979 3827 1035 de-

2245 1071 2428 1127 beret.
2461 1075 2802 1130 Ascendisse
2831 1079 3024 1130 autem
3083 1073 3360 1128 Abiathar
3389 1070 3612 1140 dicitur,
3657 1069 3707 1124 id
3748 1073 3827 1134 est,

2248 1178 2463 1217 orasse.
2499 1163 2564 1217 Et
2593 1163 2733 1235 quia
2763 1163 2997 1218 oraculo
3028 1163 3221 1217 divino
3279 1180 3391 1216 non
3436 1160 3488 1215 ei
3537 1174 3828 1230 responsum

2246 1255 2356 1317 est,
2384 1251 2596 1307 idcirco
2628 1253 2684 1306 in
2709 1252 3206 1324 subsequentibus
3255 1250 3394 1304 dicit
3441 1248 3636 1312 David,
3677 1253 3732 1300 ut
3767 1262 3830 1302 re-

2248 1344 2575 1410 portaretur
2603 1357 2736 1396 arca
2766 1340 2863 1395 Dei
2897 1341 2954 1395 in
2989 1341 3212 1395 urbem.

2317 1431 2473 1498 (Cap.
2524 1427 2669 1483 XVI.
2704 1460 2772 1469 —-
2800 1428 2962 1484 Vers.
3018 1429 3132 1498 10.)
3171 1451 3190 1476 α
3219 1427 3363 1492 Quid
3407 1425 3550 1481 mihi
3602 1431 3654 1480 et
3690 1425 3832 1493 vobis,

2248 1517 2348 1570 ﬁlii
2398 1518 2656 1572 Sarvize?
2713 1517 2995 1572 Dimittite
3033 1523 3097 1571 ut
3163 1515 3544 1570 maledicat.»
3615 1514 3834 1568 Hebraus

2249 1624 2361 1660 non
2407 1606 2597 1674 habet,
2649 1615 2708 1661 ut
2751 1606 3059 1671 maledicat,
3109 1605 3209 1661 sed
3278 1609 3532 1668 tantum,
3595 1602 3832 1657 maledica!

2246 1694 2367 1763 (ms.
2418 1695 2694 1767 maledic).
2746 1696 2942 1750 Abisai
3007 1694 3168 1749 solus
3247 1695 3508 1748 dixerat:
3542 1691 3748 1759 «Vade,
3796 1693 3835 1743 et

2246 1783 2560 1854 amputabo
2608 1787 2783 1854 caput
2841 1784 3062 1854 ejus;»
3111 1788 3164 1838 ct
3214 1782 3387 1837 David
3441 1782 3513 1836 ad
3563 1780 3755 1844 Abisai,
3797 1782 3837 1832 et

2244 1871 2390 1926 Joab
2423 1872 2722 1942 respondit
2752 1871 2986 1927 dicens:
3022 1897 3047 1920 α
3083 1871 3230 1937 Quid
3265 1870 3409 1925 mihi
3440 1875 3496 1926 et
3549 1869 3715 1927 vobis.
3757 1866 3832 1920 filii

2247 1960 2455 2015 Sarvia:
2489 1964 2512 2016 Ρ
2544 1983 2570 2009 ››
2619 1962 2696 2015 Ac
2729 1961 2776 2014 si
2824 1961 3070 2016 diceret:
3123 1959 3405 2030 Nunquid
3454 1957 3625 2013 vultis
3671 1955 3837 2012 interﬁ-

2245 2065 2373 2104 cere
2405 2047 2606 2114 istum,
2651 2047 2804 2104 sicut
2833 2047 3207 2104 interfecistis
3255 2048 3457 2102 Abner
3479 2052 3505 2101 '2
3550 2071 3576 2096 «
3608 2046 3838 2102 Dominus

2246 2136 2398 2192 enim
2433 2137 2704 2209 praecepit
2735 2138 2786 2192 ei
2819 2141 2882 2192 ut
2907 2137 3276 2193 malediceret
3302 2138 3497 2192 David.
3533 2136 3597 2191 Et
3625 2135 3741 2208 quis
3778 2136 3839 2189 est

2245 2226 2343 2297 qui
2375 2225 2548 2296 dicat,
2581 2242 2760 2297 quare
2791 2225 2873 2282 sic
2925 2227 3151 2294 fecerit;
3190 2250 3214 2275 ››
3265 2225 3637 2290 subauditur,
3683 2237 3838 2294 quare,

2244 2317 2326 2370 sic
2357 2315 2553 2370 fecerit
2586 2333 2699 2370 non
2737 2315 3035 2380 Dominus,
3085 2316 3182 2370 sed
3218 2315 3404 2370 Semei
3439 2314 3534 2384 (ε).
3567 2313 3738 2368 Semei
3770 2308 3840 2382 qui

2244 2402 2624 2460 maledicebut
2659 2403 2854 2470 David,
2889 2403 3012 2476 ipse
3043 2410 3132 2458 est
3161 2404 3346 2458 Nubat
3370 2408 3534 2474 pater
3563 2401 3840 2467 Jeroboam,

2243 2491 2342 2563 qui
2383 2491 2538 2546 filius
2587 2492 2812 2546 Gemini
2855 2492 3105 2548 dicitur:
3140 2497 3197 2548 et
3237 2493 3292 2546 in
3326 2493 3448 2548 zelo
3497 2493 3700 2547 domus
3743 2485 3844 2542 Saul

2244 2579 2544 2635 maledixit
2569 2581 2771 2635 David.
2803 2580 3023 2636 Nomen
3056 2598 3189 2636 vero
3223 2583 3307 2635 avi
3339 2583 3472 2651 ejus
3507 2579 3719 2636 Gemini
3747 2575 3842 2646 fuit,

2241 2672 2299 2724 et
2320 2669 2332 2721 i
2342 2685 2444 2740 pse
2474 2667 2662 2723 Semei
2687 2685 2755 2723 ex
2784 2668 2940 2723 tribu
2972 2667 3249 2740 Ephraim
3272 2668 3370 2722 filii
3402 2666 3624 2740 Joseph
3675 2662 3847 2721 exstitit

2245 2757 2404 2813 Unde
2425 2761 2480 2812 et
2509 2757 2662 2812 idem
2697 2757 2884 2813 Semei
2926 2758 2996 2813 ad
3041 2757 3220 2813 David
3253 2756 3431 2812 dicit:
3493 2759 3705 2812 Primus
3746 2768 3846 2826 φησι

2241 2862 2345 2916 que
2372 2847 2497 2901 veni
2526 2845 2682 2902 hodie
2728 2845 2793 2902 de
2840 2848 2994 2902 omni
3036 2846 3184 2901 tribu
3229 2845 3421 2917 Joseph
3485 2847 3556 2917 (II
3605 2847 3717 2916 Reg.
3759 2856 3844 2908 xxx,

2241 2935 2354 3007 20).

2314 3024 2498 3096 (Vers.
2555 3024 2665 3096 17.)
2716 3047 2744 3074 ‹‹
2775 3026 2858 3081 Ad
2913 3041 3085 3098 quem
3133 3025 3427 3082 Absalom.
3486 3027 3615 3081 Haec
3654 3026 3751 3089 est,
3783 3021 3848 3075 ia-

2244 3113 2392 3185 quit,
2426 3113 2614 3186 gratia
2646 3114 2713 3169 ad
2739 3115 3174 3170 amicumtuum
3198 3115 3225 3169 ?
3249 3138 3275 3166 ››
3299 3116 3358 3170 In
3375 3115 3616 3172 Hebraeo
3643 3113 3844 3185 legitur:

487 3183 645 3258 ﬁobe
676 3183 967 3258 civitatem
999 3217 1133 3257 cum
1173 3201 1577 3258 sacerdotibus
1617 3183 1908 3273 octoginta
1966 3200 2132 3273 quin-
2163 3183 2206 3250 (ἶ
2246 3183 2277 3251 ἆ
2307 3183 2454 3257 Hch
2485 3207 2593 3269 est,
2637 3202 2849 3273 inquit,
2903 3203 3304 3259 misericordia
3351 3210 3457 3259 tua
3501 3205 3574 3259 ad
3638 3183 3846 3258 amicum

487 3307 599 3363 que
632 3296 866 3363 propter
893 3290 1074 3346 David
1106 3289 1418 3346 interemit.
1478 3294 1542 3344 Et
1592 3289 1807 3346 idcirco
1837 3289 1930 3344 hic
1976 3290 2131 3346 idem

485 3379 972 3451 quadragesimus
1003 3396 1192 3434 annus
1223 3379 1479 3451 ponitur,
1513 3383 1575 3434 ut
1605 3383 1964 3435 monstretur
1991 3380 2134 3435 divi-

487 3486 619 3524 nam
655 3468 935 3524 ultionem
960 3468 1228 3525 suscitari
1262 3485 1438 3540 super
1467 3468 1669 3539 David,
1707 3484 1774 3524 eo
1808 3469 1962 3540 quod
1991 3469 2122 3525 Abi-

485 3557 704 3614 melech
728 3558 803 3630 (ὸ)
833 3559 1192 3613 sacerdotem
1227 3557 1512 3621 fefellerit,
1543 3562 1600 3613 et
1627 3562 1865 3628 propter
1879 3574 2012 3613 eum
2045 3562 2130 3614 tot

484 3647 852 3703 sacerdotum
911 3649 1095 3703 caedes
1145 3647 1296 3703 facta
1325 3645 1515 3702 fuerit.
1549 3647 1718 3715 Cave,
1767 3646 1964 3716 lector,
2004 3647 2123 3720 ple-

484 3753 696 3809 rosque
757 3737 1064 3792 mendosos
1117 3737 1420 3802 codices‘,
1463 3737 1522 3792 in
1570 3737 1789 3808 quibus
1845 3737 2128 3810 scriptum

485 3826 794 3895 invenitur,
825 3834 943 3899 post
972 3835 1226 3899 quatuor,
1277 3843 1391 3882 non
1449 3835 1566 3896 post
1606 3826 1972 3898 quadraginta
2022 3844 2129 3883 an-

485 3933 603 3972 nos.
638 3915 700 3970 In
732 3915 1127 3971 veracioribus
1157 3931 1290 3971 vero
1321 3915 1641 3983 codicibus,
1675 3919 1732 3970 et
1761 3914 1820 3969 in
1853 3914 2133 3972 Hebraica

487 4003 728 4060 veritate
755 4021 868 4059 non
900 4008 1170 4075 quatuor,
1204 4005 1305 4060 sed
1354 4003 1744 4076 quadraginta
1791 4004 2133 4061 scribuntur

486 4094 645 4153 anni.
698 4092 757 4148 Si
816 4109 947 4150 vero
991 4093 1387 4149 contentiosus
1429 4092 1582 4165 quis,
1625 4095 1858 4150 eosdem
1881 4101 2134 4166 quatuor

487 4179 671 4238 annos
701 4186 960 4237 astruere
988 4180 1235 4237 voluerit
1263 4182 1335 4237 ab
1366 4197 1434 4237 eo
1464 4187 1725 4260 tempore
1776 4199 1890 4253 quo
1947 4183 2129 4238 Absa-

484 4271 602 4328 lom
631 4273 859 4328 Amnon
886 4271 1119 4326 fratrem
1152 4287 1327 4326 suum
1356 4271 1666 4338 interfecit,
1689 4287 1875 4342 usque
1901 4271 2128 4327 adillud

483 4366 718 4435 tempus
748 4377 862 4433 quo
889 4360 1040 4432 patri
1071 4360 1242 4416 dixit:
1276 4383 1304 4410 ‹‹
1338 4359 1583 4429 Vadam,
1616 4365 1674 4416 et
1706 4360 1945 4416 reddam
2003 4366 2132 4418 vota

487 4468 636 4520 mea,
673 4467 800 4523 qua:
832 4451 954 4506 vovi
988 4449 1234 4506 Domino
1266 4449 1326 4506 in
1385 4447 1612 4504 Hebron
1641 4467 1653 4517 ;
1692 4471 1719 4499 ››
1749 4449 2053 4521 perSpicue
2071 4466 2132 4505 se

2240 3290 2499 3346 tuum?»
2533 3292 2693 3357 Quod
2727 3308 2842 3347 non
2891 3290 3259 3361 affirmando,
3311 3293 3412 3348 sed
3447 3292 3708 3365 negando
3747 3305 3848 3361 pro-

2244 3380 2631 3435 nuntiandum
2665 3384 2772 3434 est.
2806 3380 2874 3435 Et
2904 3384 2993 3435 est
3037 3397 3280 3436 sensus:
3333 3379 3726 3436 Misericordia
3767 3379 3846 3436 est.

2241 3473 2342 3524 aut
2371 3469 2484 3524 dici
2518 3469 2709 3533 debet,
2743 3469 2895 3540 quod
2933 3470 3105 3524 David
3130 3470 3387 3525 amicum
3425 3475 3597 3525 tuum
3615 3463 3846 3525 dimisisti

2242 3563 2298 3614 et
2328 3574 2460 3614 cum
2493 3575 2559 3614 eo
2592 3575 2704 3613 non
2741 3557 2882 3613 isti?

2313 3648 2468 3720 (Cap.
2497 3647 2662 3703 XVII.
2696 3677 2763 3690 —-
2793 3647 2956 3704 Vers.
2987 3648 3042 3714 2,
3073 3649 3152 3720 3.)
3204 3649 3470 3720 Cumque
3524 3647 3722 3722 fugerit
3757 3659 3849 3700 om-

2241 3737 2334 3792 nis
2365 3735 2616 3809 populus
2647 3737 2746 3808 qui
2777 3753 2910 3792 cum
2942 3754 3008 3792 eo
3051 3741 3157 3804 est,
3187 3737 3525 3809 percutiam
3563 3752 3742 3809 regem
3781 3732 3852 3786 ἁθ·

2241 3824 2512 3893 solatum,
2538 3829 2596 3881 et
2619 3826 2888 3880 reducam
2905 3825 3245 3882 universum
3271 3826 3582 3900 populum,
3608 3820 3850 3898 quomodo

2241 3932 2444 3972 omnes
2470 3914 2674 3970 reverti
2704 3914 2909 3970 solent.
2947 3937 2973 3965 ››
3007 3915 3238 3972 Scilicet
3267 3917 3419 3972 sicut
3471 3915 3674 3971 reverti
3703 3910 3851 3967 solent

2241 4005 2340 4077 qui
2372 4003 2586 4060 amisso
2618 4003 2675 4060 in
2710 4004 2900 4074 praelio
2932 4021 3066 4077 rege
3104 4010 3494 4077 revertuntur,
3529 4005 3612 4060 sic
3659 4000 3851 4058 univer-

2242 4111 2343 4149 sus
2376 4092 2627 4166 populus
2658 4092 2833 4149 Israel
2865 4098 3182 4151 revertetur
3210 4094 3280 4150 ad
3314 4099 3391 4148 te.

2314 4182 2498 4255 (Vers.
2529 4182 2581 4237 9.
2616 4183 2726 4254 10.)
2760 4205 2788 4234 .‹
2831 4183 2898 4238 Et
2946 4199 3080 4239 cum
3127 4184 3399 4240 ceciderit
3443 4199 3604 4239 unus
3650 4175 3854 4252 quilibet

2241 4271 2299 4327 in
2335 4271 2637 4344 principio,
2666 4271 2857 4328 audiet
2892 4289 3254 4346 quascunque
3283 4272 3563 4340 audierit,
3596 4275 3650 4327 et
3701 4267 3851 4322 dicet:

2243 4362 2414 4417 Facta
2443 4365 2531 4417 est
2562 4360 2730 4434 plaga
2785 4361 2843 4416 in
2894 4362 3108 4435 populo
3156 4364 3258 4436 qui
3307 4363 3664 4435 sequebatur
3705 4354 3853 4413 Absu-

2241 4449 2357 4506 lom
2386 4469 2398 4519 ;
2433 4456 2488 4506 et
2519 4450 2874 4507 fortissimus
2904 4452 3179 4524 quisqueﬁ
3228 4455 3401 4523 cujus
3452 4467 3558 4507 cor
3601 4452 3686 4505 est
3719 4438 3852 4516 quasi

491 4556 708 4602 errare,
735 4539 784 4593 si
816 4537 1123 4609 diligenter
1159 4541 1561 4611 perscrutatus
1594 4537 1788 4604 fuerit,
1846 4537 2128 4608 inveniet;
2161 4557 2209 4622 D
2243 4538 2448 4607 leonis,
2483 4556 2689 4611 pavore
2720 4539 2995 4596 solvetur.
3024 4562 3051 4591 »
3085 4541 3147 4596 In
3189 4541 3426 4596 Hebraeo
3478 4539 3561 4594 ita
3611 4534 3848 4622 habetur:

485 4644 617 4684 cum
651 4627 854 4700 utique
883 4626 1181 4696 Absalom,
1214 4627 1516 4683 interfecto
1545 4628 1796 4694 Amnon,
1821 4627 1880 4682 in
1912 4628 2132 4685 Gessur

485 4717 640 4788 apud
665 4714 930 4771 Tholmai
965 4732 1157 4788 regem
1189 4717 1376 4772 tribus
1408 4716 1600 4787 annis,
1625 4720 1682 4772 et
1722 4716 1780 4770 in
1803 4716 2130 4773 Jerusalem

485 4803 622 4860 inde
652 4807 976 4870 revocatus,
1027 4821 1141 4860 non
1189 4804 1310 4860 viso
1354 4810 1535 4877 patre,
1584 4804 1813 4860 duobus
1870 4810 2131 4862 moratus

481 4894 658 4951 fuerit
686 4893 875 4962 annis,
907 4898 964 4949 et
993 4898 1152 4949 sexto
1183 4910 1336 4948 anno
1367 4893 1573 4949 faciem
1606 4894 1788 4966 patris
1816 4895 2041 4962 viderit,
2075 4899 2131 4950 et

481 4988 682 5041 contra
713 5000 846 5040 eum
909 4982 1366 5055 perduellionem
1426 4984 1851 5056 praeparaverit.
1911 4983 2126 5040 Votum

485 5090 738 5145 namque
768 5090 829 5128 se
861 5073 1084 5129 vovisse
1115 5072 1449 5129 mentiendo
1478 5072 1642 5141 dixit,
1691 5072 1742 5129 is
1773 5078 1879 5140 est,
1915 5074 2125 5130 oratio-

2246 4652 2267 4681 α
2303 4629 2372 4684 Et
2405 4627 2757 4684 fortissimus
2788 4627 2934 4700 ipse,
2987 4629 3154 4698 cujus
3199 4645 3298 4685 cor
3339 4633 3428 4683 est
3478 4625 3645 4699 quasi
3686 4617 3850 4681 leonis.

2241 4732 2452 4791 pavore
2483 4716 2758 4773 solvetur.
2791 4739 2817 4767 »
2859 4717 3020 4781 Quod
3054 4729 3166 4773 non
3221 4716 3596 4782 affirmando,
3645 4711 3738 4769 sed
3777 4719 3853 4762 ne-

2240 4807 2430 4881 gando
2460 4805 2957 4878 pronuntiandum
2989 4810 3094 4861 est.
3128 4804 3509 4861 Fortissimus
3564 4804 3668 4858 iste
3711 4791 3853 4852 David

2241 4896 2656 4968 intelligendus
2679 4900 2767 4950 est
2793 4913 2805 4962 ;
2841 4896 2994 4969 quod
3027 4901 3084 4951 et
3114 4894 3418 4965 sequentia
3448 4892 3755 4949 declarant.

2311 4987 2493 5059 (Vers.
2533 4987 2615 5052 10,
2651 4986 2761 5055 17.)
2800 5009 2819 5034 ι
2854 4985 2972 5040 Scit
3009 4985 3162 5040 enim
3210 4982 3402 5038 omnis
3456 4980 3631 5037 Israel
3680 4977 3851 5032 fortem

2237 5093 2363 5133 esse
2387 5079 2607 5148 patrem
2634 5079 2825 5141 tuum,
2857 5079 2912 5129 et
2941 5075 3211 5130 robustos
3241 5087 3446 5128 omnes
3502 5069 3601 5142 qui
3642 5079 3764 5122 cum
3803 5073 3851 5114 οο

559 5298 572 5331 ¹
607 5301 723 5353 Hos
781 5313 1006 5354 errores
1064 5299 1298 5355 abunde
1346 5301 1780 5358 confutavimus
1805 5301 1863 5357 in
1895 5302 2060 5359 Notis
2091 5304 2160 5360 ad
2194 5304 2450 5360 Divinam
2482 5301 2894 5358 Bibliothecam.

553 5514 633 5586 (ᾳ)
655 5509 749 5586 ﬁl,
781 5527 913 5565 cum
942 5512 1195 5586 Ambros
1218 5531 1350 5582 ms.,
1383 5532 1480 5571 cur
1505 5532 1615 5572 non
1635 5533 1693 5572 eo
1712 5519 1888 5586 magis
1913 5523 1936 5570 γ

481 5670 534 5713 m
539 5581 733 5714 511201;):
782 5584 952 5640 veteri
983 5584 1249 5655 lectione,
1285 5581 1450 5644 meus
1485 5605 1594 5645 ms.
1631 5593 1687 5645 et
1715 5581 1960 5662 Raban.,
1991 5591 2030 5646 Α
2055 5590 2128 5648 bi-

2311 5518 2378 5598 (ς)
2413 5515 2585 5571 Addit
2617 5515 2838 5598 ﬂabant,
2869 5519 2927 5569 ut
2959 5515 3173 5598 flebam:
3200 5513 3406 5598 dicunt.
3474 5511 3622 5568 lnfra
3665 5507 3851 5598 ﬂagri?

2239 5584 2638 5662 ab'hocversu
2670 5603 2772 5662 pro
2801 5586 2982 5643 Semei
3011 5586 3182 5642 habet
3212 5588 3480 5644 Ambros.
3515 5599 3618 5639 ms.
3662 5584 3851 5635 iterum

2239 5660 2477 5721 Gemini.
