4070 6166
334 294 481 357 1421

1289 296 1590 369 QII/EST.
1639 296 1999 359 HEBRAIC.
2048 298 2127 357 IN
2173 258 2330 359 LIB.
2372 298 2421 360 ιι
2469 299 2766 363 REGUM.

3575 282 3751 367 ms

324 430 482 482 sunt.
517 425 672 481 Abiit
697 425 927 495 ancilla,
962 432 1019 483 et
1047 428 1335 484 nuntiavit
1360 430 1462 484 eis.
1510 430 1576 483 Et
1623 428 1699 483 illi
1730 429 1969 500 profecti
2003 437 2053 499 Α
2087 430 2279 485 adhuc
2312 430 2543 499 viveret,
2578 432 2835 501 titulum,
2860 434 2958 504 qui
2991 436 3075 489 est
3130 434 3188 488 in
3232 432 3375 488 valle
3417 435 3588 505 regis.
3634 435 3730 491 Di-

325 521 481 571 sunt.
518 538 544 565 ››
578 518 706 571 ΙΙωο
736 515 949 572 ancilla
981 517 1147 588 quasi
1183 516 1406 572 lavandi
1440 518 1627 589 gratia
1658 534 1790 573 cum
1825 535 1971 589 pan-

327 605 418 660 nis
448 606 517 659 arl
556 606 769 661 fontem
806 605 981 678 Rogel
1014 606 1178 672 ierat,
1216 611 1275 661 ut
1307 607 1541 678 penitus
1595 624 1686 660 res
1720 624 1831 660 non
1873 608 1973 661 de-

324 694 798 765 prehenderetur.
851 696 999 750 Puer
1061 700 1277 766 autem,
1349 695 1448 767 qui
1520 712 1638 750 rem
1701 694 1975 750 indicavit

326 782 614 852 Absalom,
658 782 815 839 ﬁlius
868 784 1133 855 ejusdem
1183 783 1403 839 ancilla:
1454 783 1730 855 parvulus
1763 783 1975 838 dicitur

327 872 529 925 fuisse.

397 959 582 1029 (Vers.
615 961 726 1029 2i).
763 984 789 1010 ‹‹
822 961 1072 1033 Surgite,
1107 967 1162 1017 et
1193 962 1437 1017 transite
1486 962 1600 1017 cito
1644 962 1909 1016 fluvium.
1948 984 1973 1008 ››

326 1049 543 1103 Hebraei
589 1050 645 1103 in
690 1049 798 1105 hoc
844 1049 967 1105 loco
1017 1068 1129 1105 non
1183 1052 1446 1121 fluvium,
1497 1052 1596 1106 sed
1643 1068 1842 1121 aquam
1872 1050 1971 1106 ba-

323 1138 479 1201 bent,
515 1156 639 1209 quaa
668 1138 944 1194 Jordanis
977 1139 1187 1193 fluvius
1222 1138 1585 1211 intelligitur.

2088 523 2248 573 xerat
2286 520 2480 575 enim:
2523 520 2649 576 Non
2690 521 2875 577 habeo
2918 522 3123 590 ﬁlium,
3164 528 3219 577 et
3259 524 3367 577 hoc
3406 523 3514 578 erit
3546 524 3730 579 moni-

2086 613 2348 662 mentum
2392 609 2645 664 nominis
2686 611 2833 669 mci:
2861 612 3197 682 vocavitque
3231 612 3465 666 titulum
3494 612 3729 668 nomine

2083 714 2209 763 suo,
2253 702 2310 751 et
2349 697 2635 768 apellatur
2668 716 2877 754 manus
2918 699 3211 766 Absalom,
3247 716 3433 772 usque
3470 700 3526 755 in
3570 700 3729 756 hunc

2085 785 2260 839 diem.
2306 808 2333 835 »
2379 787 2478 841 llic
2518 786 2679 843 locus
2719 788 3005 860 superiori
3046 788 3170 844 loco
3211 788 3572 860 copulandus
3611 794 3721 858 est,

2084 875 2181 928 ubi
2223 875 2435 930 dicitur
2467 876 2635 947 (Vers.
2678 877 2808 939 ii):
2859 902 2878 926 ε
2921 877 3081 932 Tulit
3135 878 3279 933 Joab
3339 883 3456 933 tres
3497 877 3729 934 lanceas

2084 963 2141 1017 in
2173 980 2347 1018 manu
2381 981 2507 1031 sua,
2543 970 2597 1020 et
2634 965 2823 1020 inﬁxit
2852 982 2949 1021 eas
2982 966 3037 1020 in
3071 967 3242 1022 corde
3273 966 3567 1036 Absalom,
3592 983 3728 1023 cum

2083 1052 2273 1107 adhuc
2314 1052 2621 1125 palpitaret
2681 1053 2905 1109 haerens
2982 1056 3245 1126 quercui.
3290 1078 3315 1104 »δ
3397 1056 3670 1110 Hebraeus
3712 1074 3725 1112 :

2090 1165 2109 1189 α
2155 1140 2298 1195 Cum
2339 1141 2528 1196 adhuc
2568 1142 2783 1197 viveret
2822 1142 3044 1198 haerens
3103 1144 3157 1197 in
3202 1160 3488 1214 quercu.»
3530 1145 3598 1199 Et
3635 1144 3731 1199 hic

392 1227 575 1293 (Vers.
609 1228 721 1297 25).
755 1251 782 1276 ‹‹
822 1228 999 1283 David
1032 1232 1228 1283 autem
1258 1227 1412 1283 venit
1445 1230 1502 1283 in
1546 1232 1758 1296 castra,
1795 1255 1816 1281 ι
1846 1247 1972 1300 quae
2075 1230 2445 1301 jungendum
2482 1235 2606 1286 est:
2654 1252 2678 1278 ‹‹
2724 1231 2895 1286 Porro
2944 1232 3218 1287 Absalom
3268 1237 3527 1287 erexerat
3581 1233 3715 1300 sibi,

323 1317 562 1369 Manaz’m
599 1316 872 1371 llebraice
902 1316 1216 1389 leguntur:
1253 1318 1309 1371 in
1339 1334 1454 1389 quo
1490 1317 1613 1372 loco
1651 1318 1803 1373 obvii
1849 1319 1971 1374 fue-

325 1409 460 1459 runt
508 1404 700 1476 angeli
749 1404 851 1460 Dei
894 1406 1096 1470 Jacob,
1149 1406 1302 1462 sicut
1353 1406 1409 1460 in
1461 1407 1669 1463 Genesi
1720 1406 1969 1479 legitur:

325 1516 351 1541 ‹‹
387 1494 453 1548 Et
476 1493 701 1548 vocavit
735 1493 913 1549 Jacoh
946 1512 1157 1550 nomen
1199 1494 1308 1550 loci
1334 1495 1610 1562 Manaim,
1654 1495 1709 1549 id
1752 1501 1841 1551 est
1878 1513 1972 1551 ca-

325 1586 446 1637 stra
484 1604 511 1631 »
554 1584 711 1649 (Gen.
755 1600 929 1653 xxxn,
971 1584 1048 1654 2).

396 1670 581 1741 (Vers.
621 1672 736 1737 25.)
779 1694 806 1719 ‹‹
850 1678 1067 1726 Amasa
1105 1676 1302 1727 autem
1343 1677 1467 1728 erat
1508 1671 1665 1728 ﬁlius
1706 1672 1833 1739 viri,
1870 1673 1971 1744 qui

327 1760 642 1859 vocabatur
670 1758 981 1859 JethraIde
1019 1759 1288 1859 Je'z'raele.
1335 1783 1362 1808 »
1387 1762 1468 1859 .In
1518 1760 1797 1815 Hebraico
1837 1758 1972 1832 legi-
2004 1797 2049 1859 Β

324 1848 453 1902 lur:
482 1847 667 1903 Jethra
706 1847 1019 1903 Ismaelz'tes.
1073 1848 1234 1903 Unde
1290 1854 1348 1903 et
1386 1848 1443 1902 in
1486 1849 1970 1920 Paralipomenon

325 1939 405 1992 ita
438 1937 685 2009 legitur:
721 1961 746 1986 ‹‹
784 1937 1004 2009 Abigail
1040 1942 1233 1992 autem
1276 1938 1480 2009 genuit
1518 1946 1758 2005 Amasa,
1803 1939 1973 2009 cujus

326 2033 487 2098 pater
516 2026 623 2081 fuit
681 2027 882 2082 Jether
942 2026 1260 2081 Ismaelites
1322 2028 1365 2097 (I
1424 2027 1615 2081 Paral.
1678 2044 1737 2097 ιι,
1801 2028 1973 2093 17).»

329 2116 645 2171 lsmaelites
684 2116 840 2170 enim
883 2116 1036 2171 idem
1098 2115 1298 2171 Jether
1337 2120 1599 2185 vocatur,
1644 2114 1780 2187 quia
1820 2114 1976 2170 ﬁlius

323 2207 451 2275 ejus
492 2206 723 2270 Amasa,
749 2220 924 2276 opera
944 2203 1209 2259 Ismaelis
1232 2204 1519 2270 imitatus,
1548 2203 1727 2259 David
1752 2202 1976 2275 fugien-

325 2300 440 2349 tem
483 2310 853 2365 nequaquam
913 2296 1001 2348 est
1058 2292 1370 2348 comitatus
1423 2294 1515 2347 cui
1576 2292 1839 2347 dixerat:
1878 2293 1976 2347 Tui

324 2400 532 2449 sumus,
574 2398 603 2437 ο
665 2382 860 2449 David,
921 2388 973 2437 et
1034 2386 1208 2437 (ecum
1248 2382 1357 2450 ﬁlii
1413 2383 1519 2437 [sui
1559 2383 1605 2451 (I
1642 2381 1828 2435 Paral.
1872 2398 1973 2451 x11,

331 2474 436 2541 18).
474 2474 533 2527 Ιιι
566 2471 714 2525 libro
744 2488 876 2526 vero
906 2469 1199 2526 Samuelis
1229 2470 1444 2525 idcirco
1473 2470 1676 2526 Jetbra
1707 2469 1974 2525 Jezraeli-

327 2566 412 2615 tes
445 2564 698 2628 vocatur,
733 2561 872 2631 quia
903 2565 1202 2631 peccatum
1242 2565 1464 2613 Amasa:
1498 2558 1600 2612 ﬁlii
1635 2561 1781 2629 ejus,
1820 2558 1974 2630 quod

328 2651 383 2704 in
418 2649 592 2704 David
628 2652 1054 2721 perpetraverat
1082 2647 1247 2717 Joab,
1281 2665 1437 2713 eum,
1471 2647 1527 2702 id
1560 2652 1648 2702 est
1689 2652 1972 2703 Amasum

328 2739 683 2809 percutiente
715 2737 971 2793 deletum
1004 2742 1113 2792 est.

406 2826 588 2899 (Ibid).
623 2849 649 2876 ‹‹
685 2826 789 2890 Qui
824 2826 1127 2898 ingressus
1153 2829 1241 2880 cst
1273 2824 1343 2879 ad
1370 2822 1597 2896 Abigail
1629 2823 1977 2880 ﬁliamNaas

328 2932 589 2970 sororem
629 2915 861 2971 Sarviaa.
907 2937 933 2963 ››
978 2913 1129 2969 Naas
1153 2914 1570 2984 interpretatur
1608 2912 1849 2969 coluber.
1886 2912 1977 2967 Id-

327 3005 478 3059 circo
511 3003 769 3073 coluber,
802 3004 939 3074 quia
972 3001 1199 3057 nulluin
1254 3002 1565 3057 admisisse
1606 3002 1975 3057 mortiferum

330 3094 666 3165 perhibetur
694 3098 1019 3165 peccatum,
1054 3091 1165 3147 nisi
1197 3091 1250 3145 in
1302 3092 1458 3163 quod
1508 3089 1871 3164 originaliter
1907 3092 1977 3146 de

328 3162 594 3254 serpente
622 3162 863 3253 antiquo
894 3180 1201 3235 contraxit.
1255 3162 1352 3235 Est
1377 3181 1554 3235 etiam
1605 3162 1757 3235 Naas
1790 3178 1890 3251 qui
1921 3184 1979 3235 et
2005 3162 2046 3227 (ἶ

332 3270 441 3326 [sai
474 3274 637 3342 pater
665 3270 865 3338 David,
900 3270 1054 3327 sicut
1102 3269 1157 3323 in
1212 3268 1695 3340 Paralipomenon
1737 3269 1977 3324 demon-

330 3363 587 3413 stratur:
620 3359 741 3424 ubi,
769 3358 1128 3413 enumeratis
1158 3357 1295 3412 ﬁliis
1329 3356 1458 3424 Isai,
1492 3357 1722 3428 legitur,
1747 3373 1979 3427 quorum

329 3464 540 3504 sorores
592 3450 814 3519 fuerunt
861 3446 1057 3502 Sarvia
1094 3451 1144 3503 et
1184 3446 1402 3517 Abz'gail
1444 3446 1489 3516 (I
1527 3446 1717 3500 Paral.
1762 3463 1825 3513 ιι,
1868 3446 1976 3515 16).

400 3536 586 3605 (Vers.
618 3538 732 3607 27).
772 3560 792 3584 ι
828 3537 1091 3608 Cumque
1138 3534 1394 3590 venisset
1438 3533 1617 3588 David
1668 3532 1726 3588 in
1768 3537 1979 3600 castra,

332 3626 386 3679 id
448 3630 537 3681 est
595 3625 653 3680 in
710 3624 1004 3681 Manaim:
1066 3624 1203 3679 Sobi
1266 3622 1425 3678 ﬁlius
1487 3622 1637 3677 Naas
1699 3622 1769 3676 de
1829 3621 1979 3676 Rab-

331 3715 471 3771 bath
512 3714 767 3770 ﬁliorum
808 3717 1079 3781 Ammon,
1116 3738 1143 3763 »
1184 3719 1293 3770 etc.
1337 3714 1449 3769 Iste
1489 3712 1625 3767 Sobi
1668 3711 1823 3767 ﬁlius
1874 3710 1985 3765 fuit

332 3805 485 3861 Naas
528 3804 703 3876 regis,
746 3822 877 3861 cum
921 3822 1035 3876 quo
1077 3804 1359 3876 pugnavit
1412 3802 1572 3857 Saul.
1640 3803 1766 3873 Ipse
1806 3800 1983 3855 etiam

332 3893 486 3949 Naas
522 3893 653 3949 fecit
685 3893 1145 3950 misericordiam
1178 3910 1311 3947 cum
1345 3892 1546 3957 David,
1583 3890 1817 3963 quando
1837 3889 1987 3961 fugit

334 3982 539 4038 afacie
615 3983 793 4039 Saul:
837 4000 951 4054 quo
1028 3986 1258 4037 mortuo
1310 3982 1455 4036 dixit
1530 3980 1709 4036 David
1767 3981 1989 4039 Faciam

332 4071 774 4128 misericordiam
846 4089 971 4127 cum
1046 4077 1222 4141 Anon,
1300 4072 1444 4126 sicut
1516 4072 1643 4141 fecit
1675 4073 1835 4141 pater
1874 4069 1989 4139 ejus

342 4162 486 4216 Naas
524 4178 733 4217 mecum
775 4163 823 4230 (Ι
885 4162 1075 4217 Paral.
1116 4179 1231 4227 xxx,
1272 4161 1348 4231 2).
1394 4161 1746 4230 Interempto
1786 4174 1917 4213 vero
1958 4174 1991 4212 a

340 4250 521 4305 David
551 4257 737 4317 Anon,
772 4251 871 4323 qui
905 4252 954 4305 ei
989 4251 1047 4305 in
1080 4249 1453 4305 decalvandis
1485 4248 1667 4303 servis
1697 4246 1820 4302 suis
1842 4246 1990 4317 iniu-

336 4340 483 4395 riam
526 4339 758 4406 fecerat,
800 4340 1153 4396 constitutus
1194 4343 1273 4394 est
1320 4338 1392 4393 ab
1432 4338 1636 4393 eodem
1715 4335 1890 4391 David
1931 4335 1989 4389 in

336 4428 462 4484 loco
520 4429 715 4484 fratris
750 4429 859 4485 iste
898 4428 1053 4492 Sobi,
1098 4427 1197 4500 qui
1238 4428 1309 4483 ad
1351 4426 1528 4482 David
1569 4425 1784 4495 legitur
1857 4440 1989 4479 cum

2083 1334 2215 1372 cum
2248 1318 2440 1373 adhuc
2472 1320 2701 1385 viveret,
2736 1319 2973 1374 titulum
3005 1320 3103 1391 qui
3135 1326 3223 1375 est
3255 1320 3474 1375 invalle
3496 1322 3675 1393 regis,
3701 1341 3730 1369 »

2083 1410 2139 1461 et
2186 1411 2390 1461 caetera
2450 1424 2573 1479 quae
2616 1415 2963 1478 sequuntur.
2999 1409 3261 1463 Tradunt
3324 1409 3544 1464 Hebraei
3577 1409 3733 1481 quod

2082 1494 2382 1565 depositus
2406 1496 2476 1551 de
2499 1513 2715 1568 quercu
2747 1497 2976 1568 petierit
2994 1496 3105 1551 sibi
3127 1497 3395 1552 inducias
3415 1502 3732 1569 antequam

2082 1582 2485 1654 perimeretur,
2520 1589 2584 1639 ut
2616 1586 2828 1640 faceret
2859 1585 2969 1639 sibi
3002 1584 3238 1639 titulum
3272 1585 3344 1640 ob
3385 1586 3733 1642 memoriam

2082 1670 2197 1735 sui,
2232 1688 2296 1726 eo
2330 1672 2483 1742 quod
2516 1688 2631 1727 non
2663 1672 2902 1728 haberet
2934 1672 3119 1727 tilium
3172 1672 3371 1740 talem,
3425 1673 3525 1745 qui
3557 1689 3736 1745 regno

2082 1759 2296 1831 dignus
2328 1764 2501 1815 esset.
2543 1761 2791 1815 Putabat
2819 1761 2976 1816 enim
3011 1761 3161 1816 ﬁlios
3201 1778 3340 1817 suos
3387 1779 3501 1817 non
3535 1761 3727 1817 solum

2084 1864 2259 1918 regno
2291 1847 2583 1919 indignos,
2632 1865 2832 1904 verum
2882 1849 3057 1904 etiam
3107 1850 3177 1904 ob
3223 1856 3533 1921 peccatum
3558 1866 3734 1906 suum

2084 1938 2235 2007 quod
2270 1937 2327 1991 in
2363 1941 2586 2008 patrem
2638 1944 2918 2009 gesserat,
2972 1938 3235 2009 praesenti
3282 1939 3401 1994 vita
3433 1938 3729 2011 indignos.

2084 2029 2147 2081 In
2181 2043 2293 2097 quo
2326 2025 2492 2080 titulo
2524 2043 2765 2081 manum
2797 2026 3011 2081 dicitur
3057 2027 3346 2095 deﬁxisse,
3398 2033 3454 2082 et
3484 2028 3733 2099 ﬁguram

2087 2131 2294 2169 manus
2345 2132 2463 2169 suae
2511 2115 2887 2185 expressisse,
2940 2120 2996 2169 et
3042 2115 3112 2169 ob
3162 2114 3267 2169 hoc
3335 2115 3568 2171 titulum
3619 2117 3729 2173 hoc

2086 2203 2257 2258 modo
2289 2202 2515 2257 vocari:
2551 2226 2577 2251 ‹‹
2629 2202 2982 2274 Vocavitque
3031 2202 3268 2258 titulum
3327 2204 3563 2259 nomine
3594 2220 3729 2272 suo,

2084 2297 2139 2347 et
2203 2290 2532 2363 appellatur
2606 2309 2816 2347 manus
2892 2291 3188 2352 Absalom,
3234 2308 3417 2363 usque
3459 2292 3517 2346 in
3566 2292 3724 2349 hunc

2085 2380 2319 2435 diem.»
2361 2380 2520 2443 Quod
2563 2397 2693 2435 vero
2753 2380 2964 2452 legitur
3020 2382 3177 2452 (vers.
3242 2382 3365 2450 l7):
3410 2405 3435 2429 ‹‹
3483 2381 3549 2435 Et
3587 2398 3735 2453 pro-

2078 2471 2346 2539 jecerunt
2376 2486 2510 2524 eum
2564 2469 2619 2522 in
2686 2468 2900 2523 saltum
2937 2469 2992 2522 in
3064 2468 3281 2523 foveam
3322 2469 3625 2539 grandem,
3667 2473 3726 2526 et

2085 2561 2593 2627 comportaverunt
2625 2572 2800 2627 super
2825 2572 2956 2611 eum
2990 2574 3257 2611 acervum
3309 2556 3571 2628 lapidum
3604 2572 3728 2613 ma-

2058 2661 2267 2717 gnum
2300 2644 2515 2711 nimis;
2551 2667 2577 2692 ››
2610 2645 2930 2716 projectum
2983 2662 3116 2699 eum
3149 2645 3203 2699 in
3256 2644 3470 2700 saltum
3505 2645 3730 2701 Hebrtsi

2087 2735 2307 2799 dicunt,
2337 2750 2402 2788 eo
2433 2734 2585 2804 quod
2615 2732 2807 2805 gladio
2836 2738 3190 2805 peremptus,
3225 2733 3521 2805 lapidibus
3568 2733 3737 2789 obrui

2086 2822 2352 2878 deberet:
2389 2822 2603 2894 quippe
2633 2822 2771 2893 quia
2817 2820 3306 2877 sceleratissimus
3356 2826 3497 2889 erat,
3551 2826 3606 2877 et
3635 2838 3735 2894 ge-

2088 2912 2258 2966 minae
2292 2910 2414 2965 neci
2446 2910 2752 2977 obnoxius,
2786 2910 3007 2965 scilicet
3038 2911 3135 2981 qui
3170 2914 3227 2965 et
3258 2915 3477 2981 patrem
3530 2913 3737 2965 contra

2087 2999 2231 3071 legis
2256 3003 2605 3071 prmoeptum
2629 2999 2793 3055 valde
2815 2999 3206 3063 debonorarit,
3222 3004 3279 3055 et
3301 2999 3729 3071 turpitudinem

2088 3089 2216 3160 ejus
2250 3088 2537 3143 revelarit.

2156 3178 2342 3249 (Vers.
2375 3177 2490 3249 20.)
2522 3200 2550 3227 «
2600 3178 2686 3232 Ad
2733 3193 2905 3249 quem
2956 3177 3120 3243 Joab,
3173 3176 3230 3231 id
3278 3181 3366 3231 est
3398 3175 3730 3244 Achimaas,

2089 3267 2268 3322 dixit:
2304 3267 2428 3323 Non
2460 3266 2575 3323 eris
2602 3266 2845 3322 nuntius
2888 3266 2943 3320 in
3000 3265 3107 3321 hac
3139 3265 3252 3329 die,
3302 3265 3401 3320 sed
3433 3263 3738 3333 nuntiabis

2089 3358 2148 3412 in
2180 3356 2312 3413 alia.
2350 3355 2526 3411 llodie
2565 3355 2695 3411 nolo
2747 3360 2802 3410 te
2846 3355 3139 3410 nuntiare.
3174 3353 3351 3409 Filius
3398 3353 3553 3409 enim
3583 3352 3739 3425 regis

2092 3450 2359 3500 mortuus
2409 3449 2516 3499 est.
2575 3466 2603 3493 »
2652 3449 2731 3500 Ac
2780 3444 2827 3499 si
2878 3442 3300 3499 diceret:Nolo
3370 3447 3435 3497 ut
3463 3442 3550 3496 vir
3577 3440 3740 3512 talis,

2092 3531 2283 3602 qualis
2314 3535 2376 3585 tu
2408 3547 2490 3596 es,
2526 3530 2797 3585 nuntium
2832 3532 2980 3585 teras
3030 3530 3171 3601 regi,
3220 3530 3374 3601 quod
3422 3528 3581 3583 ﬁlius
3612 3529 3744 3598 ejus

2094 3623 2361 3673 mortuus
2409 3619 2505 3672 sit.
2558 3618 2671 3671 Nec
2736 3618 2890 3673 enim
2950 3618 3112 3671 decet
3160 3623 3223 3670 ut
3296 3618 3411 3671 tale
3469 3615 3747 3669 nuntium

2093 3710 2305 3779 portes.
2340 3706 2558 3760 Idcirco
2589 3704 2733 3759 dixit
2770 3704 2945 3761 Chusi
2974 3722 2986 3760 :
3022 3726 3048 3753 ‹‹
3080 3703 3259 3770 Vade,
3285 3707 3340 3757 et
3380 3702 3591 3756 nuntia
3617 3701 3743 3773 regi

2095 3814 2221 3868 qua:
2252 3794 2468 3849 vidisti.
2505 3816 2531 3841 ιι
2566 3794 2899 3848 Notandum
2934 3793 3085 3865 quod
3124 3792 3181 3846 in
3236 3791 3345 3846 hoc
3386 3790 3507 3845 loco
3541 3787 3745 3859 Chusi,

2099 3902 2207 3939 non
2242 3883 2563 3956 proprium,
2598 3883 2697 3937 sed
2730 3880 3144 3954 appellativum
3182 3881 3256 3935 sit
3300 3896 3533 3946 nomen,
3586 3882 3668 3932 Ac
3699 3876 3749 3932 si

2098 3974 2342 4029 diceret:
2375 3972 2457 4027 Tu
2492 3989 2553 4027 es
2583 3972 2798 4044 dignus
2830 3975 2893 4026 ut
2914 3971 3187 4025 nuntium
3216 3968 3557 4041 ﬁebile(non
3586 3965 3750 4023 Achi-

2099 4063 2285 4132 maas)
2319 4066 2533 4133 portes.

2170 4152 2327 4223 (Cap.
2380 4148 2524 4205 XIX.
2576 4181 2643 4190 -—
2683 4149 2844 4205 Vers.
2898 4149 2973 4219 8).
3033 4172 3057 4197 ιι
3106 4147 3398 4218 Venitque
3440 4145 3751 4201 universus

2101 4241 2353 4314 populus
2383 4256 2577 4293 coram
2620 4254 2752 4311 rege
2780 4256 2792 4293 :
2830 4236 3003 4293 Israel
3038 4243 3235 4293 autem
3268 4236 3419 4308 fugit
3460 4235 3517 4289 in
3550 4234 3753 4289 taber-

2102 4329 2311 4386 nacula
2341 4346 2466 4384 sua.
2505 4352 2531 4377 ››
2576 4326 2894 4383 Universus
2936 4324 3187 4398 populus
3238 4325 3338 4397 qui
3388 4340 3583 4379 coram
3616 4336 3754 4395 rege

2101 4419 2327 4476 venisse
2360 4418 2591 4490 legitur,
2622 4416 2681 4471 hi
2712 4420 2852 4472 sunt
2881 4416 2979 4487 qui
3032 4431 3165 4469 cum
3216 4414 3389 4469 David
3426 4426 3756 4485 permanse-

337 4519 561 4574 czsteris
600 4518 848 4586 venisse,
899 4522 955 4573 et
1006 4497 1313 4583 stratoria,
1375 4522 1432 4570 et
1472 4514 1705 4586 tapetia,
1762 4516 1819 4569 et
1856 4528 1994 4568 vasa
2024 4530 2069 4594 D
2104 4513 2252 4564 rant.
2285 4508 2445 4573 Quod
2480 4523 2611 4562 vero
2644 4506 2762 4560 ait:
2800 4529 2826 4554 ‹‹
2884 4503 3058 4559 Israel
3094 4502 3240 4594 fugit
3278 4502 3336 4557 in
3369 4497 3757 4594 tabernacula

342 4606 541 4661 fictilia
579 4612 637 4662 et
675 4611 878 4663 caetera
918 4624 1042 4679 qua:
1076 4611 1404 4677 sequuntur
1422 4605 1473 4659 ei
1497 4602 1803 4659 obtulisse.

410 4696 571 4767 (Cap.
609 4695 805 4752 XVIII.
840 4728 907 4736 —
934 4700 1097 4751 Vers.
1131 4696 1210 4767 8.)
1252 4718 1278 4744 ‹‹
1322 4694 1451 4749 Fuit
1490 4697 1685 4749 autem
1726 4691 1805 4747 ibi
1848 4706 1992 4763 pra:-

339 4785 482 4840 lium
508 4786 836 4855 dispersum
863 4802 1039 4858 super
1066 4784 1269 4841 faciem
1292 4783 1483 4839 omnis
1508 4786 1693 4838 terrae.
1717 4781 1784 4836 Et
1807 4779 1992 4835 multo

340 4872 539 4943 plures
565 4876 732 4927 erant
762 4889 910 4943 quos
943 4872 1130 4928 saltus
1160 4875 1607 4943 consumpserat
1654 4871 1724 4923 de
1758 4866 1991 4941 populo,

343 4978 519 5033 quam
552 4960 611 5015 bi
646 4978 794 5033 quos
828 4966 1129 5017 voraverat
1159 4960 1390 5033 gladius
1424 4961 1482 5013 in
1516 4958 1685 5013 bello.
1724 4981 1751 5005 ››
1775 4956 1995 5012 Staltus

345 5050 435 5105 hic
468 5051 565 5122 qui
592 5051 787 5122 plures
810 5052 1271 5122 consumpsisse,
1298 5066 1472 5120 quam
1498 5046 1992 5120 gladiusvorasse,

344 5140 577 5213 legitur,
610 5139 829 5196 bestias
882 5139 1294 5205 ferocissimas,
1363 5154 1489 5209 quis
1524 5136 1580 5191 in
1649 5135 1798 5191 saltu
1832 5138 1998 5189 erant

346 5230 567 5285 Hebraei
635 5234 968 5297 antumant,
1024 5248 1057 5284 a
1115 5229 1330 5300 quibus
1390 5227 1589 5299 plures
1658 5224 1994 5295 consumpti

345 5334 521 5390 quam
555 5336 588 5375 a
619 5318 815 5392 gladio
848 5318 1027 5373 vorati
1065 5318 1298 5372 fuerint.

417 5408 603 5479 (Vers.
630 5410 741 5479 48.)
782 5433 809 5457 ‹‹
856 5409 1026 5463 Porro
1065 5406 1337 5461 Absalom
1379 5411 1636 5460 erexerat
1684 5404 1813 5469 sibi,
1858 5418 1989 5457 cum

2103 4615 2230 4664 sua,
2268 4620 2294 4645 ››
2328 4596 2384 4650 hi
2415 4594 2775 4667 intelligendi
2810 4599 2969 4663 sunt,
3014 4592 3116 4664 qui
3148 4608 3280 4647 cum
3320 4589 3593 4647 Absalom
3624 4604 3757 4661 per-

2105 4685 2428 4741 duelliones
2454 4684 2822 4739 exstiterant.

2176 4775 2359 4845 (Vers.
2388 4775 2503 4845 24.)
2535 4796 2561 4822 ‹‹
2591 4770 2985 4844 Mipbiboseth
3018 4786 3252 4842 quoque
3284 4768 3440 4824 ﬁlius
3468 4766 3759 4823 Jonatban

2106 4862 2409 4919 descendit
2442 4863 2497 4915 in
2531 4877 2845 4915 occursum
2901 4859 3053 4930 regis
3094 4858 3272 4913 illotis
3326 4856 3646 4923 pedibus.»
3693 4853 3764 4909 Et

2108 4936 2430 5008 notandum
2466 4950 2618 5021 quod
2645 4949 2702 5002 in
2735 4948 2974 5003 Hebraeo
3006 4965 3117 5001 non
3153 4946 3327 5001 illotis
3351 4944 3597 5017 pedibus
3623 4942 3762 5015 legi-

2106 5048 2220 5107 tur,
2269 5041 2390 5109 sed,
2438 5039 2665 5111 pedibus
2706 5039 2918 5107 infectis
2948 5038 3043 5107 (a).
3079 5036 3311 5090 Fecerat
3357 5050 3609 5105 namque
3647 5029 3763 5088 sibi

2108 5132 2261 5187 idem
2296 5126 2689 5201 Miphiboseth
2724 5124 2948 5197 ligneos
2982 5126 3177 5196 pedes,
3215 5124 3429 5195 quibus
3475 5122 3557 5177 uti
3589 5119 3761 5194 quasi

2108 5237 2209 5293 pro
2244 5217 2612 5273 naturalibus
2643 5214 2900 5270 solebat:
2938 5215 3089 5268 sicut
3123 5212 3310 5268 solent
3336 5212 3520 5268 facere
3542 5210 3759 5283 claudi,

2108 5307 2609 5382 quemadmodum
2641 5308 2699 5358 et
2727 5302 2825 5357 ille
2857 5308 3001 5357 erat.

2178 5400 2363 5469 (Vers.
2395 5399 2512 5463 29.)
2544 5392 2741 5457 «Quid
2767 5391 2919 5447 ultra
2940 5388 3234 5463 loqueris?
3257 5389 3457 5443 Fixum
3479 5392 3570 5443 est
3599 5386 3753 5461 quod

418 5626 496 5699 (d)
530 5628 713 5681 Penes
748 5624 994 5691 Raban.,
1059 5622 1287 5697 pedibus
1355 5622 1607 5701 inﬂexis;
1676 5625 1802 5677 tum
1836 5619 1973 5679 idem
2040 5613 2409 5688 Miphiboseth,
2476 5615 2534 5667 ut
2600 5610 2826 5677 Hebraei
2860 5606 3103 5672 tradunt,
3174 5606 3379 5675 ligneos
3428 5598 3742 5675 βοᾶσθαι).
