4070 6166
439 331 594 399 1423
1927 337 2046 398 AP]

2154 325 2338 398 mni.
3637 331 3761 400 mi

435 469 667 526 locutus
689 470 948 526 su'm.Tu’
965 475 1021 526 et
1051 469 1188 526 Siba
1220 469 1459 527 dividite
1490 471 1914 544 possessiones.
1951 493 1976 518 ››
2020 469 2079 524 In
2112 473 2165 536 Α
2196 472 2478 524 novissimi
2515 471 2742 541 (ibid.)?
2771 471 3048 526 Hebraeus
3069 489 3087 525 :
3121 467 3230 524 Cur
3265 470 3396 525 estis
3448 471 3694 525 novissimi
3713 471 3766 526 ad

439 560 670 614 Hebraeo
720 559 802 613 ita
859 559 1118 632 legitur:
1176 584 1203 611 ‹‹
1253 561 1372 616 Dixi
1418 566 1480 616 tu
1531 565 1588 616 et
1639 557 1776 616 Siba
1843 559 2082 614 dividite
2189 559 2555 615 reducendum
2583 576 2771 632 regem
2803 563 2864 615 in
2889 560 3108 614 domum
3136 559 3426 614 suam?Et
3453 558 3537 612 hic
3564 559 3766 629 subjun-

436 663 665 718 agrum.
704 671 730 696 ››
764 652 871 703 Pro
896 666 962 704 eo
994 650 1146 720 quod
1181 649 1239 704 in
1271 649 1380 704 hoc
1411 648 1534 705 loco
1565 649 1738 704 David
1771 649 2082 702 immemor
2188 649 2441 719 gendum
2470 653 2579 717 est,
2610 651 2826 704 Fratres
2855 652 2965 704 mei
2992 665 3103 712 vos,
3137 665 3191 703 os
3225 665 3428 716 meum,
3477 651 3523 702 et
3549 664 3657 703 caro
3681 664 3771 704 mea

435 737 547 790 fuit
585 737 853 792 amicitias
902 741 957 792 et
1006 739 1258 806 t’mderis,
1305 739 1485 794 immo
1529 738 1873 810 juramenti,
1925 737 2078 807 quod
2188 753 2296 803 vos,
2346 754 2446 791 cur
2489 738 2775 792 novissimi
2819 738 3086 793 reducitis
3135 753 3311 805 regem
3362 736 3660 804 (Ibid.).'Et
3700 753 3775 807 per

438 825 642 880 habuit
670 842 803 880 cum
835 827 1166 882 Jonathan:
1203 830 1259 883 et
1297 831 1416 882 tam
1449 826 1680 882 crudele
1731 825 1890 880 dedit
1919 824 2080 896 judi-
2189 842 2258 882 ea
2288 825 2728 898 intelligendum
2760 831 2850 882 est
2878 828 2970 897 (ο),
3006 827 3315 881 mandasse
3347 824 3609 896 illisquod
3627 841 3778 878 sermo

436 913 617 981 cium,
649 914 848 970 dicens
879 933 891 970 :
921 939 948 965 «
979 916 1062 970 Tu
1116 921 1172 970 et
1201 915 1334 970 Siba
1371 915 1606 970 dividite
1637 915 1844 986 agrum
1871 932 1884 969 :
1934 935 1962 962 »
1988 911 2082 968 id-
2190 914 2382 970 omnis
2416 914 2588 970 Israel
2619 916 2690 970 ad
2717 933 2850 971 eum
2875 917 3001 987 jam
3048 915 3427 988 pervenisset,
3480 913 3556 966 ita
3582 913 3777 966 dicens:

436 1001 593 1059 circo
624 1003 881 1059 Roboam
905 1009 961 1059 et
980 1003 1292 1059 Joroboam
1316 1003 1642 1058 diviserunt
1661 1002 1788 1072 eius
1808 1018 2079 1076 regnum.
2193 1023 2224 1053 «
2252 1004 2454 1059 Sermo
2487 1008 2683 1060 autem
2715 1005 2907 1062 omnis
2939 1003 3114 1060 Israel
3144 1003 3401 1076 pervenit
3448 1004 3514 1057 ad
3545 1017 3712 1073 regem
3736 1002 3781 1056 in

437 1091 828 1162 Miphiboseth
862 1093 1015 1147 enim
1048 1091 1106 1146 in
1139 1091 1430 1148 Samuelis
1461 1091 1608 1147 libro
1639 1091 1892 1164 legitur;
1925 1095 1981 1146 et
2003 1091 2084 1145 in-
2191 1093 2365 1147 domo
2395 1094 2544 1163 ejus.

438 1185 809 1251 terpretatur,
865 1196 923 1235 os
984 1181 1328 1237 verecundia?
1392 1181 1497 1253 [AL
1557 1180 1965 1250 verecundum).
2018 1181 2082 1233 In
2261 1181 2441 1248 (Ibid)
2494 1205 2514 1229 σι
2568 1181 2782 1235 Durius
2830 1185 3020 1236 autem
3050 1181 3474 1252 responderunt
3533 1179 3628 1232 viri
3665 1179 3784 1233 Juda

439 1267 920 1339 Paralipomenon
961 1285 1092 1323 vero
1137 1269 1289 1323 idem
1354 1269 1768 1340 Miphiboseth,
1817 1266 2085 1323 Merihaal
2191 1269 2331 1323 viris
2367 1271 2560 1324 Israel.
2599 1295 2625 1317 ››
2661 1269 2726 1324 Et
2757 1270 2848 1323 hic
2899 1271 3157 1324 defectus
3199 1275 3307 1323 est.
3368 1269 3634 1322 Dicuntur
3659 1268 3782 1321 enim

438 1355 654 1427 legitur
684 1357 730 1422 (I
758 1357 885 1410 Par.
921 1373 1040 1420 vm,
1087 1358 1153 1411 3":
1182 1377 1193 1422 ;
1248 1375 1324 1424 1x,
1376 1359 1486 1425 40).
1537 1367 1592 1412 et
1646 1358 2082 1430 interpretatur,
2197 1359 2566 1429 respondisse
2596 1358 2700 1412 viri
2724 1359 2878 1412 Juda
2900 1359 2970 1412 ad
2993 1359 3147 1413 viros
3173 1359 3340 1412 Israel
3371 1375 3382 1411 :
3409 1374 3473 1411 eo
3495 1357 3636 1428 quod
3662 1372 3786 1409 men-

437 1446 663 1515 litigans
691 1461 812 1498 cum
856 1446 1128 1500 Altissimo
1175 1448 1271 1517 (ιι).
1308 1446 1593 1518 Ditigasse
1623 1447 1778 1502 enim
1812 1463 1944 1502 cum
1990 1445 2086 1500 ΑΙ-
2195 1448 2462 1515 tirentur,
2497 1451 2688 1502 etnon
2714 1447 2966 1501 facerent
2989 1446 3094 1501 hoc
3115 1447 3186 1501 ob
3210 1462 3466 1500 amorem
3490 1446 3650 1516 regis.
3669 1445 3790 1498 sicut

441 1533 692 1599 tissime,
727 1534 784 1587 id
817 1540 904 1588 est
953 1551 1083 1589 cum
1132 1535 1268 1597 Deo,
1319 1535 1566 1590 dicitur:
1598 1553 1664 1591 eo
1720 1537 1872 1607 quod
1907 1535 2082 1590 David
2197 1537 2554 1590 asserebant.

440 1623 765 1677 reduxisset
793 1639 924 1676 cum
968 1640 1123 1694 pace.
1161 1629 1224 1678 Et
1273 1625 1428 1695 quod
1476 1625 1557 1679 ait
1611 1625 1764 1680 idem
1800 1623 2086 1696 Miphibo-
2266 1625 2423 1697 (Cap.
2457 1626 2570 1679 XX.
2606 1657 2671 1664 —-
2705 1629 2868 1679 Vere.
2904 1625 2982 1695 ⁴Ι.)
3017 1647 3043 1672 ‹‹
3076 1625 3182 1678 Pro
3213 1624 3430 1694 quibus
3465 1623 3643 1677 verbis
3685 1621 3792 1676 Siba

441 1711 567 1766 setb
603 1711 742 1782 regi,
771 1733 798 1760 ‹‹
848 1710 1021 1766 etiam
1059 1717 1270 1767 cuncta
1309 1712 1588 1784 accipiat:
1644 1718 1954 1784 postquam
2000 1730 2086 1769 re-
2198 1713 2354 1769 filius
2388 1715 2570 1780 Bocri,
2605 1715 2691 1768 vir
2718 1714 3038 1782 .lemineus,
3070 1713 3277 1768 cecinit
3308 1713 3571 1776 buccina,
3617 1717 3667 1765 et
3700 1712 3788 1765 ait:

438 1816 643 1856 versus
689 1805 776 1855 est
837 1800 1113 1856 dominus
1158 1816 1326 1856 meus
1381 1817 1480 1856 rex
1527 1801 1586 1854 in
1636 1801 1876 1855 domum
1918 1817 2086 1856 suam
2118 1842 2162 1874 ι)
2197 1803 2320 1858 Non
2353 1809 2441 1858 est
2471 1804 2638 1858 nobis
2671 1819 2804 1874 pars
2851 1803 2908 1856 in
2957 1803 3157 1868 David,
3209 1815 3397 1873 neque
3445 1801 3728 1855 haereditas
3750 1799 3793 1854 in

442 1889 534 1960 [Al
595 1888 806 1958 meam]
839 1889 1076 1960 paciﬁce
1105 1908 1117 1957 ;
1155 1913 1182 1938 ››
1215 1891 1330 1944 non
1362 1889 1470 1944 hoc
1501 1889 1716 1945 dixisse
1746 1890 2086 1962 suspicatur
2118 1888 2164 1905 ¹¹
2195 1892 2315 1947 filio
2333 1892 2477 1948 Isai.
2513 1915 2540 1943 ››
2575 1893 2706 1947 Id'eo
2737 1892 2946 1947 cecinit
2977 1891 3246 1961 buccina,
3282 1896 3344 1946 ut
3373 1893 3501 1961 ejus
3535 1891 3706 1945 sonitu
3736 1894 3795 1942 at-

442 1977 759 2050 gratulanti
783 1978 1002 2045 animo,
1048 1979 1148 2033 sed
1201 1977 1529 2045 insultanti,
1585 1983 1642 2033 et
1690 1980 1857 2050 quasi
1889 1983 2088 2034 contra
2195 1980 2362 2035 toniti
2415 1984 2690 2035 tacerent.
2743 1979 2969 2044 Quibus
3017 1980 3366 2048 tacentibus,
3418 1977 3648 2032 dixit:«
3699 1976 3797 2031 Non

441 2071 623 2122 Deum
683 2066 1114 2123 murmuranti:
1165 2083 1230 2122 eo
1277 2067 1430 2139 quod
1477 2066 1653 2122 David
1703 2067 1983 2122 Dominus
2029 2067 2086 2123 in
2195 2074 2284 2125 est
2314 2069 2483 2125 nobis
2515 2086 2649 2142 pars
2681 2069 2737 2123 in
2785 2067 2982 2136 David,
3037 2083 3226 2138 neque
3276 2067 3581 2123 haereditas
3627 2067 3680 2120 in
3710 2065 3798 2120 ﬁlio

441 2171 582 2227 pace
613 2155 956 2210 reduxisset.
2197 2161 2218 2214 Ι
2225 2159 2331 2214 sai.
2357 2180 2383 2207 ››

514 2244 698 2316 (Vers.
729 2244 821 2316 37)
845 2268 872 2295 «
907 2245 1008 2300 Est
1039 2252 1232 2300 autem
1286 2261 1488 2301 servus
1527 2250 1665 2300 tuus
1713 2244 2026 2301 Chamaan.
2056 2268 2083 2294 ››
2267 2247 2454 2318 (Vers.
2490 2247 2599 2318 I8).
2635 2271 2661 2296 «
2698 2248 2899 2302 Sermo
2927 2245 3144 2300 dicitur
3185 2246 3241 2300 in
3291 2246 3469 2300 veteri
3500 2243 3801 2317 proverbio:

442 2333 506 2389 In
548 2332 783 2389 Hebraeo
824 2350 893 2389 »:
928 2337 1120 2389 «Ecce
1165 2350 1369 2390 servus
1411 2340 1548 2389 tuus
1593 2333 1932 2399 Chamaam,
1966 2333 2089 2405 ipse
2197 2336 2304 2402 Qui
2336 2337 2716 2408 interrogant,
2749 2337 3109 2406 interrogent
3160 2334 3217 2389 in
3253 2335 3457 2404 Abela,
3513 2338 3566 2388 et
3594 2333 3671 2388 sic
3700 2347 3804 2403 per-

441 2423 613 2478 vadat
645 2427 856 2491 tecum,
899 2423 1133 2479 domine
1172 2425 1251 2478 mi
1287 2441 1400 2479 rex.
1447 2423 1759 2479 Chamaam
1802 2423 2088 2494 interpre-
2198 2427 2392 2481 ﬁcient
2426 2427 2539 2492 [.41.
2593 2424 2941 2497 proficient.]
2972 2446 2998 2474 »
3033 2423 3094 2478 In
3145 2425 3381 2478 IIebrmo
3433 2441 3547 2477 non
3579 2422 3803 2488 habetur,

442 2515 621 2579 tatur,
652 2513 955 2583 suspirans.
1007 2512 1274 2576 Quandiu
1323 2529 1455 2567 cum
1506 2516 1669 2584 patre
1703 2512 2086 2584 permansuit,
2193 2514 2497 2586 proverbio.
2533 2515 2645 2568 Iste
2676 2530 2886 2578 sermo,
2922 2529 3113 2568 sermo
3165 2513 3307 2585 legis
3359 2517 3470 2576 est,
3521 2512 3578 2567 in
3609 2509 3805 2582 quaju-

444 2601 750 2673 suspirans
795 2605 1032 2656 vocatus
1084 2606 1192 2656 est.
1243 2605 1559 2673 Postquam
1607 2618 1739 2655 vero
1782 2601 1838 2655 in
1879 2601 2086 2655 doclri-
2200 2605 2368 2658 betur
2432 2621 2465 2658 a
2500 2603 2739 2657 Domino
2807 2619 2904 2674 per
2967 2602 3202 2674 Moysen
3273 2602 3449 2671 (Deut.
3495 2619 3583 2662 xx,
3629 2601 3719 2666 10).
3761 2603 3810 2652 ut

447 2707 583 2745 nam
616 2688 790 2744 David
824 2689 976 2762 regis
1009 2689 1262 2758 transiit,
1298 2707 1411 2746 non
1447 2689 1764 2760 Chamaam,
1817 2691 1917 2746 sed
1953 2689 2089 2745 Cha-
2198 2692 2430 2764 quando
2461 2691 2536 2763 (d)
2566 2691 2887 2764 ingressuri
2932 2695 3145 2746 terram
3195 2690 3472 2746 Chanaan
3533 2693 3729 2754 essent,
3768 2692 3812 2742 et

444 2794 592 2833 naan
624 2820 641 2847 ,
715 2778 869 2849 quod
955 2777 1374 2850 interpretatur
1463 2779 1660 2849 ﬁdelis,
1763 2778 2091 2852 appellatus
2199 2787 2401 2854 gentes
2432 2779 2698 2850 deleturi,
2735 2780 2990 2852 primum
3025 2796 3225 2852 pacem
3249 2779 3573 2834 offerrent:
3596 2777 3705 2834 etsi
3726 2792 3813 2848 pax

450 2871 558 2924 θεῖα
2201 2871 2271 2926 ab
2321 2870 2406 2925 eis
2457 2869 2825 2941 reciperetur,
2880 2885 3076 2941 pacem
3130 2869 3502 2940 recipientes,
3562 2863 3815 2922 tributarii

522 2954 708 3028 (Vere,
737 2955 798 3011 41
815 2996 828 3022 ,
860 2956 972 3028 42.)
1007 2978 1035 3007 ι(
1084 2956 1283 3028 Itaque
1331 2973 1534 3013 omnes
1583 2957 1690 3013 viri
1740 2957 1914 3014 Israel
1955 2971 2091 3014 con-
2200 2975 2402 3016 eorum
2433 2959 2839 3014 efficerentur:
2895 2963 2952 3014 et
2999 2958 3045 3014 si
3097 2973 3298 3030 pacem
3357 2975 3475 3012 non
3513 2957 3815 3028 reciperent,

451 3049 750 3102 currentes
781 3046 851 3100 ad
881 3061 1098 3117 regem,
1149 3047 1422 3102 dixerunt
1451 3047 1542 3102 ei:
1594 3048 1778 3111 Quare
1827 3052 1882 3102 te
1918 3046 2092 3102 furati
2201 3054 2343 3104 tunc
2374 3063 2406 3103 a
2441 3047 2576 3102 filiis
2611 3047 2781 3103 Israel
2832 3046 3179 3103 delerentur.
3234 3047 3456 3102 Idcirco
3496 3045 3816 3103 exclamasse

451 3140 590 3192 sunt
645 3134 855 3190 fratres
922 3135 1124 3203 nostri,
1192 3135 1298 3189 viri
1328 3135 1501 3204 Juda,
1569 3141 1626 3190 et
1672 3137 2094 3192 tranduxerunt
2141 3207 2154 3209 _
2206 3136 2418 3193 mulier
2447 3137 2682 3209 sapiens
2710 3137 2780 3191 de
2813 3136 3040 3192 civitate
3074 3137 3276 3191 fertur.

449 3241 644 3297 regem
676 3228 734 3279 et
761 3223 1001 3278 domum
1035 3224 1163 3293 ejus
1193 3225 1534 3291 Jordanem,
1589 3239 1910 3296 omnesque
1938 3224 2092 3280 viros
2124 3207 2166 3272 (ἶ
2276 3226 2460 3298 (Vers.
2499 3207 2610 3295 1—9.)
2645 3248 2672 3273 «
2706 3225 2909 3280 Nonne
2949 3240 3052 3297 ego
3085 3241 3218 3280 sum
3251 3242 3377 3296 quae
3411 3224 3722 3297 respondeo
3749 3238 3820 3275 ve-

449 3313 629 3370 David
679 3328 812 3368 cum
865 3312 980 3366 eo?
1029 3312 1094 3365 Et
1142 3312 1442 3384 reSpondit
1461 3313 1654 3369 omnis
1701 3312 1787 3368 vir
1842 3314 1995 3368 Juda
2023 3314 2094 3368 ad
2204 3315 2432 3372 ritatem
2462 3313 2818 3370 inlsraelzet
2840 3319 2900 3368 tu
2924 3313 3135 3386 quieris
3158 3315 3499 3370 subvertere
3525 3309 3822 3369 civitatem?

449 3404 606 3460 viros
640 3399 850 3457 Israel:
885 3401 1028 3464 Quia
1059 3402 1293 3474 propior
1321 3408 1409 3457 est
1438 3402 1580 3457 mihi
1615 3417 1729 3458 rex.
1767 3425 1794 3450 ››
1819 3403 1919 3457 Est
1939 3403 2094 3458 enim
2203 3407 2390 3470 Quare
2421 3404 2749 3476 praecipites
2767 3403 3166 3458 hereditatem
3191 3403 3419 3458 Domini
3451 3405 3479 3458 ?
3511 3428 3532 3454 ι
3575 3410 3648 3457 Ac
3676 3402 3718 3456 si
3748 3397 3823 3453 di-

448 3491 542 3548 hic
573 3490 832 3546 defectus
878 3494 953 3558 et,
1003 3486 1122 3544 haec
1172 3489 1545 3546 subauditio:
1582 3514 1609 3540 «
1665 3491 1732 3546 Et
1780 3490 1913 3563 plus
1962 3508 2094 3548 amo
2202 3498 2396 3550 ceret:
2429 3494 2544 3548 Cur
2575 3493 2662 3547 vis
2693 3494 2992 3548 destruere
3020 3493 3309 3548 civitatem
3345 3492 3502 3548 hanc
3536 3495 3816 3563 antequam

447 3577 666 3654 regem,
699 3594 877 3652 quam
907 3581 992 3633 tu.
1025 3599 1054 3628 ››
1089 3579 1156 3634 Et
1185 3583 1316 3652 post
1346 3596 1549 3652 pauca.
2203 3601 2404 3657 pacem
2454 3581 2866 3654 interrogando
2899 3582 3128 3646 offeras,
3160 3582 3314 3636 sicut
3346 3581 3403 3636 in
3432 3575 3820 3653 legejubetur?

516 3670 700 3742 (Vers,
736 3673 849 3744 43.)
925 3690 1093 3744 resp)
1209 3671 1342 3724 adit
1430 3667 1516 3723 vir
1574 3669 1764 3725 Israel
1823 3669 1895 3724 ad
1939 3668 2092 3725 viros
2201 3678 2313 3728 Cur
2350 3674 2524 3728 etiam
2558 3685 2672 3728 non
2704 3671 2967 3726 eamdem
3011 3669 3199 3743 legem
3250 3671 3306 3725 in
3366 3673 3544 3726 nobis
3577 3665 3818 3726 Israelitis

442 3757 597 3817 Juda
620 3766 675 3817 et
705 3762 822 3818 ait:
851 3763 1062 3819 Decem
1097 3759 1358 3833 partibus
1389 3774 1494 3831 ego
1533 3773 1667 3815 sum
1719 3760 1906 3829 major
1937 3759 2090 3830 apud
2201 3779 2417 3828 servas,
2451 3777 2578 3832 quae
2613 3761 2669 3814 in
2703 3758 3046 3832 alienigenis
3075 3759 3214 3815 olim
3247 3764 3482 3815 servata
3531 3759 3662 3816 est?
3694 3757 3820 3812 lianc

444 3865 639 3922 regem
689 3851 994 3924 magisque
1019 3852 1088 3906 ad
1139 3866 1232 3904 me
1275 3847 1524 3920 pertinet
1569 3847 1767 3913 David,
1797 3863 1975 3918 quam
2019 3847 2088 3903 ad
2201 3851 2505 3907 mulierem
2547 3849 2755 3920 Judaei,
2809 3854 3033 3919 Zaram,
3086 3848 3264 3904 filiam
3319 3855 3488 3919 Aser,
3544 3847 3640 3903 filii
3673 3842 3820 3901 Jacob

444 3930 520 3992 te.
557 3960 585 3987 »
619 3939 682 3993 In
715 3939 951 3994 Hebraeo
985 3939 1067 3993 ita
1106 3936 1354 4009 legitur:
1388 3956 1414 3985 ‹‹
1461 3935 1668 3992 Decem
1719 3940 1913 4006 partes
1948 3933 2091 3988 mihi
2199 3939 2569 4012 intelligunt:
2602 3943 2659 3994 et
2685 3939 2838 4010 quod
2867 3953 2928 3992 se
2951 3943 3198 3994 matrem
3240 3938 3476 4005 dixerit,
3504 3937 3586 3992 ita
3615 3936 3821 3991 dicens:

443 4030 584 4082 sunt
611 4028 766 4098 apud
815 4045 1031 4100 regem,
1085 4026 1390 4098 magisque
1436 4040 1540 4096 ego
1583 4024 1642 4078 in
1697 4023 1868 4079 David
1911 4031 2088 4094 quam
2199 4053 2224 4079 ‹‹
2260 4030 2346 4084 Tu
2391 4029 2603 4100 quaaris
2635 4031 2892 4083 evertere
2922 4032 3167 4082 matrem
3200 4027 3455 4082 Israe‘|.«
3497 4027 3706 4082 Idcirco
3728 4037 3822 4077 ma-

443 4120 506 4170 tu
540 4137 568 4165 ››
600 4115 808 4172 Decem
851 4133 986 4173 vero
1025 4120 1220 4188 partes
1251 4112 1427 4169 Israel
1458 4118 1625 4168 erant
1649 4112 1745 4184 (ὁ),
1782 4112 1836 4167 id
1870 4117 1956 4168 est
1987 4111 2087 4166 de-
2193 4123 2364 4189 trem,
2398 4119 2534 4190 quia
2567 4115 2887 4173 multorum
2919 4133 3208 4172 annorum
3241 4121 3389 4172 erat.

444 4219 568 4260 08m
602 4205 827 4274 tribus;
861 4209 918 4261 ει
948 4205 1162 4260 idcirco
1194 4203 1382 4276 ωθείε
1411 4219 1473 4259 99
1521 4203 1580 4257 in
1612 4201 1788 4258 Πανίά
1842 4215 1971 4257 9556
1999 4200 2085 4255 ἀί·
2268 4208 2452 4280 (Vers.
2491 4207 2606 4277 26.)
2657 4228 2684 4256 «
2743 4207 2833 4260 Ira
2878 4211 3072 4260 autem
3126 4205 3363 4261 Jairites
3409 4210 3538 4261 erat
3581 4199 3820 4260 sacerdos

443 4299 603 4366 cunt,
637 4311 814 4368 quam
846 4295 1000 4353 viros
1046 4294 1236 4350 Juda:
1275 4313 1302 4342 ‹‹
1357 4283 1472 4347 Cur
1520 4291 1663 4346 mihi
1716 4290 1900 4346 fecisti
1932 4289 2086 4360 inju-
2199 4297 2396 4363 David,
2431 4318 2458 4345 »
2489 4293 2547 4350 id
2580 4298 2668 4350 est
2698 4293 2999 4366 magister,
3034 4294 3186 4349 sicut
3216 4291 3354 4349 alibi
3389 4295 3681 4366 scriptum
3711 4293 3820 4346 est:

442 4383 696 4440 riam?»
728 4384 850 4440 Viri
873 4382 1048 4440 Israel
1073 4381 1276 4438 fecisse
1299 4380 1412 4436 sibi
1439 4379 1715 4450 injuriam
1739 4383 2086 4450 queruntur,
2197 4385 2327 4441 Filii
2378 4389 2573 4440 autem
2626 4383 2799 4438 David
2849 4384 3014 4438 erant
3063 4381 3396 4438 sacerdotes
3441 4383 3520 4454 (11
3571 4383 3688 4453 Reg.
3717 4393 3819 4445 vui,

441 4489 508 4528 eo
538 4474 692 4544 quod
726 4490 838 4528 non
871 4472 1289 4545 exspectaverit
1319 4487 1420 4526 eos
1466 4470 1656 4524 tribus
1702 4469 1855 4523 Juda
1885 4467 1956 4522 ad
1998 4484 2086 4523 re-
2199 4476 2308 4546 18),
2342 4475 2397 4528 id
2431 4479 2518 4528 est
2549 4472 2812 4544 magistri
2846 4473 3090 4527 fratrum
3123 4487 3387 4527 suorum.
3723 4529 3738 4544 ,

440 4561 774 4618 ducendum
807 4578 999 4634 regem
1033 4580 1044 4616 :
1081 4585 1108 4612 «
1137 4561 1341 4616 Nonne
1370 4575 1562 4614 sermo
1586 4573 1751 4612 meus
1775 4556 1932 4628 prior
1955 4557 2081 4627 fuit,
2118 4578 2160 4641 ι)
2267 4564 2423 4635 (Cap.
2487 4561 2624 4617 XXI.
2661 4594 2725 4602 —
2777 4561 2939 4616 Vers.
3002 4555 3078 4631 I.)
3126 4583 3153 4610 «
3217 4559 3490 4633 Dixitque
3543 4559 3819 4617 Dominus,

438 4655 504 4706 ut
533 4652 867 4706 reducerem
919 4667 1112 4722 regem
1166 4666 1361 4704 meum
1383 4648 1410 4702 ?
1441 4671 1468 4697 »
1519 4647 1722 4701 Sermo
1769 4648 1896 4717 ejus
1928 4645 2084 4717 prior
2194 4655 2432 4724 propter
2460 4649 2591 4704 Saul
2623 4655 2680 4705 et
2717 4650 2955 4704 domum
3007 4649 3372 4720 sanguinum
3403 4669 3415 4716 ;
3469 4651 3612 4722 quia
3641 4645 3821 4704 occidit

437 4740 546 4796 fuit
576 4742 646 4796 ad
681 4741 1077 4796 reducendum
1112 4754 1306 4810 regem
1332 4754 1344 4792 :
1370 4736 1521 4792 sicut
1543 4737 1600 4790 in
1624 4734 2084 4807 praecedentibus
2194 4739 2576 4796 Gabaonitas,
2610 4761 2636 4786 ››
2691 4744 2908 4793 Domus
2957 4740 3313 4809 sanguiuum
3346 4745 3489 4794 simi
3540 4738 3640 4794 ﬁlii
3672 4735 3821 4791 Saul:

435 4825 874 4886 demonstratur
904 4831 958 4885 in
990 4847 1056 4884 eo
1082 4835 1224 4896 loco,
1259 4827 1355 4882 ubi
1397 4825 1650 4881 dicitur:
1683 4825 1869 4879 Sermo
1895 4826 2082 4877 autem
2194 4829 2291 4902 qui
2325 4845 2456 4884 cum
2493 4830 2675 4883 Doech
2712 4830 2983 4892 ldumaeo,
3017 4827 3156 4883 dum
3202 4831 3391 4884 adhuc
3427 4830 3594 4902 pueri
3626 4825 3818 4889 essent,

435 4923 611 4975 omnis
643 4921 807 4974 Israel
836 4921 1081 4990 pervenit
1113 4917 1186 4972 ad
1215 4932 1395 4987 regem
1425 4917 1485 4969 in
1505 4914 1660 4969 domo
1689 4915 1808 4975 eius
1847 4913 1918 4983 (11
1955 4913 2080 4982 Reg.
2193 4919 2522 4974 sacerdotes
2553 4922 2610 4972 et
2639 4917 2992 4972 Gabaonitas
3022 4918 3077 4972 in
3110 4918 3269 4973 Nobo
3303 4919 3666 4972 occiderunt.

436 5022 550 5076 xxx,
587 5010 710 5079 It);
745 5009 1114 5075 subauditur,
1164 5011 1226 5060 ut
1261 5021 1397 5060 eum
1433 5003 1808 5058 reducerent:
1842 5002 1997 5071 quod
2029 5005 2085 5055 et
2265 5008 2448 5079 (Vers.
2481 5007 2560 5074 2.)
2592 5031 2616 5055 ‹‹
2645 5005 2771 5060 Filii
2805 5007 3020 5078 quippe
3053 5007 3223 5061 Israel
3250 5009 3603 5078 juraverunt
3641 5006 3736 5059 eis.
3767 4997 3819 5054 Et

439 5098 758 5166 majoribus
788 5103 925 5152 natu
956 5098 1108 5152 Juda
1143 5096 1457 5150 mandasse
1490 5093 1664 5148 David
1698 5108 1801 5163 per
1820 5090 2001 5145 SB.ch
2028 5093 2084 5144 et
2192 5097 2374 5152 voluit
2414 5095 2551 5151 Saul
2608 5102 2905 5167 percutere
2954 5113 3052 5150 eos
3101 5095 3240 5150 zelo,
3283 5119 3307 5144 η
3356 5096 3487 5151 Zelo
3540 5095 3705 5167 quasi
3736 5091 3820 5163 pa)

437 5182 720 5240 Abiathar
749 5187 1078 5243 sacerdotes
1109 5185 1340 5258 legitur,
1376 5183 1481 5238 hoc
1505 5181 1698 5251 modo,
1724 5181 1960 5235 dicens:
1992 5179 2084 5233 ιο-
2194 5186 2330 5241 ﬁliis
2367 5185 2541 5241 [smel
2573 5190 2628 5240 et
2674 5184 2848 5251 Juda,
2898 5185 3098 5240 dicens
3125 5202 3136 5239 :
3169 5185 3350 5242 Josue
3389 5185 3578 5256 gratis
3609 5181 3819 5240 eosdem

440 5275 678 5341 quimini
705 5276 783 5330 ad
806 5279 1039 5347 majores
1068 5279 1203 5330 natu
1230 5273 1398 5342 Juda,
1423 5274 1702 5327 dicentes:
1739 5270 1847 5324 (.‘ur
1889 5270 2086 5323 venitis
2194 5275 2546 5331 Gabaonitas
2577 5273 2763 5329 vivere
2797 5274 3131 5345 permisisse
3162 5276 3288 5344 (Jos.
3325 5291 3400 5338 ix,
3431 5275 3529 5344 ‘26)
3557 5292 3568 5327 :
3624 5277 3679 5327 et
3707 5267 3820 5324 ﬁliis

510 5451 588 5524 (τι)
618 5453 775 5506 Meus
806 5468 940 5522 ms.,
983 5453 1232 5521 litigatus
1283 5469 1406 5508 cum
1471 5449 1765 5507 Altissimo.
1817 5452 2085 5521 Litigatus
2266 5455 2342 5525 (d)
2370 5453 2549 5509 Antea
2578 5455 2721 5517 erat,
2751 5454 2807 5507 in
2839 5469 2941 5525 qua
2968 5452 3176 5525 videtur
3205 5470 3237 5506 a
3263 5453 3496 5509 Domino
3511 5463 3601 5524 p‘m
3625 5455 3818 5525 Moysen

436 5522 744 5596 enim,_etc.
2192 5522 2522 5596 praeceptum
2553 5529 2612 5578 ut
2649 5522 2930 5596 quomodo,
2965 5531 3073 5580 etc.
3107 5523 3284 5579 Nobis
3315 5541 3420 5579 ms.
3477 5522 3536 5578 et
3564 5540 3631 5578 ex
3677 5522 3820 5593 parte

507 5596 584 5669 (ὁ)
613 5594 794 5669 Idem,
823 5602 1006 5665 partes
1035 5596 1153 5669 viro
1163 5596 1338 5669 Israel
1356 5602 1531 5666 erant,
1554 5598 1736 5669 βίον)
1862 5664 1874 5669 _
2192 5594 2500 5653 Rabanum
2535 5594 2701 5669 sequi
2743 5594 2986 5668 placuit.

507 5663 576 5742 (ο)
607 5663 699 5723 Slo
729 5663 841 5723 ms}
875 5669 1060 5721 Antea
1089 5663 1248 5736 editi,
1279 5665 1343 5721 Et
1361 5663 1992 5742 posteointettigendum.
