  <div class='ocr_page' id='page_1' title='image "/cluster/home/n/w/nwhite01/storage/ocr_20150623/23/hvd.32044052772480/720.png"; bbox 0 0 4070 6166; ppageno 0'>
   <div class='ocr_carea' id='block_1_1' title="bbox 319 280 477 359">
    <p class='ocr_par' dir='ltr' id='par_1_1' title="bbox 319 280 477 359">
     <span class='ocr_line' id='line_1_1' title="bbox 319 280 477 359; baseline 0 -11"><span class='ocrx_word' id='word_1_1' title='bbox 319 280 347 348; x_wconf 79' lang='grc'><strong>1</strong></span> <span class='ocrx_word' id='word_1_2' title='bbox 360 280 477 359; x_wconf 74' lang='grc'><strong>425</strong></span> 
     </span>
    </p>
   </div>
   <div class='ocr_carea' id='block_1_2' title="bbox 1280 284 2759 364">
    <p class='ocr_par' dir='ltr' id='par_1_2' title="bbox 1280 284 2759 364">
     <span class='ocr_line' id='line_1_2' title="bbox 1280 284 2759 364; baseline -0.001 -11"><span class='ocrx_word' id='word_1_3' title='bbox 1280 288 1588 364; x_wconf 72' lang='grc' dir='ltr'><strong>ΟυΑΞεΤ.</strong></span> <span class='ocrx_word' id='word_1_4' title='bbox 1635 284 2001 353; x_wconf 82' lang='lat' dir='ltr'><strong>HEBRAIC.</strong></span> <span class='ocrx_word' id='word_1_5' title='bbox 2046 286 2125 353; x_wconf 80' lang='lat' dir='ltr'><strong>IN</strong></span> <span class='ocrx_word' id='word_1_6' title='bbox 2169 289 2317 353; x_wconf 90' lang='lat' dir='ltr'><strong>LIB.</strong></span> <span class='ocrx_word' id='word_1_7' title='bbox 2365 288 2417 354; x_wconf 92' lang='grc' dir='ltr'><strong>ῙΙ</strong></span> <span class='ocrx_word' id='word_1_8' title='bbox 2466 289 2759 356; x_wconf 81' lang='lat' dir='ltr'><strong>REGUM.</strong></span> 
     </span>
    </p>
   </div>
   <div class='ocr_carea' id='block_1_3' title="bbox 3569 284 3725 355">
    <p class='ocr_par' dir='ltr' id='par_1_3' title="bbox 3569 284 3725 355">
     <span class='ocr_line' id='line_1_3' title="bbox 3569 284 3725 355; baseline -0.019 -3"><span class='ocrx_word' id='word_1_9' title='bbox 3569 284 3725 355; x_wconf 71' lang='lat' dir='ltr'><strong>I426</strong></span> 
     </span>
    </p>
   </div>
   <div class='ocr_carea' id='block_1_4' title="bbox 310 418 3723 498">
    <p class='ocr_par' dir='ltr' id='par_1_4' title="bbox 310 418 3723 498">
     <span class='ocr_line' id='line_1_4' title="bbox 310 418 3723 498; baseline 0.001 -22"><span class='ocrx_word' id='word_1_10' title='bbox 310 418 495 477; x_wconf 98' lang='lat' dir='ltr'><strong>Israel</strong></span> <span class='ocrx_word' id='word_1_11' title='bbox 526 423 585 478; x_wconf 91' lang='lat' dir='ltr'><strong>et</strong></span> <span class='ocrx_word' id='word_1_12' title='bbox 610 418 765 477; x_wconf 86' lang='lat' dir='ltr'><strong>Juda</strong></span> <span class='ocrx_word' id='word_1_13' title='bbox 813 421 1067 493; x_wconf 65' lang='lat' dir='ltr'><strong>prmdam</strong></span> <span class='ocrx_word' id='word_1_14' title='bbox 1125 438 1326 478; x_wconf 90' lang='lat' dir='ltr'><strong>eorum</strong></span> <span class='ocrx_word' id='word_1_15' title='bbox 1377 424 1594 494; x_wconf 81' lang='lat' dir='ltr'><strong>injuste</strong></span> <span class='ocrx_word' id='word_1_16' title='bbox 1649 422 1963 480; x_wconf 82' lang='lat' dir='ltr'><strong>abstulisse</strong></span> <span class='ocrx_word' id='word_1_17' title='bbox 1991 423 2047 490; x_wconf 80' lang='grc' dir='ltr'><strong>Α</strong></span> <span class='ocrx_word' id='word_1_18' title='bbox 2077 424 2309 493; x_wconf 76' lang='lat' dir='ltr'><strong>Sarviae,</strong></span> <span class='ocrx_word' id='word_1_19' title='bbox 2343 425 2612 498; x_wconf 82' lang='lat' dir='ltr'><strong>princeps</strong></span> <span class='ocrx_word' id='word_1_20' title='bbox 2642 430 2767 482; x_wconf 89' lang='lat' dir='ltr'><strong>erat</strong></span> <span class='ocrx_word' id='word_1_21' title='bbox 2792 426 2864 482; x_wconf 90' lang='lat' dir='ltr'><strong>de</strong></span> <span class='ocrx_word' id='word_1_22' title='bbox 2894 424 3082 482; x_wconf 89' lang='lat' dir='ltr'><strong>tribus</strong></span> <span class='ocrx_word' id='word_1_23' title='bbox 3112 423 3261 494; x_wconf 81' lang='lat' dir='ltr'><strong>istis,</strong></span> <span class='ocrx_word' id='word_1_24' title='bbox 3293 421 3633 483; x_wconf 87' lang='lat' dir='ltr'><strong>nominatus</strong></span> <span class='ocrx_word' id='word_1_25' title='bbox 3661 422 3723 482; x_wconf 89' lang='lat' dir='ltr'><strong>in</strong></span> 
     </span>
    </p>
   </div>
   <div class='ocr_carea' id='block_1_5' title="bbox 316 508 1965 585">
    <p class='ocr_par' dir='ltr' id='par_1_5' title="bbox 316 508 1965 585">
     <span class='ocr_line' id='line_1_5' title="bbox 316 508 1965 585; baseline 0.002 -21"><span class='ocrx_word' id='word_1_26' title='bbox 316 508 473 580; x_wconf 83' lang='lat' dir='ltr'><strong>(ibid.</strong></span> <span class='ocrx_word' id='word_1_27' title='bbox 507 511 595 581; x_wconf 68' lang='grc'><strong>40)</strong></span> <span class='ocrx_word' id='word_1_28' title='bbox 627 528 639 577; x_wconf 91' lang='lat'><strong>;</strong></span> <span class='ocrx_word' id='word_1_29' title='bbox 674 509 889 566; x_wconf 91' lang='lat' dir='ltr'><strong>idcirco</strong></span> <span class='ocrx_word' id='word_1_30' title='bbox 934 527 1032 567; x_wconf 88' lang='lat' dir='ltr'><strong>eos</strong></span> <span class='ocrx_word' id='word_1_31' title='bbox 1064 512 1348 583; x_wconf 81' lang='lat' dir='ltr'><strong>perimere</strong></span> <span class='ocrx_word' id='word_1_32' title='bbox 1392 514 1582 583; x_wconf 86' lang='lat' dir='ltr'><strong>jubet,</strong></span> <span class='ocrx_word' id='word_1_33' title='bbox 1642 514 1807 584; x_wconf 90' lang='lat' dir='ltr'><strong>quasi</strong></span> <span class='ocrx_word' id='word_1_34' title='bbox 1863 528 1965 585; x_wconf 89' lang='lat' dir='ltr'><strong>pro</strong></span> 
     </span>
    </p>
   </div>
   <div class='ocr_carea' id='block_1_6' title="bbox 305 598 1966 671">
    <p class='ocr_par' dir='ltr' id='par_1_6' title="bbox 305 598 1966 671">
     <span class='ocr_line' id='line_1_6' title="bbox 305 598 1966 671; baseline 0.002 -18"><span class='ocrx_word' id='word_1_35' title='bbox 305 598 438 665; x_wconf 58' lang='lat' dir='ltr'><strong>gelo</strong></span> <span class='ocrx_word' id='word_1_36' title='bbox 473 599 650 656; x_wconf 78' lang='lat' dir='ltr'><strong>Israel</strong></span> <span class='ocrx_word' id='word_1_37' title='bbox 672 605 726 654; x_wconf 89' lang='lat' dir='ltr'><strong>et</strong></span> <span class='ocrx_word' id='word_1_38' title='bbox 757 600 927 655; x_wconf 89' lang='lat' dir='ltr'><strong>Juda.</strong></span> <span class='ocrx_word' id='word_1_39' title='bbox 967 602 1151 671; x_wconf 79' lang='lat' dir='ltr'><strong>Hujus</strong></span> <span class='ocrx_word' id='word_1_40' title='bbox 1179 600 1422 658; x_wconf 77' lang='lat' dir='ltr'><strong>ultionis</strong></span> <span class='ocrx_word' id='word_1_41' title='bbox 1453 618 1631 658; x_wconf 89' lang='lat' dir='ltr'><strong>causa</strong></span> <span class='ocrx_word' id='word_1_42' title='bbox 1659 602 1717 657; x_wconf 92' lang='lat' dir='ltr'><strong>in</strong></span> <span class='ocrx_word' id='word_1_43' title='bbox 1750 601 1966 657; x_wconf 89' lang='lat' dir='ltr'><strong>Gabao-</strong></span> 
     </span>
    </p>
   </div>
   <div class='ocr_carea' id='block_1_7' title="bbox 313 680 1442 753">
    <p class='ocr_par' dir='ltr' id='par_1_7' title="bbox 313 680 1442 753">
     <span class='ocr_line' id='line_1_7' title="bbox 313 680 1442 753; baseline 0.002 -10"><span class='ocrx_word' id='word_1_44' title='bbox 313 687 491 753; x_wconf 85' lang='lat' dir='ltr'><strong>nitas,</strong></span> <span class='ocrx_word' id='word_1_45' title='bbox 523 688 862 744; x_wconf 87' lang='lat' dir='ltr'><strong>Ahimelech</strong></span> <span class='ocrx_word' id='word_1_46' title='bbox 899 680 1172 745; x_wconf 75' lang='lat' dir='ltr'><strong>sacerdos</strong></span> <span class='ocrx_word' id='word_1_47' title='bbox 1202 691 1442 745; x_wconf 82' lang='lat' dir='ltr'><strong>exstitit.</strong></span> 
     </span>
    </p>
   </div>
   <div class='ocr_carea' id='block_1_8' title="bbox 384 776 1965 849">
    <p class='ocr_par' dir='ltr' id='par_1_8' title="bbox 384 776 1965 849">
     <span class='ocr_line' id='line_1_8' title="bbox 384 776 1965 849; baseline 0.003 -21"><span class='ocrx_word' id='word_1_48' title='bbox 384 776 574 849; x_wconf 83' lang='lat' dir='ltr'><strong>(Vers.</strong></span> <span class='ocrx_word' id='word_1_49' title='bbox 601 778 655 831; x_wconf 92' lang='lat'><strong>8.</strong></span> <span class='ocrx_word' id='word_1_50' title='bbox 692 778 707 845; x_wconf 93' lang='lat'><strong>)</strong></span> <span class='ocrx_word' id='word_1_51' title='bbox 741 800 768 825; x_wconf 91' lang='grc'><strong>‹‹</strong></span> <span class='ocrx_word' id='word_1_52' title='bbox 805 777 871 831; x_wconf 88' lang='lat' dir='ltr'><strong>Hi</strong></span> <span class='ocrx_word' id='word_1_53' title='bbox 904 783 1042 831; x_wconf 91' lang='lat' dir='ltr'><strong>sunt</strong></span> <span class='ocrx_word' id='word_1_54' title='bbox 1073 782 1289 832; x_wconf 75' lang='lat' dir='ltr'><strong>Armon</strong></span> <span class='ocrx_word' id='word_1_55' title='bbox 1312 784 1368 833; x_wconf 88' lang='lat' dir='ltr'><strong>et</strong></span> <span class='ocrx_word' id='word_1_56' title='bbox 1399 778 1965 849; x_wconf 89' lang='lat' dir='ltr'><strong>Miphiboseth,quos</strong></span> 
     </span>
    </p>
   </div>
   <div class='ocr_carea' id='block_1_9' title="bbox 312 863 1962 939">
    <p class='ocr_par' dir='ltr' id='par_1_9' title="bbox 312 863 1962 939">
     <span class='ocr_line' id='line_1_9' title="bbox 312 863 1962 939; baseline 0.001 -19"><span class='ocrx_word' id='word_1_57' title='bbox 312 866 539 937; x_wconf 85' lang='lat' dir='ltr'><strong>peperit</strong></span> <span class='ocrx_word' id='word_1_58' title='bbox 582 863 633 920; x_wconf 92' lang='lat' dir='ltr'><strong>ei</strong></span> <span class='ocrx_word' id='word_1_59' title='bbox 685 865 916 937; x_wconf 82' lang='lat' dir='ltr'><strong>Respha</strong></span> <span class='ocrx_word' id='word_1_60' title='bbox 949 866 1068 920; x_wconf 89' lang='lat' dir='ltr'><strong>ﬁlia</strong></span> <span class='ocrx_word' id='word_1_61' title='bbox 1090 867 1207 933; x_wconf 84' lang='lat' dir='ltr'><strong>Aia,</strong></span> <span class='ocrx_word' id='word_1_62' title='bbox 1232 873 1287 921; x_wconf 91' lang='lat' dir='ltr'><strong>et</strong></span> <span class='ocrx_word' id='word_1_63' title='bbox 1309 867 1568 939; x_wconf 88' lang='lat' dir='ltr'><strong>quinque</strong></span> <span class='ocrx_word' id='word_1_64' title='bbox 1598 867 1700 922; x_wconf 90' lang='lat' dir='ltr'><strong>ﬁlii</strong></span> <span class='ocrx_word' id='word_1_65' title='bbox 1732 866 1962 936; x_wconf 91' lang='lat' dir='ltr'><strong>Michol,</strong></span> 
     </span>
    </p>
   </div>
   <div class='ocr_carea' id='block_1_10' title="bbox 313 952 1961 1025">
    <p class='ocr_par' dir='ltr' id='par_1_10' title="bbox 313 952 1961 1025">
     <span class='ocr_line' id='line_1_10' title="bbox 313 952 1961 1025; baseline 0.001 -18"><span class='ocrx_word' id='word_1_66' title='bbox 313 952 445 1007; x_wconf 68' lang='lat' dir='ltr'><strong>ﬁliae</strong></span> <span class='ocrx_word' id='word_1_67' title='bbox 479 952 617 1008; x_wconf 88' lang='lat' dir='ltr'><strong>Saul</strong></span> <span class='ocrx_word' id='word_1_68' title='bbox 654 996 666 1019; x_wconf 92' lang='lat'><strong>,</strong></span> <span class='ocrx_word' id='word_1_69' title='bbox 704 970 852 1025; x_wconf 90' lang='lat' dir='ltr'><strong>quos</strong></span> <span class='ocrx_word' id='word_1_70' title='bbox 883 959 1165 1025; x_wconf 82' lang='lat' dir='ltr'><strong>genuerat</strong></span> <span class='ocrx_word' id='word_1_71' title='bbox 1210 954 1424 1010; x_wconf 88' lang='lat' dir='ltr'><strong>Adrieli</strong></span> <span class='ocrx_word' id='word_1_72' title='bbox 1487 956 1605 1011; x_wconf 90' lang='lat' dir='ltr'><strong>ﬁlio</strong></span> <span class='ocrx_word' id='word_1_73' title='bbox 1665 955 1961 1025; x_wconf 69' lang='lat' dir='ltr'><strong>Bereellai,</strong></span> 
     </span>
    </p>
   </div>
   <div class='ocr_carea' id='block_1_11' title="bbox 312 1040 1962 1113">
    <p class='ocr_par' dir='ltr' id='par_1_11' title="bbox 312 1040 1962 1113">
     <span class='ocr_line' id='line_1_11' title="bbox 312 1040 1962 1113; baseline 0.001 -17"><span class='ocrx_word' id='word_1_74' title='bbox 312 1040 415 1113; x_wconf 86' lang='lat' dir='ltr'><strong>qui</strong></span> <span class='ocrx_word' id='word_1_75' title='bbox 448 1041 557 1096; x_wconf 86' lang='lat' dir='ltr'><strong>fuit</strong></span> <span class='ocrx_word' id='word_1_76' title='bbox 587 1042 657 1097; x_wconf 92' lang='lat' dir='ltr'><strong>de</strong></span> <span class='ocrx_word' id='word_1_77' title='bbox 704 1042 980 1098; x_wconf 85' lang='lat' dir='ltr'><strong>Modathi.</strong></span> <span class='ocrx_word' id='word_1_78' title='bbox 1016 1065 1043 1091; x_wconf 89' lang='grc'><strong>››</strong></span> <span class='ocrx_word' id='word_1_79' title='bbox 1104 1043 1392 1106; x_wconf 73' lang='lat' dir='ltr'><strong>Quaaritur</strong></span> <span class='ocrx_word' id='word_1_80' title='bbox 1434 1061 1537 1099; x_wconf 91' lang='lat' dir='ltr'><strong>cur</strong></span> <span class='ocrx_word' id='word_1_81' title='bbox 1594 1044 1695 1099; x_wconf 91' lang='lat' dir='ltr'><strong>ﬁlii</strong></span> <span class='ocrx_word' id='word_1_82' title='bbox 1754 1044 1962 1100; x_wconf 89' lang='lat' dir='ltr'><strong>Michol</strong></span> 
     </span>
    </p>
   </div>
   <div class='ocr_carea' id='block_1_12' title="bbox 312 1130 1963 1203">
    <p class='ocr_par' dir='ltr' id='par_1_12' title="bbox 312 1130 1963 1203">
     <span class='ocr_line' id='line_1_12' title="bbox 312 1130 1963 1203; baseline 0.002 -20"><span class='ocrx_word' id='word_1_83' title='bbox 312 1130 588 1185; x_wconf 84' lang='lat' dir='ltr'><strong>dicantur</strong></span> <span class='ocrx_word' id='word_1_84' title='bbox 643 1148 775 1185; x_wconf 91' lang='lat' dir='ltr'><strong>cum</strong></span> <span class='ocrx_word' id='word_1_85' title='bbox 810 1148 923 1186; x_wconf 90' lang='lat' dir='ltr'><strong>non</strong></span> <span class='ocrx_word' id='word_1_86' title='bbox 959 1131 1193 1198; x_wconf 86' lang='lat' dir='ltr'><strong>Michol,</strong></span> <span class='ocrx_word' id='word_1_87' title='bbox 1238 1133 1337 1187; x_wconf 87' lang='lat' dir='ltr'><strong>sed</strong></span> <span class='ocrx_word' id='word_1_88' title='bbox 1373 1134 1501 1203; x_wconf 87' lang='lat' dir='ltr'>ejus</span> <span class='ocrx_word' id='word_1_89' title='bbox 1560 1150 1723 1188; x_wconf 92' lang='lat' dir='ltr'><strong>soror</strong></span> <span class='ocrx_word' id='word_1_90' title='bbox 1769 1134 1963 1188; x_wconf 90' lang='lat' dir='ltr'><strong>Merab</strong></span> 
     </span>
    </p>
   </div>
   <div class='ocr_carea' id='block_1_13' title="bbox 315 1219 1963 1285">
    <p class='ocr_par' dir='ltr' id='par_1_13' title="bbox 315 1219 1963 1285">
     <span class='ocr_line' id='line_1_13' title="bbox 315 1219 1963 1285; baseline 0.001 -10"><span class='ocrx_word' id='word_1_91' title='bbox 315 1235 459 1275; x_wconf 80' lang='lat' dir='ltr'><strong>uxor</strong></span> <span class='ocrx_word' id='word_1_92' title='bbox 490 1219 664 1275; x_wconf 89' lang='lat' dir='ltr'><strong>fuerit</strong></span> <span class='ocrx_word' id='word_1_93' title='bbox 695 1219 909 1275; x_wconf 83' lang='lat' dir='ltr'><strong>Adrieli</strong></span> <span class='ocrx_word' id='word_1_94' title='bbox 946 1219 1063 1275; x_wconf 92' lang='lat' dir='ltr'><strong>ﬁlio</strong></span> <span class='ocrx_word' id='word_1_95' title='bbox 1098 1220 1391 1276; x_wconf 89' lang='lat' dir='ltr'><strong>Berzellai.</strong></span> <span class='ocrx_word' id='word_1_96' title='bbox 1435 1223 1593 1285; x_wconf 84' lang='lat' dir='ltr'><strong>Quod</strong></span> <span class='ocrx_word' id='word_1_97' title='bbox 1655 1223 1736 1277; x_wconf 89' lang='lat' dir='ltr'><strong>ita</strong></span> <span class='ocrx_word' id='word_1_98' title='bbox 1790 1221 1963 1277; x_wconf 90' lang='lat' dir='ltr'><strong>solvi-</strong></span> 
     </span>
    </p>
   </div>
   <div class='ocr_carea' id='block_1_14' title="bbox 304 1309 1961 1382">
    <p class='ocr_par' dir='ltr' id='par_1_14' title="bbox 304 1309 1961 1382">
     <span class='ocr_line' id='line_1_14' title="bbox 304 1309 1961 1382; baseline 0.002 -20"><span class='ocrx_word' id='word_1_99' title='bbox 304 1312 412 1363; x_wconf 60' lang='lat' dir='ltr'><strong>.tur</strong></span> <span class='ocrx_word' id='word_1_100' title='bbox 438 1309 631 1363; x_wconf 81' lang='lat' dir='ltr'><strong>Merab</strong></span> <span class='ocrx_word' id='word_1_101' title='bbox 665 1310 879 1380; x_wconf 86' lang='lat' dir='ltr'><strong>quippe</strong></span> <span class='ocrx_word' id='word_1_102' title='bbox 909 1326 1009 1364; x_wconf 92' lang='lat' dir='ltr'><strong>eos</strong></span> <span class='ocrx_word' id='word_1_103' title='bbox 1062 1309 1405 1365; x_wconf 81' lang='lat' dir='ltr'><strong>naturaliter</strong></span> <span class='ocrx_word' id='word_1_104' title='bbox 1462 1311 1665 1382; x_wconf 85' lang='lat' dir='ltr'><strong>genuit</strong></span> <span class='ocrx_word' id='word_1_105' title='bbox 1698 1330 1709 1366; x_wconf 93' lang='lat'><strong>:</strong></span> <span class='ocrx_word' id='word_1_106' title='bbox 1744 1316 1801 1366; x_wconf 90' lang='lat' dir='ltr'><strong>et</strong></span> <span class='ocrx_word' id='word_1_107' title='bbox 1859 1310 1961 1366; x_wconf 83' lang='lat' dir='ltr'><strong>Mi-</strong></span> 
     </span>
    </p>
   </div>
   <div class='ocr_carea' id='block_1_15' title="bbox 304 1395 1962 1470">
    <p class='ocr_par' dir='ltr' id='par_1_15' title="bbox 304 1395 1962 1470">
     <span class='ocr_line' id='line_1_15' title="bbox 304 1395 1962 1470; baseline 0.001 -18"><span class='ocrx_word' id='word_1_108' title='bbox 304 1395 619 1453; x_wconf 59' lang='lat' dir='ltr'><strong>.cboluxor</strong></span> <span class='ocrx_word' id='word_1_109' title='bbox 648 1398 853 1467; x_wconf 82' lang='lat' dir='ltr'><strong>David,</strong></span> <span class='ocrx_word' id='word_1_110' title='bbox 886 1416 1013 1469; x_wconf 64' lang='lat' dir='ltr'><strong>quae</strong></span> <span class='ocrx_word' id='word_1_111' title='bbox 1055 1403 1111 1453; x_wconf 91' lang='lat' dir='ltr'><strong>et</strong></span> <span class='ocrx_word' id='word_1_112' title='bbox 1131 1398 1270 1470; x_wconf 88' lang='lat' dir='ltr'><strong>Egla</strong></span> <span class='ocrx_word' id='word_1_113' title='bbox 1297 1398 1530 1467; x_wconf 93' lang='lat' dir='ltr'><strong>dicitur,</strong></span> <span class='ocrx_word' id='word_1_114' title='bbox 1578 1417 1676 1455; x_wconf 89' lang='lat' dir='ltr'><strong>eos</strong></span> <span class='ocrx_word' id='word_1_115' title='bbox 1726 1400 1783 1454; x_wconf 90' lang='lat' dir='ltr'><strong>in</strong></span> <span class='ocrx_word' id='word_1_116' title='bbox 1839 1400 1962 1455; x_wconf 92' lang='lat' dir='ltr'><strong>loco</strong></span> 
     </span>
    </p>
   </div>
   <div class='ocr_carea' id='block_1_16' title="bbox 313 1485 1963 1560">
    <p class='ocr_par' dir='ltr' id='par_1_16' title="bbox 313 1485 1963 1560">
     <span class='ocr_line' id='line_1_16' title="bbox 313 1485 1963 1560; baseline 0.001 -19"><span class='ocrx_word' id='word_1_117' title='bbox 313 1485 569 1542; x_wconf 85' lang='lat' dir='ltr'><strong>ﬁliorum</strong></span> <span class='ocrx_word' id='word_1_118' title='bbox 595 1488 856 1551; x_wconf 83' lang='lat' dir='ltr'><strong>nutrivit,</strong></span> <span class='ocrx_word' id='word_1_119' title='bbox 880 1493 937 1543; x_wconf 89' lang='lat' dir='ltr'><strong>et</strong></span> <span class='ocrx_word' id='word_1_120' title='bbox 962 1488 1073 1543; x_wconf 88' lang='lat' dir='ltr'><strong>sibi</strong></span> <span class='ocrx_word' id='word_1_121' title='bbox 1106 1488 1163 1543; x_wconf 91' lang='lat' dir='ltr'><strong>in</strong></span> <span class='ocrx_word' id='word_1_122' title='bbox 1198 1487 1349 1543; x_wconf 89' lang='lat' dir='ltr'><strong>ﬁlios</strong></span> <span class='ocrx_word' id='word_1_123' title='bbox 1382 1489 1715 1560; x_wconf 80' lang='lat' dir='ltr'><strong>adoptavit:</strong></span> <span class='ocrx_word' id='word_1_124' title='bbox 1749 1489 1963 1544; x_wconf 90' lang='lat' dir='ltr'><strong>idcirco</strong></span> 
     </span>
    </p>
   </div>
   <div class='ocr_carea' id='block_1_17' title="bbox 311 1574 914 1646">
    <p class='ocr_par' dir='ltr' id='par_1_17' title="bbox 311 1574 914 1646">
     <span class='ocr_line' id='line_1_17' title="bbox 311 1574 914 1646; baseline 0 -16"><span class='ocrx_word' id='word_1_125' title='bbox 311 1576 444 1646; x_wconf 86' lang='lat' dir='ltr'><strong>ejus</strong></span> <span class='ocrx_word' id='word_1_126' title='bbox 474 1574 580 1630; x_wconf 90' lang='lat' dir='ltr'><strong>ﬁlii</strong></span> <span class='ocrx_word' id='word_1_127' title='bbox 613 1576 914 1631; x_wconf 90' lang='lat' dir='ltr'><strong>dicuntur.</strong></span> 
     </span>
    </p>
   </div>
   <div class='ocr_carea' id='block_1_18' title="bbox 384 1664 1963 1737">
    <p class='ocr_par' dir='ltr' id='par_1_18' title="bbox 384 1664 1963 1737">
     <span class='ocr_line' id='line_1_18' title="bbox 384 1664 1963 1737; baseline 0.001 -18"><span class='ocrx_word' id='word_1_128' title='bbox 384 1665 565 1736; x_wconf 88' lang='lat' dir='ltr'><strong>(Vers.</strong></span> <span class='ocrx_word' id='word_1_129' title='bbox 600 1666 712 1734; x_wconf 73' lang='lat' dir='ltr'><strong>i9.)</strong></span> <span class='ocrx_word' id='word_1_130' title='bbox 746 1688 772 1715; x_wconf 86' lang='lat'><strong>«</strong></span> <span class='ocrx_word' id='word_1_131' title='bbox 801 1664 1059 1720; x_wconf 85' lang='lat' dir='ltr'><strong>Tertium</strong></span> <span class='ocrx_word' id='word_1_132' title='bbox 1083 1683 1315 1737; x_wconf 91' lang='lat' dir='ltr'><strong>quoque</strong></span> <span class='ocrx_word' id='word_1_133' title='bbox 1348 1666 1457 1721; x_wconf 87' lang='lat' dir='ltr'><strong>fuit</strong></span> <span class='ocrx_word' id='word_1_134' title='bbox 1487 1665 1705 1722; x_wconf 87' lang='lat' dir='ltr'><strong>bellum</strong></span> <span class='ocrx_word' id='word_1_135' title='bbox 1738 1667 1796 1721; x_wconf 92' lang='lat' dir='ltr'><strong>in</strong></span> <span class='ocrx_word' id='word_1_136' title='bbox 1841 1667 1963 1723; x_wconf 88' lang='lat' dir='ltr'><strong>Gob</strong></span> 
     </span>
    </p>
   </div>
   <div class='ocr_carea' id='block_1_19' title="bbox 300 1752 1965 1826">
    <p class='ocr_par' dir='ltr' id='par_1_19' title="bbox 300 1752 1965 1826">
     <span class='ocr_line' id='line_1_19' title="bbox 300 1752 1965 1826; baseline 0 -16"><span class='ocrx_word' id='word_1_137' title='bbox 300 1756 518 1819; x_wconf 71' lang='lat' dir='ltr'><strong>contra</strong></span> <span class='ocrx_word' id='word_1_138' title='bbox 553 1752 967 1820; x_wconf 76' lang='lat' dir='ltr'><strong>Philisthaeos;</strong></span> <span class='ocrx_word' id='word_1_139' title='bbox 1020 1754 1078 1810; x_wconf 93' lang='lat' dir='ltr'><strong>in</strong></span> <span class='ocrx_word' id='word_1_140' title='bbox 1134 1772 1247 1825; x_wconf 91' lang='lat' dir='ltr'><strong>quo</strong></span> <span class='ocrx_word' id='word_1_141' title='bbox 1299 1754 1587 1826; x_wconf 86' lang='lat' dir='ltr'><strong>percussit</strong></span> <span class='ocrx_word' id='word_1_142' title='bbox 1632 1756 1965 1811; x_wconf 83' lang='lat' dir='ltr'><strong>Adeodatus</strong></span> 
     </span>
    </p>
   </div>
   <div class='ocr_carea' id='block_1_20' title="bbox 313 1842 1963 1915">
    <p class='ocr_par' dir='ltr' id='par_1_20' title="bbox 313 1842 1963 1915">
     <span class='ocr_line' id='line_1_20' title="bbox 313 1842 1963 1915; baseline 0.001 -18"><span class='ocrx_word' id='word_1_143' title='bbox 313 1842 472 1905; x_wconf 86' lang='lat' dir='ltr'><strong>filius</strong></span> <span class='ocrx_word' id='word_1_144' title='bbox 526 1844 711 1899; x_wconf 90' lang='lat' dir='ltr'><strong>saltus</strong></span> <span class='ocrx_word' id='word_1_145' title='bbox 770 1842 1180 1915; x_wconf 83' lang='lat' dir='ltr'><strong>Polymitarius</strong></span> <span class='ocrx_word' id='word_1_146' title='bbox 1223 1842 1675 1899; x_wconf 90' lang='lat' dir='ltr'><strong>Bethlehemites</strong></span> <span class='ocrx_word' id='word_1_147' title='bbox 1733 1843 1963 1900; x_wconf 90' lang='lat' dir='ltr'><strong>Goliath</strong></span> 
     </span>
    </p>
   </div>
   <div class='ocr_carea' id='block_1_21' title="bbox 294 1930 1963 2001">
    <p class='ocr_par' dir='ltr' id='par_1_21' title="bbox 294 1930 1963 2001">
     <span class='ocr_line' id='line_1_21' title="bbox 294 1930 1963 2001; baseline 0.001 -16"><span class='ocrx_word' id='word_1_148' title='bbox 294 1930 638 1987; x_wconf 43' lang='lat' dir='ltr'><strong>.Gethaeum.</strong></span> <span class='ocrx_word' id='word_1_149' title='bbox 676 1954 697 1980; x_wconf 76' lang='grc' dir='ltr'><strong><em>ι</em></strong></span> <span class='ocrx_word' id='word_1_150' title='bbox 736 1932 857 1986; x_wconf 89' lang='lat' dir='ltr'><strong>Gob</strong></span> <span class='ocrx_word' id='word_1_151' title='bbox 887 1932 1043 1985; x_wconf 82' lang='lat' dir='ltr'><strong>enim</strong></span> <span class='ocrx_word' id='word_1_152' title='bbox 1078 1932 1493 2001; x_wconf 86' lang='lat' dir='ltr'><strong>interpretatus</strong></span> <span class='ocrx_word' id='word_1_153' title='bbox 1524 1933 1693 1987; x_wconf 73' lang='lat' dir='ltr'><strong>lacus.</strong></span> <span class='ocrx_word' id='word_1_154' title='bbox 1746 1932 1963 1987; x_wconf 90' lang='lat' dir='ltr'><strong>Idcirco</strong></span> 
     </span>
    </p>
   </div>
   <div class='ocr_carea' id='block_1_22' title="bbox 306 2019 1965 2091">
    <p class='ocr_par' dir='ltr' id='par_1_22' title="bbox 306 2019 1965 2091">
     <span class='ocr_line' id='line_1_22' title="bbox 306 2019 1965 2091; baseline 0 -16"><span class='ocrx_word' id='word_1_155' title='bbox 306 2019 497 2089; x_wconf 85' lang='lat' dir='ltr'><strong>lacus,</strong></span> <span class='ocrx_word' id='word_1_156' title='bbox 531 2020 671 2091; x_wconf 83' lang='lat' dir='ltr'><strong>quia</strong></span> <span class='ocrx_word' id='word_1_157' title='bbox 702 2020 853 2075; x_wconf 84' lang='lat' dir='ltr'><strong>sicut</strong></span> <span class='ocrx_word' id='word_1_158' title='bbox 884 2021 940 2075; x_wconf 91' lang='lat' dir='ltr'><strong>in</strong></span> <span class='ocrx_word' id='word_1_159' title='bbox 965 2020 1155 2075; x_wconf 89' lang='lat' dir='ltr'><strong>lacum</strong></span> <span class='ocrx_word' id='word_1_160' title='bbox 1178 2019 1413 2075; x_wconf 88' lang='lat' dir='ltr'><strong>leonum</strong></span> <span class='ocrx_word' id='word_1_161' title='bbox 1447 2020 1578 2091; x_wconf 91' lang='lat' dir='ltr'><strong>quis</strong></span> <span class='ocrx_word' id='word_1_162' title='bbox 1601 2020 1965 2087; x_wconf 89' lang='lat' dir='ltr'><strong>mittitur,ita</strong></span> 
     </span>
    </p>
   </div>
   <div class='ocr_carea' id='block_1_23' title="bbox 312 2108 1963 2180">
    <p class='ocr_par' dir='ltr' id='par_1_23' title="bbox 312 2108 1963 2180">
     <span class='ocr_line' id='line_1_23' title="bbox 312 2108 1963 2180; baseline 0.001 -17"><span class='ocrx_word' id='word_1_163' title='bbox 312 2109 699 2180; x_wconf 86' lang='lat' dir='ltr'><strong>semetipsum</strong></span> <span class='ocrx_word' id='word_1_164' title='bbox 726 2115 928 2163; x_wconf 87' lang='lat' dir='ltr'><strong>contra</strong></span> <span class='ocrx_word' id='word_1_165' title='bbox 959 2108 1185 2163; x_wconf 90' lang='lat' dir='ltr'><strong>Goliath</strong></span> <span class='ocrx_word' id='word_1_166' title='bbox 1212 2108 1386 2163; x_wconf 87' lang='lat' dir='ltr'><strong>David</strong></span> <span class='ocrx_word' id='word_1_167' title='bbox 1420 2110 1597 2164; x_wconf 89' lang='lat' dir='ltr'><strong>misit.</strong></span> <span class='ocrx_word' id='word_1_168' title='bbox 1632 2110 1963 2165; x_wconf 85' lang='lat' dir='ltr'><strong>Adeodatus</strong></span> 
     </span>
    </p>
   </div>
   <div class='ocr_carea' id='block_1_24' title="bbox 315 2197 1964 2271">
    <p class='ocr_par' dir='ltr' id='par_1_24' title="bbox 315 2197 1964 2271">
     <span class='ocr_line' id='line_1_24' title="bbox 315 2197 1964 2271; baseline 0.001 -20"><span class='ocrx_word' id='word_1_169' title='bbox 315 2197 441 2269; x_wconf 89' lang='lat' dir='ltr'><strong>ipse</strong></span> <span class='ocrx_word' id='word_1_170' title='bbox 466 2203 554 2253; x_wconf 91' lang='lat' dir='ltr'><strong>est</strong></span> <span class='ocrx_word' id='word_1_171' title='bbox 582 2198 780 2254; x_wconf 86' lang='lat' dir='ltr'><strong>David.</strong></span> <span class='ocrx_word' id='word_1_172' title='bbox 810 2198 1027 2253; x_wconf 90' lang='lat' dir='ltr'><strong>Idcirco</strong></span> <span class='ocrx_word' id='word_1_173' title='bbox 1059 2198 1276 2252; x_wconf 89' lang='lat' dir='ltr'><strong>dicitur</strong></span> <span class='ocrx_word' id='word_1_174' title='bbox 1322 2199 1678 2266; x_wconf 89' lang='lat' dir='ltr'><strong>Adeodatus,</strong></span> <span class='ocrx_word' id='word_1_175' title='bbox 1740 2199 1881 2271; x_wconf 89' lang='lat' dir='ltr'><strong>quia</strong></span> <span class='ocrx_word' id='word_1_176' title='bbox 1930 2216 1964 2253; x_wconf 91' lang='lat' dir='ltr'><strong>a</strong></span> 
     </span>
    </p>
   </div>
   <div class='ocr_carea' id='block_1_25' title="bbox 312 2285 1963 2359">
    <p class='ocr_par' dir='ltr' id='par_1_25' title="bbox 312 2285 1963 2359">
     <span class='ocr_line' id='line_1_25' title="bbox 312 2285 1963 2359; baseline 0.001 -18"><span class='ocrx_word' id='word_1_177' title='bbox 312 2286 431 2341; x_wconf 90' lang='lat' dir='ltr'><strong>Deo</strong></span> <span class='ocrx_word' id='word_1_178' title='bbox 462 2290 551 2341; x_wconf 90' lang='lat' dir='ltr'><strong>est</strong></span> <span class='ocrx_word' id='word_1_179' title='bbox 579 2285 801 2342; x_wconf 91' lang='lat' dir='ltr'><strong>electus</strong></span> <span class='ocrx_word' id='word_1_180' title='bbox 834 2286 891 2339; x_wconf 90' lang='lat' dir='ltr'><strong>in</strong></span> <span class='ocrx_word' id='word_1_181' title='bbox 916 2303 1181 2359; x_wconf 82' lang='lat' dir='ltr'><strong>regnum.</strong></span> <span class='ocrx_word' id='word_1_182' title='bbox 1209 2286 1388 2341; x_wconf 83' lang='lat' dir='ltr'><strong>Filius</strong></span> <span class='ocrx_word' id='word_1_183' title='bbox 1446 2286 1653 2351; x_wconf 86' lang='lat' dir='ltr'><strong>saltus,</strong></span> <span class='ocrx_word' id='word_1_184' title='bbox 1695 2288 1835 2359; x_wconf 89' lang='lat' dir='ltr'><strong>quia</strong></span> <span class='ocrx_word' id='word_1_185' title='bbox 1891 2288 1963 2342; x_wconf 92' lang='lat' dir='ltr'><strong>de</strong></span> 
     </span>
    </p>
   </div>
   <div class='ocr_carea' id='block_1_26' title="bbox 308 2374 1956 2448">
    <p class='ocr_par' dir='ltr' id='par_1_26' title="bbox 308 2374 1956 2448">
     <span class='ocr_line' id='line_1_26' title="bbox 308 2374 1956 2448; baseline -0.002 -16"><span class='ocrx_word' id='word_1_186' title='bbox 308 2374 469 2432; x_wconf 79' lang='lat' dir='ltr'><strong>saltu</strong></span> <span class='ocrx_word' id='word_1_187' title='bbox 521 2375 621 2431; x_wconf 91' lang='lat' dir='ltr'><strong>ubi</strong></span> <span class='ocrx_word' id='word_1_188' title='bbox 651 2392 782 2431; x_wconf 86' lang='lat' dir='ltr'><strong>oves</strong></span> <span class='ocrx_word' id='word_1_189' title='bbox 812 2376 1202 2446; x_wconf 87' lang='lat' dir='ltr'><strong>pascebat,est</strong></span> <span class='ocrx_word' id='word_1_190' title='bbox 1231 2375 1956 2448; x_wconf 84' lang='lat' dir='ltr'><strong>eductus.Polymitarius:</strong></span> 
     </span>
    </p>
   </div>
   <div class='ocr_carea' id='block_1_27' title="bbox 311 2463 1961 2535">
    <p class='ocr_par' dir='ltr' id='par_1_27' title="bbox 311 2463 1961 2535">
     <span class='ocr_line' id='line_1_27' title="bbox 311 2463 1961 2535; baseline 0.002 -18"><span class='ocrx_word' id='word_1_191' title='bbox 311 2464 453 2535; x_wconf 84' lang='lat' dir='ltr'><strong>quia</strong></span> <span class='ocrx_word' id='word_1_192' title='bbox 482 2465 789 2535; x_wconf 81' lang='lat' dir='ltr'><strong>degenere</strong></span> <span class='ocrx_word' id='word_1_193' title='bbox 820 2463 1073 2519; x_wconf 89' lang='lat' dir='ltr'><strong>Beseleel</strong></span> <span class='ocrx_word' id='word_1_194' title='bbox 1107 2469 1291 2518; x_wconf 88' lang='lat' dir='ltr'><strong>mater</strong></span> <span class='ocrx_word' id='word_1_195' title='bbox 1328 2465 1456 2534; x_wconf 88' lang='lat' dir='ltr'><strong>ejus</strong></span> <span class='ocrx_word' id='word_1_196' title='bbox 1510 2465 1636 2519; x_wconf 92' lang='lat' dir='ltr'><strong>fuit.</strong></span> <span class='ocrx_word' id='word_1_197' title='bbox 1697 2464 1961 2520; x_wconf 87' lang='lat' dir='ltr'><strong>Bethlee-</strong></span> 
     </span>
    </p>
   </div>
   <div class='ocr_carea' id='block_1_28' title="bbox 312 2552 1962 2624">
    <p class='ocr_par' dir='ltr' id='par_1_28' title="bbox 312 2552 1962 2624">
     <span class='ocr_line' id='line_1_28' title="bbox 312 2552 1962 2624; baseline 0 -17"><span class='ocrx_word' id='word_1_198' title='bbox 312 2552 507 2621; x_wconf 87' lang='lat' dir='ltr'><strong>mites,</strong></span> <span class='ocrx_word' id='word_1_199' title='bbox 542 2553 680 2624; x_wconf 88' lang='lat' dir='ltr'><strong>quia</strong></span> <span class='ocrx_word' id='word_1_200' title='bbox 710 2553 910 2607; x_wconf 86' lang='lat' dir='ltr'><strong>Noemi</strong></span> <span class='ocrx_word' id='word_1_201' title='bbox 934 2558 989 2607; x_wconf 91' lang='lat' dir='ltr'><strong>et</strong></span> <span class='ocrx_word' id='word_1_202' title='bbox 1016 2552 1169 2607; x_wconf 80' lang='lat' dir='ltr'><strong>Ruth</strong></span> <span class='ocrx_word' id='word_1_203' title='bbox 1193 2556 1452 2623; x_wconf 85' lang='lat' dir='ltr'><strong>tempore</strong></span> <span class='ocrx_word' id='word_1_204' title='bbox 1469 2553 1749 2608; x_wconf 86' lang='lat' dir='ltr'><strong>ubertatis</strong></span> <span class='ocrx_word' id='word_1_205' title='bbox 1780 2569 1962 2609; x_wconf 88' lang='lat' dir='ltr'><strong>rever-</strong></span> 
     </span>
    </p>
   </div>
   <div class='ocr_carea' id='block_1_29' title="bbox 307 2641 1961 2713">
    <p class='ocr_par' dir='ltr' id='par_1_29' title="bbox 307 2641 1961 2713">
     <span class='ocr_line' id='line_1_29' title="bbox 307 2641 1961 2713; baseline -0.001 -15"><span class='ocrx_word' id='word_1_206' title='bbox 307 2659 387 2698; x_wconf 69' lang='lat' dir='ltr'><strong>sae</strong></span> <span class='ocrx_word' id='word_1_207' title='bbox 418 2648 560 2698; x_wconf 92' lang='lat' dir='ltr'><strong>sunt</strong></span> <span class='ocrx_word' id='word_1_208' title='bbox 586 2642 641 2696; x_wconf 91' lang='lat' dir='ltr'><strong>in</strong></span> <span class='ocrx_word' id='word_1_209' title='bbox 678 2641 995 2698; x_wconf 88' lang='lat' dir='ltr'><strong>Bethleem.</strong></span> <span class='ocrx_word' id='word_1_210' title='bbox 1022 2642 1090 2697; x_wconf 82' lang='lat' dir='ltr'><strong>Et</strong></span> <span class='ocrx_word' id='word_1_211' title='bbox 1121 2641 1260 2713; x_wconf 87' lang='lat' dir='ltr'><strong>quia</strong></span> <span class='ocrx_word' id='word_1_212' title='bbox 1290 2642 1458 2713; x_wconf 90' lang='lat' dir='ltr'><strong>panis</strong></span> <span class='ocrx_word' id='word_1_213' title='bbox 1491 2658 1668 2696; x_wconf 89' lang='lat' dir='ltr'><strong>causa</strong></span> <span class='ocrx_word' id='word_1_214' title='bbox 1730 2642 1882 2696; x_wconf 81' lang='lat' dir='ltr'><strong>Ruth</strong></span> <span class='ocrx_word' id='word_1_215' title='bbox 1928 2658 1961 2697; x_wconf 88' lang='lat' dir='ltr'><strong>a</strong></span> 
     </span>
    </p>
   </div>
   <div class='ocr_carea' id='block_1_30' title="bbox 310 2728 1958 2803">
    <p class='ocr_par' dir='ltr' id='par_1_30' title="bbox 310 2728 1958 2803">
     <span class='ocr_line' id='line_1_30' title="bbox 310 2728 1958 2803; baseline 0.001 -18"><span class='ocrx_word' id='word_1_216' title='bbox 310 2730 461 2786; x_wconf 87' lang='lat' dir='ltr'><strong>Booz</strong></span> <span class='ocrx_word' id='word_1_217' title='bbox 486 2735 657 2785; x_wconf 89' lang='lat' dir='ltr'><strong>nacta</strong></span> <span class='ocrx_word' id='word_1_218' title='bbox 687 2736 794 2797; x_wconf 88' lang='lat' dir='ltr'><strong>est,</strong></span> <span class='ocrx_word' id='word_1_219' title='bbox 824 2735 1125 2802; x_wconf 87' lang='lat' dir='ltr'><strong>propterea</strong></span> <span class='ocrx_word' id='word_1_220' title='bbox 1150 2730 1303 2784; x_wconf 92' lang='lat' dir='ltr'><strong>idem</strong></span> <span class='ocrx_word' id='word_1_221' title='bbox 1362 2728 1547 2794; x_wconf 91' lang='lat' dir='ltr'><strong>locus,</strong></span> <span class='ocrx_word' id='word_1_222' title='bbox 1605 2733 1817 2785; x_wconf 88' lang='lat' dir='ltr'><strong>domus</strong></span> <span class='ocrx_word' id='word_1_223' title='bbox 1859 2747 1958 2803; x_wconf 87' lang='lat' dir='ltr'><strong>pa-</strong></span> 
     </span>
    </p>
   </div>
   <div class='ocr_carea' id='block_1_31' title="bbox 296 2819 1958 2893">
    <p class='ocr_par' dir='ltr' id='par_1_31' title="bbox 296 2819 1958 2893">
     <span class='ocr_line' id='line_1_31' title="bbox 296 2819 1958 2893; baseline -0.001 -18"><span class='ocrx_word' id='word_1_224' title='bbox 296 2822 403 2893; x_wconf 38' lang='lat' dir='ltr'><strong>‘nis</strong></span> <span class='ocrx_word' id='word_1_225' title='bbox 436 2824 673 2875; x_wconf 90' lang='lat' dir='ltr'><strong>vocatus</strong></span> <span class='ocrx_word' id='word_1_226' title='bbox 701 2826 806 2874; x_wconf 85' lang='lat' dir='ltr'><strong>est.</strong></span> <span class='ocrx_word' id='word_1_227' title='bbox 842 2820 1001 2884; x_wconf 78' lang='lat' dir='ltr'><strong>Quod</strong></span> <span class='ocrx_word' id='word_1_228' title='bbox 1036 2836 1166 2873; x_wconf 87' lang='lat' dir='ltr'><strong>vero</strong></span> <span class='ocrx_word' id='word_1_229' title='bbox 1198 2819 1528 2874; x_wconf 78' lang='lat' dir='ltr'><strong>Adeodatus</strong></span> <span class='ocrx_word' id='word_1_230' title='bbox 1561 2819 1684 2892; x_wconf 89' lang='lat' dir='ltr'><strong>ipse</strong></span> <span class='ocrx_word' id='word_1_231' title='bbox 1726 2819 1802 2874; x_wconf 90' lang='lat' dir='ltr'><strong>sit</strong></span> <span class='ocrx_word' id='word_1_232' title='bbox 1848 2819 1958 2874; x_wconf 86' lang='lat' dir='ltr'><strong>Da-</strong></span> 
     </span>
    </p>
   </div>
   <div class='ocr_carea' id='block_1_32' title="bbox 306 2907 1957 2980">
    <p class='ocr_par' dir='ltr' id='par_1_32' title="bbox 306 2907 1957 2980">
     <span class='ocr_line' id='line_1_32' title="bbox 306 2907 1957 2980; baseline -0.001 -17"><span class='ocrx_word' id='word_1_233' title='bbox 306 2909 426 2976; x_wconf 86' lang='lat' dir='ltr'><strong>vid,</strong></span> <span class='ocrx_word' id='word_1_234' title='bbox 460 2908 764 2980; x_wconf 86' lang='lat' dir='ltr'><strong>sequentia</strong></span> <span class='ocrx_word' id='word_1_235' title='bbox 796 2908 1115 2972; x_wconf 89' lang='lat' dir='ltr'><strong>declarant,</strong></span> <span class='ocrx_word' id='word_1_236' title='bbox 1152 2908 1251 2963; x_wconf 91' lang='lat' dir='ltr'><strong>ubi</strong></span> <span class='ocrx_word' id='word_1_237' title='bbox 1283 2908 1399 2963; x_wconf 88' lang='lat' dir='ltr'><strong>ait:</strong></span> <span class='ocrx_word' id='word_1_238' title='bbox 1450 2909 1616 2979; x_wconf 73' lang='lat' dir='ltr'><strong>(Vera.</strong></span> <span class='ocrx_word' id='word_1_239' title='bbox 1656 2910 1771 2977; x_wconf 79' lang='lat'><strong>22.)</strong></span> <span class='ocrx_word' id='word_1_240' title='bbox 1804 2932 1830 2956; x_wconf 90' lang='grc'><strong>‹‹</strong></span> <span class='ocrx_word' id='word_1_241' title='bbox 1890 2907 1957 2962; x_wconf 89' lang='lat' dir='ltr'><strong>Hi</strong></span> 
     </span>
    </p>
   </div>
   <div class='ocr_carea' id='block_1_33' title="bbox 309 2996 1956 3071">
    <p class='ocr_par' dir='ltr' id='par_1_33' title="bbox 309 2996 1956 3071">
     <span class='ocr_line' id='line_1_33' title="bbox 309 2996 1956 3071; baseline -0.001 -17"><span class='ocrx_word' id='word_1_242' title='bbox 309 3002 565 3071; x_wconf 87' lang='lat' dir='ltr'><strong>quatuor</strong></span> <span class='ocrx_word' id='word_1_243' title='bbox 597 2997 715 3052; x_wconf 91' lang='lat' dir='ltr'><strong>nati</strong></span> <span class='ocrx_word' id='word_1_244' title='bbox 748 3002 889 3052; x_wconf 86' lang='lat' dir='ltr'><strong>sunt</strong></span> <span class='ocrx_word' id='word_1_245' title='bbox 918 2999 988 3053; x_wconf 91' lang='lat' dir='ltr'><strong>de</strong></span> <span class='ocrx_word' id='word_1_246' title='bbox 1018 2996 1283 3069; x_wconf 88' lang='lat' dir='ltr'><strong>Arespha</strong></span> <span class='ocrx_word' id='word_1_247' title='bbox 1313 2996 1373 3053; x_wconf 88' lang='lat' dir='ltr'><strong>in</strong></span> <span class='ocrx_word' id='word_1_248' title='bbox 1405 2997 1574 3063; x_wconf 88' lang='lat' dir='ltr'><strong>Geth,</strong></span> <span class='ocrx_word' id='word_1_249' title='bbox 1632 3006 1684 3055; x_wconf 88' lang='lat' dir='ltr'><strong>et</strong></span> <span class='ocrx_word' id='word_1_250' title='bbox 1736 2996 1956 3052; x_wconf 89' lang='lat' dir='ltr'><strong>cecide-</strong></span> 
     </span>
    </p>
   </div>
   <div class='ocr_carea' id='block_1_34' title="bbox 308 3086 1633 3157">
    <p class='ocr_par' dir='ltr' id='par_1_34' title="bbox 308 3086 1633 3157">
     <span class='ocr_line' id='line_1_34' title="bbox 308 3086 1633 3157; baseline -0.002 -16"><span class='ocrx_word' id='word_1_251' title='bbox 308 3091 451 3142; x_wconf 92' lang='lat' dir='ltr'><strong>runt</strong></span> <span class='ocrx_word' id='word_1_252' title='bbox 482 3088 536 3141; x_wconf 91' lang='lat' dir='ltr'><strong>in</strong></span> <span class='ocrx_word' id='word_1_253' title='bbox 571 3104 783 3141; x_wconf 88' lang='lat' dir='ltr'><strong>manus</strong></span> <span class='ocrx_word' id='word_1_254' title='bbox 809 3086 983 3140; x_wconf 86' lang='lat' dir='ltr'><strong>David</strong></span> <span class='ocrx_word' id='word_1_255' title='bbox 1019 3090 1074 3140; x_wconf 90' lang='lat' dir='ltr'><strong>et</strong></span> <span class='ocrx_word' id='word_1_256' title='bbox 1096 3103 1394 3141; x_wconf 89' lang='lat' dir='ltr'><strong>servorum</strong></span> <span class='ocrx_word' id='word_1_257' title='bbox 1426 3088 1571 3157; x_wconf 85' lang='lat' dir='ltr'><strong>ejus.</strong></span> <span class='ocrx_word' id='word_1_258' title='bbox 1608 3109 1633 3135; x_wconf 84' lang='grc'><strong>››</strong></span> 
     </span>
    </p>
   </div>
   <div class='ocr_carea' id='block_1_35' title="bbox 387 3159 2027 3246">
    <p class='ocr_par' dir='ltr' id='par_1_35' title="bbox 387 3159 2027 3246">
     <span class='ocr_line' id='line_1_35' title="bbox 387 3159 2027 3246; baseline -0.003 -18"><span class='ocrx_word' id='word_1_259' title='bbox 387 3177 573 3246; x_wconf 87' lang='lat' dir='ltr'><strong>(Vers.</strong></span> <span class='ocrx_word' id='word_1_260' title='bbox 595 3176 686 3244; x_wconf 85' lang='lat' dir='ltr'><strong>2t)</strong></span> <span class='ocrx_word' id='word_1_261' title='bbox 719 3199 743 3223; x_wconf 82' lang='grc'><strong>‹‹</strong></span> <span class='ocrx_word' id='word_1_262' title='bbox 780 3174 1079 3230; x_wconf 89' lang='lat' dir='ltr'><strong>Percussit</strong></span> <span class='ocrx_word' id='word_1_263' title='bbox 1099 3192 1231 3229; x_wconf 90' lang='lat' dir='ltr'><strong>eum</strong></span> <span class='ocrx_word' id='word_1_264' title='bbox 1263 3175 1557 3230; x_wconf 87' lang='lat' dir='ltr'><strong>Jonathan</strong></span> <span class='ocrx_word' id='word_1_265' title='bbox 1598 3174 1755 3229; x_wconf 92' lang='lat' dir='ltr'><strong>ﬁlius</strong></span> <span class='ocrx_word' id='word_1_266' title='bbox 1796 3179 1954 3229; x_wconf 84' lang='lat' dir='ltr'><strong>Sem-</strong></span> <span class='ocrx_word' id='word_1_267' title='bbox 1986 3159 2027 3223; x_wconf 90' lang='lat' dir='ltr'>C</span> 
     </span>
    </p>
   </div>
   <div class='ocr_carea' id='block_1_36' title="bbox 311 3262 1953 3334">
    <p class='ocr_par' dir='ltr' id='par_1_36' title="bbox 311 3262 1953 3334">
     <span class='ocr_line' id='line_1_36' title="bbox 311 3262 1953 3334; baseline -0.002 -14"><span class='ocrx_word' id='word_1_268' title='bbox 311 3281 448 3320; x_wconf 89' lang='lat' dir='ltr'><strong>maa</strong></span> <span class='ocrx_word' id='word_1_269' title='bbox 479 3262 675 3319; x_wconf 83' lang='lat' dir='ltr'><strong>fratris</strong></span> <span class='ocrx_word' id='word_1_270' title='bbox 706 3263 903 3318; x_wconf 87' lang='lat' dir='ltr'><strong>David.</strong></span> <span class='ocrx_word' id='word_1_271' title='bbox 944 3286 968 3309; x_wconf 79' lang='lat' dir='ltr'><em>n</em></span> <span class='ocrx_word' id='word_1_272' title='bbox 1000 3263 1291 3317; x_wconf 88' lang='lat' dir='ltr'><strong>Jonathan</strong></span> <span class='ocrx_word' id='word_1_273' title='bbox 1324 3263 1478 3317; x_wconf 89' lang='lat' dir='ltr'><strong>enim</strong></span> <span class='ocrx_word' id='word_1_274' title='bbox 1512 3263 1635 3334; x_wconf 91' lang='lat' dir='ltr'><strong>ipse</strong></span> <span class='ocrx_word' id='word_1_275' title='bbox 1692 3268 1781 3317; x_wconf 90' lang='lat' dir='ltr'><strong>est</strong></span> <span class='ocrx_word' id='word_1_276' title='bbox 1844 3263 1953 3317; x_wconf 88' lang='lat' dir='ltr'><strong>Na-</strong></span> 
     </span>
    </p>
   </div>
   <div class='ocr_carea' id='block_1_37' title="bbox 313 3352 794 3424">
    <p class='ocr_par' dir='ltr' id='par_1_37' title="bbox 313 3352 794 3424">
     <span class='ocr_line' id='line_1_37' title="bbox 313 3352 794 3424; baseline -0.008 -16"><span class='ocrx_word' id='word_1_277' title='bbox 313 3352 458 3408; x_wconf 88' lang='lat' dir='ltr'><strong>than</strong></span> <span class='ocrx_word' id='word_1_278' title='bbox 493 3352 794 3424; x_wconf 87' lang='lat' dir='ltr'><strong>propheta.</strong></span> 
     </span>
    </p>
   </div>
   <div class='ocr_carea' id='block_1_38' title="bbox 380 3439 1953 3513">
    <p class='ocr_par' dir='ltr' id='par_1_38' title="bbox 380 3439 1953 3513">
     <span class='ocr_line' id='line_1_38' title="bbox 380 3439 1953 3513; baseline -0.005 -14"><span class='ocrx_word' id='word_1_279' title='bbox 380 3445 540 3513; x_wconf 81' lang='lat' dir='ltr'><strong>(Cap.</strong></span> <span class='ocrx_word' id='word_1_280' title='bbox 575 3441 774 3496; x_wconf 81' lang='lat' dir='ltr'><strong>XXIII.</strong></span> <span class='ocrx_word' id='word_1_281' title='bbox 810 3473 876 3479; x_wconf 93' lang='lat'><strong>—</strong></span> <span class='ocrx_word' id='word_1_282' title='bbox 910 3441 1171 3509; x_wconf 82' lang='lat' dir='ltr'><strong>Vers.l.)</strong></span> <span class='ocrx_word' id='word_1_283' title='bbox 1205 3466 1229 3489; x_wconf 91' lang='grc'><em>‹‹</em></span> <span class='ocrx_word' id='word_1_284' title='bbox 1286 3440 1439 3494; x_wconf 80' lang='lat' dir='ltr'><strong>Dixit</strong></span> <span class='ocrx_word' id='word_1_285' title='bbox 1494 3439 1599 3505; x_wconf 86' lang='lat' dir='ltr'><strong>vir,</strong></span> <span class='ocrx_word' id='word_1_286' title='bbox 1662 3439 1754 3494; x_wconf 90' lang='lat' dir='ltr'><strong>cui</strong></span> <span class='ocrx_word' id='word_1_287' title='bbox 1813 3456 1953 3493; x_wconf 88' lang='lat' dir='ltr'><strong>con-</strong></span> 
     </span>
    </p>
   </div>
   <div class='ocr_carea' id='block_1_39' title="bbox 290 3528 1950 3601">
    <p class='ocr_par' dir='ltr' id='par_1_39' title="bbox 290 3528 1950 3601">
     <span class='ocr_line' id='line_1_39' title="bbox 290 3528 1950 3601; baseline -0.004 -14"><span class='ocrx_word' id='word_1_288' title='bbox 290 3532 583 3601; x_wconf 60' lang='lat' dir='ltr'><strong>.stitutum</strong></span> <span class='ocrx_word' id='word_1_289' title='bbox 616 3535 703 3586; x_wconf 92' lang='lat' dir='ltr'><strong>est</strong></span> <span class='ocrx_word' id='word_1_290' title='bbox 758 3532 828 3585; x_wconf 89' lang='lat' dir='ltr'><strong>de</strong></span> <span class='ocrx_word' id='word_1_291' title='bbox 857 3530 1075 3585; x_wconf 91' lang='lat' dir='ltr'><strong>christo</strong></span> <span class='ocrx_word' id='word_1_292' title='bbox 1136 3530 1229 3584; x_wconf 92' lang='lat' dir='ltr'><strong>Dei</strong></span> <span class='ocrx_word' id='word_1_293' title='bbox 1276 3531 1475 3584; x_wconf 87' lang='lat' dir='ltr'><strong>Jacob.</strong></span> <span class='ocrx_word' id='word_1_294' title='bbox 1516 3552 1540 3575; x_wconf 68' lang='grc' dir='ltr'><strong>ι»</strong></span> <span class='ocrx_word' id='word_1_295' title='bbox 1579 3529 1639 3583; x_wconf 92' lang='lat' dir='ltr'><strong>In</strong></span> <span class='ocrx_word' id='word_1_296' title='bbox 1682 3528 1950 3583; x_wconf 71' lang='lat' dir='ltr'><strong>Hebraeo:</strong></span> 
     </span>
    </p>
   </div>
   <div class='ocr_carea' id='block_1_40' title="bbox 286 3618 1955 3682">
    <p class='ocr_par' dir='ltr' id='par_1_40' title="bbox 286 3618 1955 3682">
     <span class='ocr_line' id='line_1_40' title="bbox 286 3618 1955 3682; baseline -0.007 0"><span class='ocrx_word' id='word_1_297' title='bbox 286 3644 335 3682; x_wconf 77' lang='grc' dir='ltr'><strong>,α</strong></span> <span class='ocrx_word' id='word_1_298' title='bbox 370 3621 471 3678; x_wconf 88' lang='lat' dir='ltr'><strong>Cui</strong></span> <span class='ocrx_word' id='word_1_299' title='bbox 502 3621 818 3677; x_wconf 90' lang='lat' dir='ltr'><strong>constituta</strong></span> <span class='ocrx_word' id='word_1_300' title='bbox 847 3626 935 3674; x_wconf 90' lang='lat' dir='ltr'><strong>est</strong></span> <span class='ocrx_word' id='word_1_301' title='bbox 963 3618 1122 3675; x_wconf 88' lang='lat' dir='ltr'><strong>scala</strong></span> <span class='ocrx_word' id='word_1_302' title='bbox 1151 3619 1369 3674; x_wconf 88' lang='lat' dir='ltr'><strong>christo</strong></span> <span class='ocrx_word' id='word_1_303' title='bbox 1410 3618 1507 3673; x_wconf 89' lang='lat' dir='ltr'><strong>Dei</strong></span> <span class='ocrx_word' id='word_1_304' title='bbox 1530 3618 1729 3673; x_wconf 84' lang='lat' dir='ltr'><strong>Jocob.</strong></span> <span class='ocrx_word' id='word_1_305' title='bbox 1766 3639 1792 3665; x_wconf 87' lang='grc'><strong>››</strong></span> <span class='ocrx_word' id='word_1_306' title='bbox 1820 3618 1955 3673; x_wconf 87' lang='lat' dir='ltr'><strong>Sca-</strong></span> 
     </span>
    </p>
   </div>
   <div class='ocr_carea' id='block_1_41' title="bbox 300 3704 1954 3776">
    <p class='ocr_par' dir='ltr' id='par_1_41' title="bbox 300 3704 1954 3776">
     <span class='ocr_line' id='line_1_41' title="bbox 300 3704 1954 3776; baseline -0.005 -10"><span class='ocrx_word' id='word_1_307' title='bbox 300 3710 360 3766; x_wconf 90' lang='lat' dir='ltr'><strong>la</strong></span> <span class='ocrx_word' id='word_1_308' title='bbox 391 3709 580 3766; x_wconf 90' lang='lat' dir='ltr'><strong>eidem</strong></span> <span class='ocrx_word' id='word_1_309' title='bbox 612 3708 829 3765; x_wconf 89' lang='lat' dir='ltr'><strong>christo</strong></span> <span class='ocrx_word' id='word_1_310' title='bbox 853 3708 1176 3774; x_wconf 86' lang='lat' dir='ltr'><strong>DeiJacob,</strong></span> <span class='ocrx_word' id='word_1_311' title='bbox 1231 3708 1286 3761; x_wconf 87' lang='lat' dir='ltr'><strong>id</strong></span> <span class='ocrx_word' id='word_1_312' title='bbox 1344 3713 1433 3761; x_wconf 89' lang='lat' dir='ltr'><strong>est</strong></span> <span class='ocrx_word' id='word_1_313' title='bbox 1475 3707 1672 3776; x_wconf 83' lang='lat' dir='ltr'><strong>David,</strong></span> <span class='ocrx_word' id='word_1_314' title='bbox 1736 3704 1954 3762; x_wconf 88' lang='lat' dir='ltr'><strong>consti-</strong></span> 
     </span>
    </p>
   </div>
   <div class='ocr_carea' id='block_1_42' title="bbox 300 3794 1955 3869">
    <p class='ocr_par' dir='ltr' id='par_1_42' title="bbox 300 3794 1955 3869">
     <span class='ocr_line' id='line_1_42' title="bbox 300 3794 1955 3869; baseline -0.004 -14"><span class='ocrx_word' id='word_1_315' title='bbox 300 3802 431 3855; x_wconf 88' lang='lat' dir='ltr'><strong>tuta</strong></span> <span class='ocrx_word' id='word_1_316' title='bbox 460 3802 676 3869; x_wconf 87' lang='lat' dir='ltr'><strong>est,per</strong></span> <span class='ocrx_word' id='word_1_317' title='bbox 696 3815 873 3869; x_wconf 89' lang='lat' dir='ltr'><strong>quam</strong></span> <span class='ocrx_word' id='word_1_318' title='bbox 905 3797 1318 3851; x_wconf 86' lang='lat' dir='ltr'><strong>conscenderet</strong></span> <span class='ocrx_word' id='word_1_319' title='bbox 1346 3795 1416 3849; x_wconf 82' lang='lat' dir='ltr'><strong>ad</strong></span> <span class='ocrx_word' id='word_1_320' title='bbox 1454 3800 1631 3850; x_wconf 88' lang='lat' dir='ltr'><strong>Deum</strong></span> <span class='ocrx_word' id='word_1_321' title='bbox 1659 3811 1671 3850; x_wconf 90' lang='lat'><strong>:</strong></span> <span class='ocrx_word' id='word_1_322' title='bbox 1696 3812 1760 3850; x_wconf 91' lang='lat' dir='ltr'><strong>eo</strong></span> <span class='ocrx_word' id='word_1_323' title='bbox 1801 3794 1955 3866; x_wconf 90' lang='lat' dir='ltr'><strong>quod</strong></span> 
     </span>
    </p>
   </div>
   <div class='ocr_carea' id='block_1_43' title="bbox 290 3883 1956 3955">
    <p class='ocr_par' dir='ltr' id='par_1_43' title="bbox 290 3883 1956 3955">
     <span class='ocr_line' id='line_1_43' title="bbox 290 3883 1956 3955; baseline -0.004 -11"><span class='ocrx_word' id='word_1_324' title='bbox 290 3888 456 3945; x_wconf 86' lang='lat' dir='ltr'><strong>idem</strong></span> <span class='ocrx_word' id='word_1_325' title='bbox 492 3886 714 3943; x_wconf 88' lang='lat' dir='ltr'><strong>scilicet</strong></span> <span class='ocrx_word' id='word_1_326' title='bbox 744 3886 1050 3941; x_wconf 89' lang='lat' dir='ltr'><strong>confessus</strong></span> <span class='ocrx_word' id='word_1_327' title='bbox 1082 3885 1257 3941; x_wconf 88' lang='lat' dir='ltr'><strong>fuerit</strong></span> <span class='ocrx_word' id='word_1_328' title='bbox 1288 3902 1348 3940; x_wconf 89' lang='lat' dir='ltr'><strong>se</strong></span> <span class='ocrx_word' id='word_1_329' title='bbox 1386 3901 1655 3955; x_wconf 84' lang='lat' dir='ltr'><strong>peccasse</strong></span> <span class='ocrx_word' id='word_1_330' title='bbox 1718 3883 1956 3938; x_wconf 91' lang='lat' dir='ltr'><strong>Domino</strong></span> 
     </span>
    </p>
   </div>
   <div class='ocr_carea' id='block_1_44' title="bbox 298 3972 1955 4044">
    <p class='ocr_par' dir='ltr' id='par_1_44' title="bbox 298 3972 1955 4044">
     <span class='ocr_line' id='line_1_44' title="bbox 298 3972 1955 4044; baseline -0.002 -15"><span class='ocrx_word' id='word_1_331' title='bbox 298 3974 364 4029; x_wconf 88' lang='lat' dir='ltr'><strong>in</strong></span> <span class='ocrx_word' id='word_1_332' title='bbox 399 3973 535 4030; x_wconf 90' lang='lat' dir='ltr'><strong>Uria</strong></span> <span class='ocrx_word' id='word_1_333' title='bbox 570 3973 782 4039; x_wconf 77' lang='lat' dir='ltr'><strong>Ethzeo,</strong></span> <span class='ocrx_word' id='word_1_334' title='bbox 834 3978 891 4026; x_wconf 89' lang='lat' dir='ltr'><strong>et</strong></span> <span class='ocrx_word' id='word_1_335' title='bbox 948 3972 1349 4044; x_wconf 59' lang='lat' dir='ltr'><strong>penitentiam</strong></span> <span class='ocrx_word' id='word_1_336' title='bbox 1409 3988 1586 4042; x_wconf 82' lang='lat' dir='ltr'><strong>agens</strong></span> <span class='ocrx_word' id='word_1_337' title='bbox 1636 3989 1738 4044; x_wconf 88' lang='lat' dir='ltr'><strong>per</strong></span> <span class='ocrx_word' id='word_1_338' title='bbox 1807 3972 1955 4025; x_wconf 91' lang='lat' dir='ltr'><strong>hanc</strong></span> 
     </span>
    </p>
   </div>
   <div class='ocr_carea' id='block_1_45' title="bbox 295 4060 1300 4119">
    <p class='ocr_par' dir='ltr' id='par_1_45' title="bbox 295 4060 1300 4119">
     <span class='ocr_line' id='line_1_45' title="bbox 295 4060 1300 4119; baseline -0.004 -1"><span class='ocrx_word' id='word_1_339' title='bbox 295 4062 525 4119; x_wconf 83' lang='lat' dir='ltr'><strong>scalam</strong></span> <span class='ocrx_word' id='word_1_340' title='bbox 556 4060 962 4117; x_wconf 85' lang='lat' dir='ltr'><strong>conscenderit</strong></span> <span class='ocrx_word' id='word_1_341' title='bbox 991 4062 1062 4115; x_wconf 89' lang='lat' dir='ltr'><strong>ad</strong></span> <span class='ocrx_word' id='word_1_342' title='bbox 1096 4061 1300 4116; x_wconf 92' lang='lat' dir='ltr'><strong>Deum.</strong></span> 
     </span>
    </p>
   </div>
   <div class='ocr_carea' id='block_1_46' title="bbox 374 4148 1957 4222">
    <p class='ocr_par' dir='ltr' id='par_1_46' title="bbox 374 4148 1957 4222">
     <span class='ocr_line' id='line_1_46' title="bbox 374 4148 1957 4222; baseline -0.005 -17"><span class='ocrx_word' id='word_1_343' title='bbox 374 4151 571 4222; x_wconf 91' lang='lat' dir='ltr'><strong>(Ibid.)</strong></span> <span class='ocrx_word' id='word_1_344' title='bbox 604 4174 630 4199; x_wconf 82' lang='lat'><strong><em>«</em></strong></span> <span class='ocrx_word' id='word_1_345' title='bbox 690 4151 817 4204; x_wconf 63' lang='lat' dir='ltr'><strong>Ilaec</strong></span> <span class='ocrx_word' id='word_1_346' title='bbox 874 4153 1011 4203; x_wconf 91' lang='lat' dir='ltr'><strong>sunt</strong></span> <span class='ocrx_word' id='word_1_347' title='bbox 1063 4149 1239 4203; x_wconf 91' lang='lat' dir='ltr'><strong>verba</strong></span> <span class='ocrx_word' id='word_1_348' title='bbox 1309 4148 1489 4203; x_wconf 88' lang='lat' dir='ltr'><strong>David</strong></span> <span class='ocrx_word' id='word_1_349' title='bbox 1550 4148 1957 4203; x_wconf 75' lang='lat' dir='ltr'><strong>novissima.»</strong></span> 
     </span>
    </p>
   </div>
   <div class='ocr_carea' id='block_1_47' title="bbox 297 4236 1961 4309">
    <p class='ocr_par' dir='ltr' id='par_1_47' title="bbox 297 4236 1961 4309">
     <span class='ocr_line' id='line_1_47' title="bbox 297 4236 1961 4309; baseline -0.004 -12"><span class='ocrx_word' id='word_1_350' title='bbox 297 4239 634 4303; x_wconf 84' lang='lat' dir='ltr'><strong>Novissima</strong></span> <span class='ocrx_word' id='word_1_351' title='bbox 668 4242 829 4303; x_wconf 88' lang='lat' dir='ltr'><strong>sunt,</strong></span> <span class='ocrx_word' id='word_1_352' title='bbox 860 4237 997 4309; x_wconf 89' lang='lat' dir='ltr'><strong>quia</strong></span> <span class='ocrx_word' id='word_1_353' title='bbox 1030 4242 1162 4309; x_wconf 89' lang='lat' dir='ltr'><strong>post</strong></span> <span class='ocrx_word' id='word_1_354' title='bbox 1220 4236 1586 4308; x_wconf 84' lang='lat' dir='ltr'><strong>psalterium,</strong></span> <span class='ocrx_word' id='word_1_355' title='bbox 1638 4243 1695 4292; x_wconf 90' lang='lat' dir='ltr'><strong>et</strong></span> <span class='ocrx_word' id='word_1_356' title='bbox 1752 4243 1961 4292; x_wconf 69' lang='lat' dir='ltr'><strong>caetera</strong></span> 
     </span>
    </p>
   </div>
   <div class='ocr_carea' id='block_1_48' title="bbox 296 4325 1959 4399">
    <p class='ocr_par' dir='ltr' id='par_1_48' title="bbox 296 4325 1959 4399">
     <span class='ocr_line' id='line_1_48' title="bbox 296 4325 1959 4399; baseline -0.002 -16"><span class='ocrx_word' id='word_1_357' title='bbox 296 4333 513 4394; x_wconf 81' lang='lat' dir='ltr'><strong>metra,</strong></span> <span class='ocrx_word' id='word_1_358' title='bbox 548 4328 654 4383; x_wconf 89' lang='lat' dir='ltr'><strong>hoc</strong></span> <span class='ocrx_word' id='word_1_359' title='bbox 682 4326 1082 4399; x_wconf 85' lang='lat' dir='ltr'><strong>composuisse</strong></span> <span class='ocrx_word' id='word_1_360' title='bbox 1141 4330 1390 4381; x_wconf 90' lang='lat' dir='ltr'><strong>metrum</strong></span> <span class='ocrx_word' id='word_1_361' title='bbox 1438 4325 1673 4393; x_wconf 89' lang='lat' dir='ltr'><strong>dicitur,</strong></span> <span class='ocrx_word' id='word_1_362' title='bbox 1726 4327 1782 4380; x_wconf 90' lang='lat' dir='ltr'><strong>in</strong></span> <span class='ocrx_word' id='word_1_363' title='bbox 1842 4342 1959 4397; x_wconf 89' lang='lat' dir='ltr'><strong>quo</strong></span> 
     </span>
    </p>
   </div>
   <div class='ocr_carea' id='block_1_49' title="bbox 300 4414 1963 4485">
    <p class='ocr_par' dir='ltr' id='par_1_49' title="bbox 300 4414 1963 4485">
     <span class='ocr_line' id='line_1_49' title="bbox 300 4414 1963 4485; baseline -0.002 -14"><span class='ocrx_word' id='word_1_364' title='bbox 300 4416 389 4477; x_wconf 80' lang='lat' dir='ltr'><strong>ait</strong></span> <span class='ocrx_word' id='word_1_365' title='bbox 421 4433 433 4471; x_wconf 91' lang='lat'><strong>:</strong></span> <span class='ocrx_word' id='word_1_366' title='bbox 475 4435 495 4463; x_wconf 74' lang='grc' dir='ltr'>ι</span> <span class='ocrx_word' id='word_1_367' title='bbox 532 4415 687 4471; x_wconf 88' lang='lat' dir='ltr'><strong>Dixit</strong></span> <span class='ocrx_word' id='word_1_368' title='bbox 717 4415 892 4471; x_wconf 87' lang='lat' dir='ltr'><strong>David</strong></span> <span class='ocrx_word' id='word_1_369' title='bbox 920 4414 1076 4470; x_wconf 89' lang='lat' dir='ltr'><strong>ﬁlius</strong></span> <span class='ocrx_word' id='word_1_370' title='bbox 1113 4415 1248 4470; x_wconf 90' lang='lat' dir='ltr'><strong>Isai.</strong></span> <span class='ocrx_word' id='word_1_371' title='bbox 1284 4414 1437 4470; x_wconf 76' lang='lat' dir='ltr'><strong>Dixit</strong></span> <span class='ocrx_word' id='word_1_372' title='bbox 1466 4414 1571 4485; x_wconf 89' lang='lat' dir='ltr'><strong>vir,</strong></span> <span class='ocrx_word' id='word_1_373' title='bbox 1605 4415 1693 4470; x_wconf 90' lang='lat' dir='ltr'><strong>cui</strong></span> <span class='ocrx_word' id='word_1_374' title='bbox 1754 4414 1963 4470; x_wconf 80' lang='lat' dir='ltr'><strong>consti-</strong></span> 
     </span>
    </p>
   </div>
   <div class='ocr_carea' id='block_1_50' title="bbox 303 4503 1341 4561">
    <p class='ocr_par' dir='ltr' id='par_1_50' title="bbox 303 4503 1341 4561">
     <span class='ocr_line' id='line_1_50' title="bbox 303 4503 1341 4561; baseline -0.003 -1"><span class='ocrx_word' id='word_1_375' title='bbox 303 4508 436 4561; x_wconf 90' lang='lat' dir='ltr'><strong>tnta</strong></span> <span class='ocrx_word' id='word_1_376' title='bbox 455 4508 543 4560; x_wconf 91' lang='lat' dir='ltr'><strong>est</strong></span> <span class='ocrx_word' id='word_1_377' title='bbox 574 4504 730 4559; x_wconf 87' lang='lat' dir='ltr'><strong>scala</strong></span> <span class='ocrx_word' id='word_1_378' title='bbox 760 4503 979 4558; x_wconf 89' lang='lat' dir='ltr'><strong>christo</strong></span> <span class='ocrx_word' id='word_1_379' title='bbox 1012 4504 1108 4558; x_wconf 89' lang='lat' dir='ltr'><strong>Dei</strong></span> <span class='ocrx_word' id='word_1_380' title='bbox 1141 4503 1341 4559; x_wconf 87' lang='lat' dir='ltr'><strong>Jacob.</strong></span> 
     </span>
    </p>
   </div>
   <div class='ocr_carea' id='block_1_51' title="bbox 378 4591 1960 4664">
    <p class='ocr_par' dir='ltr' id='par_1_51' title="bbox 378 4591 1960 4664">
     <span class='ocr_line' id='line_1_51' title="bbox 378 4591 1960 4664; baseline -0.001 -17"><span class='ocrx_word' id='word_1_381' title='bbox 378 4592 562 4664; x_wconf 85' lang='lat' dir='ltr'><strong>(Vers.</strong></span> <span class='ocrx_word' id='word_1_382' title='bbox 592 4593 700 4663; x_wconf 80' lang='lat' dir='ltr'><strong>I3.)</strong></span> <span class='ocrx_word' id='word_1_383' title='bbox 732 4616 759 4641; x_wconf 88' lang='grc'><strong>‹‹</strong></span> <span class='ocrx_word' id='word_1_384' title='bbox 791 4593 857 4647; x_wconf 88' lang='lat' dir='ltr'><strong>Et</strong></span> <span class='ocrx_word' id='word_1_385' title='bbox 885 4592 1313 4647; x_wconf 88' lang='lat' dir='ltr'><strong>descenderunt</strong></span> <span class='ocrx_word' id='word_1_386' title='bbox 1344 4596 1462 4647; x_wconf 91' lang='lat' dir='ltr'><strong>tres</strong></span> <span class='ocrx_word' id='word_1_387' title='bbox 1508 4591 1606 4663; x_wconf 90' lang='lat' dir='ltr'><strong>qui</strong></span> <span class='ocrx_word' id='word_1_388' title='bbox 1664 4594 1738 4662; x_wconf 77' lang='grc' dir='ltr'><strong>(ιι)</strong></span> <span class='ocrx_word' id='word_1_389' title='bbox 1798 4596 1960 4647; x_wconf 91' lang='lat' dir='ltr'><strong>erant</strong></span> 
     </span>
    </p>
   </div>
   <div class='ocr_carea' id='block_1_52' title="bbox 300 4680 1960 4756">
    <p class='ocr_par' dir='ltr' id='par_1_52' title="bbox 300 4680 1960 4756">
     <span class='ocr_line' id='line_1_52' title="bbox 300 4680 1960 4756; baseline -0.002 -17"><span class='ocrx_word' id='word_1_390' title='bbox 300 4681 597 4756; x_wconf 88' lang='lat' dir='ltr'><strong>principes</strong></span> <span class='ocrx_word' id='word_1_391' title='bbox 658 4681 809 4737; x_wconf 93' lang='lat' dir='ltr'><strong>inter</strong></span> <span class='ocrx_word' id='word_1_392' title='bbox 856 4680 1119 4753; x_wconf 86' lang='lat' dir='ltr'><strong>triginta,</strong></span> <span class='ocrx_word' id='word_1_393' title='bbox 1171 4684 1229 4736; x_wconf 91' lang='lat' dir='ltr'><strong>et</strong></span> <span class='ocrx_word' id='word_1_394' title='bbox 1268 4684 1552 4736; x_wconf 91' lang='lat' dir='ltr'><strong>venerunt</strong></span> <span class='ocrx_word' id='word_1_395' title='bbox 1583 4680 1640 4735; x_wconf 91' lang='lat' dir='ltr'><strong>in</strong></span> <span class='ocrx_word' id='word_1_396' title='bbox 1701 4686 1960 4753; x_wconf 89' lang='lat' dir='ltr'><strong>tempore</strong></span> 
     </span>
    </p>
   </div>
   <div class='ocr_carea' id='block_1_53' title="bbox 303 4768 1961 4840">
    <p class='ocr_par' dir='ltr' id='par_1_53' title="bbox 303 4768 1961 4840">
     <span class='ocr_line' id='line_1_53' title="bbox 303 4768 1961 4840; baseline -0.001 -14"><span class='ocrx_word' id='word_1_397' title='bbox 303 4771 520 4827; x_wconf 78' lang='lat' dir='ltr'><strong>messis</strong></span> <span class='ocrx_word' id='word_1_398' title='bbox 547 4770 617 4824; x_wconf 89' lang='lat' dir='ltr'><strong>ad</strong></span> <span class='ocrx_word' id='word_1_399' title='bbox 666 4769 846 4824; x_wconf 89' lang='lat' dir='ltr'><strong>David</strong></span> <span class='ocrx_word' id='word_1_400' title='bbox 908 4769 968 4822; x_wconf 91' lang='lat' dir='ltr'><strong>in</strong></span> <span class='ocrx_word' id='word_1_401' title='bbox 1012 4768 1353 4840; x_wconf 89' lang='lat' dir='ltr'><strong>speluncam</strong></span> <span class='ocrx_word' id='word_1_402' title='bbox 1415 4768 1757 4824; x_wconf 81' lang='lat' dir='ltr'><strong>Odollam.»</strong></span> <span class='ocrx_word' id='word_1_403' title='bbox 1819 4770 1961 4825; x_wconf 89' lang='lat' dir='ltr'><strong>Tres</strong></span> 
     </span>
    </p>
   </div>
   <div class='ocr_carea' id='block_1_54' title="bbox 301 4856 1961 4925">
    <p class='ocr_par' dir='ltr' id='par_1_54' title="bbox 301 4856 1961 4925">
     <span class='ocr_line' id='line_1_54' title="bbox 301 4856 1961 4925; baseline -0.002 -10"><span class='ocrx_word' id='word_1_404' title='bbox 301 4859 405 4915; x_wconf 84' lang='lat' dir='ltr'><strong>isti</strong></span> <span class='ocrx_word' id='word_1_405' title='bbox 456 4858 712 4925; x_wconf 90' lang='lat' dir='ltr'><strong>fuerunt,</strong></span> <span class='ocrx_word' id='word_1_406' title='bbox 773 4856 973 4913; x_wconf 81' lang='lat' dir='ltr'><strong>Abisai</strong></span> <span class='ocrx_word' id='word_1_407' title='bbox 1034 4857 1193 4913; x_wconf 91' lang='lat' dir='ltr'><strong>ﬁlius</strong></span> <span class='ocrx_word' id='word_1_408' title='bbox 1244 4858 1476 4923; x_wconf 67' lang='lat' dir='ltr'><strong>Sarviaz,</strong></span> <span class='ocrx_word' id='word_1_409' title='bbox 1538 4863 1594 4913; x_wconf 92' lang='lat' dir='ltr'><strong>et</strong></span> <span class='ocrx_word' id='word_1_410' title='bbox 1651 4857 1961 4913; x_wconf 88' lang='lat' dir='ltr'><strong>Sibbachai</strong></span> 
     </span>
    </p>
   </div>
   <div class='ocr_carea' id='block_1_55' title="bbox 305 4946 1961 5021">
    <p class='ocr_par' dir='ltr' id='par_1_55' title="bbox 305 4946 1961 5021">
     <span class='ocr_line' id='line_1_55' title="bbox 305 4946 1961 5021; baseline -0.002 -17"><span class='ocrx_word' id='word_1_411' title='bbox 305 4946 626 5015; x_wconf 90' lang='lat' dir='ltr'><strong>Usathites,</strong></span> <span class='ocrx_word' id='word_1_412' title='bbox 665 4954 721 5001; x_wconf 88' lang='lat' dir='ltr'><strong>et</strong></span> <span class='ocrx_word' id='word_1_413' title='bbox 748 4946 1067 5002; x_wconf 87' lang='lat' dir='ltr'><strong>Jonatham</strong></span> <span class='ocrx_word' id='word_1_414' title='bbox 1098 4946 1257 5003; x_wconf 90' lang='lat' dir='ltr'><strong>ﬁlius</strong></span> <span class='ocrx_word' id='word_1_415' title='bbox 1281 4948 1553 5021; x_wconf 12' lang='lat' dir='ltr'><strong>Sem‘maa</strong></span> <span class='ocrx_word' id='word_1_416' title='bbox 1574 4946 1961 5021; x_wconf 86' lang='lat' dir='ltr'><strong>fratrisDavid</strong></span> 
     </span>
    </p>
   </div>
   <div class='ocr_carea' id='block_1_56' title="bbox 304 5034 1964 5107">
    <p class='ocr_par' dir='ltr' id='par_1_56' title="bbox 304 5034 1964 5107">
     <span class='ocr_line' id='line_1_56' title="bbox 304 5034 1964 5107; baseline -0.002 -14"><span class='ocrx_word' id='word_1_417' title='bbox 304 5036 381 5093; x_wconf 83' lang='lat' dir='ltr'><strong>Hi</strong></span> <span class='ocrx_word' id='word_1_418' title='bbox 411 5035 582 5091; x_wconf 87' lang='lat' dir='ltr'><strong>etiam</strong></span> <span class='ocrx_word' id='word_1_419' title='bbox 616 5041 736 5091; x_wconf 91' lang='lat' dir='ltr'><strong>tres</strong></span> <span class='ocrx_word' id='word_1_420' title='bbox 761 5035 1098 5107; x_wconf 90' lang='lat' dir='ltr'><strong>irruperant</strong></span> <span class='ocrx_word' id='word_1_421' title='bbox 1128 5040 1320 5091; x_wconf 90' lang='lat' dir='ltr'><strong>castra</strong></span> <span class='ocrx_word' id='word_1_422' title='bbox 1377 5034 1847 5102; x_wconf 87' lang='lat' dir='ltr'><strong>Philistinorum,</strong></span> <span class='ocrx_word' id='word_1_423' title='bbox 1908 5040 1964 5090; x_wconf 91' lang='lat' dir='ltr'><strong>ct</strong></span> 
     </span>
    </p>
   </div>
   <div class='ocr_carea' id='block_1_57' title="bbox 306 5124 1961 5196">
    <p class='ocr_par' dir='ltr' id='par_1_57' title="bbox 306 5124 1961 5196">
     <span class='ocr_line' id='line_1_57' title="bbox 306 5124 1961 5196; baseline -0.002 -14"><span class='ocrx_word' id='word_1_424' title='bbox 306 5125 639 5182; x_wconf 85' lang='lat' dir='ltr'><strong>hauserunt</strong></span> <span class='ocrx_word' id='word_1_425' title='bbox 666 5142 879 5196; x_wconf 88' lang='lat' dir='ltr'><strong>aquam</strong></span> <span class='ocrx_word' id='word_1_426' title='bbox 902 5125 973 5180; x_wconf 91' lang='lat' dir='ltr'><strong>de</strong></span> <span class='ocrx_word' id='word_1_427' title='bbox 1005 5125 1261 5183; x_wconf 91' lang='lat' dir='ltr'><strong>cisterna</strong></span> <span class='ocrx_word' id='word_1_428' title='bbox 1290 5124 1605 5181; x_wconf 90' lang='lat' dir='ltr'><strong>Bethleem.</strong></span> <span class='ocrx_word' id='word_1_429' title='bbox 1634 5126 1700 5179; x_wconf 88' lang='lat' dir='ltr'><strong>Et</strong></span> <span class='ocrx_word' id='word_1_430' title='bbox 1730 5125 1800 5179; x_wconf 91' lang='lat' dir='ltr'><strong>de</strong></span> <span class='ocrx_word' id='word_1_431' title='bbox 1859 5124 1961 5179; x_wconf 91' lang='lat' dir='ltr'><strong>tri-</strong></span> 
     </span>
    </p>
   </div>
   <div class='ocr_carea' id='block_1_58' title="bbox 306 5212 1963 5285">
    <p class='ocr_par' dir='ltr' id='par_1_58' title="bbox 306 5212 1963 5285">
     <span class='ocr_line' id='line_1_58' title="bbox 306 5212 1963 5285; baseline 0 -16"><span class='ocrx_word' id='word_1_432' title='bbox 306 5215 422 5269; x_wconf 89' lang='lat' dir='ltr'><strong>bus</strong></span> <span class='ocrx_word' id='word_1_433' title='bbox 452 5214 581 5269; x_wconf 87' lang='lat' dir='ltr'><strong>istis</strong></span> <span class='ocrx_word' id='word_1_434' title='bbox 612 5212 809 5269; x_wconf 85' lang='lat' dir='ltr'><strong>Abisai</strong></span> <span class='ocrx_word' id='word_1_435' title='bbox 842 5213 1070 5285; x_wconf 87' lang='lat' dir='ltr'><strong>primus</strong></span> <span class='ocrx_word' id='word_1_436' title='bbox 1101 5218 1243 5282; x_wconf 84' lang='lat' dir='ltr'><strong>erat,</strong></span> <span class='ocrx_word' id='word_1_437' title='bbox 1278 5213 1430 5284; x_wconf 91' lang='lat' dir='ltr'><strong>quod</strong></span> <span class='ocrx_word' id='word_1_438' title='bbox 1465 5213 1524 5267; x_wconf 90' lang='lat' dir='ltr'><strong>in</strong></span> <span class='ocrx_word' id='word_1_439' title='bbox 1574 5214 1963 5284; x_wconf 89' lang='lat' dir='ltr'><strong>sequentibus</strong></span> 
     </span>
    </p>
   </div>
   <div class='ocr_carea' id='block_1_59' title="bbox 308 5301 663 5359">
    <p class='ocr_par' dir='ltr' id='par_1_59' title="bbox 308 5301 663 5359">
     <span class='ocr_line' id='line_1_59' title="bbox 308 5301 663 5359; baseline -0.008 0"><span class='ocrx_word' id='word_1_440' title='bbox 308 5301 663 5359; x_wconf 89' lang='lat' dir='ltr'><strong>declaratur.</strong></span> 
     </span>
    </p>
   </div>
   <div class='ocr_carea' id='block_1_60' title="bbox 382 5391 1959 5463">
    <p class='ocr_par' dir='ltr' id='par_1_60' title="bbox 382 5391 1959 5463">
     <span class='ocr_line' id='line_1_60' title="bbox 382 5391 1959 5463; baseline 0.004 -19"><span class='ocrx_word' id='word_1_441' title='bbox 382 5391 567 5461; x_wconf 87' lang='lat' dir='ltr'><strong>(Vers.</strong></span> <span class='ocrx_word' id='word_1_442' title='bbox 598 5391 707 5462; x_wconf 86' lang='grc'><strong>18.)</strong></span> <span class='ocrx_word' id='word_1_443' title='bbox 745 5412 772 5441; x_wconf 86' lang='grc'><strong>‹‹</strong></span> <span class='ocrx_word' id='word_1_444' title='bbox 816 5391 1006 5448; x_wconf 82' lang='lat' dir='ltr'><strong>Abisai</strong></span> <span class='ocrx_word' id='word_1_445' title='bbox 1058 5406 1292 5463; x_wconf 89' lang='lat' dir='ltr'><strong>quoque</strong></span> <span class='ocrx_word' id='word_1_446' title='bbox 1351 5391 1527 5446; x_wconf 86' lang='lat' dir='ltr'><strong>frater</strong></span> <span class='ocrx_word' id='word_1_447' title='bbox 1576 5391 1749 5459; x_wconf 88' lang='lat' dir='ltr'><strong>Joab,</strong></span> <span class='ocrx_word' id='word_1_448' title='bbox 1802 5392 1959 5451; x_wconf 92' lang='lat' dir='ltr'><strong>ﬁlius</strong></span> 
     </span>
    </p>
   </div>
   <div class='ocr_carea' id='block_1_61' title="bbox 378 5533 1827 5677">
    <p class='ocr_par' dir='ltr' id='par_1_61' title="bbox 378 5533 1827 5677">
     <span class='ocr_line' id='line_1_61' title="bbox 378 5533 1827 5677; baseline 0.001 -89"><span class='ocrx_word' id='word_1_449' title='bbox 378 5534 435 5677; x_wconf 54' lang='lat' dir='ltr'><strong>Ea</strong></span> <span class='ocrx_word' id='word_1_450' title='bbox 484 5536 645 5589; x_wconf 85' lang='lat' dir='ltr'><strong>Meus</strong></span> <span class='ocrx_word' id='word_1_451' title='bbox 679 5551 815 5600; x_wconf 89' lang='lat' dir='ltr'><strong>ms.,</strong></span> <span class='ocrx_word' id='word_1_452' title='bbox 850 5533 1245 5589; x_wconf 75' lang='lat' dir='ltr'><strong>Descenderam</strong></span> <span class='ocrx_word' id='word_1_453' title='bbox 1274 5536 1382 5587; x_wconf 77' lang='lat' dir='ltr'><strong>tres</strong></span> <span class='ocrx_word' id='word_1_454' title='bbox 1416 5534 1549 5600; x_wconf 81' lang='lat' dir='ltr'><strong>viri,</strong></span> <span class='ocrx_word' id='word_1_455' title='bbox 1572 5536 1687 5605; x_wconf 86' lang='lat' dir='ltr'><strong>qui,</strong></span> <span class='ocrx_word' id='word_1_456' title='bbox 1719 5539 1827 5590; x_wconf 89' lang='lat' dir='ltr'><strong>etc.</strong></span> 
     </span>
     <span class='ocr_line' id='line_1_62' title="bbox 403 5538 1824 5677; baseline 0.002 -19"><span class='ocrx_word' id='word_1_457' title='bbox 403 5538 602 5676; x_wconf 67' lang='lat' dir='ltr'><strong>b)Cum</strong></span> <span class='ocrx_word' id='word_1_458' title='bbox 636 5605 866 5677; x_wconf 87' lang='lat' dir='ltr'><strong>vulgato</strong></span> <span class='ocrx_word' id='word_1_459' title='bbox 888 5606 1017 5677; x_wconf 90' lang='lat' dir='ltr'><strong>ipso</strong></span> <span class='ocrx_word' id='word_1_460' title='bbox 1049 5606 1360 5677; x_wconf 88' lang='lat' dir='ltr'><strong>interprete</strong></span> <span class='ocrx_word' id='word_1_461' title='bbox 1391 5620 1599 5660; x_wconf 90' lang='lat' dir='ltr'><strong>nomen</strong></span> <span class='ocrx_word' id='word_1_462' title='bbox 1646 5608 1824 5661; x_wconf 81' lang='lat' dir='ltr'><strong>virum</strong></span> 
     </span>
    </p>
   </div>
   <div class='ocr_carea' id='block_1_62' title="bbox 403 5538 1961 5679">
    <p class='ocr_par' dir='ltr' id='par_1_62' title="bbox 403 5538 1961 5679">
     <span class='ocr_line' id='line_1_63' title="bbox 403 5538 1827 5605; baseline 0.001 -17"><span class='ocrx_word' id='word_1_463' title='bbox 403 5552 435 5588; x_wconf 87' lang='grc' dir='ltr'><em>α</em></span> <span class='ocrx_word' id='word_1_464' title='bbox 484 5538 645 5589; x_wconf 86' lang='lat' dir='ltr'><strong>Meus</strong></span> <span class='ocrx_word' id='word_1_465' title='bbox 679 5551 815 5600; x_wconf 89' lang='lat' dir='ltr'><strong>ms.,</strong></span> <span class='ocrx_word' id='word_1_466' title='bbox 850 5538 1245 5589; x_wconf 75' lang='lat' dir='ltr'><strong>Descenderam</strong></span> <span class='ocrx_word' id='word_1_467' title='bbox 1274 5538 1382 5587; x_wconf 77' lang='lat' dir='ltr'><strong>tres</strong></span> <span class='ocrx_word' id='word_1_468' title='bbox 1416 5538 1549 5600; x_wconf 77' lang='lat' dir='ltr'><strong>viri,</strong></span> <span class='ocrx_word' id='word_1_469' title='bbox 1572 5538 1687 5605; x_wconf 86' lang='lat' dir='ltr'><strong>qui,</strong></span> <span class='ocrx_word' id='word_1_470' title='bbox 1719 5539 1827 5590; x_wconf 89' lang='lat' dir='ltr'><strong>etc.</strong></span> 
     </span>
     <span class='ocr_line' id='line_1_64' title="bbox 403 5538 1961 5679; baseline 0.003 -21"><span class='ocrx_word' id='word_1_471' title='bbox 403 5538 602 5676; x_wconf 67' lang='lat' dir='ltr'><strong>b)Cum</strong></span> <span class='ocrx_word' id='word_1_472' title='bbox 636 5605 866 5679; x_wconf 88' lang='lat' dir='ltr'><strong>vulgato</strong></span> <span class='ocrx_word' id='word_1_473' title='bbox 888 5606 1017 5678; x_wconf 89' lang='lat' dir='ltr'><strong>ipso</strong></span> <span class='ocrx_word' id='word_1_474' title='bbox 1049 5606 1360 5677; x_wconf 88' lang='lat' dir='ltr'><strong>interprete</strong></span> <span class='ocrx_word' id='word_1_475' title='bbox 1391 5620 1599 5660; x_wconf 90' lang='lat' dir='ltr'><strong>nomen</strong></span> <span class='ocrx_word' id='word_1_476' title='bbox 1646 5608 1824 5661; x_wconf 80' lang='lat' dir='ltr'><strong>virum</strong></span> <span class='ocrx_word' id='word_1_477' title='bbox 1876 5624 1961 5663; x_wconf 87' lang='lat' dir='ltr'><strong>rc-</strong></span> 
     </span>
    </p>
   </div>
   <div class='ocr_carea' id='block_1_63' title="bbox 2074 512 3724 587">
    <p class='ocr_par' dir='ltr' id='par_1_63' title="bbox 2074 512 3724 587">
     <span class='ocr_line' id='line_1_65' title="bbox 2074 512 3724 587; baseline 0.002 -20"><span class='ocrx_word' id='word_1_478' title='bbox 2074 512 2191 570; x_wconf 90' lang='lat' dir='ltr'><strong>illis</strong></span> <span class='ocrx_word' id='word_1_479' title='bbox 2221 515 2412 569; x_wconf 90' lang='lat' dir='ltr'><strong>tribus</strong></span> <span class='ocrx_word' id='word_1_480' title='bbox 2447 534 2458 583; x_wconf 94' lang='lat'>;</span> <span class='ocrx_word' id='word_1_481' title='bbox 2496 520 2553 570; x_wconf 91' lang='lat' dir='ltr'><strong>et</strong></span> <span class='ocrx_word' id='word_1_482' title='bbox 2584 516 2736 571; x_wconf 90' lang='lat' dir='ltr'><strong>inter</strong></span> <span class='ocrx_word' id='word_1_483' title='bbox 2767 519 2884 570; x_wconf 89' lang='lat' dir='ltr'><strong>tres</strong></span> <span class='ocrx_word' id='word_1_484' title='bbox 2930 514 3181 571; x_wconf 89' lang='lat' dir='ltr'><strong>nobilior</strong></span> <span class='ocrx_word' id='word_1_485' title='bbox 3226 520 3465 587; x_wconf 89' lang='lat' dir='ltr'><strong>eratque</strong></span> <span class='ocrx_word' id='word_1_486' title='bbox 3521 531 3724 578; x_wconf 87' lang='lat' dir='ltr'><strong>eorum</strong></span> 
     </span>
    </p>
   </div>
   <div class='ocr_carea' id='block_1_64' title="bbox 2074 603 3724 675">
    <p class='ocr_par' dir='ltr' id='par_1_64' title="bbox 2074 603 3724 675">
     <span class='ocr_line' id='line_1_66' title="bbox 2074 603 3724 675; baseline 0.001 -18"><span class='ocrx_word' id='word_1_487' title='bbox 2074 603 2385 675; x_wconf 88' lang='lat' dir='ltr'><strong>princeps:</strong></span> <span class='ocrx_word' id='word_1_488' title='bbox 2420 605 2520 659; x_wconf 88' lang='lat' dir='ltr'><strong>sed</strong></span> <span class='ocrx_word' id='word_1_489' title='bbox 2553 621 2739 675; x_wconf 89' lang='lat' dir='ltr'><strong>usque</strong></span> <span class='ocrx_word' id='word_1_490' title='bbox 2765 607 2836 659; x_wconf 90' lang='lat' dir='ltr'><strong>ad</strong></span> <span class='ocrx_word' id='word_1_491' title='bbox 2862 608 2980 660; x_wconf 91' lang='lat' dir='ltr'><strong>tres</strong></span> <span class='ocrx_word' id='word_1_492' title='bbox 3027 621 3138 659; x_wconf 93' lang='lat' dir='ltr'><strong>non</strong></span> <span class='ocrx_word' id='word_1_493' title='bbox 3194 607 3551 675; x_wconf 89' lang='lat' dir='ltr'><strong>pervenerat,</strong></span> <span class='ocrx_word' id='word_1_494' title='bbox 3579 626 3605 654; x_wconf 90' lang='grc'><strong>››</strong></span> <span class='ocrx_word' id='word_1_495' title='bbox 3664 603 3724 659; x_wconf 92' lang='lat' dir='ltr'><strong>id</strong></span> 
     </span>
    </p>
   </div>
   <div class='ocr_carea' id='block_1_65' title="bbox 2075 691 3727 765">
    <p class='ocr_par' dir='ltr' id='par_1_65' title="bbox 2075 691 3727 765">
     <span class='ocr_line' id='line_1_67' title="bbox 2075 691 3727 765; baseline 0.001 -20"><span class='ocrx_word' id='word_1_496' title='bbox 2075 696 2181 754; x_wconf 86' lang='lat' dir='ltr'><strong>est.</strong></span> <span class='ocrx_word' id='word_1_497' title='bbox 2216 692 2287 745; x_wconf 89' lang='lat' dir='ltr'><strong>ad</strong></span> <span class='ocrx_word' id='word_1_498' title='bbox 2312 697 2429 747; x_wconf 88' lang='lat' dir='ltr'><strong>tres</strong></span> <span class='ocrx_word' id='word_1_499' title='bbox 2476 694 2718 747; x_wconf 86' lang='lat' dir='ltr'><strong>virtutes</strong></span> <span class='ocrx_word' id='word_1_500' title='bbox 2779 693 3003 747; x_wconf 89' lang='lat' dir='ltr'><strong>David:</strong></span> <span class='ocrx_word' id='word_1_501' title='bbox 3056 691 3401 765; x_wconf 89' lang='lat' dir='ltr'><strong>sapientiam</strong></span> <span class='ocrx_word' id='word_1_502' title='bbox 3457 691 3727 749; x_wconf 88' lang='lat' dir='ltr'><strong>videlicet</strong></span> 
     </span>
    </p>
   </div>
   <div class='ocr_carea' id='block_1_66' title="bbox 2074 780 3723 852">
    <p class='ocr_par' dir='ltr' id='par_1_66' title="bbox 2074 780 3723 852">
     <span class='ocr_line' id='line_1_68' title="bbox 2074 780 3723 852; baseline 0.001 -17"><span class='ocrx_word' id='word_1_503' title='bbox 2074 786 2132 835; x_wconf 91' lang='lat' dir='ltr'><strong>et</strong></span> <span class='ocrx_word' id='word_1_504' title='bbox 2158 780 2552 836; x_wconf 88' lang='lat' dir='ltr'><strong>humilitatem</strong></span> <span class='ocrx_word' id='word_1_505' title='bbox 2598 786 2654 837; x_wconf 93' lang='lat' dir='ltr'><strong>et</strong></span> <span class='ocrx_word' id='word_1_506' title='bbox 2712 781 3114 837; x_wconf 82' lang='lat' dir='ltr'><strong>fortitudinem</strong></span> <span class='ocrx_word' id='word_1_507' title='bbox 3174 781 3328 835; x_wconf 89' lang='lat' dir='ltr'><strong>sicut</strong></span> <span class='ocrx_word' id='word_1_508' title='bbox 3394 782 3454 835; x_wconf 94' lang='lat' dir='ltr'><strong>in</strong></span> <span class='ocrx_word' id='word_1_509' title='bbox 3512 798 3723 852; x_wconf 68' lang='lat' dir='ltr'><strong>praace-</strong></span> 
     </span>
    </p>
   </div>
   <div class='ocr_carea' id='block_1_67' title="bbox 2074 868 3725 941">
    <p class='ocr_par' dir='ltr' id='par_1_67' title="bbox 2074 868 3725 941">
     <span class='ocr_line' id='line_1_69' title="bbox 2074 868 3725 941; baseline 0.002 -18"><span class='ocrx_word' id='word_1_510' title='bbox 2074 868 2348 924; x_wconf 89' lang='lat' dir='ltr'><strong>dentibus</strong></span> <span class='ocrx_word' id='word_1_511' title='bbox 2380 873 2539 938; x_wconf 77' lang='lat' dir='ltr'><strong>(vers.</strong></span> <span class='ocrx_word' id='word_1_512' title='bbox 2566 871 2619 941; x_wconf 88' lang='lat'>8)</span> <span class='ocrx_word' id='word_1_513' title='bbox 2648 870 2864 925; x_wconf 89' lang='lat' dir='ltr'><strong>dicitur</strong></span> <span class='ocrx_word' id='word_1_514' title='bbox 2896 888 2908 937; x_wconf 93' lang='lat'><strong>;</strong></span> <span class='ocrx_word' id='word_1_515' title='bbox 2944 894 2971 918; x_wconf 94' lang='grc'><strong><em>‹‹</em></strong></span> <span class='ocrx_word' id='word_1_516' title='bbox 2996 871 3217 926; x_wconf 90' lang='lat' dir='ltr'><strong>Sedens</strong></span> <span class='ocrx_word' id='word_1_517' title='bbox 3248 870 3308 924; x_wconf 93' lang='lat' dir='ltr'><strong>in</strong></span> <span class='ocrx_word' id='word_1_518' title='bbox 3342 869 3618 925; x_wconf 90' lang='lat' dir='ltr'><strong>cathedra</strong></span> <span class='ocrx_word' id='word_1_519' title='bbox 3637 886 3725 926; x_wconf 87' lang='lat' dir='ltr'><strong>sa-</strong></span> 
     </span>
    </p>
   </div>
   <div class='ocr_carea' id='block_1_68' title="bbox 2074 958 3722 1042">
    <p class='ocr_par' dir='ltr' id='par_1_68' title="bbox 2074 958 3722 1042">
     <span class='ocr_line' id='line_1_70' title="bbox 2074 958 3722 1042; baseline 0 -29"><span class='ocrx_word' id='word_1_520' title='bbox 2074 958 2534 1030; x_wconf 78' lang='lat' dir='ltr'><strong>pientissimus,»</strong></span> <span class='ocrx_word' id='word_1_521' title='bbox 2561 976 2690 1015; x_wconf 91' lang='lat' dir='ltr'><strong>ecce</strong></span> <span class='ocrx_word' id='word_1_522' title='bbox 2722 958 3062 1042; x_wconf 57' lang='lat' dir='ltr'><strong>sapientiam</strong></span> <span class='ocrx_word' id='word_1_523' title='bbox 3097 960 3224 1030; x_wconf 90' lang='lat' dir='ltr'><strong>Ipse</strong></span> <span class='ocrx_word' id='word_1_524' title='bbox 3246 967 3331 1014; x_wconf 84' lang='lat' dir='ltr'><strong>est</strong></span> <span class='ocrx_word' id='word_1_525' title='bbox 3351 958 3519 1030; x_wconf 89' lang='lat' dir='ltr'><strong>quasi</strong></span> <span class='ocrx_word' id='word_1_526' title='bbox 3536 963 3722 1015; x_wconf 86' lang='lat' dir='ltr'><strong>tener-</strong></span> 
     </span>
    </p>
   </div>
   <div class='ocr_carea' id='block_1_69' title="bbox 2076 1047 3724 1119">
    <p class='ocr_par' dir='ltr' id='par_1_69' title="bbox 2076 1047 3724 1119">
     <span class='ocr_line' id='line_1_71' title="bbox 2076 1047 3724 1119; baseline 0.001 -17"><span class='ocrx_word' id='word_1_527' title='bbox 2076 1047 2261 1102; x_wconf 88' lang='lat' dir='ltr'><strong>rimus</strong></span> <span class='ocrx_word' id='word_1_528' title='bbox 2287 1047 2428 1119; x_wconf 91' lang='lat' dir='ltr'><strong>ligni</strong></span> <span class='ocrx_word' id='word_1_529' title='bbox 2462 1048 2851 1104; x_wconf 79' lang='lat' dir='ltr'><strong>vermiculus»</strong></span> <span class='ocrx_word' id='word_1_530' title='bbox 2874 1065 3003 1103; x_wconf 89' lang='lat' dir='ltr'><strong>ecce</strong></span> <span class='ocrx_word' id='word_1_531' title='bbox 3021 1048 3381 1103; x_wconf 81' lang='lat' dir='ltr'><strong>bumilitas.«</strong></span> <span class='ocrx_word' id='word_1_532' title='bbox 3411 1047 3517 1112; x_wconf 87' lang='lat' dir='ltr'><strong>Qui</strong></span> <span class='ocrx_word' id='word_1_533' title='bbox 3541 1047 3724 1104; x_wconf 89' lang='lat' dir='ltr'><strong>octin-</strong></span> 
     </span>
    </p>
   </div>
   <div class='ocr_carea' id='block_1_70' title="bbox 2072 1136 3721 1209">
    <p class='ocr_par' dir='ltr' id='par_1_70' title="bbox 2072 1136 3721 1209">
     <span class='ocr_line' id='line_1_72' title="bbox 2072 1136 3721 1209; baseline 0 -18"><span class='ocrx_word' id='word_1_534' title='bbox 2072 1141 2277 1207; x_wconf 90' lang='lat' dir='ltr'><strong>gentos</strong></span> <span class='ocrx_word' id='word_1_535' title='bbox 2310 1136 2601 1191; x_wconf 76' lang='lat' dir='ltr'><strong>interfecit</strong></span> <span class='ocrx_word' id='word_1_536' title='bbox 2634 1138 2857 1209; x_wconf 89' lang='lat' dir='ltr'><strong>impetu</strong></span> <span class='ocrx_word' id='word_1_537' title='bbox 2893 1154 3008 1193; x_wconf 94' lang='lat' dir='ltr'><strong>uno</strong></span> <span class='ocrx_word' id='word_1_538' title='bbox 3040 1156 3051 1205; x_wconf 89' lang='lat'><strong>;</strong></span> <span class='ocrx_word' id='word_1_539' title='bbox 3088 1160 3113 1188; x_wconf 77' lang='grc'>»</span> <span class='ocrx_word' id='word_1_540' title='bbox 3150 1153 3281 1192; x_wconf 92' lang='lat' dir='ltr'><strong>ecce</strong></span> <span class='ocrx_word' id='word_1_541' title='bbox 3304 1137 3602 1192; x_wconf 89' lang='lat' dir='ltr'><strong>fortitudo.</strong></span> <span class='ocrx_word' id='word_1_542' title='bbox 3636 1137 3721 1193; x_wconf 83' lang='lat' dir='ltr'><strong>Ad</strong></span> 
     </span>
    </p>
   </div>
   <div class='ocr_carea' id='block_1_71' title="bbox 2073 1225 3717 1298">
    <p class='ocr_par' dir='ltr' id='par_1_71' title="bbox 2073 1225 3717 1298">
     <span class='ocr_line' id='line_1_73' title="bbox 2073 1225 3717 1298; baseline 0 -19"><span class='ocrx_word' id='word_1_543' title='bbox 2073 1225 2179 1295; x_wconf 88' lang='lat' dir='ltr'><strong>bas</strong></span> <span class='ocrx_word' id='word_1_544' title='bbox 2210 1231 2327 1280; x_wconf 90' lang='lat' dir='ltr'><strong>tres</strong></span> <span class='ocrx_word' id='word_1_545' title='bbox 2378 1225 2623 1280; x_wconf 77' lang='lat' dir='ltr'><strong>virtutes</strong></span> <span class='ocrx_word' id='word_1_546' title='bbox 2674 1243 2849 1281; x_wconf 90' lang='lat' dir='ltr'><strong>nemo</strong></span> <span class='ocrx_word' id='word_1_547' title='bbox 2906 1226 3141 1282; x_wconf 88' lang='lat' dir='ltr'><strong>fortium</strong></span> <span class='ocrx_word' id='word_1_548' title='bbox 3202 1226 3379 1281; x_wconf 88' lang='lat' dir='ltr'><strong>David</strong></span> <span class='ocrx_word' id='word_1_549' title='bbox 3438 1225 3717 1298; x_wconf 87' lang='lat' dir='ltr'><strong>pervenit.</strong></span> 
     </span>
    </p>
   </div>
   <div class='ocr_carea' id='block_1_72' title="bbox 2074 1314 3725 1386">
    <p class='ocr_par' dir='ltr' id='par_1_72' title="bbox 2074 1314 3725 1386">
     <span class='ocr_line' id='line_1_74' title="bbox 2074 1314 3725 1386; baseline 0.001 -18"><span class='ocrx_word' id='word_1_550' title='bbox 2074 1314 2292 1369; x_wconf 78' lang='lat' dir='ltr'><strong>Idcirco</strong></span> <span class='ocrx_word' id='word_1_551' title='bbox 2333 1320 2529 1370; x_wconf 92' lang='lat' dir='ltr'><strong>autem</strong></span> <span class='ocrx_word' id='word_1_552' title='bbox 2570 1314 2805 1370; x_wconf 85' lang='lat' dir='ltr'><strong>Eleazar</strong></span> <span class='ocrx_word' id='word_1_553' title='bbox 2835 1315 2985 1371; x_wconf 91' lang='lat' dir='ltr'><strong>inter</strong></span> <span class='ocrx_word' id='word_1_554' title='bbox 3014 1319 3130 1371; x_wconf 86' lang='lat' dir='ltr'><strong>tres</strong></span> <span class='ocrx_word' id='word_1_555' title='bbox 3162 1315 3361 1381; x_wconf 91' lang='lat' dir='ltr'><strong>fortes,</strong></span> <span class='ocrx_word' id='word_1_556' title='bbox 3406 1315 3506 1386; x_wconf 91' lang='lat' dir='ltr'><strong>qui</strong></span> <span class='ocrx_word' id='word_1_557' title='bbox 3555 1318 3725 1371; x_wconf 88' lang='lat' dir='ltr'><strong>erant</strong></span> 
     </span>
    </p>
   </div>
   <div class='ocr_carea' id='block_1_73' title="bbox 2073 1401 3722 1475">
    <p class='ocr_par' dir='ltr' id='par_1_73' title="bbox 2073 1401 3722 1475">
     <span class='ocr_line' id='line_1_75' title="bbox 2073 1401 3722 1475; baseline 0.001 -19"><span class='ocrx_word' id='word_1_558' title='bbox 2073 1418 2207 1457; x_wconf 90' lang='lat' dir='ltr'><strong>cum</strong></span> <span class='ocrx_word' id='word_1_559' title='bbox 2258 1402 2437 1458; x_wconf 89' lang='lat' dir='ltr'><strong>David</strong></span> <span class='ocrx_word' id='word_1_560' title='bbox 2472 1404 2653 1459; x_wconf 85' lang='lat' dir='ltr'><strong>fuisse</strong></span> <span class='ocrx_word' id='word_1_561' title='bbox 2685 1403 2901 1459; x_wconf 90' lang='lat' dir='ltr'><strong>dicitur</strong></span> <span class='ocrx_word' id='word_1_562' title='bbox 2930 1404 3069 1475; x_wconf 91' lang='lat' dir='ltr'><strong>quia</strong></span> <span class='ocrx_word' id='word_1_563' title='bbox 3099 1402 3156 1458; x_wconf 93' lang='lat' dir='ltr'><strong>in</strong></span> <span class='ocrx_word' id='word_1_564' title='bbox 3191 1418 3255 1458; x_wconf 90' lang='lat' dir='ltr'><strong>eo</strong></span> <span class='ocrx_word' id='word_1_565' title='bbox 3286 1401 3572 1475; x_wconf 82' lang='lat' dir='ltr'><strong>praelio,in</strong></span> <span class='ocrx_word' id='word_1_566' title='bbox 3605 1420 3722 1475; x_wconf 91' lang='lat' dir='ltr'><strong>quo</strong></span> 
     </span>
    </p>
   </div>
   <div class='ocr_carea' id='block_1_74' title="bbox 2073 1490 3725 1563">
    <p class='ocr_par' dir='ltr' id='par_1_74' title="bbox 2073 1490 3725 1563">
     <span class='ocr_line' id='line_1_76' title="bbox 2073 1490 3725 1563; baseline 0.001 -17"><span class='ocrx_word' id='word_1_567' title='bbox 2073 1490 2251 1546; x_wconf 90' lang='lat' dir='ltr'><strong>David</strong></span> <span class='ocrx_word' id='word_1_568' title='bbox 2277 1491 2567 1547; x_wconf 88' lang='lat' dir='ltr'><strong>interfecit</strong></span> <span class='ocrx_word' id='word_1_569' title='bbox 2596 1493 2960 1563; x_wconf 89' lang='lat' dir='ltr'><strong>octingentos</strong></span> <span class='ocrx_word' id='word_1_570' title='bbox 2990 1491 3213 1563; x_wconf 87' lang='lat' dir='ltr'><strong>impetu</strong></span> <span class='ocrx_word' id='word_1_571' title='bbox 3257 1508 3374 1546; x_wconf 91' lang='lat' dir='ltr'><strong>uno</strong></span> <span class='ocrx_word' id='word_1_572' title='bbox 3400 1510 3412 1559; x_wconf 92' lang='lat'>;</span> <span class='ocrx_word' id='word_1_573' title='bbox 3459 1496 3515 1546; x_wconf 93' lang='lat' dir='ltr'><strong>et</strong></span> <span class='ocrx_word' id='word_1_574' title='bbox 3542 1493 3725 1547; x_wconf 89' lang='lat' dir='ltr'><strong>Jona-</strong></span> 
     </span>
    </p>
   </div>
   <div class='ocr_carea' id='block_1_75' title="bbox 2072 1579 3725 1652">
    <p class='ocr_par' dir='ltr' id='par_1_75' title="bbox 2072 1579 3725 1652">
     <span class='ocr_line' id='line_1_77' title="bbox 2072 1579 3725 1652; baseline -0.001 -18"><span class='ocrx_word' id='word_1_575' title='bbox 2072 1579 2211 1634; x_wconf 89' lang='lat' dir='ltr'><strong>than</strong></span> <span class='ocrx_word' id='word_1_576' title='bbox 2246 1580 2401 1635; x_wconf 85' lang='lat' dir='ltr'><strong>ﬁlius</strong></span> <span class='ocrx_word' id='word_1_577' title='bbox 2430 1585 2666 1635; x_wconf 89' lang='lat' dir='ltr'><strong>Semma</strong></span> <span class='ocrx_word' id='word_1_578' title='bbox 2702 1581 2888 1635; x_wconf 89' lang='lat' dir='ltr'><strong>virum</strong></span> <span class='ocrx_word' id='word_1_579' title='bbox 2924 1580 3235 1635; x_wconf 89' lang='lat' dir='ltr'><strong>habentem</strong></span> <span class='ocrx_word' id='word_1_580' title='bbox 3266 1579 3478 1651; x_wconf 89' lang='lat' dir='ltr'><strong>digitos</strong></span> <span class='ocrx_word' id='word_1_581' title='bbox 3520 1579 3725 1652; x_wconf 89' lang='lat' dir='ltr'><strong>viginti</strong></span> 
     </span>
    </p>
   </div>
   <div class='ocr_carea' id='block_1_76' title="bbox 2074 1667 3728 1739">
    <p class='ocr_par' dir='ltr' id='par_1_76' title="bbox 2074 1667 3728 1739">
     <span class='ocr_line' id='line_1_78' title="bbox 2074 1667 3728 1739; baseline -0.001 -17"><span class='ocrx_word' id='word_1_582' title='bbox 2074 1672 2329 1739; x_wconf 87' lang='lat' dir='ltr'><strong>quatuor</strong></span> <span class='ocrx_word' id='word_1_583' title='bbox 2348 1667 2655 1723; x_wconf 90' lang='lat' dir='ltr'><strong>interfecit.</strong></span> <span class='ocrx_word' id='word_1_584' title='bbox 2694 1669 2755 1723; x_wconf 93' lang='lat' dir='ltr'><strong>In</strong></span> <span class='ocrx_word' id='word_1_585' title='bbox 2786 1685 2852 1724; x_wconf 91' lang='lat' dir='ltr'><strong>eo</strong></span> <span class='ocrx_word' id='word_1_586' title='bbox 2884 1668 3059 1723; x_wconf 86' lang='lat' dir='ltr'><strong>etiam</strong></span> <span class='ocrx_word' id='word_1_587' title='bbox 3084 1667 3281 1739; x_wconf 65' lang='lat' dir='ltr'><strong>praelia</strong></span> <span class='ocrx_word' id='word_1_588' title='bbox 3310 1667 3464 1723; x_wconf 91' lang='lat' dir='ltr'><strong>idem</strong></span> <span class='ocrx_word' id='word_1_589' title='bbox 3490 1667 3728 1724; x_wconf 88' lang='lat' dir='ltr'><strong>Eleazar</strong></span> 
     </span>
    </p>
   </div>
   <div class='ocr_carea' id='block_1_77' title="bbox 1995 1756 3729 1857">
    <p class='ocr_par' dir='ltr' id='par_1_77' title="bbox 1995 1756 3729 1857">
     <span class='ocr_line' id='line_1_79' title="bbox 1995 1756 3729 1857; baseline 0 -46"><span class='ocrx_word' id='word_1_590' title='bbox 1995 1793 2042 1857; x_wconf 81' lang='grc' dir='ltr'>Β</span> <span class='ocrx_word' id='word_1_591' title='bbox 2074 1756 2365 1828; x_wconf 90' lang='lat' dir='ltr'><strong>percussit</strong></span> <span class='ocrx_word' id='word_1_592' title='bbox 2395 1756 2744 1821; x_wconf 76' lang='lat' dir='ltr'><strong>Philistzeos,</strong></span> <span class='ocrx_word' id='word_1_593' title='bbox 2777 1757 2959 1812; x_wconf 87' lang='lat' dir='ltr'><strong>donec</strong></span> <span class='ocrx_word' id='word_1_594' title='bbox 2988 1757 3261 1812; x_wconf 90' lang='lat' dir='ltr'><strong>deﬁceret</strong></span> <span class='ocrx_word' id='word_1_595' title='bbox 3289 1773 3503 1811; x_wconf 92' lang='lat' dir='ltr'><strong>manus</strong></span> <span class='ocrx_word' id='word_1_596' title='bbox 3532 1756 3729 1827; x_wconf 88' lang='lat' dir='ltr'><strong>ejuset</strong></span> 
     </span>
    </p>
   </div>
   <div class='ocr_carea' id='block_1_78' title="bbox 2074 1844 2876 1919">
    <p class='ocr_par' dir='ltr' id='par_1_78' title="bbox 2074 1844 2876 1919">
     <span class='ocr_line' id='line_1_80' title="bbox 2074 1844 2876 1919; baseline -0.002 -19"><span class='ocrx_word' id='word_1_597' title='bbox 2074 1844 2464 1917; x_wconf 90' lang='lat' dir='ltr'><strong>obrigesceret</strong></span> <span class='ocrx_word' id='word_1_598' title='bbox 2494 1862 2627 1902; x_wconf 92' lang='lat' dir='ltr'><strong>cum</strong></span> <span class='ocrx_word' id='word_1_599' title='bbox 2660 1846 2876 1919; x_wconf 88' lang='lat' dir='ltr'><strong>gladio.</strong></span> 
     </span>
    </p>
   </div>
   <div class='ocr_carea' id='block_1_79' title="bbox 2145 1933 3723 2004">
    <p class='ocr_par' dir='ltr' id='par_1_79' title="bbox 2145 1933 3723 2004">
     <span class='ocr_line' id='line_1_81' title="bbox 2145 1933 3723 2004; baseline 0 -17"><span class='ocrx_word' id='word_1_600' title='bbox 2145 1934 2330 2003; x_wconf 90' lang='lat' dir='ltr'><strong>(Vers.</strong></span> <span class='ocrx_word' id='word_1_601' title='bbox 2364 1936 2452 1989; x_wconf 83' lang='lat'><strong>20.</strong></span> <span class='ocrx_word' id='word_1_602' title='bbox 2492 1934 2508 2004; x_wconf 94' lang='lat'><strong>)</strong></span> <span class='ocrx_word' id='word_1_603' title='bbox 2547 1958 2566 1982; x_wconf 77' lang='grc' dir='ltr'>α</span> <span class='ocrx_word' id='word_1_604' title='bbox 2605 1935 2673 1989; x_wconf 90' lang='lat' dir='ltr'><strong>Et</strong></span> <span class='ocrx_word' id='word_1_605' title='bbox 2699 1934 2945 1990; x_wconf 89' lang='lat' dir='ltr'><strong>Banaias</strong></span> <span class='ocrx_word' id='word_1_606' title='bbox 2976 1934 3131 1989; x_wconf 90' lang='lat' dir='ltr'><strong>ﬁlius</strong></span> <span class='ocrx_word' id='word_1_607' title='bbox 3169 1934 3407 2001; x_wconf 63' lang='lat' dir='ltr'><strong>Joiadw,</strong></span> <span class='ocrx_word' id='word_1_608' title='bbox 3467 1933 3570 1989; x_wconf 86' lang='lat' dir='ltr'><strong>ﬁlii</strong></span> <span class='ocrx_word' id='word_1_609' title='bbox 3616 1933 3723 1990; x_wconf 91' lang='lat' dir='ltr'><strong>viri</strong></span> 
     </span>
    </p>
   </div>
   <div class='ocr_carea' id='block_1_80' title="bbox 2075 2022 3723 2094">
    <p class='ocr_par' dir='ltr' id='par_1_80' title="bbox 2075 2022 3723 2094">
     <span class='ocr_line' id='line_1_82' title="bbox 2075 2022 3723 2094; baseline 0.001 -17"><span class='ocrx_word' id='word_1_610' title='bbox 2075 2022 2375 2077; x_wconf 88' lang='lat' dir='ltr'><strong>fortissimi</strong></span> <span class='ocrx_word' id='word_1_611' title='bbox 2412 2039 2760 2094; x_wconf 88' lang='lat' dir='ltr'><strong>magnorum</strong></span> <span class='ocrx_word' id='word_1_612' title='bbox 2792 2040 3032 2094; x_wconf 89' lang='lat' dir='ltr'><strong>operum</strong></span> <span class='ocrx_word' id='word_1_613' title='bbox 3065 2024 3136 2077; x_wconf 92' lang='lat' dir='ltr'><strong>de</strong></span> <span class='ocrx_word' id='word_1_614' title='bbox 3167 2022 3426 2078; x_wconf 89' lang='lat' dir='ltr'><strong>Cabseel.</strong></span> <span class='ocrx_word' id='word_1_615' title='bbox 3454 2045 3479 2072; x_wconf 80' lang='grc'><strong>››</strong></span> <span class='ocrx_word' id='word_1_616' title='bbox 3500 2022 3723 2078; x_wconf 88' lang='lat' dir='ltr'><strong>Notan-</strong></span> 
     </span>
    </p>
   </div>
   <div class='ocr_carea' id='block_1_81' title="bbox 2072 2110 3720 2182">
    <p class='ocr_par' dir='ltr' id='par_1_81' title="bbox 2072 2110 3720 2182">
     <span class='ocr_line' id='line_1_83' title="bbox 2072 2110 3720 2182; baseline -0.001 -17"><span class='ocrx_word' id='word_1_617' title='bbox 2072 2111 2215 2165; x_wconf 91' lang='lat' dir='ltr'><strong>dum</strong></span> <span class='ocrx_word' id='word_1_618' title='bbox 2233 2110 2383 2181; x_wconf 92' lang='lat' dir='ltr'><strong>quod</strong></span> <span class='ocrx_word' id='word_1_619' title='bbox 2406 2110 2461 2165; x_wconf 93' lang='lat' dir='ltr'><strong>in</strong></span> <span class='ocrx_word' id='word_1_620' title='bbox 2484 2111 2719 2165; x_wconf 68' lang='lat' dir='ltr'><strong>Hebraao</strong></span> <span class='ocrx_word' id='word_1_621' title='bbox 2736 2127 2847 2168; x_wconf 90' lang='lat' dir='ltr'><strong>non</strong></span> <span class='ocrx_word' id='word_1_622' title='bbox 2865 2110 3463 2181; x_wconf 85' lang='lat' dir='ltr'><strong>habetur,magnorum</strong></span> <span class='ocrx_word' id='word_1_623' title='bbox 3477 2126 3720 2182; x_wconf 80' lang='lat' dir='ltr'><strong>Operam,</strong></span> 
     </span>
    </p>
   </div>
   <div class='ocr_carea' id='block_1_82' title="bbox 2070 2199 3725 2278">
    <p class='ocr_par' dir='ltr' id='par_1_82' title="bbox 2070 2199 3725 2278">
     <span class='ocr_line' id='line_1_84' title="bbox 2070 2199 3725 2278; baseline -0.001 -22"><span class='ocrx_word' id='word_1_624' title='bbox 2070 2200 2194 2264; x_wconf 87' lang='lat' dir='ltr'><strong>sed,</strong></span> <span class='ocrx_word' id='word_1_625' title='bbox 2226 2202 2489 2271; x_wconf 76' lang='lat' dir='ltr'><strong>magister</strong></span> <span class='ocrx_word' id='word_1_626' title='bbox 2514 2216 2755 2271; x_wconf 82' lang='lat' dir='ltr'><strong>operum.</strong></span> <span class='ocrx_word' id='word_1_627' title='bbox 2793 2199 3030 2255; x_wconf 88' lang='lat' dir='ltr'><strong>Cabseel</strong></span> <span class='ocrx_word' id='word_1_628' title='bbox 3073 2199 3247 2278; x_wconf 83' lang='lat' dir='ltr'><strong>enim</strong></span> <span class='ocrx_word' id='word_1_629' title='bbox 3308 2199 3725 2271; x_wconf 85' lang='lat' dir='ltr'><strong>interpretatur</strong></span> 
     </span>
    </p>
   </div>
   <div class='ocr_carea' id='block_1_83' title="bbox 2070 2288 3723 2361">
    <p class='ocr_par' dir='ltr' id='par_1_83' title="bbox 2070 2288 3723 2361">
     <span class='ocr_line' id='line_1_85' title="bbox 2070 2288 3723 2361; baseline 0.001 -18"><span class='ocrx_word' id='word_1_630' title='bbox 2070 2291 2421 2361; x_wconf 67' lang='lat' dir='ltr'><strong>congiegatio</strong></span> <span class='ocrx_word' id='word_1_631' title='bbox 2460 2291 2577 2344; x_wconf 88' lang='lat' dir='ltr'><strong>Dei.</strong></span> <span class='ocrx_word' id='word_1_632' title='bbox 2622 2288 2898 2360; x_wconf 87' lang='lat' dir='ltr'><strong>Magister</strong></span> <span class='ocrx_word' id='word_1_633' title='bbox 2955 2289 3110 2343; x_wconf 91' lang='lat' dir='ltr'><strong>enim</strong></span> <span class='ocrx_word' id='word_1_634' title='bbox 3170 2293 3294 2343; x_wconf 90' lang='lat' dir='ltr'><strong>erat</strong></span> <span class='ocrx_word' id='word_1_635' title='bbox 3361 2289 3432 2343; x_wconf 92' lang='lat' dir='ltr'><strong>de</strong></span> <span class='ocrx_word' id='word_1_636' title='bbox 3482 2304 3723 2359; x_wconf 85' lang='lat' dir='ltr'><strong>congre-</strong></span> 
     </span>
    </p>
   </div>
   <div class='ocr_carea' id='block_1_84' title="bbox 2069 2376 3726 2451">
    <p class='ocr_par' dir='ltr' id='par_1_84' title="bbox 2069 2376 3726 2451">
     <span class='ocr_line' id='line_1_86' title="bbox 2069 2376 3726 2451; baseline -0.001 -19"><span class='ocrx_word' id='word_1_637' title='bbox 2069 2377 2299 2451; x_wconf 89' lang='lat' dir='ltr'><strong>gatione</strong></span> <span class='ocrx_word' id='word_1_638' title='bbox 2336 2376 2451 2443; x_wconf 89' lang='lat' dir='ltr'><strong>Dei,</strong></span> <span class='ocrx_word' id='word_1_639' title='bbox 2482 2376 2538 2431; x_wconf 93' lang='lat' dir='ltr'><strong>id</strong></span> <span class='ocrx_word' id='word_1_640' title='bbox 2570 2380 2659 2432; x_wconf 92' lang='lat' dir='ltr'><strong>est</strong></span> <span class='ocrx_word' id='word_1_641' title='bbox 2688 2376 2914 2433; x_wconf 89' lang='lat' dir='ltr'><strong>Cerethi</strong></span> <span class='ocrx_word' id='word_1_642' title='bbox 2945 2380 3002 2432; x_wconf 91' lang='lat' dir='ltr'><strong>et</strong></span> <span class='ocrx_word' id='word_1_643' title='bbox 3055 2376 3336 2444; x_wconf 87' lang='lat' dir='ltr'><strong>Phelethi,</strong></span> <span class='ocrx_word' id='word_1_644' title='bbox 3388 2376 3488 2448; x_wconf 92' lang='lat' dir='ltr'><strong>qui</strong></span> <span class='ocrx_word' id='word_1_645' title='bbox 3546 2376 3726 2431; x_wconf 90' lang='lat' dir='ltr'><strong>inter-</strong></span> 
     </span>
    </p>
   </div>
   <div class='ocr_carea' id='block_1_85' title="bbox 2070 2466 3727 2539">
    <p class='ocr_par' dir='ltr' id='par_1_85' title="bbox 2070 2466 3727 2539">
     <span class='ocr_line' id='line_1_87' title="bbox 2070 2466 3727 2539; baseline -0.001 -18"><span class='ocrx_word' id='word_1_646' title='bbox 2070 2470 2375 2539; x_wconf 88' lang='lat' dir='ltr'><strong>pretantur</strong></span> <span class='ocrx_word' id='word_1_647' title='bbox 2403 2466 2701 2521; x_wconf 81' lang='lat' dir='ltr'><strong>occidentes</strong></span> <span class='ocrx_word' id='word_1_648' title='bbox 2751 2474 2802 2521; x_wconf 77' lang='lat' dir='ltr'><strong>et</strong></span> <span class='ocrx_word' id='word_1_649' title='bbox 2857 2467 3214 2535; x_wconf 75' lang='lat' dir='ltr'><strong>viviﬁcantes.</strong></span> <span class='ocrx_word' id='word_1_650' title='bbox 3274 2468 3392 2536; x_wconf 79' lang='lat' dir='ltr'><strong>Ipse</strong></span> <span class='ocrx_word' id='word_1_651' title='bbox 3454 2467 3727 2537; x_wconf 68' lang='lat' dir='ltr'><strong>percussit</strong></span> 
     </span>
    </p>
   </div>
   <div class='ocr_carea' id='block_1_86' title="bbox 2068 2554 3721 2621">
    <p class='ocr_par' dir='ltr' id='par_1_86' title="bbox 2068 2554 3721 2621">
     <span class='ocr_line' id='line_1_88' title="bbox 2068 2554 3721 2621; baseline -0.002 -9"><span class='ocrx_word' id='word_1_652' title='bbox 2068 2555 2179 2612; x_wconf 87' lang='lat' dir='ltr'><strong>duo</strong></span> <span class='ocrx_word' id='word_1_653' title='bbox 2210 2555 2389 2610; x_wconf 79' lang='lat' dir='ltr'><strong>leones</strong></span> <span class='ocrx_word' id='word_1_654' title='bbox 2408 2554 2644 2621; x_wconf 81' lang='lat' dir='ltr'><strong>Moab,id</strong></span> <span class='ocrx_word' id='word_1_655' title='bbox 2677 2559 2765 2610; x_wconf 92' lang='lat' dir='ltr'><strong>est</strong></span> <span class='ocrx_word' id='word_1_656' title='bbox 2785 2554 2932 2609; x_wconf 92' lang='lat' dir='ltr'><strong>duos</strong></span> <span class='ocrx_word' id='word_1_657' title='bbox 2956 2554 3309 2610; x_wconf 89' lang='lat' dir='ltr'><strong>fortissimos</strong></span> <span class='ocrx_word' id='word_1_658' title='bbox 3339 2555 3494 2609; x_wconf 86' lang='lat' dir='ltr'><strong>viros</strong></span> <span class='ocrx_word' id='word_1_659' title='bbox 3527 2554 3721 2609; x_wconf 89' lang='lat' dir='ltr'><strong>Moab.</strong></span> 
     </span>
    </p>
   </div>
   <div class='ocr_carea' id='block_1_87' title="bbox 2069 2642 3721 2715">
    <p class='ocr_par' dir='ltr' id='par_1_87' title="bbox 2069 2642 3721 2715">
     <span class='ocr_line' id='line_1_89' title="bbox 2069 2642 3721 2715; baseline -0.001 -16"><span class='ocrx_word' id='word_1_660' title='bbox 2069 2644 2312 2707; x_wconf 82' lang='lat' dir='ltr'><strong>Quando</strong></span> <span class='ocrx_word' id='word_1_661' title='bbox 2343 2642 2498 2698; x_wconf 90' lang='lat' dir='ltr'><strong>enim</strong></span> <span class='ocrx_word' id='word_1_662' title='bbox 2533 2644 2708 2698; x_wconf 90' lang='lat' dir='ltr'><strong>David</strong></span> <span class='ocrx_word' id='word_1_663' title='bbox 2740 2643 2975 2698; x_wconf 85' lang='lat' dir='ltr'><strong>eosdem</strong></span> <span class='ocrx_word' id='word_1_664' title='bbox 3009 2642 3294 2700; x_wconf 89' lang='lat' dir='ltr'><strong>Moabitas</strong></span> <span class='ocrx_word' id='word_1_665' title='bbox 3313 2642 3461 2698; x_wconf 89' lang='lat' dir='ltr'><strong>bello</strong></span> <span class='ocrx_word' id='word_1_666' title='bbox 3484 2658 3721 2715; x_wconf 86' lang='lat' dir='ltr'><strong>aggres-</strong></span> 
     </span>
    </p>
   </div>
   <div class='ocr_carea' id='block_1_88' title="bbox 2067 2724 3725 2799">
    <p class='ocr_par' dir='ltr' id='par_1_88' title="bbox 2067 2724 3725 2799">
     <span class='ocr_line' id='line_1_90' title="bbox 2067 2724 3725 2799; baseline -0.001 -11"><span class='ocrx_word' id='word_1_667' title='bbox 2067 2749 2173 2788; x_wconf 89' lang='lat' dir='ltr'><strong>sus</strong></span> <span class='ocrx_word' id='word_1_668' title='bbox 2202 2737 2308 2799; x_wconf 88' lang='lat' dir='ltr'><strong>est,</strong></span> <span class='ocrx_word' id='word_1_669' title='bbox 2341 2736 2397 2787; x_wconf 91' lang='lat' dir='ltr'><strong>et</strong></span> <span class='ocrx_word' id='word_1_670' title='bbox 2460 2731 2597 2787; x_wconf 87' lang='lat' dir='ltr'><strong>fecit</strong></span> <span class='ocrx_word' id='word_1_671' title='bbox 2650 2730 2962 2797; x_wconf 91' lang='lat' dir='ltr'><strong>funiculos,</strong></span> <span class='ocrx_word' id='word_1_672' title='bbox 3030 2731 3178 2788; x_wconf 89' lang='lat' dir='ltr'><strong>duos</strong></span> <span class='ocrx_word' id='word_1_673' title='bbox 3235 2732 3309 2787; x_wconf 89' lang='lat' dir='ltr'><strong>ad</strong></span> <span class='ocrx_word' id='word_1_674' title='bbox 3363 2724 3725 2787; x_wconf 54' lang='lat' dir='ltr'><strong>mortiﬁcani</strong></span> 
     </span>
    </p>
   </div>
   <div class='ocr_carea' id='block_1_89' title="bbox 2070 2820 3721 2892">
    <p class='ocr_par' dir='ltr' id='par_1_89' title="bbox 2070 2820 3721 2892">
     <span class='ocr_line' id='line_1_91' title="bbox 2070 2820 3721 2892; baseline -0.001 -16"><span class='ocrx_word' id='word_1_675' title='bbox 2070 2822 2209 2876; x_wconf 91' lang='lat' dir='ltr'><strong>dum</strong></span> <span class='ocrx_word' id='word_1_676' title='bbox 2239 2826 2295 2877; x_wconf 91' lang='lat' dir='ltr'><strong>et</strong></span> <span class='ocrx_word' id='word_1_677' title='bbox 2328 2837 2511 2875; x_wconf 89' lang='lat' dir='ltr'><strong>unum</strong></span> <span class='ocrx_word' id='word_1_678' title='bbox 2545 2821 2616 2875; x_wconf 89' lang='lat' dir='ltr'><strong>ad</strong></span> <span class='ocrx_word' id='word_1_679' title='bbox 2652 2820 3100 2874; x_wconf 83' lang='lat' dir='ltr'><strong>viviﬁcandum:</strong></span> <span class='ocrx_word' id='word_1_680' title='bbox 3138 2820 3231 2875; x_wconf 91' lang='lat' dir='ltr'><strong>isti</strong></span> <span class='ocrx_word' id='word_1_681' title='bbox 3268 2820 3721 2892; x_wconf 81' lang='lat' dir='ltr'><strong>potentes,Moa-</strong></span> 
     </span>
    </p>
   </div>
   <div class='ocr_carea' id='block_1_90' title="bbox 2068 2906 3721 2981">
    <p class='ocr_par' dir='ltr' id='par_1_90' title="bbox 2068 2906 3721 2981">
     <span class='ocr_line' id='line_1_92' title="bbox 2068 2906 3721 2981; baseline -0.001 -17"><span class='ocrx_word' id='word_1_682' title='bbox 2068 2909 2221 2965; x_wconf 89' lang='lat' dir='ltr'><strong>bitas</strong></span> <span class='ocrx_word' id='word_1_683' title='bbox 2242 2906 2576 2964; x_wconf 81' lang='lat' dir='ltr'><strong>tuebantur.</strong></span> <span class='ocrx_word' id='word_1_684' title='bbox 2612 2931 2639 2957; x_wconf 82' lang='lat'><strong><em>«</em></strong></span> <span class='ocrx_word' id='word_1_685' title='bbox 2674 2909 2741 2963; x_wconf 87' lang='lat' dir='ltr'><strong>Et</strong></span> <span class='ocrx_word' id='word_1_686' title='bbox 2787 2909 2911 2981; x_wconf 91' lang='lat' dir='ltr'><strong>ipse</strong></span> <span class='ocrx_word' id='word_1_687' title='bbox 2969 2908 3271 2964; x_wconf 90' lang='lat' dir='ltr'><strong>descendit</strong></span> <span class='ocrx_word' id='word_1_688' title='bbox 3314 2914 3372 2964; x_wconf 95' lang='lat' dir='ltr'><strong>et</strong></span> <span class='ocrx_word' id='word_1_689' title='bbox 3425 2908 3721 2981; x_wconf 90' lang='lat' dir='ltr'><strong>percussit</strong></span> 
     </span>
    </p>
   </div>
   <div class='ocr_carea' id='block_1_91' title="bbox 2066 2996 3720 3056">
    <p class='ocr_par' dir='ltr' id='par_1_91' title="bbox 2066 2996 3720 3056">
     <span class='ocr_line' id='line_1_93' title="bbox 2066 2996 3720 3056; baseline -0.001 -2"><span class='ocrx_word' id='word_1_690' title='bbox 2066 2998 2291 3056; x_wconf 89' lang='lat' dir='ltr'><strong>leonem</strong></span> <span class='ocrx_word' id='word_1_691' title='bbox 2326 2998 2384 3053; x_wconf 92' lang='lat' dir='ltr'><strong>in</strong></span> <span class='ocrx_word' id='word_1_692' title='bbox 2419 2998 2611 3053; x_wconf 89' lang='lat' dir='ltr'><strong>media</strong></span> <span class='ocrx_word' id='word_1_693' title='bbox 2637 2997 2968 3053; x_wconf 90' lang='lat' dir='ltr'><strong>cisternain</strong></span> <span class='ocrx_word' id='word_1_694' title='bbox 3002 2997 3209 3053; x_wconf 89' lang='lat' dir='ltr'><strong>diebus</strong></span> <span class='ocrx_word' id='word_1_695' title='bbox 3298 2996 3468 3053; x_wconf 89' lang='lat' dir='ltr'><strong>nivis.</strong></span> <span class='ocrx_word' id='word_1_696' title='bbox 3508 3016 3534 3047; x_wconf 73' lang='grc' dir='ltr'><strong><em>η</em></strong></span> <span class='ocrx_word' id='word_1_697' title='bbox 3603 2997 3720 3052; x_wconf 92' lang='lat' dir='ltr'><strong>Leo</strong></span> 
     </span>
    </p>
   </div>
   <div class='ocr_carea' id='block_1_92' title="bbox 2067 3086 3721 3153">
    <p class='ocr_par' dir='ltr' id='par_1_92' title="bbox 2067 3086 3721 3153">
     <span class='ocr_line' id='line_1_94' title="bbox 2067 3086 3721 3153; baseline -0.001 -12"><span class='ocrx_word' id='word_1_698' title='bbox 2067 3088 2177 3142; x_wconf 90' lang='lat' dir='ltr'><strong>iste</strong></span> <span class='ocrx_word' id='word_1_699' title='bbox 2208 3088 2353 3143; x_wconf 89' lang='lat' dir='ltr'><strong>Joab</strong></span> <span class='ocrx_word' id='word_1_700' title='bbox 2378 3086 2506 3141; x_wconf 91' lang='lat' dir='ltr'><strong>fuit.</strong></span> <span class='ocrx_word' id='word_1_701' title='bbox 2545 3089 2602 3141; x_wconf 90' lang='lat' dir='ltr'><strong>In</strong></span> <span class='ocrx_word' id='word_1_702' title='bbox 2629 3087 2823 3141; x_wconf 86' lang='lat' dir='ltr'><strong>media</strong></span> <span class='ocrx_word' id='word_1_703' title='bbox 2846 3086 3185 3153; x_wconf 90' lang='lat' dir='ltr'><strong>cisterna,id</strong></span> <span class='ocrx_word' id='word_1_704' title='bbox 3210 3090 3301 3141; x_wconf 89' lang='lat' dir='ltr'><strong>est</strong></span> <span class='ocrx_word' id='word_1_705' title='bbox 3322 3086 3381 3141; x_wconf 92' lang='lat' dir='ltr'><strong>in</strong></span> <span class='ocrx_word' id='word_1_706' title='bbox 3406 3087 3584 3141; x_wconf 90' lang='lat' dir='ltr'><strong>domo</strong></span> <span class='ocrx_word' id='word_1_707' title='bbox 3606 3090 3721 3140; x_wconf 89' lang='lat' dir='ltr'><strong>Do-</strong></span> 
     </span>
    </p>
   </div>
   <div class='ocr_carea' id='block_1_93' title="bbox 2066 3173 3714 3243">
    <p class='ocr_par' dir='ltr' id='par_1_93' title="bbox 2066 3173 3714 3243">
     <span class='ocr_line' id='line_1_95' title="bbox 2066 3173 3714 3243; baseline -0.002 -12"><span class='ocrx_word' id='word_1_708' title='bbox 2066 3177 2337 3243; x_wconf 90' lang='lat' dir='ltr'><strong>mini,ubi</strong></span> <span class='ocrx_word' id='word_1_709' title='bbox 2370 3193 2550 3230; x_wconf 93' lang='lat' dir='ltr'><strong>cornu</strong></span> <span class='ocrx_word' id='word_1_710' title='bbox 2575 3174 2774 3231; x_wconf 88' lang='lat' dir='ltr'><strong>altaris</strong></span> <span class='ocrx_word' id='word_1_711' title='bbox 2802 3175 3327 3231; x_wconf 87' lang='lat' dir='ltr'><strong>tenebat.Cisterna</strong></span> <span class='ocrx_word' id='word_1_712' title='bbox 3351 3174 3475 3230; x_wconf 89' lang='lat' dir='ltr'><strong>ideo</strong></span> <span class='ocrx_word' id='word_1_713' title='bbox 3494 3173 3714 3229; x_wconf 87' lang='lat' dir='ltr'><strong>dicitur</strong></span> 
     </span>
    </p>
   </div>
   <div class='ocr_carea' id='block_1_94' title="bbox 2040 3263 3712 3337">
    <p class='ocr_par' dir='ltr' id='par_1_94' title="bbox 2040 3263 3712 3337">
     <span class='ocr_line' id='line_1_96' title="bbox 2040 3263 3712 3337; baseline -0.001 -18"><span class='ocrx_word' id='word_1_714' title='bbox 2040 3265 2204 3337; x_wconf 83' lang='lat' dir='ltr'><strong>quia</strong></span> <span class='ocrx_word' id='word_1_715' title='bbox 2232 3264 2385 3320; x_wconf 90' lang='lat' dir='ltr'><strong>sicut</strong></span> <span class='ocrx_word' id='word_1_716' title='bbox 2404 3282 2556 3335; x_wconf 84' lang='lat' dir='ltr'><strong>aqua</strong></span> <span class='ocrx_word' id='word_1_717' title='bbox 2576 3263 2839 3319; x_wconf 70' lang='lat' dir='ltr'><strong>cisternae</strong></span> <span class='ocrx_word' id='word_1_718' title='bbox 2867 3263 3219 3319; x_wconf 90' lang='lat' dir='ltr'><strong>munditiam</strong></span> <span class='ocrx_word' id='word_1_719' title='bbox 3245 3264 3410 3319; x_wconf 81' lang='lat' dir='ltr'><strong>affert</strong></span> <span class='ocrx_word' id='word_1_720' title='bbox 3432 3263 3513 3317; x_wconf 90' lang='lat' dir='ltr'><strong>ita</strong></span> <span class='ocrx_word' id='word_1_721' title='bbox 3534 3263 3712 3319; x_wconf 89' lang='lat' dir='ltr'><strong>etiam</strong></span> 
     </span>
    </p>
   </div>
   <div class='ocr_carea' id='block_1_95' title="bbox 2065 3351 3716 3420">
    <p class='ocr_par' dir='ltr' id='par_1_95' title="bbox 2065 3351 3716 3420">
     <span class='ocr_line' id='line_1_97' title="bbox 2065 3351 3716 3420; baseline -0.001 -12"><span class='ocrx_word' id='word_1_722' title='bbox 2065 3352 2449 3408; x_wconf 89' lang='lat' dir='ltr'><strong>nihilominus</strong></span> <span class='ocrx_word' id='word_1_723' title='bbox 2483 3352 2599 3407; x_wconf 66' lang='lat' dir='ltr'><strong>haec</strong></span> <span class='ocrx_word' id='word_1_724' title='bbox 2631 3352 2905 3420; x_wconf 89' lang='lat' dir='ltr'><strong>cisterna,</strong></span> <span class='ocrx_word' id='word_1_725' title='bbox 2927 3351 2982 3406; x_wconf 93' lang='lat' dir='ltr'><strong>id</strong></span> <span class='ocrx_word' id='word_1_726' title='bbox 3016 3356 3105 3406; x_wconf 90' lang='lat' dir='ltr'><strong>est</strong></span> <span class='ocrx_word' id='word_1_727' title='bbox 3156 3351 3554 3408; x_wconf 89' lang='lat' dir='ltr'><strong>sanctuarium</strong></span> <span class='ocrx_word' id='word_1_728' title='bbox 3601 3352 3716 3415; x_wconf 86' lang='lat' dir='ltr'><strong>Do-</strong></span> 
     </span>
    </p>
   </div>
   <div class='ocr_carea' id='block_1_96' title="bbox 2066 3439 3719 3513">
    <p class='ocr_par' dir='ltr' id='par_1_96' title="bbox 2066 3439 3719 3513">
     <span class='ocr_line' id='line_1_98' title="bbox 2066 3439 3719 3513; baseline -0.002 -16"><span class='ocrx_word' id='word_1_729' title='bbox 2066 3442 2231 3508; x_wconf 91' lang='lat' dir='ltr'><strong>mini,</strong></span> <span class='ocrx_word' id='word_1_730' title='bbox 2270 3448 2499 3513; x_wconf 87' lang='lat' dir='ltr'><strong>peccata</strong></span> <span class='ocrx_word' id='word_1_731' title='bbox 2548 3441 2833 3511; x_wconf 78' lang='lat' dir='ltr'><strong>expiabat.</strong></span> <span class='ocrx_word' id='word_1_732' title='bbox 2872 3463 2896 3489; x_wconf 79' lang='grc' dir='ltr'><em>υ</em></span> <span class='ocrx_word' id='word_1_733' title='bbox 2954 3442 3014 3495; x_wconf 90' lang='lat' dir='ltr'><strong>In</strong></span> <span class='ocrx_word' id='word_1_734' title='bbox 3070 3440 3276 3495; x_wconf 90' lang='lat' dir='ltr'><strong>diebus</strong></span> <span class='ocrx_word' id='word_1_735' title='bbox 3331 3440 3511 3496; x_wconf 81' lang='lat' dir='ltr'><strong>nivis:</strong></span> <span class='ocrx_word' id='word_1_736' title='bbox 3567 3439 3719 3503; x_wconf 86' lang='lat' dir='ltr'><strong>Quia</strong></span> 
     </span>
    </p>
   </div>
   <div class='ocr_carea' id='block_1_97' title="bbox 2066 3528 3711 3601">
    <p class='ocr_par' dir='ltr' id='par_1_97' title="bbox 2066 3528 3711 3601">
     <span class='ocr_line' id='line_1_99' title="bbox 2066 3528 3711 3601; baseline -0.002 -16"><span class='ocrx_word' id='word_1_737' title='bbox 2066 3547 2168 3601; x_wconf 88' lang='lat' dir='ltr'><strong>per</strong></span> <span class='ocrx_word' id='word_1_738' title='bbox 2199 3535 2442 3584; x_wconf 89' lang='lat' dir='ltr'><strong>mortem</strong></span> <span class='ocrx_word' id='word_1_739' title='bbox 2476 3530 2726 3599; x_wconf 81' lang='lat' dir='ltr'><strong>expiavit</strong></span> <span class='ocrx_word' id='word_1_740' title='bbox 2758 3533 3060 3599; x_wconf 82' lang='lat' dir='ltr'><strong>peccatum</strong></span> <span class='ocrx_word' id='word_1_741' title='bbox 3087 3546 3100 3594; x_wconf 87' lang='lat'><strong>;</strong></span> <span class='ocrx_word' id='word_1_742' title='bbox 3124 3528 3456 3597; x_wconf 85' lang='lat' dir='ltr'><strong>juxtaillud</strong></span> <span class='ocrx_word' id='word_1_743' title='bbox 3476 3528 3711 3582; x_wconf 58' lang='lat' dir='ltr'><strong>Psalmiv</strong></span> 
     </span>
    </p>
   </div>
   <div class='ocr_carea' id='block_1_98' title="bbox 2066 3615 3719 3687">
    <p class='ocr_par' dir='ltr' id='par_1_98' title="bbox 2066 3615 3719 3687">
     <span class='ocr_line' id='line_1_100' title="bbox 2066 3615 3719 3687; baseline -0.002 -15"><span class='ocrx_word' id='word_1_744' title='bbox 2066 3623 2200 3673; x_wconf 68' lang='lat' dir='ltr'><strong>suo:</strong></span> <span class='ocrx_word' id='word_1_745' title='bbox 2229 3617 2458 3672; x_wconf 76' lang='lat' dir='ltr'><strong>Larubis</strong></span> <span class='ocrx_word' id='word_1_746' title='bbox 2488 3633 2576 3671; x_wconf 87' lang='lat' dir='ltr'><strong>me</strong></span> <span class='ocrx_word' id='word_1_747' title='bbox 2604 3617 2776 3684; x_wconf 82' lang='lat' dir='ltr'><strong>(Psal.</strong></span> <span class='ocrx_word' id='word_1_748' title='bbox 2809 3633 2848 3682; x_wconf 81' lang='grc' dir='ltr'><strong>ι,</strong></span> <span class='ocrx_word' id='word_1_749' title='bbox 2887 3616 2941 3686; x_wconf 88' lang='grc'>9)</span> <span class='ocrx_word' id='word_1_750' title='bbox 2978 3634 2989 3681; x_wconf 87' lang='grc'>;</span> <span class='ocrx_word' id='word_1_751' title='bbox 3044 3616 3201 3685; x_wconf 91' lang='lat' dir='ltr'><strong>quod</strong></span> <span class='ocrx_word' id='word_1_752' title='bbox 3260 3615 3567 3687; x_wconf 88' lang='lat' dir='ltr'><strong>impletum</strong></span> <span class='ocrx_word' id='word_1_753' title='bbox 3625 3618 3719 3669; x_wconf 90' lang='lat' dir='ltr'><strong>est</strong></span> 
     </span>
    </p>
   </div>
   <div class='ocr_carea' id='block_1_99' title="bbox 2067 3701 3718 3774">
    <p class='ocr_par' dir='ltr' id='par_1_99' title="bbox 2067 3701 3718 3774">
     <span class='ocr_line' id='line_1_101' title="bbox 2067 3701 3718 3774; baseline -0.002 -13"><span class='ocrx_word' id='word_1_754' title='bbox 2067 3709 2125 3762; x_wconf 90' lang='lat' dir='ltr'><strong>in</strong></span> <span class='ocrx_word' id='word_1_755' title='bbox 2187 3706 2377 3761; x_wconf 90' lang='lat' dir='ltr'><strong>media</strong></span> <span class='ocrx_word' id='word_1_756' title='bbox 2426 3704 2698 3769; x_wconf 88' lang='lat' dir='ltr'><strong>cisterna,</strong></span> <span class='ocrx_word' id='word_1_757' title='bbox 2725 3712 2774 3759; x_wconf 76' lang='lat' dir='ltr'><strong>et</strong></span> <span class='ocrx_word' id='word_1_758' title='bbox 2792 3720 2956 3774; x_wconf 79' lang='lat' dir='ltr'><strong>super</strong></span> <span class='ocrx_word' id='word_1_759' title='bbox 2981 3706 3163 3758; x_wconf 85' lang='lat' dir='ltr'><strong>nivem</strong></span> <span class='ocrx_word' id='word_1_760' title='bbox 3187 3701 3718 3774; x_wconf 79' lang='lat' dir='ltr'><strong>dealbabor(lbid.);</strong></span> 
     </span>
    </p>
   </div>
   <div class='ocr_carea' id='block_1_100' title="bbox 2067 3791 3712 3868">
    <p class='ocr_par' dir='ltr' id='par_1_100' title="bbox 2067 3791 3712 3868">
     <span class='ocr_line' id='line_1_102' title="bbox 2067 3791 3712 3868; baseline -0.002 -18"><span class='ocrx_word' id='word_1_761' title='bbox 2067 3796 2220 3868; x_wconf 90' lang='lat' dir='ltr'><strong>quod</strong></span> <span class='ocrx_word' id='word_1_762' title='bbox 2258 3794 2564 3866; x_wconf 85' lang='lat' dir='ltr'><strong>impletum</strong></span> <span class='ocrx_word' id='word_1_763' title='bbox 2597 3798 2684 3848; x_wconf 88' lang='lat' dir='ltr'><strong>est</strong></span> <span class='ocrx_word' id='word_1_764' title='bbox 2714 3794 2771 3847; x_wconf 88' lang='lat' dir='ltr'><strong>in</strong></span> <span class='ocrx_word' id='word_1_765' title='bbox 2803 3809 2868 3847; x_wconf 90' lang='lat' dir='ltr'><strong>eo</strong></span> <span class='ocrx_word' id='word_1_766' title='bbox 2901 3792 3055 3864; x_wconf 89' lang='lat' dir='ltr'><strong>quod</strong></span> <span class='ocrx_word' id='word_1_767' title='bbox 3089 3791 3188 3859; x_wconf 90' lang='lat' dir='ltr'><strong>ait,</strong></span> <span class='ocrx_word' id='word_1_768' title='bbox 3208 3794 3269 3849; x_wconf 86' lang='lat' dir='ltr'><strong>In</strong></span> <span class='ocrx_word' id='word_1_769' title='bbox 3326 3791 3512 3846; x_wconf 73' lang='lat' dir='ltr'><strong>diebus</strong></span> <span class='ocrx_word' id='word_1_770' title='bbox 3540 3793 3712 3847; x_wconf 77' lang='lat' dir='ltr'><strong>nivis.</strong></span> 
     </span>
    </p>
   </div>
   <div class='ocr_carea' id='block_1_101' title="bbox 2135 3880 3721 3954">
    <p class='ocr_par' dir='ltr' id='par_1_101' title="bbox 2135 3880 3721 3954">
     <span class='ocr_line' id='line_1_103' title="bbox 2135 3880 3721 3954; baseline -0.001 -17"><span class='ocrx_word' id='word_1_771' title='bbox 2135 3886 2321 3952; x_wconf 85' lang='lat' dir='ltr'><strong>(Vers.</strong></span> <span class='ocrx_word' id='word_1_772' title='bbox 2362 3883 2477 3953; x_wconf 84' lang='lat'><strong>2|.)</strong></span> <span class='ocrx_word' id='word_1_773' title='bbox 2510 3907 2536 3932; x_wconf 79' lang='grc' dir='ltr'><strong>(ι</strong></span> <span class='ocrx_word' id='word_1_774' title='bbox 2572 3882 2697 3954; x_wconf 90' lang='lat' dir='ltr'><strong>Ipse</strong></span> <span class='ocrx_word' id='word_1_775' title='bbox 2727 3898 2959 3953; x_wconf 90' lang='lat' dir='ltr'><strong>quoque</strong></span> <span class='ocrx_word' id='word_1_776' title='bbox 2984 3880 3272 3937; x_wconf 88' lang='lat' dir='ltr'><strong>interfecit</strong></span> <span class='ocrx_word' id='word_1_777' title='bbox 3299 3881 3488 3936; x_wconf 91' lang='lat' dir='ltr'><strong>virum</strong></span> <span class='ocrx_word' id='word_1_778' title='bbox 3517 3884 3721 3952; x_wconf 53' lang='lat' dir='ltr'><strong>Egyp.</strong></span> 
     </span>
    </p>
   </div>
   <div class='ocr_carea' id='block_1_102' title="bbox 2068 3969 3723 4043">
    <p class='ocr_par' dir='ltr' id='par_1_102' title="bbox 2068 3969 3723 4043">
     <span class='ocr_line' id='line_1_104' title="bbox 2068 3969 3723 4043; baseline -0.002 -15"><span class='ocrx_word' id='word_1_779' title='bbox 2068 3972 2765 4043; x_wconf 84' lang='lat' dir='ltr'><strong>tium,virum(b)dignum</strong></span> <span class='ocrx_word' id='word_1_780' title='bbox 2782 3970 3399 4043; x_wconf 83' lang='lat' dir='ltr'><strong>spectaculo.»Viriste</strong></span> <span class='ocrx_word' id='word_1_781' title='bbox 3422 3969 3723 4042; x_wconf 68' lang='lat' dir='ltr'><strong>Egyptius</strong></span> 
     </span>
    </p>
   </div>
   <div class='ocr_carea' id='block_1_103' title="bbox 2068 4059 3722 4131">
    <p class='ocr_par' dir='ltr' id='par_1_103' title="bbox 2068 4059 3722 4131">
     <span class='ocr_line' id='line_1_105' title="bbox 2068 4059 3722 4131; baseline -0.005 -11"><span class='ocrx_word' id='word_1_782' title='bbox 2068 4062 2257 4120; x_wconf 91' lang='lat' dir='ltr'><strong>Semei</strong></span> <span class='ocrx_word' id='word_1_783' title='bbox 2281 4062 2437 4116; x_wconf 91' lang='lat' dir='ltr'><strong>ﬁlius</strong></span> <span class='ocrx_word' id='word_1_784' title='bbox 2459 4062 2594 4116; x_wconf 87' lang='lat' dir='ltr'><strong>Jera</strong></span> <span class='ocrx_word' id='word_1_785' title='bbox 2613 4061 2847 4131; x_wconf 90' lang='lat' dir='ltr'><strong>fuit,qui</strong></span> <span class='ocrx_word' id='word_1_786' title='bbox 2873 4059 3173 4115; x_wconf 84' lang='lat' dir='ltr'><strong>maledixit</strong></span> <span class='ocrx_word' id='word_1_787' title='bbox 3198 4059 3722 4116; x_wconf 89' lang='lat' dir='ltr'><strong>David.Sciendum</strong></span> 
     </span>
    </p>
   </div>
   <div class='ocr_carea' id='block_1_104' title="bbox 2068 4146 3729 4223">
    <p class='ocr_par' dir='ltr' id='par_1_104' title="bbox 2068 4146 3729 4223">
     <span class='ocr_line' id='line_1_106' title="bbox 2068 4146 3729 4223; baseline -0.004 -16"><span class='ocrx_word' id='word_1_788' title='bbox 2068 4156 2263 4208; x_wconf 88' lang='lat' dir='ltr'><strong>autem</strong></span> <span class='ocrx_word' id='word_1_789' title='bbox 2287 4151 2440 4223; x_wconf 91' lang='lat' dir='ltr'><strong>quod</strong></span> <span class='ocrx_word' id='word_1_790' title='bbox 2474 4150 2626 4204; x_wconf 89' lang='lat' dir='ltr'><strong>idem</strong></span> <span class='ocrx_word' id='word_1_791' title='bbox 2657 4150 2842 4205; x_wconf 87' lang='lat' dir='ltr'><strong>Semei</strong></span> <span class='ocrx_word' id='word_1_792' title='bbox 2878 4150 2949 4203; x_wconf 88' lang='lat' dir='ltr'><strong>de</strong></span> <span class='ocrx_word' id='word_1_793' title='bbox 2980 4148 3253 4204; x_wconf 83' lang='lat' dir='ltr'><strong>Bahurim</strong></span> <span class='ocrx_word' id='word_1_794' title='bbox 3285 4147 3478 4214; x_wconf 90' lang='lat' dir='ltr'><strong>fuit,id</strong></span> <span class='ocrx_word' id='word_1_795' title='bbox 3510 4152 3598 4203; x_wconf 90' lang='lat' dir='ltr'><strong>est</strong></span> <span class='ocrx_word' id='word_1_796' title='bbox 3618 4146 3729 4202; x_wconf 84' lang='lat' dir='ltr'><strong>ele-</strong></span> 
     </span>
    </p>
   </div>
   <div class='ocr_carea' id='block_1_105' title="bbox 2068 4234 3726 4311">
    <p class='ocr_par' dir='ltr' id='par_1_105' title="bbox 2068 4234 3726 4311">
     <span class='ocr_line' id='line_1_107' title="bbox 2068 4234 3726 4311; baseline -0.004 -15"><span class='ocrx_word' id='word_1_797' title='bbox 2068 4241 2332 4297; x_wconf 76' lang='lat' dir='ltr'><strong>ctisteo</strong></span> <span class='ocrx_word' id='word_1_798' title='bbox 2357 4240 2657 4311; x_wconf 57' lang='lat' dir='ltr'><strong>Egyptius</strong></span> <span class='ocrx_word' id='word_1_799' title='bbox 2679 4238 3058 4308; x_wconf 81' lang='lat' dir='ltr'><strong>dicitur,quia</strong></span> <span class='ocrx_word' id='word_1_800' title='bbox 3088 4252 3264 4309; x_wconf 84' lang='lat' dir='ltr'><strong>Opera</strong></span> <span class='ocrx_word' id='word_1_801' title='bbox 3294 4236 3451 4292; x_wconf 92' lang='lat' dir='ltr'><strong>illius</strong></span> <span class='ocrx_word' id='word_1_802' title='bbox 3472 4234 3726 4308; x_wconf 63' lang='lat' dir='ltr'><strong>Egyptii</strong></span> 
     </span>
    </p>
   </div>
   <div class='ocr_carea' id='block_1_106' title="bbox 2070 4324 3726 4400">
    <p class='ocr_par' dir='ltr' id='par_1_106' title="bbox 2070 4324 3726 4400">
     <span class='ocr_line' id='line_1_108' title="bbox 2070 4324 3726 4400; baseline -0.002 -15"><span class='ocrx_word' id='word_1_803' title='bbox 2070 4331 2252 4385; x_wconf 90' lang='lat' dir='ltr'><strong>Deum</strong></span> <span class='ocrx_word' id='word_1_804' title='bbox 2285 4327 2951 4400; x_wconf 88' lang='lat' dir='ltr'><strong>blasphemantis,quem</strong></span> <span class='ocrx_word' id='word_1_805' title='bbox 2976 4327 3457 4399; x_wconf 81' lang='lat' dir='ltr'><strong>Moysesjubente</strong></span> <span class='ocrx_word' id='word_1_806' title='bbox 3479 4324 3726 4381; x_wconf 93' lang='lat' dir='ltr'><strong>Domino</strong></span> 
     </span>
    </p>
   </div>
   <div class='ocr_carea' id='block_1_107' title="bbox 2070 4415 3726 4486">
    <p class='ocr_par' dir='ltr' id='par_1_107' title="bbox 2070 4415 3726 4486">
     <span class='ocr_line' id='line_1_109' title="bbox 2070 4415 3726 4486; baseline -0.004 -14"><span class='ocrx_word' id='word_1_807' title='bbox 2070 4419 2361 4474; x_wconf 87' lang='lat' dir='ltr'><strong>interfecit</strong></span> <span class='ocrx_word' id='word_1_808' title='bbox 2399 4417 2457 4471; x_wconf 91' lang='lat' dir='ltr'><strong>in</strong></span> <span class='ocrx_word' id='word_1_809' title='bbox 2491 4433 2707 4481; x_wconf 89' lang='lat' dir='ltr'><strong>eremo,</strong></span> <span class='ocrx_word' id='word_1_810' title='bbox 2743 4416 3009 4471; x_wconf 89' lang='lat' dir='ltr'><strong>imitatus</strong></span> <span class='ocrx_word' id='word_1_811' title='bbox 3042 4415 3148 4470; x_wconf 83' lang='lat' dir='ltr'><strong>fuit</strong></span> <span class='ocrx_word' id='word_1_812' title='bbox 3205 4416 3583 4484; x_wconf 82' lang='lat' dir='ltr'><strong>(Levit.xx1v,</strong></span> <span class='ocrx_word' id='word_1_813' title='bbox 3611 4415 3726 4486; x_wconf 80' lang='lat'><strong>23),</strong></span> 
     </span>
    </p>
   </div>
   <div class='ocr_carea' id='block_1_108' title="bbox 1994 4502 3729 4591">
    <p class='ocr_par' dir='ltr' id='par_1_108' title="bbox 1994 4502 3729 4591">
     <span class='ocr_line' id='line_1_110' title="bbox 1994 4502 3729 4591; baseline -0.003 -29"><span class='ocrx_word' id='word_1_814' title='bbox 1994 4528 2039 4591; x_wconf 70' lang='grc' dir='ltr'>ο</span> <span class='ocrx_word' id='word_1_815' title='bbox 2073 4507 2172 4563; x_wconf 90' lang='lat' dir='ltr'><strong>Ille</strong></span> <span class='ocrx_word' id='word_1_816' title='bbox 2195 4507 2348 4562; x_wconf 91' lang='lat' dir='ltr'><strong>enim</strong></span> <span class='ocrx_word' id='word_1_817' title='bbox 2382 4504 3101 4579; x_wconf 83' lang='lat' dir='ltr'><strong>blasphemavitDeum,et</strong></span> <span class='ocrx_word' id='word_1_818' title='bbox 3131 4504 3240 4559; x_wconf 91' lang='lat' dir='ltr'><strong>iste</strong></span> <span class='ocrx_word' id='word_1_819' title='bbox 3268 4502 3567 4559; x_wconf 80' lang='lat' dir='ltr'><strong>maledixit</strong></span> <span class='ocrx_word' id='word_1_820' title='bbox 3596 4519 3729 4572; x_wconf 81' lang='lat' dir='ltr'><strong>pro-</strong></span> 
     </span>
    </p>
   </div>
   <div class='ocr_carea' id='block_1_109' title="bbox 2074 4592 3731 4669">
    <p class='ocr_par' dir='ltr' id='par_1_109' title="bbox 2074 4592 3731 4669">
     <span class='ocr_line' id='line_1_111' title="bbox 2074 4592 3731 4669; baseline -0.004 -17"><span class='ocrx_word' id='word_1_821' title='bbox 2074 4595 2315 4669; x_wconf 88' lang='lat' dir='ltr'><strong>phetam</strong></span> <span class='ocrx_word' id='word_1_822' title='bbox 2348 4600 2404 4650; x_wconf 88' lang='lat' dir='ltr'><strong>et</strong></span> <span class='ocrx_word' id='word_1_823' title='bbox 2450 4611 2666 4667; x_wconf 84' lang='lat' dir='ltr'><strong>regem.</strong></span> <span class='ocrx_word' id='word_1_824' title='bbox 2730 4595 2966 4665; x_wconf 84' lang='lat' dir='ltr'><strong>Dignum</strong></span> <span class='ocrx_word' id='word_1_825' title='bbox 3007 4594 3316 4665; x_wconf 74' lang='lat' dir='ltr'><strong>spectaculo</strong></span> <span class='ocrx_word' id='word_1_826' title='bbox 3364 4592 3421 4647; x_wconf 91' lang='lat' dir='ltr'><strong>id</strong></span> <span class='ocrx_word' id='word_1_827' title='bbox 3467 4596 3556 4648; x_wconf 92' lang='lat' dir='ltr'><strong>est</strong></span> <span class='ocrx_word' id='word_1_828' title='bbox 3613 4592 3731 4659; x_wconf 84' lang='lat' dir='ltr'><strong>dig-</strong></span> 
     </span>
    </p>
   </div>
   <div class='ocr_carea' id='block_1_110' title="bbox 2070 4680 3727 4754">
    <p class='ocr_par' dir='ltr' id='par_1_110' title="bbox 2070 4680 3727 4754">
     <span class='ocr_line' id='line_1_112' title="bbox 2070 4680 3727 4754; baseline -0.002 -16"><span class='ocrx_word' id='word_1_829' title='bbox 2070 4702 2203 4740; x_wconf 85' lang='lat' dir='ltr'><strong>num</strong></span> <span class='ocrx_word' id='word_1_830' title='bbox 2232 4686 2418 4739; x_wconf 81' lang='lat' dir='ltr'><strong>morte.</strong></span> <span class='ocrx_word' id='word_1_831' title='bbox 2449 4682 2908 4754; x_wconf 84' lang='lat' dir='ltr'><strong>Exspectabatur</strong></span> <span class='ocrx_word' id='word_1_832' title='bbox 2955 4681 3133 4750; x_wconf 91' lang='lat' dir='ltr'><strong>enim,</strong></span> <span class='ocrx_word' id='word_1_833' title='bbox 3183 4686 3248 4736; x_wconf 92' lang='lat' dir='ltr'><strong>ut</strong></span> <span class='ocrx_word' id='word_1_834' title='bbox 3305 4681 3352 4737; x_wconf 86' lang='lat' dir='ltr'><strong>si</strong></span> <span class='ocrx_word' id='word_1_835' title='bbox 3421 4680 3727 4752; x_wconf 87' lang='lat' dir='ltr'><strong>egredere-</strong></span> 
     </span>
    </p>
   </div>
   <div class='ocr_carea' id='block_1_111' title="bbox 2069 4770 3733 4835">
    <p class='ocr_par' dir='ltr' id='par_1_111' title="bbox 2069 4770 3733 4835">
     <span class='ocr_line' id='line_1_113' title="bbox 2069 4770 3733 4835; baseline -0.004 -6"><span class='ocrx_word' id='word_1_836' title='bbox 2069 4779 2166 4829; x_wconf 92' lang='lat' dir='ltr'><strong>tur</strong></span> <span class='ocrx_word' id='word_1_837' title='bbox 2195 4772 2544 4835; x_wconf 88' lang='lat' dir='ltr'><strong>Jerusalem,</strong></span> <span class='ocrx_word' id='word_1_838' title='bbox 2596 4771 3043 4827; x_wconf 88' lang='lat' dir='ltr'><strong>interﬁceretur.</strong></span> <span class='ocrx_word' id='word_1_839' title='bbox 3105 4772 3400 4825; x_wconf 80' lang='lat' dir='ltr'><strong>Habentem</strong></span> <span class='ocrx_word' id='word_1_840' title='bbox 3450 4770 3512 4823; x_wconf 84' lang='lat' dir='ltr'><strong>in</strong></span> <span class='ocrx_word' id='word_1_841' title='bbox 3560 4785 3733 4823; x_wconf 81' lang='lat' dir='ltr'><strong>manu</strong></span> 
     </span>
    </p>
   </div>
   <div class='ocr_carea' id='block_1_112' title="bbox 2069 4856 3729 4930">
    <p class='ocr_par' dir='ltr' id='par_1_112' title="bbox 2069 4856 3729 4930">
     <span class='ocr_line' id='line_1_114' title="bbox 2069 4856 3729 4930; baseline -0.004 -13"><span class='ocrx_word' id='word_1_842' title='bbox 2069 4865 2305 4926; x_wconf 75' lang='lat' dir='ltr'><strong>hastam,</strong></span> <span class='ocrx_word' id='word_1_843' title='bbox 2356 4861 2410 4915; x_wconf 91' lang='lat' dir='ltr'><strong>id</strong></span> <span class='ocrx_word' id='word_1_844' title='bbox 2472 4865 2561 4915; x_wconf 91' lang='lat' dir='ltr'><strong>est</strong></span> <span class='ocrx_word' id='word_1_845' title='bbox 2621 4860 2797 4929; x_wconf 84' lang='lat' dir='ltr'><strong>legem</strong></span> <span class='ocrx_word' id='word_1_846' title='bbox 2845 4862 2987 4915; x_wconf 82' lang='lat' dir='ltr'><strong>Dei:</strong></span> <span class='ocrx_word' id='word_1_847' title='bbox 3050 4875 3226 4930; x_wconf 89' lang='lat' dir='ltr'><strong>quam</strong></span> <span class='ocrx_word' id='word_1_848' title='bbox 3286 4857 3335 4913; x_wconf 88' lang='lat' dir='ltr'><strong>si</strong></span> <span class='ocrx_word' id='word_1_849' title='bbox 3408 4856 3729 4912; x_wconf 90' lang='lat' dir='ltr'><strong>meditatus</strong></span> 
     </span>
    </p>
   </div>
   <div class='ocr_carea' id='block_1_113' title="bbox 2072 4947 3730 5019">
    <p class='ocr_par' dir='ltr' id='par_1_113' title="bbox 2072 4947 3730 5019">
     <span class='ocr_line' id='line_1_115' title="bbox 2072 4947 3730 5019; baseline -0.004 -13"><span class='ocrx_word' id='word_1_850' title='bbox 2072 4948 2704 5019; x_wconf 89' lang='lat' dir='ltr'><strong>fuisset,permanendo</strong></span> <span class='ocrx_word' id='word_1_851' title='bbox 2736 4948 2795 5002; x_wconf 92' lang='lat' dir='ltr'><strong>in</strong></span> <span class='ocrx_word' id='word_1_852' title='bbox 2818 4948 3288 5015; x_wconf 89' lang='lat' dir='ltr'><strong>Jerusalem,non</strong></span> <span class='ocrx_word' id='word_1_853' title='bbox 3324 4947 3730 5018; x_wconf 89' lang='lat' dir='ltr'><strong>perimeretur.</strong></span> 
     </span>
    </p>
   </div>
   <div class='ocr_carea' id='block_1_114' title="bbox 2072 5034 3734 5110">
    <p class='ocr_par' dir='ltr' id='par_1_114' title="bbox 2072 5034 3734 5110">
     <span class='ocr_line' id='line_1_116' title="bbox 2072 5034 3734 5110; baseline -0.004 -15"><span class='ocrx_word' id='word_1_854' title='bbox 2072 5040 2218 5106; x_wconf 87' lang='lat' dir='ltr'><strong>Quia</strong></span> <span class='ocrx_word' id='word_1_855' title='bbox 2239 5054 2374 5110; x_wconf 89' lang='lat' dir='ltr'><strong>ergo</strong></span> <span class='ocrx_word' id='word_1_856' title='bbox 2395 5042 2747 5109; x_wconf 69' lang='lat' dir='ltr'><strong>prmceptum</strong></span> <span class='ocrx_word' id='word_1_857' title='bbox 2773 5037 2927 5107; x_wconf 90' lang='lat' dir='ltr'><strong>regis</strong></span> <span class='ocrx_word' id='word_1_858' title='bbox 2952 5037 3186 5092; x_wconf 90' lang='lat' dir='ltr'><strong>irritum</strong></span> <span class='ocrx_word' id='word_1_859' title='bbox 3212 5034 3347 5090; x_wconf 89' lang='lat' dir='ltr'><strong>fecit</strong></span> <span class='ocrx_word' id='word_1_860' title='bbox 3366 5035 3734 5106; x_wconf 83' lang='lat' dir='ltr'><strong>(e),exeundo</strong></span> 
     </span>
    </p>
   </div>
   <div class='ocr_carea' id='block_1_115' title="bbox 2074 5122 3729 5185">
    <p class='ocr_par' dir='ltr' id='par_1_115' title="bbox 2074 5122 3729 5185">
     <span class='ocr_line' id='line_1_117' title="bbox 2074 5122 3729 5185; baseline -0.005 0"><span class='ocrx_word' id='word_1_861' title='bbox 2074 5130 2227 5185; x_wconf 91' lang='lat' dir='ltr'><strong>foras</strong></span> <span class='ocrx_word' id='word_1_862' title='bbox 2256 5125 2585 5183; x_wconf 89' lang='lat' dir='ltr'><strong>Jerusalem</strong></span> <span class='ocrx_word' id='word_1_863' title='bbox 2613 5141 2626 5180; x_wconf 93' lang='lat'><strong>:</strong></span> <span class='ocrx_word' id='word_1_864' title='bbox 2657 5124 2873 5180; x_wconf 91' lang='lat' dir='ltr'><strong>idcirco</strong></span> <span class='ocrx_word' id='word_1_865' title='bbox 2908 5125 2967 5179; x_wconf 90' lang='lat' dir='ltr'><strong>in</strong></span> <span class='ocrx_word' id='word_1_866' title='bbox 2998 5142 3132 5181; x_wconf 90' lang='lat' dir='ltr'><strong>eum</strong></span> <span class='ocrx_word' id='word_1_867' title='bbox 3164 5142 3197 5179; x_wconf 91' lang='lat' dir='ltr'><strong>a</strong></span> <span class='ocrx_word' id='word_1_868' title='bbox 3230 5124 3449 5179; x_wconf 90' lang='lat' dir='ltr'><strong>Banaia</strong></span> <span class='ocrx_word' id='word_1_869' title='bbox 3497 5123 3555 5178; x_wconf 92' lang='lat' dir='ltr'><strong>in</strong></span> <span class='ocrx_word' id='word_1_870' title='bbox 3606 5122 3729 5177; x_wconf 89' lang='lat' dir='ltr'><strong>vir-</strong></span> 
     </span>
    </p>
   </div>
   <div class='ocr_carea' id='block_1_116' title="bbox 2072 5213 3739 5291">
    <p class='ocr_par' dir='ltr' id='par_1_116' title="bbox 2072 5213 3739 5291">
     <span class='ocr_line' id='line_1_118' title="bbox 2072 5213 3739 5291; baseline -0.004 -18"><span class='ocrx_word' id='word_1_871' title='bbox 2072 5235 2168 5291; x_wconf 90' lang='lat' dir='ltr'><strong>ga,</strong></span> <span class='ocrx_word' id='word_1_872' title='bbox 2201 5217 2256 5271; x_wconf 90' lang='lat' dir='ltr'><strong>id</strong></span> <span class='ocrx_word' id='word_1_873' title='bbox 2284 5220 2372 5271; x_wconf 91' lang='lat' dir='ltr'><strong>est</strong></span> <span class='ocrx_word' id='word_1_874' title='bbox 2402 5213 2751 5271; x_wconf 90' lang='lat' dir='ltr'><strong>rectitudine</strong></span> <span class='ocrx_word' id='word_1_875' title='bbox 2775 5213 3041 5285; x_wconf 62' lang='lat' dir='ltr'><strong>justitia,</strong></span> <span class='ocrx_word' id='word_1_876' title='bbox 3082 5215 3433 5269; x_wconf 90' lang='lat' dir='ltr'><strong>descensum</strong></span> <span class='ocrx_word' id='word_1_877' title='bbox 3489 5216 3615 5268; x_wconf 90' lang='lat' dir='ltr'><strong>est:</strong></span> <span class='ocrx_word' id='word_1_878' title='bbox 3678 5215 3739 5267; x_wconf 90' lang='lat' dir='ltr'><strong>et</strong></span> 
     </span>
    </p>
   </div>
   <div class='ocr_carea' id='block_1_117' title="bbox 2072 5303 3737 5377">
    <p class='ocr_par' dir='ltr' id='par_1_117' title="bbox 2072 5303 3737 5377">
     <span class='ocr_line' id='line_1_119' title="bbox 2072 5303 3737 5377; baseline -0.006 -13"><span class='ocrx_word' id='word_1_879' title='bbox 2072 5307 2243 5363; x_wconf 84' lang='lat' dir='ltr'><strong>hasta</strong></span> <span class='ocrx_word' id='word_1_880' title='bbox 2272 5321 2449 5377; x_wconf 90' lang='lat' dir='ltr'><strong>quam</strong></span> <span class='ocrx_word' id='word_1_881' title='bbox 2484 5320 2598 5359; x_wconf 93' lang='lat' dir='ltr'><strong>non</strong></span> <span class='ocrx_word' id='word_1_882' title='bbox 2644 5304 2865 5359; x_wconf 90' lang='lat' dir='ltr'><strong>rectani</strong></span> <span class='ocrx_word' id='word_1_883' title='bbox 2898 5304 3155 5370; x_wconf 90' lang='lat' dir='ltr'><strong>tenebat,</strong></span> <span class='ocrx_word' id='word_1_884' title='bbox 3186 5304 3241 5359; x_wconf 92' lang='lat' dir='ltr'><strong>vi</strong></span> <span class='ocrx_word' id='word_1_885' title='bbox 3266 5303 3339 5359; x_wconf 91' lang='lat' dir='ltr'><strong>ab</strong></span> <span class='ocrx_word' id='word_1_886' title='bbox 3371 5318 3439 5358; x_wconf 92' lang='lat' dir='ltr'><strong>eo</strong></span> <span class='ocrx_word' id='word_1_887' title='bbox 3505 5304 3737 5358; x_wconf 83' lang='lat' dir='ltr'><strong>extorta</strong></span> 
     </span>
    </p>
   </div>
   <div class='ocr_carea' id='block_1_118' title="bbox 2074 5388 3737 5462">
    <p class='ocr_par' dir='ltr' id='par_1_118' title="bbox 2074 5388 3737 5462">
     <span class='ocr_line' id='line_1_120' title="bbox 2074 5388 3737 5462; baseline -0.007 -10"><span class='ocrx_word' id='word_1_888' title='bbox 2074 5401 2182 5452; x_wconf 90' lang='lat' dir='ltr'><strong>est.</strong></span> <span class='ocrx_word' id='word_1_889' title='bbox 2218 5418 2244 5444; x_wconf 89' lang='grc'><em>‹‹</em></span> <span class='ocrx_word' id='word_1_890' title='bbox 2302 5397 2367 5449; x_wconf 77' lang='lat' dir='ltr'><strong>Et</strong></span> <span class='ocrx_word' id='word_1_891' title='bbox 2409 5392 2688 5462; x_wconf 75' lang='lat' dir='ltr'><strong>interfecit</strong></span> <span class='ocrx_word' id='word_1_892' title='bbox 2745 5410 2869 5448; x_wconf 84' lang='lat' dir='ltr'><strong>eum</strong></span> <span class='ocrx_word' id='word_1_893' title='bbox 2935 5391 3092 5448; x_wconf 75' lang='lat' dir='ltr'><strong>hasta</strong></span> <span class='ocrx_word' id='word_1_894' title='bbox 3147 5410 3269 5449; x_wconf 82' lang='lat' dir='ltr'><strong>sua.</strong></span> <span class='ocrx_word' id='word_1_895' title='bbox 3336 5390 3516 5447; x_wconf 86' lang='lat' dir='ltr'><strong>Ilasta</strong></span> <span class='ocrx_word' id='word_1_896' title='bbox 3576 5388 3737 5444; x_wconf 89' lang='lat' dir='ltr'><strong>enim</strong></span> 
     </span>
    </p>
   </div>
   <div class='ocr_carea' id='block_1_119' title="bbox 2076 5535 2571 5609">
    <p class='ocr_par' dir='ltr' id='par_1_119' title="bbox 2076 5535 2571 5609">
     <span class='ocr_line' id='line_1_121' title="bbox 2076 5535 2571 5609; baseline -0.008 -18"><span class='ocrx_word' id='word_1_897' title='bbox 2076 5535 2227 5609; x_wconf 92' lang='lat' dir='ltr'><strong>petit</strong></span> <span class='ocrx_word' id='word_1_898' title='bbox 2254 5550 2423 5609; x_wconf 72' lang='lat' dir='ltr'><strong>meus</strong></span> <span class='ocrx_word' id='word_1_899' title='bbox 2460 5550 2571 5588; x_wconf 89' lang='lat' dir='ltr'><strong>ms.</strong></span> 
     </span>
    </p>
   </div>
   <div class='ocr_carea' id='block_1_120' title="bbox 2154 5596 3758 5683">
    <p class='ocr_par' dir='ltr' id='par_1_120' title="bbox 2154 5596 3758 5683">
     <span class='ocr_line' id='line_1_122' title="bbox 2154 5596 3758 5683; baseline -0.02 -5"><span class='ocrx_word' id='word_1_900' title='bbox 2154 5608 2229 5677; x_wconf 78' lang='grc' dir='ltr'><strong>(ε)</strong></span> <span class='ocrx_word' id='word_1_901' title='bbox 2263 5604 2429 5683; x_wconf 86' lang='lat' dir='ltr'><strong>Meus</strong></span> <span class='ocrx_word' id='word_1_902' title='bbox 2456 5622 2592 5673; x_wconf 91' lang='lat' dir='ltr'><strong>ms.,</strong></span> <span class='ocrx_word' id='word_1_903' title='bbox 2630 5605 3116 5682; x_wconf 40' lang='lat' dir='ltr'><strong>Regispibagana,</strong></span> <span class='ocrx_word' id='word_1_904' title='bbox 3150 5606 3211 5663; x_wconf 85' lang='lat' dir='ltr'><strong>id</strong></span> <span class='ocrx_word' id='word_1_905' title='bbox 3241 5611 3343 5669; x_wconf 79' lang='lat' dir='ltr'><strong>est,</strong></span> <span class='ocrx_word' id='word_1_906' title='bbox 3378 5602 3631 5660; x_wconf 79' lang='lat' dir='ltr'><strong>irritum,</strong></span> <span class='ocrx_word' id='word_1_907' title='bbox 3663 5596 3758 5648; x_wconf 86' lang='lat' dir='ltr'><strong>etc</strong></span> 
     </span>
    </p>
   </div>
  </div>
