4070 6166
275 288 429 356 Ν29

1220 294 1521 371 ΟΠιΕὸΤ.
1569 298 1936 366 HEBRAIC.
1984 300 2061 363 IN
2105 297 2251 365 LIB.
2299 300 2382 365 III
2428 298 2727 368 HEGUM.

3512 300 3669 368 1430

273 425 466 485 balteo
499 445 660 501 suo;
692 434 800 488 etc.
832 431 1188 504 Sanguinem
1211 433 1345 511 belli
1370 434 1647 492 effudisse
1678 435 1911 506 dicitur,
1944 436 1997 502 Α
2028 438 2304 507 generatio
2357 440 2619 496 scientia}.
2668 436 2860 495 Mabol
2914 436 3281 511 indulgentia.
3363 438 3668 497 Generatio

273 516 414 590 quia
444 535 578 574 cum
622 524 777 576 esset
797 539 926 593 pax,
960 523 1262 579 suscitavit
1292 523 1531 580 bellum.

342 624 531 692 (Vers.
564 626 641 697 8).
679 630 921 684 «Habes
950 647 1185 702 quoque
1216 632 1368 702 apud
1401 635 1458 686 te
1489 632 1682 687 Semei
1729 632 1915 687 filium

272 713 420 769 Gera
451 714 557 769 ﬁlii
588 715 816 772 Gemini
849 718 919 772 de
959 718 1259 790 Bahurini,
1293 720 1391 790 qui
1427 720 1722 776 maledixit
1770 721 1914 775 mibi

269 803 682 861 maledictione
699 808 1011 878 pessima.»
1033 808 1290 864 Pessima
1308 810 1582 866 Hebraice
1600 827 1913 866 Niunszs'rn

268 893 516 965 (1⁵1νηῖ31)
548 895 782 965 dicitur,
817 898 971 968 quod
1004 898 1264 969 quinque
1293 898 1503 954 litteris
1556 900 1911 972 enuntiatur,

266 980 326 1035 id
358 986 465 1052 est,
498 999 641 1048 nun,
666 1000 842 1053 mem,
876 1003 987 1053 res,
1019 988 1178 1057 zade,
1213 987 1375 1042 than.
1414 993 1472 1042 In
1508 1006 1648 1057 nun,
1700 1006 1911 1058 noenu,

265 1067 326 1123 id
358 1075 449 1125 est
477 1071 693 1127 adulter
725 1090 937 1141 ;mem,
992 1092 1275 1131 MOABITAZ
1338 1093 1449 1143 res,
1497 1095 1653 1148 uasa,
1708 1079 1766 1134 id
1828 1083 1915 1135 est

266 1159 476 1231 impius
510 1178 522 1226 ;
555 1162 714 1228 zade,
748 1179 954 1227 unus,
976 1164 1031 1218 id
1066 1170 1155 1219 est
1176 1166 1449 1233 leprosus;
1480 1167 1644 1236 than,
1674 1186 1911 1239 THEEBA,

267 1246 329 1303 id
369 1253 460 1303 est
496 1249 858 1305 abominatus.
897 1276 916 1300 α
942 1253 1213 1324 Etjuravi
1244 1254 1294 1308 ei
1328 1271 1429 1325 per
1458 1255 1664 1324 Deum,
1693 1257 1910 1328 dicens,

265 1335 393 1392 Non
425 1341 481 1392 te
507 1336 850 1394 interficiam
884 1339 1097 1411 gladio,
1132 1363 1160 1390 »
1193 1342 1293 1397 sed
1320 1342 1536 1415 lingua.

339 1442 521 1514 (Vers.
552 1444 669 1512 22.)
703 1467 730 1494 «
763 1445 1001 1501 Postula
1024 1447 1074 1501 ei
1107 1452 1162 1502 et
1192 1464 1461 1521 regnum.
1489 1452 1617 1521 Ipse
1668 1456 1757 1506 est
1799 1453 1911 1507 fra-

263 1535 359 1587 ter
382 1549 546 1587 meus
572 1534 758 1602 major
777 1551 899 1589 me:
926 1540 982 1589 et
1011 1535 1217 1591 habet‘
1245 1537 1526 1593 Abiathar
1555 1542 1911 1596 sacerdotem

265 1626 324 1677 et
353 1621 498 1677 Joab
531 1621 717 1676 ﬁlium
749 1622 978 1678 Sarviae.
1003 1645 1028 1676 α
1062 1626 1122 1678 In
1158 1625 1394 1681 Hebraeo
1418 1629 1496 1681 ita
1518 1627 1765 1683 habetur
1795 1646 1807 1683 :
1841 1630 1914 1684 El

264 1710 533 1766 Abiathar
555 1712 838 1781 sacerdori,
870 1716 925 1767 et
969 1714 1099 1768 Joab
1152 1714 1272 1784 ﬁlio
1333 1715 1545 1773 Sarviaz
1573 1735 1592 1771 :
1633 1719 1784 1789 quod
1836 1718 1917 1773 ita

262 1798 714 1871 intelligendum
747 1805 835 1856 est
866 1818 877 1855 :
923 1802 1159 1857 Postula
1182 1802 1282 1873 ’ei,
1315 1804 1374 1859 id
1432 1809 1540 1876 est,
1592 1807 1825 1862 Adiona:
1855 1812 1913 1864 et
1942 1808 1990 1872 B

260 1887 556 1942 Abiathar
583 1890 888 1955 sacerdoti,
923 1897 973 1945 et
1004 1890 1148 1946 Joab
1181 1892 1299 1947 ﬁlio
1330 1893 1540 1948 Sarviae
1574 1911 1837 1966 regnum.

335 1995 521 2064 (Vers.
555 1996 672 2067 24.)
711 1998 847 2051 Vivit
878 1998 1141 2053 Dominus
1171 1999 1267 2067 qui
1293 2000 1423 2068 fecit
1475 2000 1617 2054 mihi
1668 2001 1906 2071 domum,

258 2084 408 2138 sicut
442 2084 651 2139 locutus
680 2088 758 2141 est
783 2103 795 2150 ;
819 2084 876 2138 id
902 2090 1008 2149 est,
1031 2086 1181 2141 sicut
1214 2086 1486 2158 promisit
1519 2088 1712 2159 David,
1776 2091 1911 2145 iecit

261 2188 358 2227 me
391 2176 454 2226 ut
483 2189 672 2228 essem
705 2190 803 2228 rex
834 2173 1054 2229 Domus
1085 2175 1284 2229 David.

340 2261 522 2331 (Vers.
545 2262 658 2333 28).
693 2286 719 2311 ‹‹
746 2262 915 2317 Venit
946 2263 1189 2318 nuntius
1220 2264 1291 2319 ad
1320 2265 1486 2335 Joab,
1521 2266 1675 2336 quod
1733 2266 1907 2321 decli-

262 2354 467 2405 nasset
517 2354 647 2421 post
701 2351 983 2406 Adoniam
1036 2357 1094 2406 et
1154 2369 1269 2407 non
1354 2354 1707 2411 declinasset
1777 2362 1911 2427 post

262 2438 700 2494 Salomonem.»
741 2440 795 2494 id
823 2444 932 2509 est,
964 2441 1121 2496 venit
1151 2442 1223 2495 ad
1256 2458 1389 2496 sum
1452 2444 1627 2512 fama,
1671 2446 1824 2515 quod
1850 2446 1906 2500 in

264 2528 441 2583 domo
456 2527 784 2583 Salomonis
800 2529 1090 2584 diceretur
1118 2528 1286 2584 illum
1312 2536 1574 2587 secutum
1599 2551 1712 2587 non
1730 2534 1908 2589 fuisse

264 2616 661 2687 Salomonem,
694 2622 788 2673 sed
824 2617 1149 2674 declinasse
1177 2624 1306 2691 post
1335 2622 1655 2676 Adoniam:
1690 2628 1754 2676 ut
1801 2624 1909 2678 sci-

257 2705 397 2761 licet
429 2712 743 2778 antequam
776 2708 1033 2763 Adonias
1066 2710 1395 2765 affectasset
1441 2727 1704 2783 regnum,
1746 2713 1906 2768 Salo-

265 2810 504 2849 monem
534 2812 647 2849 non
673 2794 966 2863 dilexisse,
1002 2814 1106 2851 nec
1128 2796 1177 2852 ei
1211 2798 1421 2853 favisse
1454 2816 1465 2863 ;
1501 2800 1599 2853 sed
1626 2801 1696 2854 ab
1720 2818 1785 2855 eo
1808 2802 1905 2855 de-

268 2881 521 2938 clinasse
543 2883 1011 2955 diceretnr,quod
1037 2890 1223 2940 totum
1248 2885 1327 2940 rei
1351 2888 1615 2957 probavit
1643 2894 1901 2945 eventus.

335 2989 523 3060 (Vers.
549 2990 662 3062 34.)
695 3014 721 3039 ‹‹
757 2990 1152 3063 Sepultusque
1182 2997 1270 3047 est
1307 2993 1486 3048 Jacob
1517 2994 1575 3049 in
1595 2995 1768 3051 domo
1799 3014 1906 3052 sua

263 3078 326 3134 in
358 3079 601 3134 deserto.
634 3101 661 3127 »
682 3080 989 3135 Desertum
1020 3080 1115 3135 hic
1146 3098 1248 3152 pro
1308 3084 1602 3139 munditia
1647 3085 1901 3157 ponitur.

2026 526 2280 581 scientiae
2312 526 2720 600 intelliguntur
2746 527 3054 584 duodecim
3078 528 3269 585 tribus
3289 528 3421 599 ;filii
3450 528 3667 596 Mahol,

2028 614 2084 670 id
2117 620 2206 670 est
2237 614 2342 670 ﬁlii
2372 617 2573 672 Jacob.

2098 705 2418 776 (Vers.32.)
2452 729 2479 754 ‹‹
2550 707 2803 762 Locutus
2833 710 2924 762 est
2975 706 3252 763 Salomon
3311 708 3423 763 tria
3481 708 3669 765 millia

2024 793 2460 865 parabolarum.
2497 818 2523 843 ››
2550 797 2609 850 In
2668 795 2995 851 Proverbiis
3050 796 3208 852 enim
3260 813 3464 854 versus
3520 814 3666 854 non-

2024 883 2181 954 genti
2236 887 2291 938 et
2349 883 2683 955 quindecim
2761 885 3220 953 continentur”;
3309 886 3367 941 in
3452 887 3666 959 quibus

2024 971 2199 1028 etiam
2227 972 2601 1028 continentur
2621 974 2735 1028 tria
2761 973 2945 1030 millia
2976 974 3287 1047 parabolas.
3349 976 3518 1048 (Vers.
3551 976 3663 1037 33).

2027 1080 2055 1109 ‹‹
2085 1061 2154 1115 Et
2181 1061 2419 1117 fuerunt
2449 1062 2708 1117 carmina
2729 1064 2855 1133 ejus
2886 1063 3146 1135 quinque
3192 1064 3398 1120 millia.
3452 1068 3517 1120 Et
3547 1065 3666 1121 dis-

2024 1150 2248 1221 putavit
2274 1167 2451 1222 super
2479 1151 2653 1223 lignis
2686 1169 2719 1206 a
2748 1153 2919 1207 cedro
2977 1170 3105 1224 qua:
3162 1156 3250 1209 est
3307 1154 3365 1208 in
3422 1154 3666 1224 Libano,

2022 1254 2211 1311 usque
2236 1240 2306 1294 ad
2340 1240 2662 1312 hyssopum
2695 1258 2821 1312 quae
2851 1242 3148 1313 egreditur
3188 1243 3259 1298 de
3315 1244 3532 1315 pariete
3566 1260 3579 1300 :
3611 1247 3668 1300 et

2022 1328 2300 1383 disseruit
2328 1330 2399 1383 de
2421 1329 2730 1399 jumentis,
2765 1334 2821 1384 et
2849 1329 3207 1397 volucribus,
3242 1335 3296 1386 et
3336 1331 3665 1403 reptilibus,

2023 1420 2079 1471 et
2110 1417 2389 1488 piscibus.
2426 1440 2453 1467 »
2486 1416 2814 1489 Disputavit
2842 1418 2997 1473 enim
3021 1420 3093 1474 de
3124 1420 3352 1475 naturis
3374 1419 3665 1491 lignorum

2015 1505 2445 1574 jumentorum,
2480 1505 2777 1577 reptilium
2809 1510 2863 1562 et
2894 1507 3167 1577 piscium,
3194 1508 3265 1563 de
3295 1508 3349 1561 vi
3399 1507 3669 1563 videlicet

2022 1599 2081 1648 et
2098 1594 2323 1649 naturis
2353 1594 2611 1659 illorum,
2644 1599 2700 1649 et
2757 1599 3014 1666 tempore
3062 1612 3177 1666 quo
3238 1604 3581 1665 nascuntur,
3612 1602 3670 1653 et

2025 1698 2129 1737 cur
2159 1699 2274 1737 non
2297 1683 2495 1738 omnia
2524 1683 2579 1736 in
2612 1700 2965 1755 unaquaque
2994 1688 3149 1739 terra
3191 1689 3531 1740 nascantur.

2096 1772 2253 1843 (Cap.
2288 1772 2383 1826 VI.
2417 1771 2669 1827 —Vers.
2702 1772 2817 1844 37.)
2849 1793 2877 1822 «
2928 1774 3093 1827 Anno
3152 1777 3361 1844 quarto
3421 1773 3668 1829 fundata

2021 1865 2109 1916 est
2137 1861 2347 1916 domus
2379 1860 2610 1917 Domini
2658 1860 2717 1915 in
2776 1877 2978 1917 mense
3036 1862 3157 1917 Zib.
3194 1884 3222 1911 »
3279 1861 3500 1918 Mensis
3558 1862 3667 1919 iste

2019 1949 2234 2021 Aprilis
2264 1958 2372 2019 est,
2406 1950 2507 2021 qui
2540 1954 2596 2004 et
2629 1952 2734 2005 Var
2757 1956 2999 2006 vocatur
3029 1952 3124 2022 (b).
3158 1952 3259 2006 Zib
3286 1950 3441 2006 enim
3487 1951 3665 2007 inter-

2018 2041 2281 2109 pretatur
2320 2038 2520 2093 vultus.
2582 2038 2799 2093 Idcirco
2857 2039 3073 2105 vultus,
3126 2040 3264 2110 quia
3310 2039 3369 2093 in
3429 2039 3664 2095 dedica-

2015 2126 2172 2181 tione
2230 2126 2454 2198 templi,
2509 2126 2695 2181 nubes
2753 2127 2947 2200 glorias
2990 2126 3186 2184 vultus
3228 2128 3458 2183 Domini
3521 2129 3666 2183 texit

2017 2214 2323 2286 templum.
2379 2215 2494 2269 Var
2550 2220 2743 2271 autem
2796 2215 3209 2287 interpretatur
3259 2232 3456 2288 pavor.
3530 2216 3665 2271 Ideo

2018 2319 2213 2374 pavor,
2247 2303 2386 2375 quia
2415 2304 2656 2358 timetur
2687 2320 2758 2360 ne
2788 2321 2856 2359 ea
2910 2320 3037 2375 qua:
3096 2304 3294 2376 fruges
3340 2308 3508 2359 terra
3559 2304 3666 2359 de-

2017 2391 2175 2457 bent,
2226 2392 2280 2446 in
2343 2392 2451 2446 hoc
2511 2409 2710 2449 mense
2767 2392 2919 2449 aeris
2976 2392 3427 2464 intemperantia
3482 2392 3668 2447 infru-

2017 2484 2217 2536 ctuosa
2249 2482 2410 2535 fiant.

2088 2569 2391 2641 (Cap.VlI.
2426 2570 2659 2625 —Vers
2715 2570 2801 2639 43,
2845 2571 2957 2640 44).
2993 2593 3021 2620 ‹‹
3074 2570 3232 2626 Misit
3286 2587 3518 2643 quoque
3574 2587 3673 2627 rex

2017 2657 2314 2729 Salomon,
2347 2663 2405 2713 et
2436 2658 2571 2713 tulit
2603 2659 2799 2713 Hiram
2854 2659 2924 2713 de
2974 2660 3125 2730 Tyro
3168 2658 3356 2714 filium
3405 2658 3670 2715 mulieris

2016 2748 2202 2802 vidua:
2230 2748 2299 2802 de
2324 2747 2477 2803 tribu
2518 2747 2871 2818 Nephtalim,
2933 2752 3097 2819 patre
3152 2747 3323 2820 Tyrio
3381 2748 3665 2803 artiﬁcem

2015 2836 2304 2891 aerarium.
2340 2859 2367 2885 ››
2422 2837 2584 2892 Unde
2644 2841 2702 2891 et
2749 2836 2807 2890 in
2864 2836 3346 2908 Paralipomenon
3402 2836 3661 2909 legitur:

2016 2927 2137 2980 Misi
2168 2942 2293 2996 ergo
2347 2926 2447 2981 tibi
2504 2927 2688 2980 virum
2743 2926 3061 2997 prudentem
3121 2931 3171 2980 et
3220 2927 3661 2993 scientissimum,

2016 3016 2222 3069 "uram
2256 3023 2468 3085 patrem
2522 3031 2725 3085 meum,
2776 3013 2963 3086 ﬁlium
3025 3013 3287 3070 mulieris
3330 3015 3396 3071 de
3440 3014 3663 3085 ﬁliabus

2022 3105 2160 3170 Dan,
2194 3104 2347 3174 cujus
2371 3108 2533 3176 pater
2564 3105 2754 3175 Tyrius
2781 3106 2891 3175 fuit
2939 3104 3013 3175 (II
3061 3106 3248 3159 Paral.
3294 3121 3354 3171 ιι,
3412 3104 3496 3171 l3,
3549 3104 3659 3175 14).

255 3167 480 3263 Μυηξδθι
513 3168 843 3263 θξξίῖηὲίθυί
866 3170 1161 3263 desertum
1194 3172 1406 3227 domus
1453 3173 1581 3243 elus
1616 3175 1801 3229 fuerat
1831 3176 1903 3229 δῖ)
1938 3176 1980 3241 C
2019 3195 2088 3247 Et
2118 3167 2436 3247 notandum
2463 3167 2619 3263 quod
2663 3192 2721 3246 in
2765 3167 3070 3247 Malacbim
3103 3167 3349 3247 Hieram'
3394 3167 3658 3247 dicitur:

257 3256 423 3313 omni
476 3255 795 3328 pollutione
845 3262 901 3312 et
940 3258 1245 3330 sanguine,
1300 3266 1535 3332 excepto
1618 3263 1906 3335 sanguine

255 3346 458 3401 Abner
486 3350 542 3401 et
568 3348 813 3401 Amasae.

334 3437 492 3507 (Cap.
518 3436 610 3490 III.
646 3468 712 3475 ——
746 3436 909 3491 Vers.
942 3437 1021 3508 3.)
1057 3460 1083 3485 ››
1128 3437 1335 3493 Dilexit
1384 3442 1578 3493 autem
1632 3438 1905 3494 Salomon

258 3523 599 3591 Dominum,
631 3524 941 3579 ambulans
964 3527 1020 3579 iu
1058 3528 1358 3598 prtereptis
1382 3526 1560 3581 David
1583 3528 1764 3597 patris
1792 3528 1904 3583 sui:

256 3617 498 3684 excepto
532 3612 686 3684 quod
710 3613 767 3667 in
800 3613 1044 3669 excelsis
1075 3614 1438 3670 immolabat.
1480 3639 1506 3663 ››
1554 3615 1696 3670 llinc
1751 3621 1910 3686 patet

259 3699 537 3756 Salomon
570 3700 627 3755 in
661 3718 748 3770 eo,
783 3703 935 3773 quod
989 3702 1115 3758 ait:
1175 3704 1491 3759 Immolabat
1549 3706 1608 3758 in
1664 3706 1908 3771 excelsis,

258 3790 401 3862 quia
421 3795 676 3860 quatuor
697 3793 868 3845 annis
900 3796 1207 3847 cunctatus
1238 3798 1329 3847 est
1358 3793 1645 3847 zedilicare
1667 3793 1907 3848 domum

257 3878 515 3935 Domini.
543 3878 692 3933 Illud
730 3880 945 3951 quippe
975 3885 1100 3935 erat
1130 3881 1422 3937 excelsum
1474 3882 1818 3952 maximum,
1853 3883 1910 3937 id

257 3971 352 4024 est
383 3967 562 4022 altare
592 3967 735 4023 illud
771 3970 925 4040 quod
961 3969 1187 4040 Moyses
1219 3970 1447 4025 fecerat.

333 4076 492 4146 (Cap.
522 4074 695 4129 IV.-—
728 4074 890 4130 Vers.
924 4076 1038 4147 19.)
1071 4099 1097 4125 ‹‹
1124 4077 1193 4130 Et
1246 4077 1548 4148 praefectus
1591 4094 1743 4133 unus
1791 4082 1915 4132 erat

256 4180 440 4235 super
469 4166 709 4219 terram.
751 4187 769 4211 ο
812 4164 922 4219 lste
955 4165 1256 4235 praefectus
1305 4166 1539 4221 Azarias
1588 4166 1744 4221 {ilius
1798 4166 1915 4221 Na-

254 4251 401 4307 than
432 4255 574 4319 erat,
624 4253 694 4306 de
755 4269 870 4323 quo
938 4269 1114 4323 supra
1180 4253 1456 4308 scribitur
1498 4274 1515 4308 :
1573 4257 1637 4310 Et
1688 4257 1916 4310 Azarias

257 4340 415 4411 ﬁlius
457 4340 671 4396 Nat/tan
728 4357 891 4412 super
932 4341 1219 4415 praefectos
1267 4345 1423 4413 (vers.
1466 4344 1542 4412 ὅ),
1600 4361 1711 4399 non
1783 4361 1915 4415 ope-

260 4446 397 4485 rum
430 4430 529 4484 sed
563 4430 910 4502 simpliciter
941 4434 1038 4501 (ιι).

2014 3281 2073 3336 in
2106 3281 2583 3353 Paralipomenon
2614 3297 2749 3336 vero
2779 3281 3020 3336 Huram.
3052 3280 3250 3337 Hiram
3280 3279 3436 3337 enim
3480 3280 3659 3335 inter-

2016 3374 2297 3442 pretatur,
2330 3372 2464 3425 vivit
2485 3371 2735 3425 sublimis
2764 3386 2775 3423 :
2811 3370 3028 3425 Huram
3074 3376 3294 3435 autem,
3362 3373 3507 3425 Deus
3556 3386 3659 3423 ea:-

2015 3459 2206 3512 celsus.
2242 3456 2437 3512 Hiram
2472 3456 2528 3510 in
2562 3457 2869 3512 Malachim
2912 3458 3125 3512 dicitur
3158 3457 3339 3513 fuisse
3363 3457 3434 3512 de
3489 3456 3661 3527 Tyro,

2016 3550 2075 3600 et
2106 3545 2264 3599 filius
2288 3545 2554 3599 mulieris
2587 3545 2770 3599 vidua:
2803 3546 2873 3599 de
2904 3547 3060 3599 tribu
3119 3544 3452 3617 Nephtalim
3498 3548 3664 3615 patre

2020 3633 2547 3705 Tyrio.Sciendum
2581 3633 2733 3704 quod
2769 3633 2840 3687 de
2898 3632 3048 3686 tricu
3106 3632 3439 3703 Nephtalim
3501 3635 3666 3702 pater

2019 3724 2148 3794 ejus
2184 3721 2373 3791 fuerit,
2409 3738 2523 3792 quo
2558 3726 2807 3785 mortuo,
2840 3737 2983 3775 uxor
3013 3722 3297 3791 eius,quae
3330 3719 3424 3774 hic
3455 3718 3668 3774 mulier

2021 3812 2197 3865 vidua
2228 3809 2520 3877 scribitur,
2555 3809 2825 3864 eumdem
2850 3809 3049 3863 Hiram
3081 3808 3141 3863 in
3176 3810 3392 3880 Tyrum
3428 3807 3666 3862 misisse

2022 3899 2267 3956 docendi
2299 3899 2488 3970 gratia
2521 3899 2768 3962 dicatur,
2795 3903 2852 3953 et
2882 3915 2915 3952 a
2964 3914 3080 3969 quo
3129 3899 3337 3953 doctus
3394 3897 3452 3952 in
3512 3898 3662 3968 Tyro

2024 3990 2155 4055 fuit,
2189 3992 2352 4061 pater
2380 3989 2508 4058 ejus
2539 3986 2747 4059 Tyrius
2771 3992 3028 4041 vocatur.
3079 3985 3294 4041 Idcirco
3345 3989 3505 4058 patre
3560 3985 3668 4057 Ty-

2024 4078 2110 4132 rio
2135 4078 2314 4132 fuisse
2341 4077 2573 4143 dicitur,
2607 4094 2738 4131 cum
2773 4076 2972 4147 utique
3003 4080 3165 4147 pater
3214 4077 3343 4147 ejus
3395 4075 3466 4130 de
3513 4074 3668 4129 tribu

2027 4166 2359 4239 Nephtalim
2418 4165 2608 4221 fuerit.
2668 4165 2829 4229 Quod
2884 4182 3016 4220 vero
3065 4164 3123 4219 in
3190 4163 3669 4236 Paralipomenon

2028 4256 2263 4328 legitur.
2325 4255 2543 4310 Huram
2596 4271 2790 4327 regem
2850 4254 3113 4309 dixisse:
3170 4253 3291 4308 Misi
3347 4253 3448 4307 tibi
3493 4253 3675 4307 virum

2028 4346 2525 4417 prudentissimum
2577 4347 2625 4398 et
2682 4346 3125 4409 scientissimum,
3176 4344 3383 4397 [Iuram
3464 4348 3674 4409 patrem

2027 4451 2249 4489 meum:
2287 4438 2508 4505 patrem
2532 4432 2833 4504 dignitatis
2859 4432 3046 4503 gratia
3089 4447 3225 4487 eum
3277 4436 3461 4497 vocat,
3523 4430 3676 4485 sicut

340 4518 522 4588 (Vers.
555 4518 669 4590 31.)
704 4544 729 4567 ‹‹
766 4520 833 4573 Et
863 4524 985 4574 erat
1017 4520 1333 4591 sapientior
1384 4520 1611 4577 cunctis
1667 4522 1916 4577 homini-
1952 4544 1996 4607 D
2029 4524 2087 4578 in
2127 4522 2578 4595 plcrisquelocis
2610 4521 2841 4594 legitur.
2878 4520 3085 4575 Filium
3113 4536 3245 4575 vero
3298 4517 3677 4607 mulierisde

258 4608 400 4663 bus.
433 4607 766 4679 Sapientior
800 4608 981 4662 Etban
1016 4610 1278 4675 Esraitrc,
1312 4614 1367 4664 et
1402 4610 1625 4676 Emam,
1659 4616 1713 4665 et
1751 4611 1919 4665 Chal-

256 4695 419 4761 chol,
452 4702 508 4751 et
535 4698 741 4765 Darda,
777 4697 911 4752 liliis
944 4698 1152 4753 Mahol.
1194 4722 1221 4746 ››
1290 4699 1473 4753 Ethan
1533 4701 1686 4754 enim
1745 4700 1917 4754 inter-

257 4790 550 4860 pretatur,
612 4786 960 4843 durissimus.
1020 4788 1266 4855 Esraita,
1336 4790 1642 4844 orientalis.
1736 4789 1920 4845 Etban

256 4876 393 4948 ipse
415 4878 505 4930 est
537 4874 831 4931 Abraham
866 4876 1189 4932 orientalis.
1250 4878 1433 4932 Eman
1495 4877 1595 4948 qui
1647 4878 1922 4949 interpre-

256 4962 425 5020 talur
451 4963 652 5034 ﬁdelis,
686 4968 775 5019 est
805 4965 1051 5038 Moyses.
1103 4964 1356 5036 Chalcol,
1418 4966 1516 5038 qui
1576 4966 1919 5038 interpreta-

260 5059 387 5121 tur,
418 5054 758 5122 gubernans,
803 5058 893 5109 est
946 5054 1185 5127 Joseph.
1247 5055 1440 5111 Darda
1486 5055 1921 5126 interpretatur,

344 5198 357 5230 ¹
394 5196 652 5253 Verbum
684 5197 844 5252 habet
874 5199 931 5252 in
958 5197 1344 5254 Ambrosiano
1374 5214 1488 5253 ms.
1533 5200 1785 5261 non_est,
1818 5211 1923 5250 nec

267 5268 335 5323 in
366 5269 605 5394 Hgbraep
633 5269 871 5340 quidem
900 5287 965 5324 eo
998 5253 1196 5325 modo
1222 5275 1457 5325 resonat
1508 5269 1608 5325 sed
1633 5253 1691 5328 1")
1722 5253 1784 5323 et
1837 5269 1926 5322 illi

270 5357 427 5394 suun
456 5356 486 5394 e
516 5356 570 5394 es
601 5381 614 5393 .

270 5357 343 5396 su
434 5356 486 5395 1e
516 5356 614 5395 est.

344 5357 476 5465 ’pﬁx
509 5410 617 5465 hoc
650 5411 773 5466 loco
832 5410 1308 5466 manil'estissime
1357 5412 1773 5484 comprobatur
1819 5428 1922 5465 au-

346 5556 422 5627 (a)
460 5556 680 5626 Isthmo,
716 5573 819 5613 non
855 5573 1078 5629 cperum
1108 5558 1202 5612 sed
1232 5558 1577 5629 simpliciter,
1613 5572 1777 5612 meus
1811 5572 1921 5613 ms.

273 5644 394 5687 non
429 5629 711 5700 agnoscit.

2031 4612 2268 4666 ﬁliabus
2301 4616 2414 4665 Dan
2448 4628 2580 4665 eum
2615 4614 2798 4671 vocat,
2833 4610 2969 4680 quia
3002 4613 3187 4664 mater
3206 4609 3337 4678 ejus
3393 4608 3464 4661 de
3518 4606 3675 4661 tribu

2034 4704 2152 4754 Dan
2189 4699 2408 4760 l'uit.de
2465 4716 2674 4769 genere
2722 4696 3003 4752 Solomith
3060 4696 3277 4751 sororis
3325 4692 3527 4749 Oollab
3572 4691 3677 4746 filii

2033 4789 2500 4858 Aizamas.cujus
2527 4788 2682 4841 ﬁlius
2713 4784 2997 4841 Solomith
3034 4782 3327 4858 Egyptius
3367 4782 3425 4836 in
3483 4796 3678 4838 eremo

2033 4877 2328 4949 lapidatus
2360 4880 2448 4931 est
2482 4894 2495 4930 :
2528 4892 2641 4930 non
2687 4876 2839 4929 enim
2892 4874 3095 4929 eadem
3128 4870 3419 4928 Solomith
3474 4873 3681 4943 sponte

2034 4967 2221 5022 eidem
2256 4964 2518 5037 [Egyptio
2543 4964 2857 5032 coniuncta
2890 4961 2999 5017 fuit
3027 4962 3121 5033 (ο),
3170 4960 3270 5016 sed
3321 4960 3437 5015 vim
3496 4959 3569 5015 ab
3614 4974 3680 5014 eo

2034 5071 2312 5128 perpessa
2331 5059 2439 5110 est.
2476 5052 2695 5108 Idcirco
2728 5050 2954 5107 meritis
2975 5050 3102 5121 ejus
3131 5048 3348 5105 factum
3382 5047 3562 5104 fuisse
3593 5046 3681 5101 di-

2035 5202 2252 5253 ctorem
2287 5198 2487 5265 Quaest.
2522 5191 3003 5265 llebraicarum‘in
3036 5191 3215 5247 libros
3259 5192 3503 5265 Regum,
3554 5191 3687 5265 post

2035 5260 2719 5342 doctores'Massorethas
2740 5262 3082 5342 Ascripisisse
3100 5280 3120 5342 _;
3154 5280 3288 5342 nam
3315 5260 3685 5342 Massoretbte

2036 5339 2346 5395 Proverbia
2377 5336 2707 5394 Salomonis
2738 5336 2797 5391 in
2859 5332 3184 5408 nongentos
3237 5338 3293 5389 et
3350 5332 3685 5405 quindecim

2035 5428 2239 5468 versus
2269 5410 2455 5465 divisa
2472 5426 2599 5463 esse
2630 5407 2957 5463 voluerunt.

2105 5554 2181 5624 (b)
2214 5554 2271 5608 [n
2308 5552 2549 5607 Ambros
2584 5567 2723 5619 ms.,
2758 5551 2855 5624 qui
2884 5551 3108 5624 etlaiar
3137 5552 3188 5604 et
3217 5548 3330 5624 liar
3359 5545 3599 5599 vocatur.

2106 5622 2176 5698 (ε)
2210 5625 2273 5680 In
2306 5640 2435 5679 meo
2467 5640 2604 5679 ms..
2637 5622 2814 5694 fuisse
2845 5623 3176 5693 suspicatur,
3201 5622 3310 5675 etc.
