4070 6166
251 337 410 404 ³1433

1203 338 1508 414 ΟΠΛΞδΤ.
1556 332 1922 400 HEBBAIO.
1965 330 2047 397 IN
2093 330 2241 399 LIB.
2288 336 2309 398 Ι
2358 333 2717 401 PABALIP.

3500 332 3658 399 H34

250 474 333 530 ris
358 472 820 548 Moysiypatrem
864 473 985 541 Uri,
1037 490 1208 530 avum
1246 472 1529 540 ‘Beseleel,
1580 471 1637 527 in
1687 469 1905 527 Parali-
1935 468 1993 536 Α
2023 468 2187 526 illum
2230 472 2300 527 de
2349 472 2572 528 semine
2622 472 2800 546 regio,
2842 470 3071 529 'Moloch
3108 470 3232 527 vult
3261 468 3505 543 intelligi
3528 469 3660 527 ido-

242 580 543 636 pomenon
575 562 842 631 Cblubai,
893 565 1052 619 canis
1100 579 1274 618 meus.
1310 564 1369 617 In
1411 562 1589 617 Josue
1619 566 1675 616 et
1705 561 1763 615 in
1791 560 1900 631 Ep-

232 653 429 708 tatico
486 655 651 719 (Fort,
702 652 1120 724 Heptateucbo)
1170 652 1361 718 Caleb,
1405 654 1578 718 canis,
1612 652 1817 705 Esrom
1847 652 1903 704 et

248 740 511 813 Jephone
541 758 726 796 unum
758 747 867 797 est.
901 746 1042 796 Cum
1086 745 1279 796 autem
1313 745 1583 795 mortuus
1613 743 1768 795 esset
1798 739 1899 793 Es-

252 847 401 890 rom.
454 830 759 901 ingressus
812 834 902 885 est
949 829 1117 885 Caleb
1148 830 1220 884 ad
1250 829 1524 901 Ephrata.
1564 827 1783 883 Idcirco
1810 842 1904 881 vo-

251 922 418 973 catur
447 918 619 973 Caleb
648 919 905 989 Ephrata
930 935 942 971 :
979 918 1116 989 quia
1151 917 1323 973 Caleb
1365 917 1474 972 fuit
1501 916 1586 971 vir
1615 916 1899 988 Ephratae,

250 1007 470 1062 Idcirco
518 1005 735 1062 dicitur
777 1008 981 1061 Esrom
1034 1007 1337 1078 sexaginta
1375 1022 1559 1061 annos
1601 1004 1899 1070 habuisse,

252 1095 488 1167 quando
520 1094 743 1166 accepit
776 1111 1013 1150 uxorem
1048 1094 1228 1149 ﬁliam
1263 1093 1501 1160 Machir,
1528 1098 1594 1149 ut
1616 1097 1903 1149 monstre-

252 1188 351 1238 tur
400 1198 503 1253 per
549 1199 839 1238 annorum
892 1176 1228 1249 numerum,
1274 1188 1330 1237 et
1358 1184 1429 1238 de
1460 1187 1702 1255 Egypto
1734 1180 1899 1237 illum

255 1286 559 1343 egressum
595 1272 795 1339 tuisse,
830 1274 887 1326 et
933 1271 992 1326 in
1042 1276 1256 1327 terram
1306 1271 1778 1342 repromissionis
1807 1287 1900 1326 ve-

250 1359 429 1429 nisse,
465 1359 606 1431 quia
627 1377 660 1415 a
689 1360 895 1432 viginti
927 1361 1098 1415 annis
1129 1366 1184 1416 et
1212 1377 1392 1433 supra
1421 1361 1490 1416 ad
1522 1360 1901 1432 proeliandum

248 1447 737 1504 describebantur
769 1465 955 1521 usque
980 1451 1050 1505 ad
1084 1466 1304 1504 annum
1333 1452 1777 1522 sexagesimum.
1814 1451 1901 1505 Ab

247 1550 403 1593 anno
445 1538 827 1608 sexagesimo,
877 1545 934 1594 et
984 1538 1166 1593 levita:
1214 1538 1567 1604 ministrare,
1601 1546 1656 1594 et
1685 1537 1903 1593 milites

244 1642 511 1699 pugnare
540 1626 905 1682 desinebant.
940 1627 1103 1683 Unde
1135 1632 1190 1682 et
1220 1627 1465 1681 Romani
1499 1644 1597 1683 eos
1627 1625 1902 1683 emeritos

243 1721 476 1783 vocant,
510 1716 610 1787 qui
636 1716 761 1786 jam
798 1715 1050 1771 militare
1081 1717 1400 1771 desierunt.

318 1839 510 1912 (Vers.
546 1840 656 1911 li.)
700 1863 727 1890 ‹‹
763 1840 956 1894 Nason
1007 1839 1210 1911 genuit
1258 1838 1472 1893 Salma.
1508 1861 1536 1887 »
1589 1839 1646 1893 ln
1685 1838 1903 1894 Parali-
1933 1837 1981 1901 B

247 1944 562 2000 pomenon,
624 1929 832 1995 Salma,
892 1928 951 1983 id
1011 1932 1099 1983 est
1150 1943 1284 1997 pax.
1346 1929 1408 1982 In
1451 1927 1607 1982 Ruth
1639 1927 1779 1998 (cap.
1823 1946 1898 1998 ιν,

242 2034 385 2073 vers.
418 2019 531 2088 20),
574 2017 820 2084 Salmon,
857 2017 913 2071 id
953 2021 1042 2073 est
1080 2018 1365 2087 paciﬁcus.

318 2135 506 2206 (Vers.
545 2136 657 2203 12.)
690 2134 749 2189 In
804 2133 1313 2205 Paralipomenon,
1365 2132 1476 2189 lsai
1528 2133 1686 2188 ﬁlius
1718 2135 1899 2203 Obed,

230 2223 303 2280 id
339 2228 428 2279 est
457 2224 793 2293 sacriﬁcium
838 2240 1044 2277 meum.
1100 2224 1161 2276 In
1216 2239 1417 2293 regum
1470 2240 1601 2277 vero
1648 2224 1812 2278 Jesse
1842 2222 1900 2278 id

242 2317 335 2375 est
374 2313 716 2383 sacriﬁcium
761 2312 813 2383 (Ι
858 2313 983 2383 Reg.
1036 2327 1150 2381 XVI,
1210 2314 1294 2379 I);
1341 2310 1499 2365 ﬁlius
1530 2311 1664 2378 Isai,
1692 2312 1903 2368 Abina—

242 2403 356 2458 dab
384 2422 402 2456 :
432 2401 588 2455 ﬁlius
622 2401 789 2464 Ram,
820 2399 1167 2455 Aminadab.

316 2517 504 2587 (Vers.
564 2516 675 2586 13.)
740 2516 802 2571 In
856 2514 1361 2587 Paralipomenon,
1405 2490 1762 2571 Simmaa.ln
1794 2518 1901 2572 Re-

236 2622 386 2677 gum
444 2609 673 2661 Samma
730 2606 779 2675 (Ι
834 2605 940 2675 Reg
1013 2620 1129 2671 xvr,
1203 2604 1279 2670 9).
1337 2604 1597 2671 Samma,
1656 2605 1902 2661 ibidem:

224 2695 530 2759 .Simmaa,
565 2691 919 2748 exaudibilis.

320 2800 504 2871 (Vers.
568 2800 679 2869 16.)
740 2798 1242 2868 Paralipomenon,
1304 2792 1730 2863 Abisaifﬁlius
1775 2801 1902 2855 Sar-

217 2890 367 2957 ‘visz,
426 2890 483 2943 id
544 2899 631 2943 est
684 2896 842 2959 pater
900 2888 1179 2956 sacriﬁcii.
1232 2888 1289 2941 In
1333 2887 1579 2959 Regum,
1614 2889 1771 2942 Abisa
1801 2906 1899 2960 pa-

230 2982 325 3034 ter
354 2994 529 3045 meus,
563 2978 900 3046 sacriﬁcium
930 2978 977 3046 (Ι
1016 2976 1142 3046 Reg.
1177 2992 1330 3043 xxw,
1362 2977 1437 3045 6).

310 3093 498 3164 (Vers.
559 3093 677 3161 22.)
736 3091 880 3155 Jair,
934 3091 1140 3160 judex,
1194 3090 1292 3161 qui
1340 3091 1395 3145 in
1427 3091 1722 3147 Judicium
1758 3097 1899 3164 (cap.

235 3202 295 3249 x,
358 3198 494 3237 vers.
558 3182 612 3251 3)
666 3180 991 3273 scribiturp
1028 3178 1186 3273 ﬁlius
1237 3179 1440 3250 Segab,
1500 3180 1603 3233 ﬁlii
1667 3182 1892 3238 Esrom.
1930 3209 1971 3273 ρ

236 3272 463 3328 Idcirco
496 3271 554 3325 in
585 3269 861 3324 Judicum
892 3267 1225 3323 Galaadites
1248 3274 1508 3339 putatur,
1534 3270 1671 3340 quia
1696 3272 1895 3327 Esrom

234 3361 406 3416 duxit
436 3359 617 3413 ﬁliam
650 3357 869 3412 Macbir
904 3357 1087 3428 patris
1119 3355 1335 3411 Galaad
1380 3374 1640 3413 uxorem.
1666 3358 1903 3416 Viculos

238 3456 298 3506 et
318 3449 581 3504 civitates
622 3446 923 3518 sexaginta
969 3445 1229 3517 suscepit
1254 3446 1377 3500 Jair
1397 3445 1454 3498 in
1479 3445 1897 3519 haereditatem,

235 3557 306 3595 eo
335 3538 491 3609 quod
535 3541 689 3592 esset
720 3536 849 3591 avia
879 3536 1008 3605 ejus
1041 3534 1160 3588 ﬁlia
1192 3533 1435 3603 Macbir,
1471 3534 1570 3588 ﬁlii
1607 3535 1896 3593 Manasse.

322 3654 510 3722 (Vers.
570 3652 686 3723 24.)
730 3650 999 3706 Assuhur
1032 3650 1186 3705 ﬁlius
1218 3651 1417 3705 Esrom
1455 3655 1616 3721 pater
1645 3652 1895 3707 Thecue.

241 3743 481 3799 Thecue
512 3746 602 3797 est
630 3740 831 3795 civitas
862 3740 932 3793 de
965 3756 1081 3810 qua
1125 3738 1384 3809 sumpsit
1413 3738 1561 3793 Joab
1594 3738 1898 3796 mulierem

222 3832 586 3904 sapientem.

316 3947 503 4021 (Vers.
538 3947 651 4017 26.)
688 3946 873 4001 Onam
904 3944 1059 3998 ﬁlius
1087 3942 1372 3999 Jerameel
1408 3943 1510 3997 ﬁlii
1545 3945 1770 4012 Esrom,
1803 3962 1896 4000 ac-

220 4037 396 4110 rcepit
435 4051 645 4091 nomen
678 4034 863 4088 Onam
898 4032 997 4087 ﬁlii
1039 4033 1211 4097 Juda,
1243 4032 1341 4103 qui
1396 4037 1664 4088 mortuus
1689 4038 1795 4088 est.
1828 4036 1897 4089 Et

216 4127 296 4183 ‘in
330 4141 398 4182 eo
430 4125 749 4189 differunt,
811 4122 965 4194 quod
1031 4120 1184 4176 ﬁlius
1233 4120 1400 4175 Judae
1442 4120 1499 4174 in
1533 4122 1763 4176 Hebraeo
1794 4138 1897 4194 per

214 4234 377 4283 -nun,
413 4213 568 4269 ﬁlius
605 4229 743 4268 vero
770 4210 1057 4267 Jerameel
1088 4227 1191 4281 per
1220 4226 1361 4264 mem
1388 4209 1745 4265 scribuntur.

304 4331 492 4399 (Vers.
551 4330 667 4400 32.)
728 4330 791 4383 In
874 4326 1396 4398 Paralipomenon:
1477 4326 1633 4381 ﬁlius
1711 4329 1894 4383 Jether

222 4419 586 4477 lsmaelites.
650 4419 711 4472 In
800 4417 1024 4487 Regum
1082 4414 1239 4469 ﬁlius
1294 4416 1481 4470 Jethra
1544 4415 1889 4472 Ismaclites.

224 4508 455 4573 Jethra,
509 4505 792 4561 residuum
834 4507 913 4575 (II
969 4506 1090 4574 Reg.
1151 4503 1376 4573 111,5):
1437 4503 1652 4571 Jetber,
1709 4505 1883 4560 modi-

2000 558 2133 614 lum
2162 561 2332 615 Moab
2363 577 2375 615 :
2410 562 2563 633 quod
2600 562 2656 616 in
2688 562 2924 618 Hebraeo
2954 579 3053 617 rex
3082 562 3513 632 interpretatur.

2082 685 2267 755 (Vers.
2317 686 2429 757 42.)
2478 687 2619 758 Ziph
2671 703 2882 742 nomen
2931 686 3042 742 loci
3074 691 3182 753 est,
3216 704 3250 741 a
3279 703 3394 757 quo
3427 686 3662 742 fuerunt

2012 773 2245 844 Ziphzei.
2281 775 2380 845 qui
2413 782 2697 833 venerunt
2724 778 2792 831 ad
2824 776 2981 831 Saul.

2083 889 2268 959 (Ibid.)
2324 892 2529 946 Maresa
2601 892 2784 963 patris
2843 894 3055 948 Ebron.
3112 893 3302 947 Ebron
3359 889 3519 946 locus
3575 892 3664 945 est

2012 978 2113 1032 ubi
2142 978 2319 1034 David
2356 981 2616 1050 regnavit
2647 986 2870 1053 septem
2909 982 3100 1037 annis.

2083 1085 2266 1156 (Vers.
2319 1087 2432 1157 43.)
2476 1087 2662 1141 «Filii
2714 1104 2846 1143 vero
2897 1089 3108 1156 Ebron,
3159 1087 3342 1143 Chore
3378 1105 3389 1142 :
3422 1091 3481 1143 et
3507 1086 3662 1143 Tha-

2012 1174 2218 1246 phihu,
2254 1180 2309 1229 et
2348 1176 2581 1242 Hec-em,
2616 1177 2874 1247 Samma,
2911 1176 3013 1232 ﬁlii
3046 1181 3188 1233 sunt
3219 1182 3456 1231 Marosa.

2082 1299 2246 1366 (Vera
2278 1300 2389 1371 44.)
2422 1300 2659 1355 Samma
2690 1304 2884 1356 autem
2936 1301 3137 1374 genuit
3168 1300 3389 1356 Rabam
3438 1304 3661 1372 patrem

2010 1388 2340 1443 Jercbaam.
2369 1411 2395 1437 ››
2427 1388 2732 1445 Jercbaam
2765 1388 2926 1444 locus
2956 1393 3065 1445 est.

2083 1503 2271 1574 (Vers.
2330 1505 2443 1571 A5.)
2494 1528 2519 1554 ‹‹
2554 1504 2722 1558 Maon
2772 1503 2926 1559 ﬁlius
2975 1503 3230 1558 Sammai
3272 1508 3447 1575 pater
3490 1503 3666 1559 Beth-

1990 1608 2134 1647 °sur.
2167 1614 2194 1641 »
2233 1593 2481 1647 Bethsur
2508 1609 2718 1647 nomen
2755 1592 2860 1647 loci
2897 1596 2985 1647 est
3013 1596 3071 1647 et
3109 1592 3181 1647 ab
3232 1593 3433 1647 eodem
3492 1592 3664 1647 Maon

2010 1680 2173 1735 locus
2231 1697 2444 1737 nomen
2502 1681 2746 1751 accepit,
2808 1681 2908 1751 qui
2965 1680 3023 1735 in
3106 1682 3327 1752 Regum
3388 1680 3668 1736 scribitur

2014 1770 2179 1827 Maon
2210 1770 2254 1841 (I
2287 1772 2413 1839 Reg.
2446 1788 2607 1837 xxm,
2639 1772 2751 1838 24).

2084 1887 2267 1957 (Vers.
2304 1885 2413 1957 46.)
2469 1886 2668 1949 Gazez,
2730 1884 2789 1939 id
2844 1888 2932 1940 est
2988 1892 3211 1940 tonsor:
3259 1883 3419 1941 ﬁlius
3449 1885 3665 1954 Haran,

1998 1974 2115 2029 ﬁlii
2146 1975 2340 2039 Caleb,
2382 1973 2506 2045 ipse
2537 1980 2625 2029 est
2656 1973 2839 2029 Nabal
2866 1973 3175 2029 carmelus.

2083 2074 2266 2145 (Vers.
2302 2074 2414 2143 49.)
2438 2072 2589 2127 Saab
2624 2071 2780 2126 ﬁlius
2804 2071 3013 2126 Jaddai
3039 2076 3198 2143 pater
3227 2072 3538 2127 Madmena
3567 2073 3664 2143 (b).

2011 2163 2319 2218 Madmena
2365 2162 2528 2216 locus
2578 2165 2685 2215 est.
2752 2162 2862 2216 Sue
2905 2166 3069 2232 pater
3097 2161 3432 2216 Machbena.
3468 2162 3669 2216 Mach-

1996 2252 2165 2307 'bena
2196 2250 2358 2305 locus
2389 2254 2473 2305 est
2502 2274 2515 2317 ;
2550 2254 2605 2304 et
2639 2250 2877 2303 fuerunt
2906 2249 2964 2303 hi
2997 2248 3099 2303 ﬁlii
3131 2249 3323 2305 Caleb.
3348 2250 3415 2304 Et
3440 2253 3665 2322 patrem

2011 2341 2227 2409 Gabaa,
2262 2340 2319 2393 id
2363 2342 2451 2395 est
2480 2338 2645 2394 locus
2677 2339 2832 2394 unde
2863 2338 2974 2393 fuit
3002 2337 3160 2393 Saul.

2082 2464 2269 2534 (Vers.
2302 2465 2418 2532 50.)
2472 2462 2768 2534 Ephrath:
2825 2463 2965 2533 quia
3003 2462 3076 2517 de
3105 2461 3380 2533 Ephraim
3412 2462 3559 2519 fuit:
3593 2463 3666 2519 ab

2011 2554 2138 2622 eius
2195 2553 2430 2608 nomine
2479 2551 2771 2609 Bethleem
2817 2551 3069 2623 Ephrata
3120 2556 3375 2607 vocatur.
3421 2551 3575 2624 (Cap.
3608 2570 3664 2623 χ,

2010 2657 2150 2696 vers.
2187 2642 2263 2703 3.)

2083 2739 2254 2809 (Ibid.
2290 2742 2349 2793 et
2375 2738 2465 2809 5t)
2507 2761 2526 2786 ι
2565 2737 2692 2793 Filii
2726 2738 2865 2807 Hur,
2918 2736 3093 2793 Sobal
3148 2741 3312 2809 pater
3341 2736 3667 2795 Cariathia-

2010 2828 2143 2892 rim,
2177 2834 2234 2881 et
2264 2826 2465 2881 Salma
2497 2833 2661 2899 pater
2684 2826 3000 2882 Bethleem.
3038 2826 3279 2897 Hariph,
3305 2832 3466 2898 pater
3494 2827 3666 2883 Beth-

2010 2916 2206 2987 gader.
2246 2938 2272 2963 ››
2322 2914 2753 2983 Cariathiarim,
2797 2920 2853 2969 et
2902 2914 3217 2984 Bethleem,
3255 2920 3311 2969 et
3340 2916 3667 2989 Bethgader

2012 3004 2252 3058 nomina
2283 3003 2543 3059 locorum
2596 3008 2752 3058 sunt.
2800 3002 3230 3073 Cariathiarim,
3275 3004 3403 3076 ipsa
3432 3009 3521 3060 est
3553 3004 3657 3059 Ca-

2014 3093 2307 3147 riatbarbe
2330 3098 2385 3146 et
2406 3090 2774 3146 Cariathbaal
2793 3092 3078 3158 etEbron,
3100 3109 3226 3162 quas
3252 3092 3663 3148 Cariathiarim

2010 3186 2271 3246 vocatur,
2312 3182 2368 3235 id
2401 3190 2481 3235 esl
2516 3183 2709 3236 civitas
2738 3182 3029 3247 silvarum,
3063 3181 3449 3251 Cariatbbaal,
3472 3183 3665 3237 civitas

2014 3273 2247 3326 mariti:
2299 3270 2695 3337 Cariatharbe,
2744 3272 2937 3325 civitas
2985 3277 3257 3340 quatuor:
3308 3286 3434 3341 qua
3466 3269 3665 3325 omnia

2012 3360 2379 3431 interpretari
2410 3364 2658 3431 possunt
2697 3360 2753 3414 in
2803 3358 3174 3431 patriarchis,
3208 3360 3305 3429 qui
3339 3358 3419 3413 ibi
3449 3357 3664 3431 sepulti

2013 3453 2168 3502 sunt.

2082 3549 2267 3615 (Vers.
2299 3547 2389 3613 52,
2439 3545 2555 3614 53.)
2588 3567 2614 3593 ‹‹
2650 3545 2822 3600 Sobal
2882 3551 3043 3615 pater
3071 3545 3473 3599 Cariatbiarim
3501 3545 3664 3600 vide-

2011 3634 2110 3688 bat
2156 3632 2468 3687 dimidium
2522 3633 2975 3703 requietionum,
3011 3654 3038 3681 ››
3099 3637 3334 3703 propter
3388 3632 3660 3687 viciniam

2010 3721 2265 3794 sepulcri
2317 3721 2822 3793 patriarcharum:
2874 3722 3044 3790 cujus
3091 3720 3196 3774 ﬁlii
3235 3720 3472 3775 fuerunt
3502 3743 3530 3769 α
3562 3721 3658 3775 Je-

2007 3811 2175 3881 threi,
2209 3815 2264 3866 et
2315 3809 2541 3873 Phutei,
2590 3813 2647 3863 et
2695 3808 3004 3875 Semethei,
3054 3812 3111 3863 et
3148 3808 3424 3863 'Maserei.
3456 3808 3535 3863 Ex
3564 3807 3657 3863 his

2007 3903 2224 3972 egressi
2277 3903 2413 3954 sunt
2463 3897 2700 3953 Seraitae
2733 3902 2789 3951 et
2844 3896 3171 3952 Estaolitze:
3218 3919 3245 3946 »
3285 3896 3384 3968 qui
3418 3897 3659 3952 nomina

2006 3988 2266 4043 locorum
2299 3987 2486 4043 sortiti
2546 3992 2705 4057 sunt,
2741 3986 2799 4041 id
2848 3991 2937 4041 est
2981 3986 3162 4041 Saraa
3202 3990 3259 4041 et
3296 3985 3521 4053 ‘Estaol,
3556 3987 3655 4042 ubi

2004 4077 2274 4148 sepultus
2322 4082 2410 4132 est
2456 4078 2705 4132 Sanson.
2741 4074 3041 4146 Requietio
3074 4074 3413 4146 sepulcrum
3440 4074 3656 4131 intelli-

2002 4167 2179 4239 gitur.

2073 4265 2257 4336 (Vers.
2317 4264 2432 4334 54.)
2485 4288 2511 4313 ‹‹
2554 4262 2683 4319 Filii
2734 4261 2951 4326 Salma,
3008 4260 3109 4315 ﬁlii
3140 4261 3239 4327 Ur,
3273 4260 3563 4316 Bethleem
3597 4264 3656 4316 et

1992 4354 2329 4427 ‘Netophati,
2368 4376 2394 4401 ››
2427 4354 2523 4423 qui
2558 4352 2617 4406 in
2640 4353 2977 4423 Regnorum
3000 4350 3337 4406 scribuntur
3356 4350 3652 4406 :Eleanan

1994 4442 2103 4497 ﬁlii
2154 4443 2345 4515 patrui
2392 4443 2520 4513 ejus
2553 4443 2623 4497 de
2655 4440 2970 4506 Bethleem,
3003 4445 3060 4494 et
3096 4439 3233 4495 Eleb
3266 4438 3424 4495 ﬁlius
3456 4440 3653 4494 Baana

1999 4532 2416 4603 Netophatites.
2453 4531 2559 4595 Qui
2584 4530 2811 4585 idcirco
2858 4529 3195 4584 scribuntur
3221 4543 3436 4585 corona:
3463 4527 3651 4583 domus

220 4614 354 4652 cum
383 4595 681 4651 residuum.
737 4594 919 4692 Filius
981 4591 1300 4649 Ismaelites
1347 4598 1605 4663 vocatur,
1649 4598 1882 4665 propter
1914 4578 1960 4642 D
1994 4578 2179 4688 Iacob:
2236 4625 2471 4692 propter
2516 4618 2851 4675 societatem
2911 4634 3029 4689 qua
3085 4620 3289 4672 mutuo
3336 4617 3395 4671 in
3435 4616 3649 4689 pmliis

221 4686 570 4743 meritorum
616 4683 957 4756 qualitatem
972 4724 984 4737 .

297 4796 484 4874 (Vers,
550 4800 662 4869 34.)
717 4800 862 4864 Aloi,
923 4798 1072 4867 ﬁlius
1132 4797 1319 4867 Sesan,
1378 4797 1503 4869 ipse
1547 4802 1635 4853 est
1674 4798 1881 4854 Elime-

217 4890 355 4948 lech
388 4894 553 4961 pater
580 4886 806 4944 Maalon
838 4892 897 4943 et
942 4886 1200 4943 Chelion.
1253 4888 1453 4942 Sesam
1506 4887 1637 4941 ideo
1668 4887 1884 4943 dicitur

214 4980 384 5037 ﬁlios
415 4996 528 5034 non
572 4977 897 5034 habuisse:
950 4976 1089 5049 quia
1116 4975 1213 5031 isti
1246 4976 1467 5047 absque
1499 4975 1635 5031 ﬁliis
1667 4976 1882 5033 mortui

213 5073 391 5127 sunt.

299 5182 628 5256 (Vers.“)
667 5203 693 5233 σι
734 5180 992 5237 Ichamia
1021 5179 1223 5254 genuit
1255 5179 1528 5246 Elisama,
1565 5201 1592 5227 δ)
1628 5180 1687 5235 In
1713 5180 1881 5235 Jere-

214 5275 349 5330 mia
374 5286 514 5345 (cap.
578 5275 661 5339 40,
718 5289 864 5328 vers.
920 5272 1013 5341 8):
1078 5269 1304 5337 lsmael,
1369 5268 1524 5323 ﬁlius
1554 5269 1878 5339 Nathanizn,

212 5363 383 5420 ﬁlius
430 5362 683 5419 Elisama
706 5362 774 5417 de
803 5368 1013 5433 genere
1056 5358 1233 5432 regali
1267 5360 1543 5427 (α).ουοό
1578 5376 1708 5415 vero
1737 5359 1881 5416 dicit

294 5611 467 5739 (ﬁllln
520 5628 649 5668 meo
710 5628 846 5678 ms.,
905 5612 974 5667 de
1024 5626 1225 5681 genere
1251 5613 1419 5665 Jeraa
1450 5611 1737 5682 Egyptii:
1773 5628 1876 5683 pro

294 5701 312 5739 π
375 5700 413 5738 ι.

210 5700 413 5757 regau.

1997 4710 2315 4765 utebantur
2371 4709 2556 4777 Sarai,
2590 4708 2645 4762 id
2708 4712 2799 4763 est
2848 4706 3111 4773 Saraitie,
3166 4707 3237 4761 de
3297 4723 3410 4778 quo
3469 4721 3650 4778 supra

1997 4798 2219 4853 dictum
2250 4803 2357 4853 est.

2065 4914 2251 4985 (Vers.
2306 4914 2421 4985 55.)
2472 4913 2649 4968 Jabes
2698 4911 2857 4968 ﬁlius
2905 4911 3149 4979 Sobaba,
3199 4911 3270 4966 de
3308 4926 3434 4982 'quo
3465 4909 3523 4966 in
3556 4925 3645 4966 se-

1992 5003 2308 5074 quentibus
2352 5001 2647 5066 scribitur,
2699 5017 2765 5056 eo
2816 5000 2970 5072 quod
3009 4998 3331 5055 exaudierit
3373 5014 3507 5054 eum
3538 4998 3646 5055 Do-

1990 5091 2207 5162 minus,
2258 5092 2368 5146 fuit
2415 5091 2638 5155 doctor,
2689 5089 2747 5143 in
2798 5090 2969 5159 cujus
3014 5092 3328 5160 conspectu
3359 5088 3643 5144 sedebant

1990 5181 2095 5235 ﬁlii
2128 5180 2327 5244 Cinaei,
2360 5180 2460 5252 qui
2492 5184 2549 5235 et
2578 5178 2759 5243 Obab,
2794 5177 3019 5249 cognati
3078 5176 3281 5249 Moysi,
3312 5174 3415 5249 qui
3443 5175 3641 5233 in‘hoc

1992 5268 2139 5325 libro
2171 5270 2374 5325 scriba:
2426 5273 2723 5324 vocantur.
2771 5270 3051 5321 Canentes
3094 5271 3273 5338 atque
3297 5270 3641 5322 resonantes

1988 5357 2119 5415 ideo
2167 5358 2525 5426 scribuntur,
2576 5374 2642 5411 eo
2674 5358 2831 5429 quod
2883 5356 3121 5411 assidue
3166 5356 3227 5410 in
3280 5355 3427 5427 Lege
3452 5354 3551 5411 Dei
3583 5358 3643 5411 et

2056 5610 2134 5677 (a)
2159 5608 2323 5662 Meus
2354 5622 2497 5661 mss.
2532 5602 2795 5732 primum
2821 5602 3362 5668 Machbena,deinde
3386 5600 3647 5659 Madmen

2057 5682 2191 5732 dine
2221 5678 2516 5732 contrario
2573 5676 2697 5732 snit
2722 5682 2822 5732 :‘et
2844 5677 2953 5732 'Doi
2983 5690 3085 5732 oro
3109 5677 3236 5731 Sue.

1988 5676 2191 5738 ordine
2221 5678 2516 5736 contrario
2546 5676 2697 5749 legit
2722 5682 2822 5738 :et
2844 5677 2953 5733 'Dai
2983 5690 3085 5747 pro
3109 5677 3236 5731 Sue.
