4070 6166
226 295 383 363 1437

1175 301 1481 377 QUES'I‘.
1529 301 1895 368 HEBRAIC.
1941 301 2021 366 IN
2068 302 2209 366 LIB.
2258 305 2280 367 Ι
2330 305 2687 369 PARALIP.

3477 300 3633 366 1438

294 434 487 506 (Vers.
527 434 640 507 47.)
672 458 699 487 ‹‹
736 436 862 492 Filii
895 438 1035 493 Ezra
1064 438 1263 494 Jetber
1291 444 1346 494 et
1377 439 1606 506 Marce],
1635 440 1785 495 Effer
1814 445 1870 495 et
1899 442 1951 507 Α
1982 439 2287 513 gnationes
2308 457 2444 513 ergo
2477 442 2688 497 domus
2720 439 3087 514 operantium
3113 439 3352 514 byssum
3376 436 3433 494 in
3459 437 3631 495 domo

220 524 410 580 Jalon.
448 547 476 574 »
509 526 648 581 Ezra
701 525 1119 599 interpretatur
1149 529 1445 595 auxi'ium,
1480 528 1673 601 ipsum
1715 529 1869 584 enim
1974 529 2316 601 juramenti,
2355 553 2381 578 ››
2414 531 2473 586 hi
2504 537 2642 586 sunt
2674 531 2930 603 quicum
2964 528 3211 585 Beseleel
3245 529 3450 585 morati
3496 532 3635 584 sunt

221 612 429 669 dicunt
458 615 693 669 Amram
728 618 951 686 patrem
993 616 1173 689 Moysi
1223 621 1281 671 et
1326 618 1534 672 Aaron.
1568 617 1762 672 Jether
1791 617 1874 672 in-

219 707 577 773 terpretatur
642 705 942 771 residuum,
1013 706 1136 776 ipse
1206 709 1295 761 est
1373 708 1584 761 Aaron.
1654 706 1868 775 Mared,

217 791 511 855 rebellem,
560 792 685 864 ipse
732 798 819 848 est
866 798 1111 866 Moyses.
1174 796 1342 860 Effer,
1390 796 1590 867 pulvis,
1626 798 1750 867 ipse
1782 800 1873 851 est

220 879 441 946 Eldad;
472 880 664 943 Jalon,
699 882 803 949 lex,
856 882 981 953 ipse
1034 889 1122 938 est
1175 883 1362 938 Medal
1402 902 1412 939 :
1450 885 1625 939 iidem
1660 886 1782 955 [της.
1812 884 1869 939 id

219 970 331 1042 est]
364 969 479 1024 duo
509 971 607 1041 qui
642 972 1092 1042 prophetabant.
1126 973 1400 1027 Traditur
1447 973 1601 1027 enim
1637 978 1868 1046 Moysen

222 1063 354 1131 post
385 1064 683 1130 acceptam
717 1059 904 1132 legem
940 1062 998 1115 in
1030 1078 1224 1116 eremo
1256 1062 1406 1133 patri
1441 1062 1765 1133 injunxisse
1811 1067 1874 1117 ut

222 1152 473 1203 matrem
507 1148 852 1211 dimitteret,
900 1166 964 1203 eo
1017 1151 1171 1221 quod
1213 1150 1374 1205 illius
1425 1152 1603 1206 amita
1652 1157 1806 1206 esset
1855 1169 1867 1205 :

222 1234 346 1290 ﬁlia
374 1236 530 1292 enim
564 1237 672 1291 fuit
698 1238 845 1293 Levi.
882 1239 1017 1293 Post
1049 1240 1218 1309 cujus
1267 1240 1599 1308 dissidium,
1654 1241 1873 1296 dixisse

222 1326 396 1380 aliam
432 1343 670 1381 uxorem
706 1331 1069 1382 Amramzex
1101 1346 1215 1400 qua
1250 1330 1507 1400 suscepit
1539 1330 1685 1384 duos
1723 1330 1873 1384 filios

222 1414 351 1479 hos,
386 1415 563 1469 Eldad
597 1419 652 1469 et
683 1416 1076 1482 Medad.Quod
1104 1434 1236 1472 vero
1260 1419 1546 1491 sequitur,
1580 1422 1873 1491 genuitque

219 1504 456 1558 Mariam
484 1508 536 1559 et
563 1505 767 1572 Samai,
818 1514 869 1560 et
908 1507 1061 1561 Jesba
1111 1512 1323 1577 patrem
1355 1510 1595 1563 Esteinoa
1632 1525 1643 1561 :
1676 1508 1869 1563 Samai

222 1593 457 1664 Moysen
491 1592 737 1665 intelligi
772 1593 993 1660 volunt,
1026 1595 1123 1666 qui
1157 1595 1593 1667 interpretatur,
1621 1598 1869 1666 cwlestis,

219 1681 400 1736 Jesba
459 1683 661 1747 Aaron,
723 1683 819 1753 qui
881 1683 1297 1754 interpretatur
1351 1685 1702 1756 collandatio,
1774 1703 1871 1757 pa-

222 1774 373 1825 trem
406 1771 695 1841 Estemoa,
746 1771 802 1825 id
853 1775 941 1826 est
989 1774 1173 1841 ignem
1220 1782 1549 1840 manentem,
1602 1790 1667 1829 eo
1716 1775 1867 1845 quod
1904 1808 1951 1872 Β

223 1858 329 1913 ﬁlii
362 1860 549 1913 Aaron
583 1858 639 1913 in
702 1860 959 1915 assiduis
1002 1860 1309 1915 sacrificiis
1354 1862 1485 1933 igne
1534 1863 1869 1918 utebantur.

221 1948 384 2011 Quod
444 1965 573 2002 vero
631 1949 897 2019 sequitur
946 1949 1104 2019 (vers.
1160 1950 1271 2017 l8),
1321 1967 1463 2004 uxor
1509 1952 1625 2021 ejus
1681 1952 1873 2006 Indaia

219 2037 416 2101 genuit
457 2036 618 2092 Jared
668 2055 686 2090 :
739 2038 958 2103 lndaia,
1011 2038 1139 2109 ipsa
1188 2044 1276 2093 est
1322 2040 1640 2094 Jachabeth
1690 2044 1875 2094 mater

220 2125 428 2195 Moysi.
461 2124 801 2197 Nomina(a)
829 2144 961 2181 vero
994 2144 1119 2198 qua:
1152 2131 1481 2198 sequuntur
1515 2144 1655 2198 pene
1676 2129 1873 2183 omnia

219 2213 403 2285 Moysi
465 2214 705 2269 nomina
754 2214 999 2286 intelligi
1054 2215 1276 2286 volunt,
1328 2217 1467 2287 quia
1512 2217 1640 2271 ideo
1698 2217 1871 2272 Jared

221 2308 477 2369 vocatur,
534 2302 590 2357 id
654 2308 742 2358 est
797 2303 1142 2370 descendens,
1195 2305 1349 2375 quod
1402 2304 1473 2359 de
1521 2310 1715 2359 monte
1773 2306 1871 2359 de-

222 2391 515 2445 scenderit
569 2410 580 2445 :
621 2396 781 2462 pater
828 2391 1023 2456 Jedor,
1074 2392 1130 2445 id
1183 2396 1272 2447 est
1321 2394 1553 2463 sepium,
1602 2410 1666 2447 eo
1717 2393 1870 2463 quod

223 2479 393 2550 quasi
433 2480 687 2551 quadam
737 2497 871 2553 sepe
915 2480 1041 2553 lege
1090 2481 1539 2535 circumdederit
1570 2482 1871 2553 populum.

219 2568 434 2635 Heber,
458 2570 773 2639 ,ἑυνα-ιον.εο
805 2570 959 2639 quod
996 2569 1275 2641 populum
1297 2569 1392 2624 Dei
1419 2570 1872 2642 servitiojunxe-

220 2656 300 2711 rit
337 2674 349 2711 :
383 2660 609 2711 Patrem
645 2658 853 2722 Socho,
888 2658 941 2712 id
974 2663 1063 2713 est
1088 2658 1403 2729 prophetiae,
1437 2675 1502 2713 eo
1546 2659 1699 2730 quod
1750 2658 1875 2731 ipse

218 2746 303 2802 sit
354 2746 553 2800 doctor
602 2746 1038 2818 prephetarum.
1092 2746 1355 2813 Icuthiel,
1400 2747 1456 2801 id
1503 2752 1611 2812 est,
1650 2765 1875 2819 sperans

220 2838 285 2890 in
317 2840 511 2905 Deum,
543 2852 608 2890 eo
640 2836 793 2906 quod
845 2852 1007 2908 spem
1060 2836 1330 2891 habuerit
1374 2835 1655 2891 liberandi
1691 2854 1873 2909 p0pu-

219 2922 351 2979 lum
384 2924 454 2977 de
485 2924 727 2996 .Egypto
762 2941 775 2978 :
809 2924 928 2979 sive
962 2924 1115 2996 quod
1148 2940 1249 2996 spe
1282 2928 1587 2994 parentum
1619 2925 1689 2979 de
1711 2942 1872 2997 aqua:

225 3011 490 3085 periculo
537 3012 817 3068 liberatus
863 3013 939 3068 sit
974 3030 986 3068 ε
1023 3017 1245 3085 patrem
1279 3014 1529 3079 Sanoha,
1563 3015 1663 3084 qui
1694 3013 1875 3069 inter-

218 3106 487 3175 pretatur
514 3102 865 3172 gubernator,
915 3119 980 3157 eo
1030 3103 1183 3174 quod
1236 3118 1511 3174 magnam
1563 3103 1776 3175 populo
1811 3104 1867 3158 in

216 3207 421 3247 eremo
451 3191 933 3261 gubernationem
965 3191 1291 3247 exhibuerit
1340 3207 1352 3245 :
1400 3192 1519 3246 sive
1548 3193 1701 3263 quod
1738 3194 1866 3248 doc-
1896 3176 1939 3241 (ἶ

216 3280 379 3335 trina
410 3297 519 3335 sua
553 3280 814 3352 quotidie
845 3281 1216 3351 gubernaret.

296 3370 483 3441 (Vers.
516 3370 628 3439 48.)
659 3369 820 3432 Quod
870 3386 1002 3424 vero
1054 3370 1319 3440 sequitur
1370 3388 1382 3425 :
1434 3372 1509 3425 lli
1557 3379 1737 3425 autem
1774 3372 1877 3425 filii

224 3458 467 3527 Ret/tiae,
530 3459 658 3512 filia:
706 3459 1046 3524 Pharaonis,
1100 3476 1275 3529 quam
1328 3460 1549 3531 accepit
1604 3460 1793 3514 Mered
1859 3476 1870 3514 :

223 3547 551 3603 Pharaonis
584 3548 1016 3613 filiam,idcirco
1048 3548 1103 3601 in
1141 3548 1247 3603 hoc
1276 3534 1402 3602 loco
1436 3552 1677 3603 matrem
1698 3549 1875 3620 Moysi

219 3643 411 3705 vocat,
445 3647 502 3692 et
535 3638 947 3709 interpretatur
975 3638 1095 3707 ﬁlia
1130 3639 1371 3704 Domini,
1398 3646 1629 3709 propter
1659 3638 1871 3693 bonam

216 3726 581 3782 voluntatem
614 3743 793 3797 quam
839 3726 896 3780 in
944 3726 1251 3780 nutriendo
1288 3743 1463 3797 puero
1498 3727 1783 3794 habuerit,
1820 3732 1875 3783 et

217 3832 257 3871 a
308 3815 523 3882 Mered,
572 3816 626 3869 id
676 3819 764 3869 est
810 3815 1023 3887 Moyse,
1073 3820 1310 3886 accepta
1357 3832 1482 3870 esse
1532 3815 1764 3880 dicitur,
1807 3833 1873 3870 eo

216 3905 401 3976 quod,
466 3904 683 3959 relictis
730 3903 1016 3959 idolorum
1071 3905 1348 3969 cultibus,
1394 3906 1463 3961 ad
1524 3906 1617 3960 Dei
1650 3904 1871 3961 cultum

217 4010 505 4049 conversa
536 3995 630 4048 sit.

292 4083 473 4151 (Vers.
518 4083 632 4153 l9.)
666 4105 692 4131 ››
727 4082 959 4138 Charmi
994 4086 1157 4155 pater
1187 4083 1340 4137 Ceila
1371 4088 1425 4138 et
1456 4085 1748 4148 Estamoa,
1773 4085 1871 4157 qui

212 4172 332 4227 fuit
364 4172 433 4226 de
467 4172 739 4227 Machati.
776 4194 802 4220 »
834 4172 989 4227 Ceila
1021 4189 1234 4227 nomen
1264 4172 1371 4228 loci
1401 4177 1508 4241 est,
1534 4177 1591 4227 et
1624 4173 1868 4228 Machati

212 4260 516 4316 similiter.

295 4348 483 4421 (Vers.
516 4350 629 4420 20.)
665 4372 692 4397 «
726 4349 924 4405 Simon
960 4354 1125 4420 pater
1154 4352 1406 4416 Amnon,
1439 4355 1494 4405 et
1525 4350 1705 4416 Rena,
1744 4373 1770 4398 η
1804 4351 1869 4405 ﬁ-

212 4437 343 4493 lius
374 4437 484 4492 fuit
520 4442 808 4503 Estamoa,
844 4438 948 4492 ﬁlii
980 4438 1145 4507 Odai,
1180 4437 1283 4492 filii
1315 4438 1549 4504 Astriel,
1583 4439 1683 4493 filii
1716 4439 1869 4494 Jala-

218 4526 355 4591 leel,
389 4526 487 4580 tllii
521 4527 725 4591 Cenes,
768 4526 871 4581 filii
902 4527 1051 4593 Sela,
1086 4528 1189 4582 filii
1220 4528 1404 4582 Judze.

293 4616 479 4685 (Vers.
529 4616 736 4688 21-23.)
780 4639 807 4665 ‹‹
869 4618 937 4671 Et
994 4621 1157 4687 pater
1204 4617 1409 4687 Lecha,
1450 4640 1475 4663 ››
1516 4617 1730 4673 idcirco
1782 4618 1871 4672 hic

208 4704 460 4778 ponitur
488 4712 726 4777 propter
757 4704 1099 4760 memoriam
1133 4705 1365 4777 pristini
1402 4705 1680 4761 nominis.
1709 4730 1735 4755 «
1770 4711 1869 4761 Co-

291 4849 305 4881 ¹
342 4847 419 4901 Ex
457 4846 565 4902 hoc
598 4848 722 4901 loco
755 4864 1059 4919 perperam
1094 4848 1331 4918 conjicit
1370 4849 1668 4915 Erasmus,
1725 4848 1872 4903 Scri-

204 4923 443 5001 ptorem
482 4919 723 5001 hujusce
754 4919 1033 5001 Opusculi
1060 4920 1485 5001 propemodum
1511 4920 1674 5001 fateri
1699 4937 1761 4975 se
1780 4937 1874 4974 ne-

204 4990 460 5047 écivisse
490 4990 789 5046 Hebraice.
816 4995 880 5044 In
904 4990 1212 5063 Ambiguis
1243 4990 1400 5046 enim
1434 4992 1871 5063 Scripturarum

287 5117 363 5184 (a)
394 5114 498 5176 Qui
545 5115 745 5169 decem
790 5115 965 5169 Mosis
1003 5116 1242 5169 nomina
1276 5116 1458 5170 fuisse
1491 5116 1750 5181 tradunt,
1786 5132 1874 5170 ve-

200 5192 367 5242 teres
398 5186 639 5258 Hebraei,
686 5191 770 5258 uti
794 5191 939 5258 sunt
986 5192 1189 5258 auctor
1218 5186 1466 5251 Vaikraz,
1500 5193 1674 5258 atque
1706 5186 1869 5241 exin-

199 5260 284 5314 de
316 5262 379 5311 Η.
414 5256 651 5312 Gedlaia
682 5257 1043 5325 Schalschel,
1081 5258 1345 5313 nonnihil
1398 5260 1471 5313 ab
1523 5256 1613 5312 his
1649 5260 1873 5313 variant

198 5337 341 5386 tum
370 5328 425 5382 in
460 5329 585 5401 ipsa
618 5328 925 5401 nominum
963 5330 1270 5401 scriptura,
1307 5335 1431 5383 tum
1490 5330 1543 5385 in
1590 5330 1873 5385 excuden—

198 5402 306 5457 dis
337 5399 722 5472 etymologiis.
758 5400 1038 5472 Scribunt
1086 5399 1219 5455 vero
1271 5418 1376 5472 pro
1433 5403 1624 5456 Samai
1659 5413 1873 5465 mum?

199 5469 724 5541 Schemedaia,ipro
768 5470 948 5543 ledor,
982 5482 1080 5531 ἾΠἽ
1132 5469 1326 5539 letlter,
1381 5490 1481 5543 pro
1524 5473 1710 5528 Heber
1757 5486 1873 5532 13H

202 5528 439 5607 Cimber,
487 5528 589 5612 pro
623 5528 887 5598 ‘lcuthiel
939 5528 1173 5630 58911in
1200 5528 1493 5609 Iekutliiel,
1521 5549 1577 5599 et
1608 5554 1734 5605 nm
1766 5528 1872 5605 ’ἐξά

194 5631 345 5691 Albi
375 5630 665 5703 Zannach,
690 5640 814 5693 121D
836 5646 917 5693 an
946 5631 1059 5688 Alii
1090 5633 1411 5706 Socho,pro
1448 5635 1617 5690 Pater
1657 5634 1875 5690 Sanoha

1984 616 2053 672 ad
2086 618 2435 689 explendum
2468 637 2613 691 opus
2644 619 3024 675 tabernaculi.
3057 618 3384 675 Juramenti
3418 618 3631 673 etenim

1983 706 2193 762 domus
2225 708 2440 763 idcirco
2473 709 2705 776 dicitur,
2737 710 2892 764 sicut
2941 712 2997 763 et
3044 708 3488 763 tabernaculum
3537 708 3635 763 fua-

1984 795 2158 862 deris,
2195 798 2348 867 quod
2384 798 2441 852 in
2465 814 2530 853 eo
2564 798 2752 854 foedus
2801 803 2956 854 esset
3008 797 3125 862 Dei,
3178 797 3331 868 quod
3366 813 3495 853 cum
3527 796 3630 851 ho-

1984 885 2244 941 minibus
2289 887 2441 954 fecit,
2498 891 2553 943 et
2592 889 2998 957 juramentum
3068 886 3222 959 quod
3292 886 3504 958 iuravit
3561 887 3633 941 ad

1982 974 2301 1041 Abraham,
2356 976 2513 1030 Isaae
2564 982 2619 1031 et
2666 976 2867 1031 Jacob.
2911 976 3072 1040 Quod
3122 992 3254 1031 vero
3303 974 3570 1047 sequitur
3620 990 3633 1031 :

1984 1064 2095 1133 Qui
2123 1067 2266 1119 stare
2296 1064 2427 1135 feeit
2454 1066 2621 1119 solem
2654 1084 2670 1118 :
2705 1065 2856 1119 redit
2904 1065 2973 1119 ad
3028 1065 3363 1135 progeniem
3398 1063 3633 1128 Pharez,

1984 1152 2054 1206 de
2082 1170 2195 1224 quo
2227 1158 2388 1207 ortus
2420 1158 2507 1208 est
2541 1154 2735 1218 David,
2771 1158 3165 1226 opportunum
3190 1153 3470 1223 judicans
3503 1168 3633 1224 pro-

1983 1242 2212 1313 geniem
2242 1243 2412 1311 Juda,
2448 1244 2517 1297 de
2550 1260 2665 1314 qua
2694 1242 2882 1297 tribus
2914 1242 3070 1313 regia
3121 1246 3247 1297 orta
3290 1246 3395 1305 est,
3431 1240 3488 1294 in
3522 1240 3633 1295 Da-

1982 1330 2074 1384 vid
2108 1331 2438 1387 terminare.
2484 1332 2745 1387 Tradunt
2784 1331 2938 1385 enim
2973 1331 3192 1386 Hebrmi
3246 1331 3400 1385 hunc
3453 1330 3634 1385 fuisse

1985 1418 2295 1474 Elimelech
2330 1419 2519 1474 virum
2554 1418 2776 1483 Noemi,
2808 1422 3029 1490 patrem
3065 1416 3293 1472 Maalon
3318 1421 3375 1471 et
3395 1416 3633 1471 Chelion

1982 1508 2041 1562 in
2074 1509 2245 1577 cujus
2277 1518 2536 1579 tempore
2567 1510 2651 1562 sol
2686 1506 2931 1573 steterit,
2963 1510 3196 1577 propter
3237 1505 3633 1576 praevaricato-

1984 1612 2075 1651 res
2108 1596 2229 1669 {ms.
2266 1596 2789 1668 praevaricationes]
2831 1595 2995 1665 legis,
3045 1600 3106 1649 ut
3150 1598 3310 1649 tanto
3353 1592 3633 1648 miraculo

1980 1685 2124 1751 viso,
2175 1690 2657 1740 converterentur
2706 1684 2776 1739 ad
2837 1684 3149 1739 Domiuum
3201 1687 3383 1737 Deum
3435 1697 3633 1737 suum.

1982 1774 2143 1838 Quod
2196 1774 2333 1845 quia
2392 1774 2576 1829 facere
2623 1776 3121 1845 contempserunt,
3183 1770 3398 1826 idcirco
3452 1770 3637 1824 fames

1982 1862 2246 1929 invaluit,
2283 1867 2343 1917 ut
2375 1862 2490 1931 ille,
2522 1862 2622 1933 qui
2655 1862 2711 1916 in
2746 1861 2903 1917 tribu
2936 1861 3083 1915 Juda
3116 1860 3275 1932 prior
3310 1858 3635 1928 videbatur,

1983 1952 2156 2007 famis
2188 1952 2385 2023 inopia
2413 1968 2546 2006 cum
2580 1966 2756 2005 uxore
2790 1956 2845 2005 et
2879 1948 3038 2016 filiis,
3076 1966 3190 2003 non
3224 1948 3415 2004 solum
3448 1947 3637 2020 patria

1983 2041 2312 2113 pelleretur,
2335 2041 2432 2095 sed
2465 2040 2641 2095 etiam
2674 2040 2733 2093 in
2766 2040 2969 2093 eadem
3002 2037 3467 2110 peregrinatione
3498 2053 3630 2092 cum

1982 2129 2119 2185 filiis
2152 2134 2492 2185 moreretur.
2513 2128 2680 2183 Viros
2706 2131 2899 2182 autem
2935 2126 3370 2181 mendaeiiesse
3402 2124 3628 2180 Maalon

1984 2224 2038 2275 et
2069 2219 2328 2285 Chelion,
2362 2218 2462 2289 qui
2493 2217 2609 2279 hic,
2641 2232 2866 2271 securus
2914 2219 2970 2269 et
3024 2214 3313 2269 incendens
3339 2212 3632 2285 appellan-

1984 2309 2243 2379 tur(b),et
2272 2308 2341 2361 de
2374 2306 2587 2377 quibus
2606 2305 2817 2359 dicitur
2838 2304 2991 2375 quod
3018 2301 3308 2375 principes
3336 2301 3551 2357 fuerint
3570 2300 3629 2356 in

1986 2398 2168 2461 Moab,
2224 2413 2287 2451 eo
2348 2396 2502 2467 quod
2562 2411 2769 2449 uxores
2827 2391 3170 2447 Moabitidas
3228 2390 3517 2455 duxerint,
3571 2390 3630 2445 in

1984 2487 2221 2540 Hebraeo
2282 2484 2614 2555 expressius
2664 2482 2917 2554 ponitur,
2953 2486 3009 2535 et
3064 2481 3135 2534 ab
3180 2480 3427 2535 eruditis
3470 2478 3631 2534 illius

1984 2575 2196 2646 linguae
2229 2576 2241 2608 '
2278 2573 2694 2639 didieimus,ut
2724 2589 2839 2626 non
2873 2569 3273 2642 principes(c),
3300 2570 3399 2625 sed
3434 2566 3631 2624 mariti

1984 2654 2272 2719 dicantur.
2298 2663 2460 2727 Quod
2492 2678 2624 2717 vero
2656 2660 2945 2732 sequitur,
2972 2676 3099 2731 quas
3132 2674 3375 2713 reversa;
3410 2657 3631 2713 suntin

1986 2752 2221 2817 Lehem,
2246 2751 2446 2806 Noemi
2478 2756 2535 2805 et
2569 2750 2716 2805 Ruth
2752 2750 3268 2818 demonstrat,qum
3302 2746 3359 2801 in
3391 2747 3628 2813 Lehem,

1984 2841 2042 2895 id
2076 2846 2163 2897 est
2185 2857 2403 2911 panem,
2436 2843 2565 2911 post
2595 2838 2854 2910 inopiam
2885 2837 3076 2905 famis,
3112 2835 3311 2892 audita
3362 2835 3627 2890 ubertate

1985 2930 2173 3001 panis,
2228 2930 2282 2984 in
2344 2927 2635 2984 Bethleem
2697 2942 2938 2981 reversae
2992 2929 3151 2981 sunt.
3200 2924 3268 2979 Et
3315 2924 3457 2996 quia
3507 2923 3628 2979 haec

1984 3016 2228 3072 historia
2250 3016 2307 3072 in
2340 3016 2487 3071 libro
2522 3016 2671 3071 Ruth
2707 3013 2984 3071 scribitur
3014 3014 3195 3082 (Ruth.
3234 3031 3272 3077 1,
3306 3013 3382 3083 4),
3413 3010 3629 3067 idcirco

1990 3106 2367 3178 subsequitur
2400 3124 2411 3160 :
2443 3107 2562 3160 ch
2590 3108 2774 3160 autem
2804 3104 2967 3159 verba
2996 3112 3199 3157 vetera.
3237 3100 3468 3173 Figulos
3498 3118 3630 3156 vero

1979 3194 2123 3249 dicit
2155 3196 2486 3250 habitantes
2519 3194 2574 3248 in
2610 3192 3075 3266 plantationibus
3106 3195 3162 3245 et
3192 3191 3453 3261 sepibus,
3502 3206 3631 3261 pro-

1983 3284 2211 3354 geniem
2246 3302 2373 3355 quas
2401 3285 2471 3338 de
2503 3283 2656 3339 Ruth
2693 3285 3009 3354 propagata
3037 3283 3127 3335 est
3160 3295 3173 3333 :
3210 3296 3337 3351 quas
3388 3278 3445 3333 in
3479 3277 3630 3350 sepi-

1986 3373 2096 3427 bus
2128 3379 2183 3427 et
2213 3372 2672 3444 plantationibus
2706 3370 2998 3425 habitasse
3030 3368 3257 3439 legitur,
3290 3367 3527 3439 quando
3558 3368 3629 3422 ad

1984 3462 2203 3532 regiam
2236 3462 2580 3533 dignitatem
2616 3461 2732 3514 haec
2766 3458 3046 3531 plantatio
3073 3457 3353 3528 pervenit.
3384 3457 3628 3512 Commo-

1984 3551 2098 3603 rati
2120 3554 2247 3604 sunt
2281 3551 2376 3615 ibi,
2413 3550 2517 3603 hoc
2556 3553 2645 3603 est
2690 3549 2749 3602 in
2800 3547 3116 3609 Bethleem,
3150 3545 3305 3615 apud
3337 3561 3533 3616 regem
3568 3544 3625 3598 in

1984 3639 2260 3709 operibus
2286 3638 2434 3707 ejus,
2468 3637 2605 3708 quia
2636 3653 2703 3690 ex
2734 3636 2817 3691 eis
2848 3634 3027 3690 David
3063 3650 3161 3687 rex
3191 3638 3354 3688 ortus
3384 3638 3491 3698 est,
3523 3648 3629 3686 cu-

1978 3726 2079 3798 jus
2112 3743 2285 3799 opera
2318 3725 2481 3781 miris
2512 3724 2817 3797 praeconiis
2850 3723 3256 3795 praedicantur.

2054 3815 2239 3881 (Vere.
2269 3816 2359 3877 24,
2392 3815 2450 3868 31
2490 3819 2547 3868 et
2577 3814 2692 3884 32.)
2723 3836 2749 3860 ‹‹
2787 3811 2911 3865 Filii
2955 3812 3199 3883 Symeon
3238 3832 3264 3857 ››
3310 3808 3369 3863 in
3422 3808 3631 3864 Genesi

1982 3921 2082 3960 sex
2137 3902 2550 3958 describuntur
2600 3906 2739 3973 (cap.
2792 3917 2940 3965 XLVI,
2985 3915 3134 3954 vers.
3190 3898 3299 3968 lO).
3349 3896 3453 3952 Hic
3499 3913 3631 3953 vero

1982 4000 2183 4049 sextus
2239 3992 2482 4055 tollitur,
2533 4008 2599 4045 eo
2662 3990 2816 4061 quod
2878 3987 3038 4043 nulla
3092 3986 3400 4059 progenies
3447 3987 3517 4043 de
3565 4004 3630 4044 eo

1982 4082 2285 4155 processit.
2346 4080 2649 4134 Mutantur
2697 4095 2831 4133 vero
2884 4075 3124 4131 nomina
3182 4076 3447 4147 quadam
3506 4075 3632 4131 suis

1982 4171 2327 4226 rationibus.
2380 4169 2439 4223 In
2494 4167 2701 4223 Genesi
2750 4166 3047 4233 scribitur,
3085 4164 3333 4231 Jemuel,
3378 4163 3629 4231 Jemuel,

1979 4277 2135 4315 mare
2185 4260 2281 4314 Dei
2342 4277 2360 4313 :
2416 4258 2473 4312 in
2528 4257 3009 4329 Paralipomenon
3055 4248 3321 4321 Nam'uel,
3363 4252 3628 4323 Namuel,

1982 4351 2207 4420 loquens
2257 4365 2383 4402 cum
2436 4348 2558 4403 Deo.
2610 4346 2772 4400 Alius
2818 4361 2951 4400 vero
3008 4345 3066 4398 in
3116 4343 3324 4398 Genesi
3391 4346 3632 4398 vocatur

1980 4438 2141 4493 Ohad
2175 4438 2232 4492 in
2267 4434 2751 4507 Paralipomenon
2794 4433 2973 4489 Jarib.
3007 4432 3167 4487 Ohad
3214 4430 3633 4503 interpretatur

1905 4544 1949 4607 Ι)
1983 4526 2225 4582 laudatio
2266 4545 2283 4580 :
2314 4526 2497 4592 Jarib,
2540 4527 2769 4596 litigans
2821 4542 2839 4577 :
2889 4522 3027 4594 quia
3069 4522 3140 4576 de
3185 4523 3309 4590 ejus
3360 4520 3631 4592 progenie

1982 4615 2157 4672 exivit
2190 4616 2402 4680 Zamri,
2437 4616 2556 4685 qui,
2592 4631 2723 4669 cum
2761 4616 2919 4669 scoto
2961 4610 3333 4667 Madianitide
3364 4626 3630 4681 peccans,

1986 4721 2019 4759 a
2049 4704 2294 4759 Phinees
2327 4708 2667 4775 peremptus
2719 4705 2825 4757 est.
2876 4700 3079 4757 Jachin
3117 4700 3172 4753 in
3212 4697 3439 4764 Genesi,
3475 4697 3628 4768 quod

1981 4846 2373 4921 verbis,periti
2406 4845 2673 4921 consulto
2700 4845 3055 4921 interrogare
3085 4839 3272 4921 solent
3302 4838 3628 4921 peritiores;

1984 4936 2089 4975 nec
2122 4913 2226 4974 hoc
2259 4917 2590 4989 imperitiae,
2626 4918 2725 4971 sed
2761 4913 3082 4987 prudentiae
3116 4917 3173 4967 et
3202 4913 3503 4967 maturiori
3525 4913 3630 4981 ju-

1984 4991 2135 5046 dicio
2168 4989 2545 5046 tribuendum
2577 4993 2685 5044 est.

1982 5119 2037 5170 et
2069 5118 2235 5188 Pater
2264 5114 2455 5188 Socho.
2483 5113 2697 5188 Hisque
2724 5111 2952 5188 addunt
2981 5094 3162 5170 Suam
3187 5117 3251 5168 13
3273 5108 3403 5188 Berl
3421 5106 3631 5188 Nathaf

1986 5187 2139 5249 nael,
2169 5188 2221 5240 id
2257 5192 2346 5241 est
2374 5187 2578 5240 Filium
2606 5178 2985 5250 Nathanaelis,
3035 5187 3093 5236 et
3138 5189 3319 5239 mnu:
3364 5178 3542 5249 Tobia,
3576 5182 3633 5233 et

1984 5268 2150 5322 151:3,
2174 5258 2328 5328 quod
2360 5263 2448 5311 est
2479 5255 2685 5311 Scriba.

2058 5339 2133 5405 (b)
2169 5338 2301 5400 Ms,
2325 5353 2544 5392 securus
2576 5336 2917 5389 intercedens
2946 5334 3273 5405 appellatur.

2058 5419 2126 5488 (ι’)
2160 5416 2322 5471 Malit
2350 5434 2483 5473 vero
2515 5416 2572 5488 in
2608 5415 2827 5488 Erasini
2860 5414 3209 5488 sententiam
3232 5406 3632 5488 prudens__lec-

1985 5478 2078 5544 tor
2108 5478 2437 5544 concedere.
2476 5487 2616 5541 Vide
2646 5504 2775 5559 quae
2808 5486 2916 5541 hac
2948 5485 3018 5541 de
3047 5502 3107 5540 re
3129 5478 3385 5539 diximus
3407 5479 3467 5532 in
3488 5478 3634 5532 Prw-

1986 5560 2226 5616 fatione.
