4084 6176
528 317 704 393 24439

2038 317 2456 397 APRENBIX.

3728 321 3840 401 ηω

536 453 963 530 interpretatur
987 457 1319 530 praeparatio
1367 473 1385 514 :
1416 456 1475 513 in
1507 456 1994 531 Paralipomenon
2026 460 2188 522 Zara,
2218 458 2272 525 Α
2302 461 2418 527 tur,
2448 458 2589 530 quia
2628 456 2774 517 Abia
2811 456 2971 516 ﬁlius
3009 456 3319 527 Samuelis,
3349 456 3406 515 in
3442 456 3672 531 judicem

524 547 699 618 .quod
736 546 1153 619 interpretatur
1200 548 1369 603 ortus.
1404 545 1540 603 Saul
1588 564 1741 615 vero,
1776 563 1949 618 quem
1988 546 2191 603 eodem

543 634 781 697 nomine
813 634 869 690 in
904 640 1149 707 utroque
1202 634 1352 692 libro
1398 641 1839 702 commemorat,
1869 635 1964 691 hic
2005 634 2191 691 filium

540 723 900 785 Cananitidis
929 729 1097 791 tacet,
1129 730 1187 780 et
1217 725 1511 781 vicinitate
1560 724 1793 780 fraterni
1837 723 2093 780 nominis
2125 740 2192 779 ex

540 818 706 881 Zara,
738 813 836 885 qui
869 813 1284 886 interpretatur
1311 822 1479 881 ortus,
1515 815 1767 871 decorat.
1814 814 1976 880 Quod
2027 812 2188 877 dicit,

520 925 571 953 «α
603 907 694 961 Hie
726 902 991 958 civitates
1021 919 1221 959 eorum
1255 919 1441 974 usque
1472 903 1545 959 ad
1577 919 1770 975 regem
1806 902 2051 969 David,»
2083 901 2192 956 hoc

538 991 664 1053 vult
708 990 989 1062 intelligi,
1051 992 1205 1063 quod
1265 991 1521 1048 Sicelecb
1580 996 1638 1047 et
1693 991 1997 1057 Bersabee,
2061 1008 2189 1062 quae

538 1080 728 1138 tribus
775 1081 934 1135 .ludaa
984 1081 1241 1146 fuerunt,
1300 1084 1356 1135 et
1395 1098 1428 1136 a
1478 1081 1637 1137 tribu
1684 1082 1927 1150 Symeon
1975 1079 2187 1135 invasze

540 1172 700 1235 sunt,
732 1186 767 1224 a
795 1167 971 1225 David
1005 1168 1196 1225 denuo
1245 1168 1303 1224 in
1352 1168 1665 1241 pristinam
1695 1170 1859 1225 Juda:
1892 1168 2192 1227 redierunt

540 1258 956 1319 haereditatem.
984 1257 1413 1316 Ain-Remmon
1448 1258 1626 1315 unius
1655 1257 1803 1313 villas
1834 1274 2046 1313 nomen
2079 1262 2187 1323 est,

534 1346 1133 1418 quaeinterpretatur,
1161 1347 1303 1401 Fons
1332 1346 1606 1401 malorum
1635 1354 2016 1417 granawrum.

609 1434 795 1507 (Vers.
839 1433 956 1503 33.)
993 1434 1117 1489 u-Et
1147 1433 1401 1491 universi
1453 1433 1625 1491 viculi
1674 1450 1877 1490 eorum
1928 1450 2031 1505 per
2079 1432 2187 1488 eir-

540 1523 764 1587 cuitum
786 1521 1096 1579 civitatum
1128 1523 1377 1579 istarum
1412 1539 1598 1596 usque
1628 1522 1965 1579 Baal.»Baal
1985 1522 2054 1577 in
2080 1522 2188 1578 hoc

518 1602 660 1673 loco
683 1612 814 1684 ipsa
844 1616 1089 1683 est,qua:
1116 1612 1175 1666 in
1199 1612 1311 1668 alio
1343 1611 1468 1668 loco
1489 1612 1857 1670 Cariathbaal
1889 1610 2185 1678 scribitur,

537 1702 609 1763 de
630 1719 759 1779 qua
786 1700 1057 1774 superius
1086 1700 1307 1758 dictum
1339 1707 1447 1759 est.
1465 1703 1795 1759 Notandum
1822 1703 1893 1758 de
1924 1699 2187 1773 reliquiis

517 1789 810 1849 .Amalech
847 1807 860 1846 :
893 1790 1072 1845 Beera
1101 1789 1258 1847 ﬁlius
1288 1790 1420 1847 Baal
1457 1791 1528 1846 de
1558 1791 1738 1862 stirpe
1785 1791 2015 1857 Ruben,
2061 1789 2187 1861 ipse

535 1882 627 1936 est
654 1882 825 1935 Pater
854 1877 1011 1937 Ossae
1045 1878 1363 1950 prophetae.
1406 1880 1736 1935 Notandum
1771 1880 1925 1950 quod
1954 1877 2083 1949 ipsa
2112 1878 2192 1935 sit

521 1967 788 2031 .Gethura
820 1984 946 2038 quae
970 1970 1037 2022 .et
1064 1972 1243 2039 Agar.

590 2056 766 2128 (Cap.
800 2054 867 2111 V.
903 2087 969 2095 —
994 2055 1158 2112 Vers.
1190 2057 1303 2126 19.)
1334 2057 1480 2113 Nam
1514 2073 1648 2112 cum
1680 2055 1835 2112 dicat
1867 2055 2189 2113 Rubenitas

524 2144 905 2208 etuGadditas
932 2149 993 2199 et
1022 2144 1329 2201 dimidiam
1348 2146 1567 2201 tribum
1594 2145 1864 2203 Manasse
1895 2162 2189 2218 pugnasse

534 2250 668 2291 cum
718 2233 995 2305 Agarenis
1030 2250 1042 2288 :
1081 2234 1352 2305 sequitur
1382 2234 1702 2306 praebuisse
1748 2235 1835 2291 eis
1881 2234 2186 2303 auxilium,

524 2324 795 2387 .Iturmos,
828 2321 1133 2393 Naphaeos,
1160 2327 1224 2378 et
1249 2323 1582 2397 Nodab,qui
1613 2324 1817 2396 utique
1845 2322 1947 2379 ﬁlii
1981 2323 2187 2381 Ismael

522 2413 791 2475 fuerunt.
814 2411 986 2468 .ldem
1019 2411 1078 2466 in
1098 2411 1594 2483 Paralipomenon
1626 2413 1851 2478 Nodab,
1882 2412 1943 2468 in
1976 2412 2188 2469 Genesi

521 2503 677 2575 K(1:11p.
704 2518 838 2567 xxv,
886 2515 1024 2557 vers.
1078 2500 1168 2572 45)
1217 2500 1434 2559 Cedma
1477 2507 1734 2559 voca-tur.
1768 2503 1984 2559 Cedma
2013 2500 2190 2561 inter-

522 2594 800 2671 ;pretatur
829 2591 1211 2661 antiquorum,
1243 2590 1470 2657 Nodab,
1512 2594 1654 2647 uter.
1687 2591 1821 2647 Fuit
1868 2590 2024 2653 enim
2072 2589 2188 2646 bel-

524 2680 658 2745 lum
678 2677 923 2739 Domini
958 2693 971 2733 :
1005 2677 1144 2749 quia
1174 2677 1461 2735 Dominus
1483 2679 1763 2753 pugnavit
1792 2696 1925 2737 cum
1954 2679 2059 2736 eis.

604 2768 788 2841 (Vers.
832 2766 949 2837 26.)
1002 2767 1301 2823 Transtulit
1348 2768 1849 2840 Theglatphalasar,
1900 2769 2087 2825 Ruben
2135 2772 2188 2829 et

525 2855 1049 2921 Gadetrdimidiam
1080 2856 1586 2925 lribumlllanasse,
1616 2867 1668 2913 et
1705 2857 1941 2914 adduxit
1989 2874 2078 2914 eos
2127 2860 2188 2917 in

526 2949 705 3014 Hala,
732 2949 781 3007 et
807 2948 872 3002 in
892 2946 1040 3001 Abor
1066 2950 1118 3003 et
1147 2951 1322 3016 ﬂora,
1358 2947 1487 3020 ipsa
1532 2952 1622 3003 est
1669 2948 1876 3020 Rages.
1910 2948 1971 3003 In
2004 2945 2189 3004 Mala-

523 3037 691 3100 .chim
721 3051 854 3091 vero
886 3038 1034 3091 Hara
1071 3036 1560 3107 praetermittitur.

604 3126 761 3198 (Cap.
795 3123 886 3178 VI.
918 3152 988 3162 —-
1014 3122 1179 3180 Vers.
1235 3125 1345 3196 15.)
1387 3123 2010 3193 Josedech-sacerdos,
2059 3124 2186 3196 ipse

532 3197 623 3275 est
650 3212 847 3269 Ezras.
864 3210 1242 3270 Demonstrat
1275 3213 1380 3269 hoc
1409 3212 1557 3269 liber
1586 3212 1849 3283 ejusdem
1883 3211 2053 3277 Ezrae,
2080 3212 2182 3269 ubi
2216 3197 2259 3262 C

526 3299 720 3365 dicit:
754 3304 827 3357 Et
858 3308 979 3373 post
1027 3300 1138 3358 hac
1186 3302 1348 3358 verba
1401 3302 1461 3355 in
1505 3316 1676 3370 regno
1717 3300 1998 3359 Artaxerit
2042 3302 2189 3369 regis

529 3395 829 3451 Persarum
877 3393 1043 3448 Erras
1086 3392 1246 3461 ﬁlius
1297 3390 1522 3446 Samiae
1570 3389 1681 3460 ﬁlii
1726 3389 1948 3446 Azaria’
2005 3389 2185 3461 (Esdr.

532 3479 740 3553 νυνι).
765 3480 881 3536 Sed
902 3480 959 3537 in
982 3480 1280 3537 libro-suo
1312 3494 1375 3534 se
1408 3478 1805 3549 pretermittit
1835 3476 2190 3535 humilitatis

532 3585 734 3631 causa.
778 3570 941 3636 Quod
992 3587 1125 3626 vero
1176 3567 1338 3637 dicit,
1365 3569 1580 3624 Joanan
1608 3568 1799 3638 genuit
1826 3566 2104 3635 Azariam,
2134 3570 2191 3624 et

528 3657 662 3731 ipse
691 3664 782 3715 est
813 3657 1184 3730 Azarias,qui
1215 3655 1534 3715 sacerdotio
1566 3655 1913 3711 functusest
1934 3654 1994 3711 in
2014 3655 2189 3711 domo

537 3764 717 3820 quam
748 3747 1051 3804 aedificavit
1071 3746 1346 3807 Salomon
1388 3745 1445 3800 in
1488 3743 1850 3812 Jerusalem;
1903 3748 2193 3808 monstrat

526 3838 809 3899 eumdem
832 3837 1103 3897 ‘Azariam
1148 3835 1433 3893 restitisse
1465 3833 1630 3895 Ozias
1661 3832 1802 3905 regi,
1835 3834 2072 3905 quando
2104 3833 2191 3888 in-

523 3925 711 3989 travit
737 3925 796 3982 in
827 3925 1114 3997 templum
1148 3922 1379 3983 Domini
1410 3939 1546 3979 cum
1577 3920 1904 3986 tburibulo,
1927 3924 1984 3976 et
2005 3925 2191 3975 terra;-

525 4018 733 4077 Jnolus
756 4031 1023 4087 magnus
1050 4014 1245 4070 factus
1277 4017 1386 4068 est.
1420 4011 1685 4066 Tradunt
1714 4010 1885 4064 etiam
1918 4009 2191 4068 eumdem

527 4106 738 4164 Ezram
768 4120 897 4161 esse
923 4102 1270 4163 Malachiam
1322 4099 1689 4173 prophetam,
1725 4098 1823 4169 qui
1878 4097 1936 4152 in
1981 4098 2195 4154 duode-

539 4191 987 4265 cimprophetis
1008 4190 1265 4253 ultimus
1297 4193 1402 4247 est.
1455 4188 1647 4260 Ipsius
1696 4187 1854 4243 ﬁlius
1889 4190 1979 4243 est
2021 4188 2193 4245 Jesus

541 4281 812 4340 sacerdos
848 4297 1119 4355 magnus,
1155 4279 1228 4336 de
1257 4295 1372 4351 quo
1398 4276 1668 4333 meminit
1696 4276 2005 4335 Zacharias
2042 4294 2193 4349 (pro-

524 4369 1086 4444 .pheta..Soiendum
1134 4383 1283 4425 sane
1324 4366 1472 4439 quia
1514 4366 1726 4422 crebra:
1774 4363 2194 4438 appellationes

524 4475 923 4532 personarum
959 4463 1017 4514 et
1050 4455 1496 4517 immutationes
1526 4453 1834 4510 nominum
1883 4458 1940 4510 et
1970 4454 2193 4526 repeti-

526 4547 728 4607 .tiones
758 4549 856 4620 (a),
886 4547 963 4604 ad
998 4562 1285 4620 magn-um
1313 4543 1656 4617 mysterium
1684 4542 1996 4615 pertinent.

636 4636 947 4709 (Vers.22.)
972 4637 1109 4694 Filii
1159 4635 1331 4693 Chaat
1372 4632 1682 4691 Aminadab
1725 4633 1875 4704 ﬁlius
1916 4635 2052 4705 ejus.
2088 4635 2200 4693 Iste

531 4726 867 4789 Aminadab
898 4725 1163 4800 ipse‘est,
1197 4724 1299 4797 qui
1331 4723 1389 4779 in
1421 4722 1695 4780 Numeris
1724 4723 1958 4780 lessaar
1994 4723 2201 4780 scribi-

538 4821 655 4887 tur,
689 4821 854 4889 pater
881 4818 1044 4873 Core.
1082 4814 1263 4871 Filius
1293 4811 1550 4878 Samuel,
1582 4810 1682 4884 qui
1729 4811 1790 4867 in
1834 4811 2054 4885 Regum
2089 4812 2192 4867 Jo-

529 4905 1006 4964 helnominatur
1035 4922 1049 4961 :
1086 4905 1146 4960 in
1172 4902 1666 4976 Paralipomenon
1710 4900 1961 4957 -Vasseni
1994 4901 2199 4959 scribi-

616 5131 632 5165 ί
684 5120 995 5181 Hebraeum
1030 5121 1217 5192 gente
1261 5116 1356 5173 hic
1405 5115 1783 5192 agnoscimus
1839 5120 2137 5192 auctorem
2185 5134 2198 5173 :

526 5192 848 5282 squi‘a‘mos
872 5187 1258 5249 Hebraeorum
1288 5193 1379 5245 est
1409 5187 1474 5244 ut
1502 5187 1861 5261 prepinquos
1908 5187 2204 5260 appellent

573 5268 939 5405 rztl‘gisperite
971 5334 1260 5406 scriptum
1294 5331 1510 5406 legitur
1538 5329 1596 5385 in
1627 5333 1798 5386 antea
1827 5328 2000 5387 editis
2033 5328 2202 5388 libris

580 5511 928 5584 .,(a).Verba,
962 5515 1252 5571 nominum
1299 5520 1352 5568 et
1391 5510 1760 5582 repetitiones,
1812 5509 1872 5565 in
1923 5526 2053 5567 meo
2084 5527 2196 5568 ms.

551 5589 900 5731 “imitri;
922 5654 1074 5729 apud
1104 5652 1334 5711 Latinos
1354 5651 1696 5724 bujusmodi
1718 5652 1983 5726 exempla
2003 5670 2200 5711 occur.

2302 551 2487 615 tutus,
2524 565 2835 605 munerum
2865 551 3134 622 acceptor
3168 551 3314 604 erat.
3356 547 3417 603 Et
3445 546 3574 619 quia
3606 547 3697 605 iste
3716 549 3843 615 Johel,

2303 637 2403 708 qui
2451 642 2505 692 et
2554 637 2822 705 Vasseni,
2857 638 3079 694 sciebat
3134 637 3263 702 boc,
3321 641 3377 692 et
3432 654 3540 692 non
3584 637 3845 710 corripiebat

2301 742 2435 781 eum
2472 744 2484 782 :
2519 726 2647 783 ideo
2679 727 2957 782 dicuntur
2995 730 3241 798 uterque
3275 725 3496 781 fecisse.
3547 726 3604 781 In
3644 725 3731 781 hoc
3763 743 3845 783 vero

2300 813 2427 871 loco
2458 816 2822 871 demonstrat
2851 832 2985 872 eum
3018 819 3355 888 separatum
3387 831 3420 873 a
3447 815 3611 870 fratre
3635 830 3739 880 suo,
3762 816 3848 887 quia

2300 909 2571 976 acceptor
2603 921 2915 960 munerum
2939 908 3082 960 erat.

2372 992 2557 1063 (Vers.
2591 993 2707 1064 34.)
2742 1015 2762 1042 ι
2809 992 2952 1049 Eliel
2998 996 3165 1064 pater
3205 992 3439 1047 Jeroam
3487 989 3633 1046 ﬁlius
3670 989 3847 1056 Thom.

2284 1080 2359 1141 ,in
2392 1081 2615 1153 Regum
2647 1081 2771 1137 Eliu
2803 1081 3100 1137 scribitur.
3124 1080 3214 1136 Sic
3232 1080 3390 1137 enim
3420 1079 3609 1149 habes,
3644 1080 3698 1134 Et
3719 1095 3853 1135 nam

2282 1171 2416 1240 .ejus
2480 1172 2691 1226 Ficana
2760 1171 2910 1241 ﬁlius
2970 1174 3217 1235 Jeroam,
3274 1169 3387 1239 ﬁlii
3438 1169 3580 1237 Elin,
3626 1169 3717 1239 ﬁlii
3759 1166 3851 1224 Πιαα

2298 1262 2348 1332 (l
2382 1262 2507 1330 Reg.
2545 1277 2584 1329 ι,
2632 1259 2707 1330 4).
2737 1257 2880 1314 Eliel
2920 1258 3355 1330 interpretatur,
3404 1259 3538 1312 Deus
3582 1272 3712 1312 meus
3744 1256 3850 1321 Dem,

2300 1348 2449 1416 Elin,
2483 1350 2622 1404 Deus
2652 1364 2802 1404 meus
2844 1350 2979 1420 ipse.
3036 1351 3104 1402 Et
3149 1346 3242 1402 hic
3296 1344 3433 1402 Eliel
3485 1345 3694 1411 dicitur,
3720 1343 3764 1399 id
3784 1347 3854 1409 est,

2298 1439 2436 1494 Deus
2462 1454 2617 1494 meus
2642 1438 2786 1513 Deus
2816 1454 2835 1491 :
2868 1436 2930 1492 in
2973 1436 3199 1509 Regum
3248 1451 3403 1501 vero,
3437 1432 3536 1488 ubi
3581 1433 3786 1493 necdum
3810 1431 3854 1487 ul

2282 1525 2500 1597 templi
2554 1524 2948 1585 ministerium
3005 1524 3366 1595 designatur,
3436 1522 3535 1581 sed
3576 1519 3857 1577 solummodo

2297 1614 2649 1689 genealogiae
2681 1615 2823 1670 ordo
2855 1613 3089 1679 texitur,
3124 1612 3340 1667 dicitur
3385 1610 3531 1676 Elin,
3568 1610 3621 1665 id
3664 1613 3737 1667 est
3769 1611 3858 1665 Dm
3952 1686 3957 1695 .

2296 1720 2447 1760 meus
2478 1697 2613 1776 ipse.
2642 1703 2805 1768 Quod
2854 1719 2989 1757 vero
3037 1701 3254 1758 dicitur
3301 1698 3484 1756 Eman
3533 1703 3713 1755 cantor
3752 1695 3858 1751 ﬁlius

2296 1792 2485 1863 Johel,
2517 1798 2575 1849 et
2601 1791 2827 1863 expleta
2868 1789 3232 1863 genealogis,
3279 1786 3424 1845 dicit
3466 1786 3650 1859 Asapb
3688 1787 3856 1841 fratrem

2299 1882 2349 1952 ej
2361 1899 2449 1938 us.
2470 1882 2569 1937 llic
2601 1882 2781 1937 frater
2811 1897 2925 1937 non
2960 1878 3134 1935 unius
3158 1878 3341 1951 patris
3362 1881 3466 1934 aut
3493 1876 3681 1934 matris
3695 1873 3856 1939 dicitur,

2299 1971 2401 2027 sed
2433 1988 2500 2027 eo
2535 1970 2708 2027 modo
2740 1986 2857 2042 quo
2888 1967 3151 2025 solemus
3190 1967 3554 2040 propinquos
3598 1966 3771 2021 fratres
3794 1978 3858 2033 ap-

2299 2058 2514 2132 pellare
2552 2061 2590 2114 ¹.
2632 2059 2792 2125 Quod
2843 2074 2977 2113 vero
3025 2055 3371 2129 genealogis
3419 2059 3603 2112 Aaron
3642 2052 3857 2125 repetitur,

2298 2154 2355 2205 et
2402 2166 2590 2220 usque
2643 2148 2713 2204 ad
2767 2146 3080 2203 Achimaas
3136 2145 3423 2218 pervenit,
3471 2148 3692 2217 putatur
3712 2139 3858 2196 hocab

2296 2237 2530 2294 laudem
2577 2242 2635 2294 et
2677 2235 3025 2294 memoriam
3078 2234 3393 2290 Achimaas
3440 2234 3648 2289 factum
3687 2243 3859 2296 6886,00

2288 2328 2453 2399 quod
2486 2326 2735 2382 fideliter
2763 2341 2902 2397 erga
2921 2324 3104 2385 David
3135 2324 3195 2378 in
3232 2323 3510 2379 omnibus
3535 2320 3713 2395 egerit.

2369 2414 2556 2484 (Vers.
2587 2413 2704 2484 68.)
2733 2436 2761 2463 ‹‹
2794 2415 3089 2468 Jecmanm
3130 2427 3266 2467 cum
3318 2409 3667 2467 suburbanis
3704 2405 3816 2463 suis.
3844 2425 3859 2454 ι

2295 2502 2616 2570 Jecmaam,
2649 2503 2711 2558 in
2743 2501 3245 2573 Paralipomenon,
3290 2516 3397 2572 per
3443 2503 3610 2565 Mem,
3646 2495 3771 2568 quod
3804 2492 3865 2548 in-

2282 2595 2665 2664 terpretatur,
2699 2590 3001 2647 vindicatio
3056 2589 3249 2662 populi
3302 2588 3366 2645 in
3422 2592 3596 2645 Josue
3640 2586 3758 2658 (cap.
3783 2597 3858 2646 ων

2305 2697 2443 2737 vers.
2466 2681 2556 2752 34)
2586 2679 2861 2737 scribitur
2894 2680 2970 2751 (a)
3019 2678 3281 2735 Jecnaan
3328 2678 3371 2741 ²,
3425 2694 3527 2749 per
3555 2673 3768 2740 Nun,.id
3792 2674 3862 2733 est.

2276 2771 2591 2843 .acquisitio
2634 2769 2847 2842 populi.
2879 2768 2998 2823 Hac
3040 2766 3312 2823 videlicet
3369 2766 3611 2837 ratione,
3646 2762 3762 2836 quia
3794 2758 3859 2831 qui

2278 2858 2574 2933 -primitus
2629 2857 2691 2913 in
2746 2856 3132 2914 custodienda
3178 2855 3305 2928 lege
3358 2855 3594 2912 fuerunt
3636 2846 3865 2924 acqlﬁoitio

2280 2947 3032 3021 .populi,propter,peccata
3060 2961 3172 3001 sua
3191 2943 3343 3005 versi
3376 2948 3519 3011 sunt
3546 2942 3600 2998 in
3627 2939 3863 2997 vindictam

2341 3036 2522 3090 noun.

2281 3052 2555 3196 ﬁngente.
2601 3126 2717 3196 70.)
2767 3146 2795 3174 ‹‹
2841 3128 3019 3180 Porro
3070 3138 3139 3178 ex
3185 3120 3437 3178 dimidia
3482 3120 3631 3177 tribu
3660 3121 3865 3173 Meum?

2299 3216 2473 3281 Aner,
2501 3218 2558 3270 et
2586 3212 3106 3285 suburbanaejus.
3143 3234 3172 3262 »
3200 3212 3355 3266 Aner
3385 3227 3456 3267 ex
3484 3225 3597 3266 uno
3639 3200 3863 3278 damneris

2296 3303 2539 3358 Abrahae
2586 3319 2795 3358 nomen
2850 3302 3093 3372 accepit,
3146 3299 3245 3373 qui
3293 3300 3611 3367 vocabatur
3651 3301 3795 3358 Aner,
3823 3304 3863 3344 eo

2276 3392 2454 3463 quod
2487 3392 2565 3446 ibi
2594 3390 2912 3457 habitavit,
2963 3395 3020 3446 et
3068 3389 3147 3445 ibi
3194 3387 3467 3460 sepultus
3508 3391 3609 3443 est.
3658 3386 3712 3440 In
3744 3385 3864 3436 loses

2286 3498 2431 3537 .vero
2476 3481 2620 3553 (cap.
2665 3498 2781 3551 xix,
2817 3496 2955 3536 vers.
3004 3479 3096 3549 50)
3148 3477 3457 3535 Thamath
3506 3471 3865 3531 vocamusut):

2284 3570 2719 3642 .interpretatur
2748 3570 2955 3625 lumen.
2989 3566 3323 3632 Thaanach,
3358 3565 3646 3638 respondit.
3674 3562 3728 3616 In
3754 3557 3867 3613 Pan-

2286 3659 2661 3733 .lipomenon,
2711 3657 2948 3714 Balaam
2998 3660 3054 3713 et
3100 3655 3451 3712 suburbana
3477 3654 3600 3725 ejus
3630 3668 3642 3706 ;
3671 3650 3720 3706 in
3742 3647 3867 3702 Josus

2300 3747 2568 3807 Giblaam
2616 3746 2911 3805 scribitur.
2961 3744 3252 3813 Giblaam,
3310 3743 3632 3805 inveteratio
3680 3733 3870 3811 pepuli:

2301 3837 2567 3903 Balaam,
2601 3836 2847 3891 turbatio
2865 3833 3084 3908 populi.

2378 3925 2564 3998 (Vers.
2602 3925 2713 3996 75.)
2744 3905 2994 3980 Ramoth
3025 3938 3160 3979 vero
3191 3920 3249 3976 in
3282 3919 3743 3992 Paralipomenon
3776 3905 3871 3967 scri-

2306 4015 2483 4070 bitur.
2521 4014 2681 4069 Unde
2729 4014 2964 4081 dicitur,
3015 4012 3251 4068 Ramoth
3301 4025 3518 4081 quoque
3560 4012 3611 4064 et
3641 3999 3876 4063 suburban“

2290 4104 2507 4175 ~ejus,et
2537 4103 2591 4157 in
2625 4102 2778 4158 tribu
2814 4100 3104 4157 Issachar.
3130 4098 3383 4155 Ramoth
3415 4113 3548 4155 vero
3572 4090 3875 4175 Balaad,qu&

2287 4173 2363 4249 in
2432 4195 2656 4264 Regum
2723 4189 3001 4247 scribitur
3074 4189 3166 4262 (IV
3210 4189 3344 4257 Reg.
3405 4204 3484 4254 1x,
3550 4185 3616 4257 1),
3663 4181 3722 4236 in
3771 4173 3875 4230 tribu

2305 4280 2602 4354 prraim.

2374 4370 2561 4440 (Vers.
2592 4369 2709 4441 74.)
2736 4370 2797 4424 In
2830 4366 3340 4440 Paralipomenon,
3391 4388 3417 4414 υ
3475 4363 3555 4421 De
3596 4359 3734 4417 tribu
3762 4355 3875 4441 Aret.
3986 4344 3987 4373 ῖ

2304 4437 2483 4515 Masal
2522 4475 2657 4514 cum
2688 4437 3222 4519 suburbanissuis.
3257 4477 3286 4505 υ
3316 4452 3422 4510 Hic
3484 4437 3877 4520 Masalparllﬂl‘
3986 4472 3987 4487 ι

2233 4569 2280 4634 D
2310 4548 2749 4621 interpretatur.
2784 4548 2849 4602 In
2880 4546 3028 4602 libro
3058 4561 3191 4601 vero
3239 4543 3419 4601 Josue
3450 4528 3877 4634 MisaaILwribilgi

2304 4615 2583 4710 (can-xx,
2619 4652 2756 4697 vers.
2788 4636 2900 4709 30),
2955 4634 3112 4708 quod
3158 4634 3573 4704 interpretatur
3594 4615 3875 4691 intortum

2288 4731 2566 4885 ἀἰτοῖ-ε.
2597 4814 2714 4886 75.)
2754 4815 2816 4869 In
2848 4811 3331 4885 Paralipomenon
3364 4829 3413 4867 ;‹‹
3452 4814 3637 4864 Hucac
3662 4807 3714 4860 et
3733 4797 3874 4886 suber

2288 4877 2463 4961 bene.
2512 4877 2775 4975 ejus;'v»
2833 4902 2894 4959 in
2950 4877 3128 4959 Josue
3164 4916 3309 4957 vero
3356 4903 3504 4970 (cap.
3532 4877 3871 4967 nanum-‘3')

2313 5120 2558 5181 [eomaan
2591 5133 2695 5188 pro
2746 5120 2984 5171 leenaan
3016 5132 3029 5170 :
3067 5114 3196 5171 Nun
3222 5112 3401 5179 enim,
3431 5111 3505 5193 de
3541 5123 3649 5182 quo
3681 5095 3872 5228 lam

2313 5194 2515 5228 nnnlnn
2544 5188 2652 5228 inin.
2698 5188 2987 5228 “nhrmnn,
3040 5185 3096 5228 in
3152 5184 3345 5228 mndin
3385 5196 3540 5228 vnnm
3585 5192 3700 5228 3886

2312 5194 2515 5245 auctor
2544 5185 2653 5243 iste
2698 5188 2993 5253 Hebraeus,
3040 5185 3100 5242 in
3152 5185 3345 5243 medio
3385 5185 3700 5253 vocisgesse

2312 5243 2429 5317 non
2460 5243 2518 5315 in
2552 5261 2688 5326 ﬁne,
2721 5264 2787 5315 ut
2817 5243 3101 5314 noverunt
3122 5255 3335 5332 linguae
3365 5251 3649 5315 Hebraicm
3670 5243 3824 5320 periti-

2312 5512 2469 5586 ru_n_t.
2503 5509 2647 5586 Vide
2678 5508 2876 5586 ipsum
2906 5503 3527 5586 Hieronymum‘Libro

2290 5557 2810 5650 ἆῖἁῖἰίιιίξῖλὶῖᾱὲ
2818 5557 2891 5637 is
2906 5557 3553 5648 anilia—731.8%:
3561 5557 3735 5635 mm
3764 5557 3867 5622 idic-

2292 5653 2703 5721 _mate-lfusi,us,
2716 5652 3100 5721 disserentem
3109 5693 3123 5706 .
