  <div class='ocr_page' id='page_1' title='image "/cluster/home/n/w/nwhite01/storage/ocr_20150623/23/hvd.32044052772480/728.png"; bbox 0 0 4070 6166; ppageno 0'>
   <div class='ocr_carea' id='block_1_1' title="bbox 166 232 321 312">
    <p class='ocr_par' dir='ltr' id='par_1_1' title="bbox 166 232 321 312">
     <span class='ocr_line' id='line_1_1' title="bbox 166 232 321 312; baseline -0.006 -5"><span class='ocrx_word' id='word_1_1' title='bbox 166 232 321 312; x_wconf 66' lang='lat' dir='ltr'>Ml!</span> 
     </span>
    </p>
   </div>
   <div class='ocr_carea' id='block_1_2' title="bbox 1119 235 2668 317">
    <p class='ocr_par' dir='ltr' id='par_1_2' title="bbox 1119 235 2668 317">
     <span class='ocr_line' id='line_1_2' title="bbox 1119 235 2668 317; baseline -0.005 0"><span class='ocrx_word' id='word_1_2' title='bbox 1119 246 1424 317; x_wconf 71' lang='lat' dir='ltr'>QU/EST.</span> <span class='ocrx_word' id='word_1_3' title='bbox 1474 235 1842 311; x_wconf 70' lang='lat' dir='ltr'>HEBRAI‘G.</span> <span class='ocrx_word' id='word_1_4' title='bbox 1890 246 1968 308; x_wconf 84' lang='lat' dir='ltr'>IN</span> <span class='ocrx_word' id='word_1_5' title='bbox 2013 244 2162 310; x_wconf 84' lang='lat' dir='ltr'><strong>LIB.</strong></span> <span class='ocrx_word' id='word_1_6' title='bbox 2208 251 2256 309; x_wconf 92' lang='lat' dir='ltr'>I.</span> <span class='ocrx_word' id='word_1_7' title='bbox 2305 248 2668 312; x_wconf 84' lang='lat' dir='ltr'>PARALIP.</span> 
     </span>
    </p>
   </div>
   <div class='ocr_carea' id='block_1_3' title="bbox 3418 250 3574 313">
    <p class='ocr_par' dir='ltr' id='par_1_3' title="bbox 3418 250 3574 313">
     <span class='ocr_line' id='line_1_3' title="bbox 3418 250 3574 313; baseline 0.006 -3"><span class='ocrx_word' id='word_1_8' title='bbox 3418 250 3574 313; x_wconf 63' lang='lat'>“4&#39;2</span> 
     </span>
    </p>
   </div>
   <div class='ocr_carea' id='block_1_4' title="bbox 166 379 3572 457">
    <p class='ocr_par' dir='ltr' id='par_1_4' title="bbox 166 379 3572 457">
     <span class='ocr_line' id='line_1_4' title="bbox 166 379 3572 457; baseline -0.001 -16"><span class='ocrx_word' id='word_1_9' title='bbox 166 384 407 441; x_wconf 76' lang='lat' dir='ltr'>Heleath</span> <span class='ocrx_word' id='word_1_10' title='bbox 470 379 767 438; x_wconf 80' lang='lat' dir='ltr'>scribitur.</span> <span class='ocrx_word' id='word_1_11' title='bbox 825 382 1037 436; x_wconf 88' lang='lat' dir='ltr'>Hucac.</span> <span class='ocrx_word' id='word_1_12' title='bbox 1077 380 1493 452; x_wconf 80' lang='lat' dir='ltr'>interpretatur</span> <span class='ocrx_word' id='word_1_13' title='bbox 1547 383 1771 453; x_wconf 77' lang='lat' dir='ltr'>sculpsit</span> <span class='ocrx_word' id='word_1_14' title='bbox 1800 399 1811 436; x_wconf 89' lang='lat'>:</span> <span class='ocrx_word' id='word_1_15' title='bbox 1845 388 1900 453; x_wconf 79' lang='grc' dir='ltr'><strong>Α</strong></span> <span class='ocrx_word' id='word_1_16' title='bbox 1934 400 2105 439; x_wconf 86' lang='lat' dir='ltr'>nasse</span> <span class='ocrx_word' id='word_1_17' title='bbox 2137 383 2358 457; x_wconf 79' lang='lat' dir='ltr'>peperit</span> <span class='ocrx_word' id='word_1_18' title='bbox 2391 384 2608 439; x_wconf 85' lang='lat' dir='ltr'>Machir</span> <span class='ocrx_word' id='word_1_19' title='bbox 2640 389 2863 457; x_wconf 84' lang='lat' dir='ltr'>patrem</span> <span class='ocrx_word' id='word_1_20' title='bbox 2886 383 3127 449; x_wconf 76' lang='lat' dir='ltr'>Galaad,</span> <span class='ocrx_word' id='word_1_21' title='bbox 3179 383 3399 438; x_wconf 82' lang='lat' dir='ltr'>Ferunt:-</span> <span class='ocrx_word' id='word_1_22' title='bbox 3422 382 3572 438; x_wconf 83' lang='lat' dir='ltr'>hanc</span> 
     </span>
    </p>
   </div>
   <div class='ocr_carea' id='block_1_5' title="bbox 161 473 665 555">
    <p class='ocr_par' dir='ltr' id='par_1_5' title="bbox 161 473 665 555">
     <span class='ocr_line' id='line_1_5' title="bbox 161 473 665 555; baseline -0.006 -26"><span class='ocrx_word' id='word_1_23' title='bbox 161 474 430 555; x_wconf 83' lang='lat' dir='ltr'>Helcath,</span> <span class='ocrx_word' id='word_1_24' title='bbox 464 473 665 542; x_wconf 80' lang='lat' dir='ltr'>portio.</span> 
     </span>
    </p>
   </div>
   <div class='ocr_carea' id='block_1_6' title="bbox 238 560 1821 635">
    <p class='ocr_par' dir='ltr' id='par_1_6' title="bbox 238 560 1821 635">
     <span class='ocr_line' id='line_1_6' title="bbox 238 560 1821 635; baseline -0.004 -16"><span class='ocrx_word' id='word_1_25' title='bbox 238 562 426 635; x_wconf 89' lang='lat' dir='ltr'>(Vers.</span> <span class='ocrx_word' id='word_1_26' title='bbox 459 563 575 632; x_wconf 87' lang='lat'>76.)</span> <span class='ocrx_word' id='word_1_27' title='bbox 610 561 746 614; x_wconf 66' lang='lat' dir='ltr'>Duae</span> <span class='ocrx_word' id='word_1_28' title='bbox 788 565 925 614; x_wconf 90' lang='lat' dir='ltr'>sunt</span> <span class='ocrx_word' id='word_1_29' title='bbox 954 560 1133 614; x_wconf 89' lang='lat' dir='ltr'>Cedes</span> <span class='ocrx_word' id='word_1_30' title='bbox 1162 577 1174 613; x_wconf 90' lang='lat'><strong>:</strong></span> <span class='ocrx_word' id='word_1_31' title='bbox 1228 576 1345 613; x_wconf 90' lang='lat' dir='ltr'>una</span> <span class='ocrx_word' id='word_1_32' title='bbox 1392 560 1447 614; x_wconf 89' lang='lat' dir='ltr'>in</span> <span class='ocrx_word' id='word_1_33' title='bbox 1482 560 1636 614; x_wconf 82' lang='lat' dir='ltr'>tribu</span> <span class='ocrx_word' id='word_1_34' title='bbox 1671 561 1821 613; x_wconf 83' lang='lat' dir='ltr'>Issa-</span> 
     </span>
    </p>
   </div>
   <div class='ocr_carea' id='block_1_7' title="bbox 164 647 1821 724">
    <p class='ocr_par' dir='ltr' id='par_1_7' title="bbox 164 647 1821 724">
     <span class='ocr_line' id='line_1_7' title="bbox 164 647 1821 724; baseline -0.004 -16"><span class='ocrx_word' id='word_1_35' title='bbox 164 653 328 724; x_wconf 88' lang='lat' dir='ltr'>char,</span> <span class='ocrx_word' id='word_1_36' title='bbox 360 656 419 707; x_wconf 81' lang='lat' dir='ltr'>et</span> <span class='ocrx_word' id='word_1_37' title='bbox 446 650 626 707; x_wconf 78' lang='lat' dir='ltr'>altera</span> <span class='ocrx_word' id='word_1_38' title='bbox 654 650 710 703; x_wconf 86' lang='lat' dir='ltr'>in</span> <span class='ocrx_word' id='word_1_39' title='bbox 748 649 900 703; x_wconf 86' lang='lat' dir='ltr'>tribu</span> <span class='ocrx_word' id='word_1_40' title='bbox 935 647 1308 719; x_wconf 84' lang='lat' dir='ltr'>Nephthalim</span> <span class='ocrx_word' id='word_1_41' title='bbox 1342 649 1399 701; x_wconf 91' lang='lat' dir='ltr'>in</span> <span class='ocrx_word' id='word_1_42' title='bbox 1431 648 1688 715; x_wconf 72' lang='lat' dir='ltr'>Galilzea,</span> <span class='ocrx_word' id='word_1_43' title='bbox 1720 647 1821 702; x_wconf 87' lang='lat' dir='ltr'>ubi</span> 
     </span>
    </p>
   </div>
   <div class='ocr_carea' id='block_1_8' title="bbox 167 735 1822 809">
    <p class='ocr_par' dir='ltr' id='par_1_8' title="bbox 167 735 1822 809">
     <span class='ocr_line' id='line_1_8' title="bbox 167 735 1822 809; baseline -0.004 -11"><span class='ocrx_word' id='word_1_44' title='bbox 167 743 283 798; x_wconf 85' lang='lat' dir='ltr'>fuit</span> <span class='ocrx_word' id='word_1_45' title='bbox 337 738 560 797; x_wconf 86' lang='lat' dir='ltr'>Barach</span> <span class='ocrx_word' id='word_1_46' title='bbox 608 737 767 792; x_wconf 86' lang='lat' dir='ltr'>filius</span> <span class='ocrx_word' id='word_1_47' title='bbox 824 736 1162 792; x_wconf 88' lang='lat' dir='ltr'>Achinoem.</span> <span class='ocrx_word' id='word_1_48' title='bbox 1200 736 1260 789; x_wconf 91' lang='lat' dir='ltr'>In</span> <span class='ocrx_word' id='word_1_49' title='bbox 1312 735 1822 809; x_wconf 80' lang='lat' dir='ltr'>Paralipomenon,</span> 
     </span>
    </p>
   </div>
   <div class='ocr_carea' id='block_1_9' title="bbox 169 824 1821 897">
    <p class='ocr_par' dir='ltr' id='par_1_9' title="bbox 169 824 1821 897">
     <span class='ocr_line' id='line_1_9' title="bbox 169 824 1821 897; baseline -0.005 -9"><span class='ocrx_word' id='word_1_50' title='bbox 169 834 381 888; x_wconf 81' lang='lat' dir='ltr'>Ha‘mon</span> <span class='ocrx_word' id='word_1_51' title='bbox 427 846 549 885; x_wconf 87' lang='lat' dir='ltr'>cum</span> <span class='ocrx_word' id='word_1_52' title='bbox 600 827 932 883; x_wconf 75' lang='lat' dir='ltr'>suburbanis</span> <span class='ocrx_word' id='word_1_53' title='bbox 991 826 1105 880; x_wconf 85' lang='lat' dir='ltr'>suis</span> <span class='ocrx_word' id='word_1_54' title='bbox 1133 843 1151 879; x_wconf 88' lang='lat'><em>:</em></span> <span class='ocrx_word' id='word_1_55' title='bbox 1209 824 1269 879; x_wconf 88' lang='lat' dir='ltr'>in</span> <span class='ocrx_word' id='word_1_56' title='bbox 1313 829 1491 880; x_wconf 85' lang='lat' dir='ltr'>Josue</span> <span class='ocrx_word' id='word_1_57' title='bbox 1531 826 1670 897; x_wconf 86' lang='lat' dir='ltr'>(cap.</span> <span class='ocrx_word' id='word_1_58' title='bbox 1705 842 1821 896; x_wconf 77' lang='lat' dir='ltr'>XXI,</span> 
     </span>
    </p>
   </div>
   <div class='ocr_carea' id='block_1_10' title="bbox 164 914 1821 989">
    <p class='ocr_par' dir='ltr' id='par_1_10' title="bbox 164 914 1821 989">
     <span class='ocr_line' id='line_1_10' title="bbox 164 914 1821 989; baseline -0.005 -12"><span class='ocrx_word' id='word_1_59' title='bbox 164 938 308 978; x_wconf 81' lang='lat' dir='ltr'>vers.</span> <span class='ocrx_word' id='word_1_60' title='bbox 341 920 438 989; x_wconf 87' lang='lat'>32)</span> <span class='ocrx_word' id='word_1_61' title='bbox 487 916 871 974; x_wconf 89' lang='lat' dir='ltr'>Hamathdor.</span> <span class='ocrx_word' id='word_1_62' title='bbox 934 915 1157 971; x_wconf 85' lang='lat' dir='ltr'>Hamon</span> <span class='ocrx_word' id='word_1_63' title='bbox 1210 914 1649 986; x_wconf 78' lang='lat' dir='ltr'>interpretatur,</span> <span class='ocrx_word' id='word_1_64' title='bbox 1681 915 1821 969; x_wconf 88' lang='lat' dir='ltr'>cale-</span> 
     </span>
    </p>
   </div>
   <div class='ocr_carea' id='block_1_11' title="bbox 169 1002 1826 1083">
    <p class='ocr_par' dir='ltr' id='par_1_11' title="bbox 169 1002 1826 1083">
     <span class='ocr_line' id='line_1_11' title="bbox 169 1002 1826 1083; baseline -0.006 -16"><span class='ocrx_word' id='word_1_65' title='bbox 169 1006 362 1083; x_wconf 79' lang='lat' dir='ltr'>factio.</span> <span class='ocrx_word' id='word_1_66' title='bbox 420 1006 798 1074; x_wconf 87' lang='lat' dir='ltr'>Hamathdor,</span> <span class='ocrx_word' id='word_1_67' title='bbox 854 1004 1136 1076; x_wconf 76' lang='lat' dir='ltr'>cale/actio</span> <span class='ocrx_word' id='word_1_68' title='bbox 1183 1005 1571 1075; x_wconf 77' lang='lat' dir='ltr'>generationis.</span> <span class='ocrx_word' id='word_1_69' title='bbox 1626 1002 1688 1058; x_wconf 90' lang='lat' dir='ltr'>In</span> <span class='ocrx_word' id='word_1_70' title='bbox 1718 1003 1826 1058; x_wconf 87' lang='lat' dir='ltr'>Pa-</span> 
     </span>
    </p>
   </div>
   <div class='ocr_carea' id='block_1_12' title="bbox 170 1089 1822 1169">
    <p class='ocr_par' dir='ltr' id='par_1_12' title="bbox 170 1089 1822 1169">
     <span class='ocr_line' id='line_1_12' title="bbox 170 1089 1822 1169; baseline -0.005 -16"><span class='ocrx_word' id='word_1_71' title='bbox 170 1097 599 1169; x_wconf 86' lang='lat' dir='ltr'>ralipomenon,</span> <span class='ocrx_word' id='word_1_72' title='bbox 659 1092 1001 1148; x_wconf 79' lang='lat' dir='ltr'>Cariathaim</span> <span class='ocrx_word' id='word_1_73' title='bbox 1054 1100 1105 1148; x_wconf 80' lang='lat' dir='ltr'>et</span> <span class='ocrx_word' id='word_1_74' title='bbox 1149 1092 1469 1146; x_wconf 81' lang='lat' dir='ltr'>suburbana</span> <span class='ocrx_word' id='word_1_75' title='bbox 1533 1092 1650 1161; x_wconf 89' lang='lat' dir='ltr'>ejus</span> <span class='ocrx_word' id='word_1_76' title='bbox 1700 1109 1718 1145; x_wconf 89' lang='grc'>.·</span> <span class='ocrx_word' id='word_1_77' title='bbox 1764 1089 1822 1144; x_wconf 84' lang='grc' dir='ltr'>ἱιι</span> 
     </span>
    </p>
   </div>
   <div class='ocr_carea' id='block_1_13' title="bbox 170 1180 1822 1252">
    <p class='ocr_par' dir='ltr' id='par_1_13' title="bbox 170 1180 1822 1252">
     <span class='ocr_line' id='line_1_13' title="bbox 170 1180 1822 1252; baseline -0.006 -10"><span class='ocrx_word' id='word_1_78' title='bbox 170 1188 348 1242; x_wconf 73' lang='lat' dir='ltr'>loeue</span> <span class='ocrx_word' id='word_1_79' title='bbox 392 1201 524 1239; x_wconf 85' lang='lat' dir='ltr'>vero</span> <span class='ocrx_word' id='word_1_80' title='bbox 575 1188 713 1252; x_wconf 88' lang='lat' dir='ltr'>(cap.</span> <span class='ocrx_word' id='word_1_81' title='bbox 756 1198 869 1249; x_wconf 76' lang='lat' dir='ltr'>XXI,</span> <span class='ocrx_word' id='word_1_82' title='bbox 920 1197 1059 1235; x_wconf 59' lang='lat' dir='ltr'>vers.</span> <span class='ocrx_word' id='word_1_83' title='bbox 1107 1180 1196 1250; x_wconf 84' lang='grc'>34)</span> <span class='ocrx_word' id='word_1_84' title='bbox 1245 1180 1520 1235; x_wconf 82' lang='lat' dir='ltr'>scribitur</span> <span class='ocrx_word' id='word_1_85' title='bbox 1551 1180 1822 1235; x_wconf 87' lang='lat' dir='ltr'>Carthan.</span> 
     </span>
    </p>
   </div>
   <div class='ocr_carea' id='block_1_14' title="bbox 170 1268 1823 1342">
    <p class='ocr_par' dir='ltr' id='par_1_14' title="bbox 170 1268 1823 1342">
     <span class='ocr_line' id='line_1_14' title="bbox 170 1268 1823 1342; baseline -0.006 -11"><span class='ocrx_word' id='word_1_86' title='bbox 170 1270 527 1331; x_wconf 87' lang='lat' dir='ltr'>Cariathaim</span> <span class='ocrx_word' id='word_1_87' title='bbox 579 1272 994 1342; x_wconf 80' lang='lat' dir='ltr'>interpretatur</span> <span class='ocrx_word' id='word_1_88' title='bbox 1062 1270 1195 1323; x_wconf 87' lang='lat' dir='ltr'>urbs</span> <span class='ocrx_word' id='word_1_89' title='bbox 1240 1272 1415 1323; x_wconf 86' lang='lat' dir='ltr'>maris</span> <span class='ocrx_word' id='word_1_90' title='bbox 1475 1285 1489 1326; x_wconf 87' lang='lat'><strong>:</strong></span> <span class='ocrx_word' id='word_1_91' title='bbox 1549 1268 1823 1331; x_wconf 85' lang='lat' dir='ltr'>Carthan,</span> 
     </span>
    </p>
   </div>
   <div class='ocr_carea' id='block_1_15' title="bbox 168 1357 1827 1431">
    <p class='ocr_par' dir='ltr' id='par_1_15' title="bbox 168 1357 1827 1431">
     <span class='ocr_line' id='line_1_15' title="bbox 168 1357 1827 1431; baseline -0.005 -13"><span class='ocrx_word' id='word_1_92' title='bbox 168 1364 299 1419; x_wconf 82' lang='lat' dir='ltr'>urbs</span> <span class='ocrx_word' id='word_1_93' title='bbox 333 1380 345 1417; x_wconf 89' lang='lat'><strong>:</strong></span> <span class='ocrx_word' id='word_1_94' title='bbox 378 1363 436 1417; x_wconf 91' lang='lat' dir='ltr'>in</span> <span class='ocrx_word' id='word_1_95' title='bbox 471 1360 972 1431; x_wconf 83' lang='lat' dir='ltr'>Paralipomenon,</span> <span class='ocrx_word' id='word_1_96' title='bbox 1027 1358 1097 1410; x_wconf 91' lang='lat' dir='ltr'>de</span> <span class='ocrx_word' id='word_1_97' title='bbox 1146 1358 1303 1411; x_wconf 86' lang='lat' dir='ltr'>tribu</span> <span class='ocrx_word' id='word_1_98' title='bbox 1354 1357 1473 1413; x_wconf 90' lang='lat' dir='ltr'>Gad</span> <span class='ocrx_word' id='word_1_99' title='bbox 1511 1357 1736 1411; x_wconf 81' lang='lat' dir='ltr'>Ramoth</span> <span class='ocrx_word' id='word_1_100' title='bbox 1766 1357 1827 1410; x_wconf 84' lang='lat' dir='ltr'>in</span> 
     </span>
    </p>
   </div>
   <div class='ocr_carea' id='block_1_16' title="bbox 172 1445 1825 1517">
    <p class='ocr_par' dir='ltr' id='par_1_16' title="bbox 172 1445 1825 1517">
     <span class='ocr_line' id='line_1_16' title="bbox 172 1445 1825 1517; baseline -0.006 -8"><span class='ocrx_word' id='word_1_101' title='bbox 172 1451 388 1511; x_wconf 68' lang='grc' dir='ltr'>δαισιαά</span> <span class='ocrx_word' id='word_1_102' title='bbox 446 1459 497 1505; x_wconf 81' lang='lat' dir='ltr'>et</span> <span class='ocrx_word' id='word_1_103' title='bbox 552 1448 867 1503; x_wconf 85' lang='lat' dir='ltr'>suburbana</span> <span class='ocrx_word' id='word_1_104' title='bbox 935 1448 1070 1517; x_wconf 85' lang='lat' dir='ltr'>ejus.</span> <span class='ocrx_word' id='word_1_105' title='bbox 1150 1446 1395 1501; x_wconf 86' lang='lat' dir='ltr'>Ramoth</span> <span class='ocrx_word' id='word_1_106' title='bbox 1467 1446 1705 1512; x_wconf 88' lang='lat' dir='ltr'>Galaad,</span> <span class='ocrx_word' id='word_1_107' title='bbox 1766 1445 1825 1498; x_wconf 90' lang='lat' dir='ltr'>in</span> 
     </span>
    </p>
   </div>
   <div class='ocr_carea' id='block_1_17' title="bbox 172 1533 1825 1612">
    <p class='ocr_par' dir='ltr' id='par_1_17' title="bbox 172 1533 1825 1612">
     <span class='ocr_line' id='line_1_17' title="bbox 172 1533 1825 1612; baseline -0.005 -16"><span class='ocrx_word' id='word_1_108' title='bbox 172 1542 395 1612; x_wconf 80' lang='lat' dir='ltr'>Regum</span> <span class='ocrx_word' id='word_1_109' title='bbox 432 1554 611 1592; x_wconf 89' lang='lat' dir='ltr'>unum</span> <span class='ocrx_word' id='word_1_110' title='bbox 664 1553 875 1592; x_wconf 87' lang='lat' dir='ltr'>nomen</span> <span class='ocrx_word' id='word_1_111' title='bbox 908 1539 1015 1599; x_wconf 89' lang='lat' dir='ltr'>est,</span> <span class='ocrx_word' id='word_1_112' title='bbox 1070 1539 1127 1590; x_wconf 90' lang='lat' dir='ltr'>et</span> <span class='ocrx_word' id='word_1_113' title='bbox 1157 1540 1244 1590; x_wconf 89' lang='lat' dir='ltr'>est</span> <span class='ocrx_word' id='word_1_114' title='bbox 1272 1535 1332 1589; x_wconf 92' lang='lat' dir='ltr'>in</span> <span class='ocrx_word' id='word_1_115' title='bbox 1364 1535 1518 1589; x_wconf 88' lang='lat' dir='ltr'>tribu</span> <span class='ocrx_word' id='word_1_116' title='bbox 1552 1533 1825 1606; x_wconf 82' lang='lat' dir='ltr'>prraim</span> 
     </span>
    </p>
   </div>
   <div class='ocr_carea' id='block_1_18' title="bbox 173 1628 638 1702">
    <p class='ocr_par' dir='ltr' id='par_1_18' title="bbox 173 1628 638 1702">
     <span class='ocr_line' id='line_1_18' title="bbox 173 1628 638 1702; baseline -0.015 -15"><span class='ocrx_word' id='word_1_117' title='bbox 173 1628 265 1702; x_wconf 78' lang='lat' dir='ltr'>(IV</span> <span class='ocrx_word' id='word_1_118' title='bbox 294 1629 421 1699; x_wconf 84' lang='lat' dir='ltr'>Reg.</span> <span class='ocrx_word' id='word_1_119' title='bbox 456 1644 532 1693; x_wconf 69' lang='grc' dir='ltr'>ιχ,</span> <span class='ocrx_word' id='word_1_120' title='bbox 567 1628 638 1697; x_wconf 93' lang='grc'>1).</span> 
     </span>
    </p>
   </div>
   <div class='ocr_carea' id='block_1_19' title="bbox 246 1711 1826 1788">
    <p class='ocr_par' dir='ltr' id='par_1_19' title="bbox 246 1711 1826 1788">
     <span class='ocr_line' id='line_1_19' title="bbox 246 1711 1826 1788; baseline -0.006 -16"><span class='ocrx_word' id='word_1_121' title='bbox 246 1720 405 1788; x_wconf 86' lang='lat' dir='ltr'>(Cap.</span> <span class='ocrx_word' id='word_1_122' title='bbox 439 1715 557 1770; x_wconf 90' lang='lat' dir='ltr'><strong>VII.</strong></span> <span class='ocrx_word' id='word_1_123' title='bbox 591 1746 658 1755; x_wconf 90' lang='lat'><strong><em>—</em></strong></span> <span class='ocrx_word' id='word_1_124' title='bbox 688 1714 855 1768; x_wconf 89' lang='lat' dir='ltr'>Vers.</span> <span class='ocrx_word' id='word_1_125' title='bbox 888 1712 965 1783; x_wconf 86' lang='grc'>1.)</span> <span class='ocrx_word' id='word_1_126' title='bbox 991 1713 1051 1767; x_wconf 90' lang='lat' dir='ltr'>In</span> <span class='ocrx_word' id='word_1_127' title='bbox 1084 1711 1593 1783; x_wconf 87' lang='lat' dir='ltr'>Paralipomenon,</span> <span class='ocrx_word' id='word_1_128' title='bbox 1627 1733 1653 1759; x_wconf 92' lang='grc'>‹‹</span> <span class='ocrx_word' id='word_1_129' title='bbox 1689 1713 1826 1764; x_wconf 89' lang='lat' dir='ltr'>Por-</span> 
     </span>
    </p>
   </div>
   <div class='ocr_carea' id='block_1_20' title="bbox 174 1768 1905 1867">
    <p class='ocr_par' dir='ltr' id='par_1_20' title="bbox 174 1768 1905 1867">
     <span class='ocr_line' id='line_1_20' title="bbox 174 1768 1905 1867; baseline -0.006 -7"><span class='ocrx_word' id='word_1_130' title='bbox 174 1768 675 1862; x_wconf 36' lang='lat' dir='ltr'>rodiiii—Issachar</span> <span class='ocrx_word' id='word_1_131' title='bbox 703 1801 888 1857; x_wconf 90' lang='lat' dir='ltr'>Thola</span> <span class='ocrx_word' id='word_1_132' title='bbox 912 1768 970 1857; x_wconf 77' lang='lat' dir='ltr'>et</span> <span class='ocrx_word' id='word_1_133' title='bbox 996 1806 1131 1867; x_wconf 89' lang='lat' dir='ltr'>Sua,</span> <span class='ocrx_word' id='word_1_134' title='bbox 1164 1768 1343 1855; x_wconf 73' lang='lat' dir='ltr'>Jasub</span> <span class='ocrx_word' id='word_1_135' title='bbox 1386 1804 1443 1854; x_wconf 90' lang='lat' dir='ltr'>et</span> <span class='ocrx_word' id='word_1_136' title='bbox 1471 1768 1757 1853; x_wconf 78' lang='lat' dir='ltr'>Simeron.</span> <span class='ocrx_word' id='word_1_137' title='bbox 1796 1818 1824 1846; x_wconf 84' lang='lat'>»</span> <span class='ocrx_word' id='word_1_138' title='bbox 1858 1768 1905 1836; x_wconf 81' lang='grc' dir='ltr'>Β</span> 
     </span>
    </p>
   </div>
   <div class='ocr_carea' id='block_1_21' title="bbox 172 1887 1823 1963">
    <p class='ocr_par' dir='ltr' id='par_1_21' title="bbox 172 1887 1823 1963">
     <span class='ocr_line' id='line_1_21' title="bbox 172 1887 1823 1963; baseline -0.005 -14"><span class='ocrx_word' id='word_1_139' title='bbox 172 1894 361 1949; x_wconf 86' lang='lat' dir='ltr'>Jasub</span> <span class='ocrx_word' id='word_1_140' title='bbox 391 1893 451 1947; x_wconf 92' lang='lat' dir='ltr'>in</span> <span class='ocrx_word' id='word_1_141' title='bbox 482 1891 688 1949; x_wconf 79' lang='lat' dir='ltr'>Genesi</span> <span class='ocrx_word' id='word_1_142' title='bbox 720 1892 861 1963; x_wconf 88' lang='lat' dir='ltr'>(cap.</span> <span class='ocrx_word' id='word_1_143' title='bbox 920 1907 1068 1956; x_wconf 75' lang='lat' dir='ltr'>XLVI,</span> <span class='ocrx_word' id='word_1_144' title='bbox 1100 1906 1241 1944; x_wconf 86' lang='lat' dir='ltr'>vers.</span> <span class='ocrx_word' id='word_1_145' title='bbox 1300 1890 1385 1961; x_wconf 90' lang='grc'>13)</span> <span class='ocrx_word' id='word_1_146' title='bbox 1415 1889 1523 1944; x_wconf 89' lang='lat' dir='ltr'>Job</span> <span class='ocrx_word' id='word_1_147' title='bbox 1556 1887 1823 1943; x_wconf 89' lang='lat' dir='ltr'>nomina-</span> 
     </span>
    </p>
   </div>
   <div class='ocr_carea' id='block_1_22' title="bbox 174 1978 1824 2053">
    <p class='ocr_par' dir='ltr' id='par_1_22' title="bbox 174 1978 1824 2053">
     <span class='ocr_line' id='line_1_22' title="bbox 174 1978 1824 2053; baseline -0.005 -15"><span class='ocrx_word' id='word_1_148' title='bbox 174 1988 294 2039; x_wconf 85' lang='lat' dir='ltr'>tur.</span> <span class='ocrx_word' id='word_1_149' title='bbox 342 1983 452 2038; x_wconf 89' lang='lat' dir='ltr'>Job</span> <span class='ocrx_word' id='word_1_150' title='bbox 504 1982 925 2053; x_wconf 82' lang='lat' dir='ltr'>interpretatur</span> <span class='ocrx_word' id='word_1_151' title='bbox 981 1980 1255 2037; x_wconf 79' lang='lat' dir='ltr'>ululatio:</span> <span class='ocrx_word' id='word_1_152' title='bbox 1286 1978 1490 2045; x_wconf 88' lang='lat' dir='ltr'>Jasub,</span> <span class='ocrx_word' id='word_1_153' title='bbox 1551 1991 1824 2033; x_wconf 82' lang='lat' dir='ltr'>revocans.</span> 
     </span>
    </p>
   </div>
   <div class='ocr_carea' id='block_1_23' title="bbox 176 2068 1826 2141">
    <p class='ocr_par' dir='ltr' id='par_1_23' title="bbox 176 2068 1826 2141">
     <span class='ocr_line' id='line_1_23' title="bbox 176 2068 1826 2141; baseline -0.005 -14"><span class='ocrx_word' id='word_1_154' title='bbox 176 2072 470 2141; x_wconf 87' lang='lat' dir='ltr'>Simeron,</span> <span class='ocrx_word' id='word_1_155' title='bbox 524 2087 735 2125; x_wconf 91' lang='lat' dir='ltr'>nomen</span> <span class='ocrx_word' id='word_1_156' title='bbox 797 2068 1077 2134; x_wconf 87' lang='lat' dir='ltr'>hominis,</span> <span class='ocrx_word' id='word_1_157' title='bbox 1137 2072 1192 2122; x_wconf 91' lang='lat' dir='ltr'>et</span> <span class='ocrx_word' id='word_1_158' title='bbox 1249 2068 1553 2133; x_wconf 84' lang='lat' dir='ltr'>Samaron,</span> <span class='ocrx_word' id='word_1_159' title='bbox 1616 2082 1826 2120; x_wconf 90' lang='lat' dir='ltr'>nomen</span> 
     </span>
    </p>
   </div>
   <div class='ocr_carea' id='block_1_24' title="bbox 173 2155 1828 2226">
    <p class='ocr_par' dir='ltr' id='par_1_24' title="bbox 173 2155 1828 2226">
     <span class='ocr_line' id='line_1_24' title="bbox 173 2155 1828 2226; baseline -0.005 -10"><span class='ocrx_word' id='word_1_160' title='bbox 173 2161 449 2217; x_wconf 83' lang='lat' dir='ltr'>civitatis.</span> <span class='ocrx_word' id='word_1_161' title='bbox 480 2160 766 2223; x_wconf 84' lang='lat' dir='ltr'>Simeron,</span> <span class='ocrx_word' id='word_1_162' title='bbox 799 2158 897 2213; x_wconf 90' lang='lat' dir='ltr'>ubi</span> <span class='ocrx_word' id='word_1_163' title='bbox 933 2174 1143 2213; x_wconf 88' lang='lat' dir='ltr'>nomen</span> <span class='ocrx_word' id='word_1_164' title='bbox 1204 2161 1292 2212; x_wconf 91' lang='lat' dir='ltr'>est</span> <span class='ocrx_word' id='word_1_165' title='bbox 1324 2155 1605 2222; x_wconf 83' lang='lat' dir='ltr'>hominis,</span> <span class='ocrx_word' id='word_1_166' title='bbox 1638 2156 1828 2226; x_wconf 87' lang='lat' dir='ltr'>peri;</span> 
     </span>
    </p>
   </div>
   <div class='ocr_carea' id='block_1_25' title="bbox 174 2248 1380 2319">
    <p class='ocr_par' dir='ltr' id='par_1_25' title="bbox 174 2248 1380 2319">
     <span class='ocr_line' id='line_1_25' title="bbox 174 2248 1380 2319; baseline -0.006 -13"><span class='ocrx_word' id='word_1_167' title='bbox 174 2250 277 2306; x_wconf 90' lang='lat' dir='ltr'>ubi</span> <span class='ocrx_word' id='word_1_168' title='bbox 312 2266 521 2305; x_wconf 89' lang='lat' dir='ltr'>nomen</span> <span class='ocrx_word' id='word_1_169' title='bbox 552 2253 641 2305; x_wconf 89' lang='lat' dir='ltr'>est</span> <span class='ocrx_word' id='word_1_170' title='bbox 671 2248 941 2317; x_wconf 86' lang='lat' dir='ltr'>civitatis,</span> <span class='ocrx_word' id='word_1_171' title='bbox 974 2263 1161 2319; x_wconf 84' lang='lat' dir='ltr'>pera.</span> <span class='ocrx_word' id='word_1_172' title='bbox 1372 2299 1380 2307; x_wconf 83' lang='grc'>,</span> 
     </span>
    </p>
   </div>
   <div class='ocr_carea' id='block_1_26' title="bbox 246 2332 1830 2411">
    <p class='ocr_par' dir='ltr' id='par_1_26' title="bbox 246 2332 1830 2411">
     <span class='ocr_line' id='line_1_26' title="bbox 246 2332 1830 2411; baseline -0.004 -19"><span class='ocrx_word' id='word_1_173' title='bbox 246 2338 439 2411; x_wconf 90' lang='lat' dir='ltr'>(Vers.</span> <span class='ocrx_word' id='word_1_174' title='bbox 469 2339 551 2410; x_wconf 91' lang='lat'>3.)</span> <span class='ocrx_word' id='word_1_175' title='bbox 586 2338 711 2393; x_wconf 90' lang='lat' dir='ltr'>F&#39;ilii</span> <span class='ocrx_word' id='word_1_176' title='bbox 759 2337 982 2393; x_wconf 86' lang='lat' dir='ltr'>Jezraia</span> <span class='ocrx_word' id='word_1_177' title='bbox 1031 2337 1088 2390; x_wconf 83' lang='lat' dir='ltr'>in</span> <span class='ocrx_word' id='word_1_178' title='bbox 1140 2335 1626 2407; x_wconf 88' lang='lat' dir='ltr'>Paralipomenon</span> <span class='ocrx_word' id='word_1_179' title='bbox 1660 2332 1830 2404; x_wconf 88' lang='lat' dir='ltr'>quin-</span> 
     </span>
    </p>
   </div>
   <div class='ocr_carea' id='block_1_27' title="bbox 179 2420 1829 2500">
    <p class='ocr_par' dir='ltr' id='par_1_27' title="bbox 179 2420 1829 2500">
     <span class='ocr_line' id='line_1_27' title="bbox 179 2420 1829 2500; baseline -0.004 -17"><span class='ocrx_word' id='word_1_180' title='bbox 179 2444 300 2500; x_wconf 86' lang='lat' dir='ltr'>que</span> <span class='ocrx_word' id='word_1_181' title='bbox 333 2427 609 2483; x_wconf 89' lang='lat' dir='ltr'>dicuntur</span> <span class='ocrx_word' id='word_1_182' title='bbox 637 2442 782 2495; x_wconf 85' lang='lat' dir='ltr'>esse,</span> <span class='ocrx_word' id='word_1_183' title='bbox 833 2431 891 2481; x_wconf 90' lang='lat' dir='ltr'>et</span> <span class='ocrx_word' id='word_1_184' title='bbox 939 2442 1053 2480; x_wconf 87' lang='lat' dir='ltr'>non</span> <span class='ocrx_word' id='word_1_185' title='bbox 1086 2429 1226 2480; x_wconf 87' lang='lat' dir='ltr'>sunt</span> <span class='ocrx_word' id='word_1_186' title='bbox 1256 2424 1369 2479; x_wconf 91' lang='lat' dir='ltr'>nisi</span> <span class='ocrx_word' id='word_1_187' title='bbox 1404 2428 1693 2496; x_wconf 89' lang='lat' dir='ltr'>quatuor;</span> <span class='ocrx_word' id='word_1_188' title='bbox 1728 2420 1829 2476; x_wconf 88' lang='lat' dir='ltr'>sed</span> 
     </span>
    </p>
   </div>
   <div class='ocr_carea' id='block_1_28' title="bbox 176 2509 1829 2586">
    <p class='ocr_par' dir='ltr' id='par_1_28' title="bbox 176 2509 1829 2586">
     <span class='ocr_line' id='line_1_28' title="bbox 176 2509 1829 2586; baseline -0.005 -14"><span class='ocrx_word' id='word_1_189' title='bbox 176 2521 609 2573; x_wconf 85' lang='lat' dir='ltr'>annumeratur</span> <span class='ocrx_word' id='word_1_190' title='bbox 656 2532 788 2570; x_wconf 91' lang='lat' dir='ltr'>cum</span> <span class='ocrx_word' id='word_1_191' title='bbox 844 2515 928 2570; x_wconf 89' lang='lat' dir='ltr'>eis</span> <span class='ocrx_word' id='word_1_192' title='bbox 983 2518 1148 2586; x_wconf 88' lang='lat' dir='ltr'>pater</span> <span class='ocrx_word' id='word_1_193' title='bbox 1198 2526 1424 2569; x_wconf 82' lang='lat' dir='ltr'>eorum‘</span> <span class='ocrx_word' id='word_1_194' title='bbox 1453 2510 1693 2581; x_wconf 88' lang='lat' dir='ltr'>Jezraia,</span> <span class='ocrx_word' id='word_1_195' title='bbox 1730 2509 1829 2581; x_wconf 90' lang='lat' dir='ltr'>qui</span> 
     </span>
    </p>
   </div>
   <div class='ocr_carea' id='block_1_29' title="bbox 172 2604 1581 2678">
    <p class='ocr_par' dir='ltr' id='par_1_29' title="bbox 172 2604 1581 2678">
     <span class='ocr_line' id='line_1_29' title="bbox 172 2604 1581 2678; baseline -0.004 -16"><span class='ocrx_word' id='word_1_196' title='bbox 172 2606 395 2662; x_wconf 87' lang='lat' dir='ltr'>unicus</span> <span class='ocrx_word' id='word_1_197' title='bbox 418 2605 568 2678; x_wconf 90' lang='lat' dir='ltr'>patri</span> <span class='ocrx_word' id='word_1_198' title='bbox 600 2621 707 2660; x_wconf 90' lang='lat' dir='ltr'>suo</span> <span class='ocrx_word' id='word_1_199' title='bbox 739 2604 835 2660; x_wconf 90' lang='lat' dir='ltr'>Ozi</span> <span class='ocrx_word' id='word_1_200' title='bbox 869 2604 999 2670; x_wconf 84' lang='lat' dir='ltr'>fuit,</span> <span class='ocrx_word' id='word_1_201' title='bbox 1033 2608 1088 2658; x_wconf 88' lang='lat' dir='ltr'>et</span> <span class='ocrx_word' id='word_1_202' title='bbox 1120 2604 1269 2658; x_wconf 80' lang='lat' dir='ltr'>fiunt</span> <span class='ocrx_word' id='word_1_203' title='bbox 1299 2604 1581 2674; x_wconf 89' lang='lat' dir='ltr'>quinque.</span> 
     </span>
    </p>
   </div>
   <div class='ocr_carea' id='block_1_30' title="bbox 249 2689 1834 2764">
    <p class='ocr_par' dir='ltr' id='par_1_30' title="bbox 249 2689 1834 2764">
     <span class='ocr_line' id='line_1_30' title="bbox 249 2689 1834 2764; baseline -0.003 -17"><span class='ocrx_word' id='word_1_204' title='bbox 249 2695 443 2764; x_wconf 77' lang='lat' dir='ltr'>(Vere.</span> <span class='ocrx_word' id='word_1_205' title='bbox 489 2695 570 2764; x_wconf 87' lang='lat'>6.)</span> <span class='ocrx_word' id='word_1_206' title='bbox 617 2694 678 2748; x_wconf 90' lang='lat' dir='ltr'>In</span> <span class='ocrx_word' id='word_1_207' title='bbox 729 2691 1234 2764; x_wconf 88' lang='lat' dir='ltr'>Paralipomenon.</span> <span class='ocrx_word' id='word_1_208' title='bbox 1294 2715 1313 2740; x_wconf 76' lang='grc' dir='ltr'>ιι</span> <span class='ocrx_word' id='word_1_209' title='bbox 1370 2691 1495 2746; x_wconf 90' lang='lat' dir='ltr'>Filii</span> <span class='ocrx_word' id='word_1_210' title='bbox 1529 2689 1834 2761; x_wconf 87' lang='lat' dir='ltr'>Benjamin</span> 
     </span>
    </p>
   </div>
   <div class='ocr_carea' id='block_1_31' title="bbox 172 2780 1833 2852">
    <p class='ocr_par' dir='ltr' id='par_1_31' title="bbox 172 2780 1833 2852">
     <span class='ocr_line' id='line_1_31' title="bbox 172 2780 1833 2852; baseline -0.005 -11"><span class='ocrx_word' id='word_1_211' title='bbox 172 2784 320 2841; x_wconf 87' lang='lat' dir='ltr'>Bela</span> <span class='ocrx_word' id='word_1_212' title='bbox 349 2788 406 2839; x_wconf 90' lang='lat' dir='ltr'>et</span> <span class='ocrx_word' id='word_1_213' title='bbox 438 2783 675 2851; x_wconf 84' lang='lat' dir='ltr'>Bechar,</span> <span class='ocrx_word' id='word_1_214' title='bbox 708 2787 764 2837; x_wconf 92' lang='lat' dir='ltr'>et</span> <span class='ocrx_word' id='word_1_215' title='bbox 791 2780 977 2838; x_wconf 87' lang='lat' dir='ltr'>Jadiel</span> <span class='ocrx_word' id='word_1_216' title='bbox 1005 2799 1017 2849; x_wconf 94' lang='lat'><strong>;</strong></span> <span class='ocrx_word' id='word_1_217' title='bbox 1085 2804 1106 2829; x_wconf 73' lang='grc' dir='ltr'>ι</span> <span class='ocrx_word' id='word_1_218' title='bbox 1170 2781 1229 2835; x_wconf 89' lang='lat' dir='ltr'>in</span> <span class='ocrx_word' id='word_1_219' title='bbox 1275 2781 1483 2836; x_wconf 86' lang='lat' dir='ltr'>Genesi</span> <span class='ocrx_word' id='word_1_220' title='bbox 1516 2780 1652 2852; x_wconf 89' lang='lat' dir='ltr'>(cap.</span> <span class='ocrx_word' id='word_1_221' title='bbox 1686 2794 1833 2845; x_wconf 82' lang='lat' dir='ltr'><strong>XLVI,</strong></span> 
     </span>
    </p>
   </div>
   <div class='ocr_carea' id='block_1_32' title="bbox 180 2868 1835 2945">
    <p class='ocr_par' dir='ltr' id='par_1_32' title="bbox 180 2868 1835 2945">
     <span class='ocr_line' id='line_1_32' title="bbox 180 2868 1835 2945; baseline -0.004 -16"><span class='ocrx_word' id='word_1_222' title='bbox 180 2891 335 2930; x_wconf 84' lang='lat' dir='ltr'>vers.</span> <span class='ocrx_word' id='word_1_223' title='bbox 367 2873 457 2945; x_wconf 88' lang='grc'>21)</span> <span class='ocrx_word' id='word_1_224' title='bbox 516 2890 617 2945; x_wconf 92' lang='lat' dir='ltr'>pro</span> <span class='ocrx_word' id='word_1_225' title='bbox 669 2870 855 2927; x_wconf 87' lang='lat' dir='ltr'>Jadiel</span> <span class='ocrx_word' id='word_1_226' title='bbox 884 2869 1057 2926; x_wconf 90' lang='lat' dir='ltr'>Asbel</span> <span class='ocrx_word' id='word_1_227' title='bbox 1090 2870 1386 2929; x_wconf 82' lang='lat' dir='ltr'>scribitur.</span> <span class='ocrx_word' id='word_1_228' title='bbox 1438 2868 1623 2925; x_wconf 88' lang='lat' dir='ltr'>Jadiel</span> <span class='ocrx_word' id='word_1_229' title='bbox 1656 2869 1835 2923; x_wconf 85' lang='lat' dir='ltr'>inter-</span> 
     </span>
    </p>
   </div>
   <div class='ocr_carea' id='block_1_33' title="bbox 182 2959 1834 3036">
    <p class='ocr_par' dir='ltr' id='par_1_33' title="bbox 182 2959 1834 3036">
     <span class='ocr_line' id='line_1_33' title="bbox 182 2959 1834 3036; baseline -0.005 -17"><span class='ocrx_word' id='word_1_230' title='bbox 182 2967 458 3036; x_wconf 84' lang='lat' dir='ltr'>pretatur</span> <span class='ocrx_word' id='word_1_231' title='bbox 511 2978 831 3032; x_wconf 78' lang='lat' dir='ltr'>cognoscens</span> <span class='ocrx_word' id='word_1_232' title='bbox 888 2962 1055 3015; x_wconf 87' lang='lat' dir='ltr'>Deum</span> <span class='ocrx_word' id='word_1_233' title='bbox 1104 2978 1123 3013; x_wconf 90' lang='lat'><em>:</em></span> <span class='ocrx_word' id='word_1_234' title='bbox 1155 2959 1353 3029; x_wconf 90' lang='lat' dir='ltr'>Asbel,</span> <span class='ocrx_word' id='word_1_235' title='bbox 1414 2961 1661 3029; x_wconf 84' lang='lat' dir='ltr'>captivus</span> <span class='ocrx_word' id='word_1_236' title='bbox 1718 2959 1834 3012; x_wconf 87' lang='lat' dir='ltr'>Dei.</span> 
     </span>
    </p>
   </div>
   <div class='ocr_carea' id='block_1_34' title="bbox 238 3047 1840 3137">
    <p class='ocr_par' dir='ltr' id='par_1_34' title="bbox 238 3047 1840 3137">
     <span class='ocr_line' id='line_1_34' title="bbox 238 3047 1840 3137; baseline -0.002 -32"><span class='ocrx_word' id='word_1_237' title='bbox 238 3051 448 3137; x_wconf 54' lang='lat' dir='ltr'>.(Vers.</span> <span class='ocrx_word' id='word_1_238' title='bbox 480 3052 557 3123; x_wconf 91' lang='lat'>8.)</span> <span class='ocrx_word' id='word_1_239' title='bbox 590 3073 617 3101; x_wconf 87' lang='lat'><strong>«</strong></span> <span class='ocrx_word' id='word_1_240' title='bbox 651 3050 866 3105; x_wconf 88' lang='lat' dir='ltr'>Omnes</span> <span class='ocrx_word' id='word_1_241' title='bbox 897 3049 994 3104; x_wconf 89' lang='lat' dir='ltr'>isti</span> <span class='ocrx_word' id='word_1_242' title='bbox 1028 3047 1131 3102; x_wconf 80' lang='lat' dir='ltr'>filii</span> <span class='ocrx_word' id='word_1_243' title='bbox 1160 3047 1396 3103; x_wconf 89' lang='lat' dir='ltr'>Becher.</span> <span class='ocrx_word' id='word_1_244' title='bbox 1436 3071 1463 3097; x_wconf 84' lang='lat'>»</span> <span class='ocrx_word' id='word_1_245' title='bbox 1494 3048 1840 3119; x_wconf 87' lang='lat' dir='ltr'>Ubicunque</span> 
     </span>
    </p>
   </div>
   <div class='ocr_carea' id='block_1_35' title="bbox 1930 470 3571 544">
    <p class='ocr_par' dir='ltr' id='par_1_35' title="bbox 1930 470 3571 544">
     <span class='ocr_line' id='line_1_35' title="bbox 1930 470 3571 544; baseline 0.001 -18"><span class='ocrx_word' id='word_1_246' title='bbox 1930 472 2133 543; x_wconf 77' lang='lat' dir='ltr'>Syram</span> <span class='ocrx_word' id='word_1_247' title='bbox 2169 472 2345 527; x_wconf 80' lang='lat' dir='ltr'>filiam</span> <span class='ocrx_word' id='word_1_248' title='bbox 2380 472 2559 527; x_wconf 81' lang='lat' dir='ltr'>fuisse</span> <span class='ocrx_word' id='word_1_249' title='bbox 2592 473 2695 527; x_wconf 79' lang='lat' dir='ltr'>ﬁlii</span> <span class='ocrx_word' id='word_1_250' title='bbox 2736 470 2950 541; x_wconf 84' lang='lat' dir='ltr'>Laban,</span> <span class='ocrx_word' id='word_1_251' title='bbox 2986 488 3111 544; x_wconf 69' lang='lat' dir='ltr'>qua:</span> <span class='ocrx_word' id='word_1_252' title='bbox 3160 472 3217 527; x_wconf 85' lang='lat' dir='ltr'>i‘n</span> <span class='ocrx_word' id='word_1_253' title='bbox 3262 472 3571 544; x_wconf 65' lang='lat' dir='ltr'>Egyptum</span> 
     </span>
    </p>
   </div>
   <div class='ocr_carea' id='block_1_36' title="bbox 1930 561 3578 633">
    <p class='ocr_par' dir='ltr' id='par_1_36' title="bbox 1930 561 3578 633">
     <span class='ocr_line' id='line_1_36' title="bbox 1930 561 3578 633; baseline 0.001 -20"><span class='ocrx_word' id='word_1_254' title='bbox 1930 561 2102 615; x_wconf 88' lang='lat' dir='ltr'>famis</span> <span class='ocrx_word' id='word_1_255' title='bbox 2150 561 2343 633; x_wconf 84' lang='lat' dir='ltr'>inOpia</span> <span class='ocrx_word' id='word_1_256' title='bbox 2387 563 2453 615; x_wconf 86' lang='lat' dir='ltr'>ad</span> <span class='ocrx_word' id='word_1_257' title='bbox 2507 563 2967 617; x_wconf 79' lang='lat' dir='ltr'>venundandum</span> <span class='ocrx_word' id='word_1_258' title='bbox 3020 579 3052 616; x_wconf 78' lang='grc' dir='ltr'>ε.</span> <span class='ocrx_word' id='word_1_259' title='bbox 3096 566 3255 633; x_wconf 81' lang='lat' dir='ltr'>patre</span> <span class='ocrx_word' id='word_1_260' title='bbox 3305 563 3500 628; x_wconf 90' lang='lat' dir='ltr'>ducta,</span> <span class='ocrx_word' id='word_1_261' title='bbox 3545 577 3578 615; x_wconf 87' lang='lat' dir='ltr'>a</span> 
     </span>
    </p>
   </div>
   <div class='ocr_carea' id='block_1_37' title="bbox 1932 649 3576 721">
    <p class='ocr_par' dir='ltr' id='par_1_37' title="bbox 1932 649 3576 721">
     <span class='ocr_line' id='line_1_37' title="bbox 1932 649 3576 721; baseline 0.001 -18"><span class='ocrx_word' id='word_1_262' title='bbox 1932 649 2223 713; x_wconf 86' lang='lat' dir='ltr'>Manasse,</span> <span class='ocrx_word' id='word_1_263' title='bbox 2272 650 2368 720; x_wconf 88' lang='lat' dir='ltr'>qui</span> <span class='ocrx_word' id='word_1_264' title='bbox 2405 650 2628 705; x_wconf 81' lang='lat' dir='ltr'>horreis</span> <span class='ocrx_word' id='word_1_265' title='bbox 2661 656 2923 721; x_wconf 70' lang='lat' dir='ltr'>praeerat,</span> <span class='ocrx_word' id='word_1_266' title='bbox 2960 650 3413 705; x_wconf 83' lang='lat' dir='ltr'>misericorditer</span> <span class='ocrx_word' id='word_1_267' title='bbox 3441 667 3576 705; x_wconf 86' lang='lat' dir='ltr'>sus-</span> 
     </span>
    </p>
   </div>
   <div class='ocr_carea' id='block_1_38' title="bbox 1932 738 3578 809">
    <p class='ocr_par' dir='ltr' id='par_1_38' title="bbox 1932 738 3578 809">
     <span class='ocr_line' id='line_1_38' title="bbox 1932 738 3578 809; baseline 0.002 -18"><span class='ocrx_word' id='word_1_268' title='bbox 1932 743 2118 809; x_wconf 87' lang='lat' dir='ltr'>cepta,</span> <span class='ocrx_word' id='word_1_269' title='bbox 2172 738 2320 809; x_wconf 86' lang='lat' dir='ltr'>patri</span> <span class='ocrx_word' id='word_1_270' title='bbox 2370 740 2604 794; x_wconf 88' lang='lat' dir='ltr'>cibariis</span> <span class='ocrx_word' id='word_1_271' title='bbox 2656 739 2829 807; x_wconf 85' lang='lat' dir='ltr'>datis,</span> <span class='ocrx_word' id='word_1_272' title='bbox 2881 740 2953 794; x_wconf 87' lang='lat' dir='ltr'>ab</span> <span class='ocrx_word' id='word_1_273' title='bbox 2984 740 3184 794; x_wconf 86' lang='lat' dir='ltr'>eodem</span> <span class='ocrx_word' id='word_1_274' title='bbox 3221 740 3578 795; x_wconf 82' lang='lat' dir='ltr'>Manassein</span> 
     </span>
    </p>
   </div>
   <div class='ocr_carea' id='block_1_39' title="bbox 1933 826 3582 900">
    <p class='ocr_par' dir='ltr' id='par_1_39' title="bbox 1933 826 3582 900">
     <span class='ocr_line' id='line_1_39' title="bbox 1933 826 3582 900; baseline 0.001 -19"><span class='ocrx_word' id='word_1_275' title='bbox 1933 826 2279 896; x_wconf 74' lang='lat' dir='ltr'>conjugium‘</span> <span class='ocrx_word' id='word_1_276' title='bbox 2307 834 2544 898; x_wconf 85' lang='lat' dir='ltr'>sumpta</span> <span class='ocrx_word' id='word_1_277' title='bbox 2585 832 2673 883; x_wconf 91' lang='lat' dir='ltr'>est</span> <span class='ocrx_word' id='word_1_278' title='bbox 2706 846 2717 882; x_wconf 91' lang='lat'>:</span> <span class='ocrx_word' id='word_1_279' title='bbox 2756 828 3098 900; x_wconf 85' lang='lat' dir='ltr'>peperitque</span> <span class='ocrx_word' id='word_1_280' title='bbox 3146 827 3194 882; x_wconf 93' lang='lat' dir='ltr'>ei</span> <span class='ocrx_word' id='word_1_281' title='bbox 3229 828 3453 883; x_wconf 85' lang='lat' dir='ltr'>Machir</span> <span class='ocrx_word' id='word_1_282' title='bbox 3480 845 3582 899; x_wconf 83' lang='lat' dir='ltr'>pa-</span> 
     </span>
    </p>
   </div>
   <div class='ocr_carea' id='block_1_40' title="bbox 1933 914 2352 970">
    <p class='ocr_par' dir='ltr' id='par_1_40' title="bbox 1933 914 2352 970">
     <span class='ocr_line' id='line_1_40' title="bbox 1933 914 2352 970; baseline 0.002 -2"><span class='ocrx_word' id='word_1_283' title='bbox 1933 919 2083 970; x_wconf 90' lang='lat' dir='ltr'>trem</span> <span class='ocrx_word' id='word_1_284' title='bbox 2115 914 2352 969; x_wconf 81' lang='lat' dir='ltr'>Galaad.</span> 
     </span>
    </p>
   </div>
   <div class='ocr_carea' id='block_1_41' title="bbox 2005 1004 3579 1076">
    <p class='ocr_par' dir='ltr' id='par_1_41' title="bbox 2005 1004 3579 1076">
     <span class='ocr_line' id='line_1_41' title="bbox 2005 1004 3579 1076; baseline 0.002 -19"><span class='ocrx_word' id='word_1_285' title='bbox 2005 1004 2192 1075; x_wconf 88' lang='lat' dir='ltr'>(Vers.</span> <span class='ocrx_word' id='word_1_286' title='bbox 2234 1004 2339 1075; x_wconf 81' lang='lat'>15,)</span> <span class='ocrx_word' id='word_1_287' title='bbox 2376 1025 2402 1053; x_wconf 90' lang='grc'>‹‹</span> <span class='ocrx_word' id='word_1_288' title='bbox 2435 1004 2561 1058; x_wconf 86' lang='lat' dir='ltr'>Filii</span> <span class='ocrx_word' id='word_1_289' title='bbox 2598 1005 2821 1059; x_wconf 86' lang='lat' dir='ltr'>Machir</span> <span class='ocrx_word' id='word_1_290' title='bbox 2853 1004 3106 1076; x_wconf 87' lang='lat' dir='ltr'>Iluphim</span> <span class='ocrx_word' id='word_1_291' title='bbox 3155 1009 3212 1059; x_wconf 85' lang='lat' dir='ltr'>et</span> <span class='ocrx_word' id='word_1_292' title='bbox 3249 1004 3518 1076; x_wconf 21' lang='lat' dir='ltr'>Sutp&#39;hirm.</span> <span class='ocrx_word' id='word_1_293' title='bbox 3558 1027 3579 1053; x_wconf 78' lang='grc' dir='ltr'>ι</span> 
     </span>
    </p>
   </div>
   <div class='ocr_carea' id='block_1_42' title="bbox 1935 1092 3582 1164">
    <p class='ocr_par' dir='ltr' id='par_1_42' title="bbox 1935 1092 3582 1164">
     <span class='ocr_line' id='line_1_42' title="bbox 1935 1092 3582 1164; baseline 0.001 -18"><span class='ocrx_word' id='word_1_294' title='bbox 1935 1092 2191 1164; x_wconf 88' lang='lat' dir='ltr'>Huphim</span> <span class='ocrx_word' id='word_1_295' title='bbox 2224 1098 2280 1147; x_wconf 90' lang='lat' dir='ltr'>et</span> <span class='ocrx_word' id='word_1_296' title='bbox 2308 1093 2551 1164; x_wconf 85' lang='lat' dir='ltr'>Suphim</span> <span class='ocrx_word' id='word_1_297' title='bbox 2584 1110 2765 1147; x_wconf 86' lang='lat' dir='ltr'>unum</span> <span class='ocrx_word' id='word_1_298' title='bbox 2800 1109 3008 1148; x_wconf 89' lang='lat' dir='ltr'>nomen</span> <span class='ocrx_word' id='word_1_299' title='bbox 3042 1097 3131 1148; x_wconf 81' lang='lat' dir='ltr'>est</span> <span class='ocrx_word' id='word_1_300' title='bbox 3164 1111 3177 1148; x_wconf 89' lang='lat'>:</span> <span class='ocrx_word' id='word_1_301' title='bbox 3207 1099 3265 1148; x_wconf 82' lang='lat' dir='ltr'>et</span> <span class='ocrx_word' id='word_1_302' title='bbox 3294 1099 3384 1148; x_wconf 84' lang='lat' dir='ltr'>est</span> <span class='ocrx_word' id='word_1_303' title='bbox 3414 1108 3582 1148; x_wconf 87' lang='lat' dir='ltr'>soror</span> 
     </span>
    </p>
   </div>
   <div class='ocr_carea' id='block_1_43' title="bbox 1933 1181 3589 1254">
    <p class='ocr_par' dir='ltr' id='par_1_43' title="bbox 1933 1181 3589 1254">
     <span class='ocr_line' id='line_1_43' title="bbox 1933 1181 3589 1254; baseline 0.001 -18"><span class='ocrx_word' id='word_1_304' title='bbox 1933 1183 2061 1251; x_wconf 89' lang='lat' dir='ltr'>ejus</span> <span class='ocrx_word' id='word_1_305' title='bbox 2082 1181 2340 1248; x_wconf 82' lang='lat' dir='ltr'>Maacha,</span> <span class='ocrx_word' id='word_1_306' title='bbox 2377 1199 2550 1253; x_wconf 89' lang='lat' dir='ltr'>quam</span> <span class='ocrx_word' id='word_1_307' title='bbox 2588 1182 2809 1252; x_wconf 64' lang='lat' dir='ltr'>accepit</span> <span class='ocrx_word' id='word_1_308' title='bbox 2858 1183 3080 1247; x_wconf 85' lang='lat' dir='ltr'>Esrom,</span> <span class='ocrx_word' id='word_1_309' title='bbox 3114 1184 3253 1236; x_wconf 90' lang='lat' dir='ltr'>dum</span> <span class='ocrx_word' id='word_1_310' title='bbox 3288 1183 3589 1254; x_wconf 82' lang='lat' dir='ltr'>sexaginta</span> 
     </span>
    </p>
   </div>
   <div class='ocr_carea' id='block_1_44' title="bbox 1936 1272 3583 1344">
    <p class='ocr_par' dir='ltr' id='par_1_44' title="bbox 1936 1272 3583 1344">
     <span class='ocr_line' id='line_1_44' title="bbox 1936 1272 3583 1344; baseline 0.002 -20"><span class='ocrx_word' id='word_1_311' title='bbox 1936 1276 2091 1325; x_wconf 86' lang='lat' dir='ltr'>esset</span> <span class='ocrx_word' id='word_1_312' title='bbox 2121 1287 2433 1337; x_wconf 86' lang='lat' dir='ltr'>annorum,</span> <span class='ocrx_word' id='word_1_313' title='bbox 2493 1289 2560 1326; x_wconf 85' lang='lat' dir='ltr'>ex</span> <span class='ocrx_word' id='word_1_314' title='bbox 2620 1288 2735 1343; x_wconf 88' lang='lat' dir='ltr'>qua</span> <span class='ocrx_word' id='word_1_315' title='bbox 2789 1272 3049 1343; x_wconf 87' lang='lat' dir='ltr'>suscepit</span> <span class='ocrx_word' id='word_1_316' title='bbox 3080 1272 3291 1344; x_wconf 84' lang='lat' dir='ltr'>Segub.</span> <span class='ocrx_word' id='word_1_317' title='bbox 3327 1273 3583 1344; x_wconf 84' lang='lat' dir='ltr'>Huphim</span> 
     </span>
    </p>
   </div>
   <div class='ocr_carea' id='block_1_45' title="bbox 1938 1360 3236 1431">
    <p class='ocr_par' dir='ltr' id='par_1_45' title="bbox 1938 1360 3236 1431">
     <span class='ocr_line' id='line_1_45' title="bbox 1938 1360 3236 1431; baseline 0.002 -18"><span class='ocrx_word' id='word_1_318' title='bbox 1938 1360 2350 1430; x_wconf 86' lang='lat' dir='ltr'>interpretatur</span> <span class='ocrx_word' id='word_1_319' title='bbox 2380 1361 2689 1427; x_wconf 77' lang='lat' dir='ltr'>thalamus;</span> <span class='ocrx_word' id='word_1_320' title='bbox 2725 1361 2995 1431; x_wconf 86' lang='lat' dir='ltr'>Suphim,</span> <span class='ocrx_word' id='word_1_321' title='bbox 3028 1365 3236 1415; x_wconf 81' lang='lat' dir='ltr'>unctus.</span> 
     </span>
    </p>
   </div>
   <div class='ocr_carea' id='block_1_46' title="bbox 2006 1449 3585 1523">
    <p class='ocr_par' dir='ltr' id='par_1_46' title="bbox 2006 1449 3585 1523">
     <span class='ocr_line' id='line_1_46' title="bbox 2006 1449 3585 1523; baseline 0.003 -20"><span class='ocrx_word' id='word_1_322' title='bbox 2006 1449 2199 1521; x_wconf 81' lang='lat' dir='ltr'>(Ibid)</span> <span class='ocrx_word' id='word_1_323' title='bbox 2231 1450 2451 1505; x_wconf 88' lang='lat' dir='ltr'>Nomen</span> <span class='ocrx_word' id='word_1_324' title='bbox 2493 1456 2688 1507; x_wconf 90' lang='lat' dir='ltr'>autem</span> <span class='ocrx_word' id='word_1_325' title='bbox 2743 1452 2982 1506; x_wconf 87' lang='lat' dir='ltr'>secundi</span> <span class='ocrx_word' id='word_1_326' title='bbox 3042 1451 3329 1523; x_wconf 75' lang='lat' dir='ltr'>Zalphaad</span> <span class='ocrx_word' id='word_1_327' title='bbox 3366 1469 3379 1507; x_wconf 86' lang='lat'><strong>:</strong></span> <span class='ocrx_word' id='word_1_328' title='bbox 3414 1457 3471 1507; x_wconf 90' lang='lat' dir='ltr'>et</span> <span class='ocrx_word' id='word_1_329' title='bbox 3498 1453 3585 1509; x_wconf 82' lang='lat' dir='ltr'>id-</span> 
     </span>
    </p>
   </div>
   <div class='ocr_carea' id='block_1_47' title="bbox 1937 1537 3587 1613">
    <p class='ocr_par' dir='ltr' id='par_1_47' title="bbox 1937 1537 3587 1613">
     <span class='ocr_line' id='line_1_47' title="bbox 1937 1537 3587 1613; baseline 0.004 -22"><span class='ocrx_word' id='word_1_330' title='bbox 1937 1537 2088 1592; x_wconf 81' lang='lat' dir='ltr'>circo</span> <span class='ocrx_word' id='word_1_331' title='bbox 2120 1539 2231 1592; x_wconf 89' lang='lat' dir='ltr'>iste</span> <span class='ocrx_word' id='word_1_332' title='bbox 2262 1540 2558 1593; x_wconf 89' lang='lat' dir='ltr'>secundus</span> <span class='ocrx_word' id='word_1_333' title='bbox 2608 1540 2966 1605; x_wconf 83' lang='lat' dir='ltr'>nominatur,</span> <span class='ocrx_word' id='word_1_334' title='bbox 3002 1542 3141 1611; x_wconf 88' lang='lat' dir='ltr'>quia</span> <span class='ocrx_word' id='word_1_335' title='bbox 3167 1540 3227 1594; x_wconf 88' lang='lat' dir='ltr'>hi</span> <span class='ocrx_word' id='word_1_336' title='bbox 3280 1542 3396 1595; x_wconf 94' lang='lat' dir='ltr'>duo</span> <span class='ocrx_word' id='word_1_337' title='bbox 3428 1542 3587 1613; x_wconf 84' lang='lat' dir='ltr'>prin-</span> 
     </span>
    </p>
   </div>
   <div class='ocr_carea' id='block_1_48' title="bbox 1942 1626 3590 1700">
    <p class='ocr_par' dir='ltr' id='par_1_48' title="bbox 1942 1626 3590 1700">
     <span class='ocr_line' id='line_1_48' title="bbox 1942 1626 3590 1700; baseline 0.002 -21"><span class='ocrx_word' id='word_1_338' title='bbox 1942 1626 2101 1697; x_wconf 90' lang='lat' dir='ltr'>cipes</span> <span class='ocrx_word' id='word_1_339' title='bbox 2130 1631 2295 1679; x_wconf 88' lang='lat' dir='ltr'>erant</span> <span class='ocrx_word' id='word_1_340' title='bbox 2316 1626 2373 1680; x_wconf 92' lang='lat' dir='ltr'>in</span> <span class='ocrx_word' id='word_1_341' title='bbox 2407 1628 2559 1681; x_wconf 91' lang='lat' dir='ltr'>tribu</span> <span class='ocrx_word' id='word_1_342' title='bbox 2588 1628 2882 1693; x_wconf 87' lang='lat' dir='ltr'>Manasse,</span> <span class='ocrx_word' id='word_1_343' title='bbox 2906 1628 2964 1681; x_wconf 90' lang='lat' dir='ltr'>id</span> <span class='ocrx_word' id='word_1_344' title='bbox 2992 1634 3080 1683; x_wconf 90' lang='lat' dir='ltr'>est</span> <span class='ocrx_word' id='word_1_345' title='bbox 3109 1628 3498 1700; x_wconf 88' lang='lat' dir='ltr'>Huphim,qui</span> <span class='ocrx_word' id='word_1_346' title='bbox 3532 1633 3590 1683; x_wconf 84' lang='lat' dir='ltr'>et</span> 
     </span>
    </p>
   </div>
   <div class='ocr_carea' id='block_1_49' title="bbox 1937 1714 2613 1787">
    <p class='ocr_par' dir='ltr' id='par_1_49' title="bbox 1937 1714 2613 1787">
     <span class='ocr_line' id='line_1_49' title="bbox 1937 1714 2613 1787; baseline 0.003 -19"><span class='ocrx_word' id='word_1_347' title='bbox 1937 1714 2182 1785; x_wconf 86' lang='lat' dir='ltr'>Suphim</span> <span class='ocrx_word' id='word_1_348' title='bbox 2215 1719 2272 1769; x_wconf 91' lang='lat' dir='ltr'>et</span> <span class='ocrx_word' id='word_1_349' title='bbox 2299 1715 2613 1787; x_wconf 83' lang='lat' dir='ltr'>Zalphaad.</span> 
     </span>
    </p>
   </div>
   <div class='ocr_carea' id='block_1_50' title="bbox 2008 1802 3588 1878">
    <p class='ocr_par' dir='ltr' id='par_1_50' title="bbox 2008 1802 3588 1878">
     <span class='ocr_line' id='line_1_50' title="bbox 2008 1802 3588 1878; baseline 0.003 -23"><span class='ocrx_word' id='word_1_350' title='bbox 2008 1802 2192 1873; x_wconf 78' lang='lat' dir='ltr'>(Vere.</span> <span class='ocrx_word' id='word_1_351' title='bbox 2236 1805 2436 1874; x_wconf 80' lang='grc'>1718).</span> <span class='ocrx_word' id='word_1_352' title='bbox 2480 1826 2507 1857; x_wconf 76' lang='grc' dir='ltr'>α</span> <span class='ocrx_word' id='word_1_353' title='bbox 2538 1806 2712 1860; x_wconf 89' lang='lat' dir='ltr'>Soror</span> <span class='ocrx_word' id='word_1_354' title='bbox 2766 1809 2961 1860; x_wconf 90' lang='lat' dir='ltr'>autem</span> <span class='ocrx_word' id='word_1_355' title='bbox 3013 1807 3140 1876; x_wconf 83' lang='lat' dir='ltr'>ejus</span> <span class='ocrx_word' id='word_1_356' title='bbox 3189 1806 3441 1878; x_wconf 73' lang='lat' dir='ltr'>Regina,</span> <span class='ocrx_word' id='word_1_357' title='bbox 3473 1826 3495 1855; x_wconf 71' lang='grc' dir='ltr'>ι</span> <span class='ocrx_word' id='word_1_358' title='bbox 3532 1804 3588 1861; x_wconf 88' lang='lat' dir='ltr'>id</span> 
     </span>
    </p>
   </div>
   <div class='ocr_carea' id='block_1_51' title="bbox 1934 1892 3595 1959">
    <p class='ocr_par' dir='ltr' id='par_1_51' title="bbox 1934 1892 3595 1959">
     <span class='ocr_line' id='line_1_51' title="bbox 1934 1892 3595 1959; baseline 0.001 -11"><span class='ocrx_word' id='word_1_359' title='bbox 1934 1896 2023 1948; x_wconf 90' lang='lat' dir='ltr'>est</span> <span class='ocrx_word' id='word_1_360' title='bbox 2053 1893 2268 1947; x_wconf 88' lang='lat' dir='ltr'>Bedam</span> <span class='ocrx_word' id='word_1_361' title='bbox 2319 1892 2420 1947; x_wconf 84' lang='lat' dir='ltr'>filii</span> <span class='ocrx_word' id='word_1_362' title='bbox 2472 1894 2636 1949; x_wconf 89' lang='lat' dir='ltr'>Ulam</span> <span class='ocrx_word' id='word_1_363' title='bbox 2699 1913 2711 1950; x_wconf 93' lang='lat'>:</span> <span class='ocrx_word' id='word_1_364' title='bbox 2769 1894 2900 1949; x_wconf 90' lang='lat' dir='ltr'>aliis</span> <span class='ocrx_word' id='word_1_365' title='bbox 2956 1900 3046 1950; x_wconf 88' lang='lat' dir='ltr'>est</span> <span class='ocrx_word' id='word_1_366' title='bbox 3102 1894 3209 1950; x_wconf 90' lang='lat' dir='ltr'>iste</span> <span class='ocrx_word' id='word_1_367' title='bbox 3267 1896 3478 1959; x_wconf 89' lang='lat' dir='ltr'>Bedan,</span> <span class='ocrx_word' id='word_1_368' title='bbox 3538 1898 3595 1952; x_wconf 90' lang='lat' dir='ltr'>et</span> 
     </span>
    </p>
   </div>
   <div class='ocr_carea' id='block_1_52' title="bbox 1936 1980 3597 2056">
    <p class='ocr_par' dir='ltr' id='par_1_52' title="bbox 1936 1980 3597 2056">
     <span class='ocr_line' id='line_1_52' title="bbox 1936 1980 3597 2056; baseline 0.001 -20"><span class='ocrx_word' id='word_1_369' title='bbox 1936 1980 2087 2036; x_wconf 89' lang='lat' dir='ltr'>alius</span> <span class='ocrx_word' id='word_1_370' title='bbox 2115 1985 2203 2036; x_wconf 90' lang='lat' dir='ltr'>est</span> <span class='ocrx_word' id='word_1_371' title='bbox 2234 1982 2512 2037; x_wconf 87' lang='lat' dir='ltr'>Bedaniu</span> <span class='ocrx_word' id='word_1_372' title='bbox 2545 1984 2767 2054; x_wconf 85' lang='lat' dir='ltr'>Regum</span> <span class='ocrx_word' id='word_1_373' title='bbox 2800 1984 2851 2053; x_wconf 86' lang='grc' dir='ltr'>(ι</span> <span class='ocrx_word' id='word_1_374' title='bbox 2882 1985 3013 2056; x_wconf 73' lang='lat' dir='ltr'>It&#39;g.</span> <span class='ocrx_word' id='word_1_375' title='bbox 3074 2001 3176 2051; x_wconf 80' lang='lat' dir='ltr'>x11,</span> <span class='ocrx_word' id='word_1_376' title='bbox 3236 1984 3347 2055; x_wconf 93' lang='grc'>11),</span> <span class='ocrx_word' id='word_1_377' title='bbox 3405 1984 3459 2038; x_wconf 90' lang='lat' dir='ltr'>id</span> <span class='ocrx_word' id='word_1_378' title='bbox 3508 1989 3597 2040; x_wconf 85' lang='lat' dir='ltr'>est</span> 
     </span>
    </p>
   </div>
   <div class='ocr_carea' id='block_1_53' title="bbox 1936 2071 3595 2142">
    <p class='ocr_par' dir='ltr' id='par_1_53' title="bbox 1936 2071 3595 2142">
     <span class='ocr_line' id='line_1_53' title="bbox 1936 2071 3595 2142; baseline 0.001 -18"><span class='ocrx_word' id='word_1_379' title='bbox 1936 2073 2200 2124; x_wconf 88' lang='lat' dir='ltr'>Samson.</span> <span class='ocrx_word' id='word_1_380' title='bbox 2261 2071 2452 2125; x_wconf 87' lang='lat' dir='ltr'>Bedan</span> <span class='ocrx_word' id='word_1_381' title='bbox 2507 2071 2927 2142; x_wconf 88' lang='lat' dir='ltr'>interpretatur</span> <span class='ocrx_word' id='word_1_382' title='bbox 2984 2074 3038 2126; x_wconf 87' lang='lat' dir='ltr'>in</span> <span class='ocrx_word' id='word_1_383' title='bbox 3089 2073 3227 2126; x_wconf 84' lang='lat' dir='ltr'>Dan.</span> <span class='ocrx_word' id='word_1_384' title='bbox 3283 2073 3398 2126; x_wconf 81' lang='lat' dir='ltr'>Ista</span> <span class='ocrx_word' id='word_1_385' title='bbox 3430 2087 3595 2126; x_wconf 88' lang='lat' dir='ltr'>soror</span> 
     </span>
    </p>
   </div>
   <div class='ocr_carea' id='block_1_54' title="bbox 1940 2157 3594 2230">
    <p class='ocr_par' dir='ltr' id='par_1_54' title="bbox 1940 2157 3594 2230">
     <span class='ocr_line' id='line_1_54' title="bbox 1940 2157 3594 2230; baseline 0.002 -19"><span class='ocrx_word' id='word_1_386' title='bbox 1940 2157 2161 2229; x_wconf 80' lang='lat' dir='ltr'>Regina</span> <span class='ocrx_word' id='word_1_387' title='bbox 2190 2162 2275 2212; x_wconf 88' lang='lat' dir='ltr'>est</span> <span class='ocrx_word' id='word_1_388' title='bbox 2305 2158 2568 2214; x_wconf 91' lang='lat' dir='ltr'>Debbora</span> <span class='ocrx_word' id='word_1_389' title='bbox 2600 2176 2743 2214; x_wconf 78' lang='lat' dir='ltr'>uxor</span> <span class='ocrx_word' id='word_1_390' title='bbox 2792 2159 3034 2225; x_wconf 86' lang='lat' dir='ltr'>Barach,</span> <span class='ocrx_word' id='word_1_391' title='bbox 3069 2160 3166 2230; x_wconf 88' lang='lat' dir='ltr'>qui</span> <span class='ocrx_word' id='word_1_392' title='bbox 3213 2159 3325 2214; x_wconf 89' lang='lat' dir='ltr'>alio</span> <span class='ocrx_word' id='word_1_393' title='bbox 3357 2160 3594 2215; x_wconf 90' lang='lat' dir='ltr'>nomine</span> 
     </span>
    </p>
   </div>
   <div class='ocr_carea' id='block_1_55' title="bbox 1944 2246 3117 2321">
    <p class='ocr_par' dir='ltr' id='par_1_55' title="bbox 1944 2246 3117 2321">
     <span class='ocr_line' id='line_1_55' title="bbox 1944 2246 3117 2321; baseline 0.001 -19"><span class='ocrx_word' id='word_1_394' title='bbox 1944 2246 2268 2318; x_wconf 89' lang='lat' dir='ltr'>Laphidoth</span> <span class='ocrx_word' id='word_1_395' title='bbox 2299 2253 2539 2302; x_wconf 89' lang='lat' dir='ltr'>vocatur</span> <span class='ocrx_word' id='word_1_396' title='bbox 2569 2249 2645 2319; x_wconf 88' lang='lat' dir='ltr'>(a)</span> <span class='ocrx_word' id='word_1_397' title='bbox 2680 2249 2891 2321; x_wconf 79' lang='lat' dir='ltr'>(Judz&#39;c.</span> <span class='ocrx_word' id='word_1_398' title='bbox 2935 2266 3007 2314; x_wconf 92' lang='lat' dir='ltr'>Iv,</span> <span class='ocrx_word' id='word_1_399' title='bbox 3042 2248 3117 2319; x_wconf 82' lang='grc'>4).</span> 
     </span>
    </p>
   </div>
   <div class='ocr_carea' id='block_1_56' title="bbox 2014 2332 3594 2409">
    <p class='ocr_par' dir='ltr' id='par_1_56' title="bbox 2014 2332 3594 2409">
     <span class='ocr_line' id='line_1_56' title="bbox 2014 2332 3594 2409; baseline 0.002 -20"><span class='ocrx_word' id='word_1_400' title='bbox 2014 2337 2198 2405; x_wconf 76' lang='lat' dir='ltr'>(Vere.</span> <span class='ocrx_word' id='word_1_401' title='bbox 2233 2338 2346 2399; x_wconf 92' lang='lat'>20).</span> <span class='ocrx_word' id='word_1_402' title='bbox 2382 2336 2633 2391; x_wconf 88' lang='lat' dir='ltr'>Surhala</span> <span class='ocrx_word' id='word_1_403' title='bbox 2664 2336 2818 2392; x_wconf 83' lang='lat' dir='ltr'>ﬁlius</span> <span class='ocrx_word' id='word_1_404' title='bbox 2872 2336 3168 2408; x_wconf 87' lang='lat' dir='ltr'>Ephraim,</span> <span class='ocrx_word' id='word_1_405' title='bbox 3219 2336 3423 2409; x_wconf 90' lang='lat' dir='ltr'>genuit</span> <span class='ocrx_word' id='word_1_406' title='bbox 3454 2332 3594 2392; x_wconf 85' lang='lat' dir='ltr'>Ezer</span> 
     </span>
    </p>
   </div>
   <div class='ocr_carea' id='block_1_57' title="bbox 1943 2424 3595 2498">
    <p class='ocr_par' dir='ltr' id='par_1_57' title="bbox 1943 2424 3595 2498">
     <span class='ocr_line' id='line_1_57' title="bbox 1943 2424 3595 2498; baseline 0.002 -19"><span class='ocrx_word' id='word_1_407' title='bbox 1943 2428 1998 2479; x_wconf 87' lang='lat' dir='ltr'>et</span> <span class='ocrx_word' id='word_1_408' title='bbox 2028 2424 2227 2490; x_wconf 84' lang='lat' dir='ltr'>Elaad,</span> <span class='ocrx_word' id='word_1_409' title='bbox 2260 2425 2358 2496; x_wconf 91' lang='lat' dir='ltr'>qui</span> <span class='ocrx_word' id='word_1_410' title='bbox 2391 2430 2744 2498; x_wconf 89' lang='lat' dir='ltr'>congregata</span> <span class='ocrx_word' id='word_1_411' title='bbox 2776 2425 3153 2481; x_wconf 88' lang='lat' dir='ltr'>multitudine</span> <span class='ocrx_word' id='word_1_412' title='bbox 3184 2427 3253 2481; x_wconf 92' lang='lat' dir='ltr'>de</span> <span class='ocrx_word' id='word_1_413' title='bbox 3284 2425 3458 2481; x_wconf 86' lang='lat' dir='ltr'>Israel</span> <span class='ocrx_word' id='word_1_414' title='bbox 3501 2443 3595 2482; x_wconf 86' lang='lat' dir='ltr'>as-</span> 
     </span>
    </p>
   </div>
   <div class='ocr_carea' id='block_1_58' title="bbox 1944 2514 3595 2585">
    <p class='ocr_par' dir='ltr' id='par_1_58' title="bbox 1944 2514 3595 2585">
     <span class='ocr_line' id='line_1_58' title="bbox 1944 2514 3595 2585; baseline 0.001 -16"><span class='ocrx_word' id='word_1_415' title='bbox 1944 2515 2185 2570; x_wconf 89' lang='lat' dir='ltr'>cendere</span> <span class='ocrx_word' id='word_1_416' title='bbox 2217 2514 2329 2569; x_wconf 92' lang='lat' dir='ltr'>nisi</span> <span class='ocrx_word' id='word_1_417' title='bbox 2362 2519 2499 2569; x_wconf 86' lang='lat' dir='ltr'>sunt</span> <span class='ocrx_word' id='word_1_418' title='bbox 2546 2514 2617 2569; x_wconf 90' lang='lat' dir='ltr'>ad</span> <span class='ocrx_word' id='word_1_419' title='bbox 2652 2519 2865 2570; x_wconf 88' lang='lat' dir='ltr'>terram</span> <span class='ocrx_word' id='word_1_420' title='bbox 2898 2514 3388 2585; x_wconf 85' lang='lat' dir='ltr'>repromissionis,</span> <span class='ocrx_word' id='word_1_421' title='bbox 3423 2520 3480 2570; x_wconf 88' lang='lat' dir='ltr'>et</span> <span class='ocrx_word' id='word_1_422' title='bbox 3534 2515 3595 2570; x_wconf 90' lang='lat' dir='ltr'>in</span> 
     </span>
    </p>
   </div>
   <div class='ocr_carea' id='block_1_59' title="bbox 1945 2603 3596 2673">
    <p class='ocr_par' dir='ltr' id='par_1_59' title="bbox 1945 2603 3596 2673">
     <span class='ocr_line' id='line_1_59' title="bbox 1945 2603 3596 2673; baseline 0.001 -14"><span class='ocrx_word' id='word_1_423' title='bbox 1945 2604 2088 2659; x_wconf 91' lang='lat' dir='ltr'>Geth</span> <span class='ocrx_word' id='word_1_424' title='bbox 2122 2603 2563 2660; x_wconf 86' lang='lat' dir='ltr'>Philistinorum</span> <span class='ocrx_word' id='word_1_425' title='bbox 2610 2603 2900 2659; x_wconf 84' lang='lat' dir='ltr'>interfecti</span> <span class='ocrx_word' id='word_1_426' title='bbox 2951 2609 3109 2659; x_wconf 90' lang='lat' dir='ltr'>sunt.</span> <span class='ocrx_word' id='word_1_427' title='bbox 3165 2604 3395 2659; x_wconf 85' lang='lat' dir='ltr'>Fratres</span> <span class='ocrx_word' id='word_1_428' title='bbox 3438 2621 3596 2673; x_wconf 90' lang='lat' dir='ltr'>vero,</span> 
     </span>
    </p>
   </div>
   <div class='ocr_carea' id='block_1_60' title="bbox 1946 2692 3599 2764">
    <p class='ocr_par' dir='ltr' id='par_1_60' title="bbox 1946 2692 3599 2764">
     <span class='ocr_line' id='line_1_60' title="bbox 1946 2692 3599 2764; baseline 0 -16"><span class='ocrx_word' id='word_1_429' title='bbox 1946 2692 2047 2763; x_wconf 90' lang='lat' dir='ltr'>qui</span> <span class='ocrx_word' id='word_1_430' title='bbox 2087 2693 2155 2746; x_wconf 88' lang='lat' dir='ltr'>ad</span> <span class='ocrx_word' id='word_1_431' title='bbox 2209 2692 2627 2748; x_wconf 87' lang='lat' dir='ltr'>consolandum</span> <span class='ocrx_word' id='word_1_432' title='bbox 2678 2693 2956 2764; x_wconf 88' lang='lat' dir='ltr'>Ephraim</span> <span class='ocrx_word' id='word_1_433' title='bbox 3005 2697 3308 2760; x_wconf 86' lang='lat' dir='ltr'>venerunt,</span> <span class='ocrx_word' id='word_1_434' title='bbox 3360 2700 3459 2748; x_wconf 85' lang='lat' dir='ltr'>aut</span> <span class='ocrx_word' id='word_1_435' title='bbox 3498 2709 3599 2749; x_wconf 86' lang='lat' dir='ltr'>eos</span> 
     </span>
    </p>
   </div>
   <div class='ocr_carea' id='block_1_61' title="bbox 1946 2780 3591 2853">
    <p class='ocr_par' dir='ltr' id='par_1_61' title="bbox 1946 2780 3591 2853">
     <span class='ocr_line' id='line_1_61' title="bbox 1946 2780 3591 2853; baseline 0.001 -18"><span class='ocrx_word' id='word_1_436' title='bbox 1946 2781 2220 2848; x_wconf 88' lang='lat' dir='ltr'>dicimus,</span> <span class='ocrx_word' id='word_1_437' title='bbox 2254 2782 2352 2852; x_wconf 87' lang='lat' dir='ltr'>qui</span> <span class='ocrx_word' id='word_1_438' title='bbox 2384 2782 2454 2836; x_wconf 89' lang='lat' dir='ltr'>de</span> <span class='ocrx_word' id='word_1_439' title='bbox 2480 2780 2828 2853; x_wconf 85' lang='lat' dir='ltr'>patriarchis</span> <span class='ocrx_word' id='word_1_440' title='bbox 2860 2786 3226 2853; x_wconf 86' lang='lat' dir='ltr'>supererant,</span> <span class='ocrx_word' id='word_1_441' title='bbox 3249 2787 3350 2836; x_wconf 88' lang='lat' dir='ltr'>aut</span> <span class='ocrx_word' id='word_1_442' title='bbox 3379 2796 3591 2853; x_wconf 88' lang='lat' dir='ltr'>cogna-</span> 
     </span>
    </p>
   </div>
   <div class='ocr_carea' id='block_1_62' title="bbox 1946 2870 3593 2942">
    <p class='ocr_par' dir='ltr' id='par_1_62' title="bbox 1946 2870 3593 2942">
     <span class='ocr_line' id='line_1_62' title="bbox 1946 2870 3593 2942; baseline 0.001 -17"><span class='ocrx_word' id='word_1_443' title='bbox 1946 2870 2163 2925; x_wconf 90' lang='lat' dir='ltr'>tionem</span> <span class='ocrx_word' id='word_1_444' title='bbox 2195 2887 2370 2942; x_wconf 88' lang='lat' dir='ltr'>quam</span> <span class='ocrx_word' id='word_1_445' title='bbox 2406 2870 2656 2925; x_wconf 87' lang='lat' dir='ltr'>fraterno</span> <span class='ocrx_word' id='word_1_446' title='bbox 2698 2871 2854 2941; x_wconf 87' lang='lat' dir='ltr'>[Lege</span> <span class='ocrx_word' id='word_1_447' title='bbox 2902 2871 3107 2925; x_wconf 81' lang='lat' dir='ltr'>fratres</span> <span class='ocrx_word' id='word_1_448' title='bbox 3153 2877 3215 2926; x_wconf 76' lang='lat' dir='ltr'>ut</span> <span class='ocrx_word' id='word_1_449' title='bbox 3268 2870 3458 2942; x_wconf 86' lang='lat' dir='ltr'>supra]</span> <span class='ocrx_word' id='word_1_450' title='bbox 3490 2886 3593 2926; x_wconf 63' lang='lat' dir='ltr'>no»</span> 
     </span>
    </p>
   </div>
   <div class='ocr_carea' id='block_1_63' title="bbox 1950 2959 2771 3032">
    <p class='ocr_par' dir='ltr' id='par_1_63' title="bbox 1950 2959 2771 3032">
     <span class='ocr_line' id='line_1_63' title="bbox 1950 2959 2771 3032; baseline -0.001 -18"><span class='ocrx_word' id='word_1_451' title='bbox 1950 2959 2105 3014; x_wconf 91' lang='lat' dir='ltr'>mine</span> <span class='ocrx_word' id='word_1_452' title='bbox 2137 2976 2287 3032; x_wconf 67' lang='lat' dir='ltr'>saepe</span> <span class='ocrx_word' id='word_1_453' title='bbox 2320 2959 2771 3015; x_wconf 89' lang='lat' dir='ltr'>nominavimus.</span> 
     </span>
    </p>
   </div>
   <div class='ocr_carea' id='block_1_64' title="bbox 2021 3047 3595 3119">
    <p class='ocr_par' dir='ltr' id='par_1_64' title="bbox 2021 3047 3595 3119">
     <span class='ocr_line' id='line_1_64' title="bbox 2021 3047 3595 3119; baseline 0.003 -19"><span class='ocrx_word' id='word_1_454' title='bbox 2021 3048 2205 3110; x_wconf 87' lang='lat' dir='ltr'>(Vers.</span> <span class='ocrx_word' id='word_1_455' title='bbox 2236 3049 2349 3119; x_wconf 71' lang='grc'>24.)</span> <span class='ocrx_word' id='word_1_456' title='bbox 2382 3072 2409 3097; x_wconf 91' lang='grc'>‹‹</span> <span class='ocrx_word' id='word_1_457' title='bbox 2446 3048 2593 3104; x_wconf 88' lang='lat' dir='ltr'>Filia</span> <span class='ocrx_word' id='word_1_458' title='bbox 2622 3053 2817 3103; x_wconf 89' lang='lat' dir='ltr'>autem</span> <span class='ocrx_word' id='word_1_459' title='bbox 2850 3047 3039 3113; x_wconf 89' lang='lat' dir='ltr'>Beria,</span> <span class='ocrx_word' id='word_1_460' title='bbox 3074 3071 3103 3096; x_wconf 72' lang='grc' dir='ltr'>π</span> <span class='ocrx_word' id='word_1_461' title='bbox 3159 3048 3217 3103; x_wconf 89' lang='lat' dir='ltr'>id</span> <span class='ocrx_word' id='word_1_462' title='bbox 3249 3051 3339 3103; x_wconf 88' lang='lat' dir='ltr'>est</span> <span class='ocrx_word' id='word_1_463' title='bbox 3368 3070 3396 3098; x_wconf 85' lang='grc'><em>‹‹</em></span> <span class='ocrx_word' id='word_1_464' title='bbox 3429 3048 3595 3115; x_wconf 86' lang='lat' dir='ltr'>Sara,</span> 
     </span>
    </p>
   </div>
   <div class='ocr_carea' id='block_1_65' title="bbox 180 3136 3595 3213">
    <p class='ocr_par' dir='ltr' id='par_1_65' title="bbox 180 3136 3595 3213">
     <span class='ocr_line' id='line_1_65' title="bbox 180 3136 3595 3213; baseline -0.001 -17"><span class='ocrx_word' id='word_1_465' title='bbox 180 3136 251 3196; x_wconf 9' lang='lat' dir='ltr'>in,</span> <span class='ocrx_word' id='word_1_466' title='bbox 282 3141 410 3213; x_wconf 87' lang='lat' dir='ltr'>lege</span> <span class='ocrx_word' id='word_1_467' title='bbox 440 3140 733 3209; x_wconf 86' lang='lat' dir='ltr'>scribitur,</span> <span class='ocrx_word' id='word_1_468' title='bbox 757 3154 939 3194; x_wconf 85' lang='lat' dir='ltr'>omnes</span> <span class='ocrx_word' id='word_1_469' title='bbox 972 3140 1067 3192; x_wconf 83' lang='lat' dir='ltr'>isti</span> <span class='ocrx_word' id='word_1_470' title='bbox 1095 3138 1224 3207; x_wconf 79' lang='lat' dir='ltr'>ﬁlii,</span> <span class='ocrx_word' id='word_1_471' title='bbox 1257 3136 1574 3207; x_wconf 89' lang='lat' dir='ltr'>cujuslibet</span> <span class='ocrx_word' id='word_1_472' title='bbox 1604 3142 1704 3190; x_wconf 84' lang='lat' dir='ltr'>aut</span> <span class='ocrx_word' id='word_1_473' title='bbox 1736 3152 1840 3207; x_wconf 91' lang='lat' dir='ltr'>pro</span> <span class='ocrx_word' id='word_1_474' title='bbox 1873 3141 1913 3205; x_wconf 76' lang='grc' dir='ltr'>ί]</span> <span class='ocrx_word' id='word_1_475' title='bbox 1952 3154 2076 3207; x_wconf 72' lang='lat' dir='ltr'>qure</span> <span class='ocrx_word' id='word_1_476' title='bbox 2107 3136 2409 3191; x_wconf 72' lang='lat' dir='ltr'>aedificavit</span> <span class='ocrx_word' id='word_1_477' title='bbox 2440 3137 2722 3191; x_wconf 88' lang='lat' dir='ltr'>Bethoron</span> <span class='ocrx_word' id='word_1_478' title='bbox 2751 3136 3083 3191; x_wconf 88' lang='lat' dir='ltr'>inferiorem</span> <span class='ocrx_word' id='word_1_479' title='bbox 3115 3141 3171 3191; x_wconf 89' lang='lat' dir='ltr'>et</span> <span class='ocrx_word' id='word_1_480' title='bbox 3201 3136 3595 3192; x_wconf 79' lang='lat' dir='ltr'>Ozen-Sara.»</span> 
     </span>
    </p>
   </div>
   <div class='ocr_carea' id='block_1_66' title="bbox 179 3223 1843 3297">
    <p class='ocr_par' dir='ltr' id='par_1_66' title="bbox 179 3223 1843 3297">
     <span class='ocr_line' id='line_1_66' title="bbox 179 3223 1843 3297; baseline -0.004 -12"><span class='ocrx_word' id='word_1_481' title='bbox 179 3231 533 3285; x_wconf 87' lang='lat' dir='ltr'>meritorum</span> <span class='ocrx_word' id='word_1_482' title='bbox 566 3227 924 3294; x_wconf 84' lang='lat' dir='ltr'>excellentia,</span> <span class='ocrx_word' id='word_1_483' title='bbox 961 3231 1062 3280; x_wconf 87' lang='lat' dir='ltr'>aut</span> <span class='ocrx_word' id='word_1_484' title='bbox 1091 3242 1195 3297; x_wconf 92' lang='lat' dir='ltr'>pro</span> <span class='ocrx_word' id='word_1_485' title='bbox 1229 3226 1573 3281; x_wconf 90' lang='lat' dir='ltr'>meritorum</span> <span class='ocrx_word' id='word_1_486' title='bbox 1602 3223 1843 3279; x_wconf 88' lang='lat' dir='ltr'>deterio—</span> 
     </span>
    </p>
   </div>
   <div class='ocr_carea' id='block_1_67' title="bbox 181 3318 613 3374">
    <p class='ocr_par' dir='ltr' id='par_1_67' title="bbox 181 3318 613 3374">
     <span class='ocr_line' id='line_1_67' title="bbox 181 3318 613 3374; baseline -0.007 0"><span class='ocrx_word' id='word_1_487' title='bbox 181 3320 416 3374; x_wconf 85' lang='lat' dir='ltr'>ratione</span> <span class='ocrx_word' id='word_1_488' title='bbox 447 3318 613 3372; x_wconf 84' lang='lat' dir='ltr'>fiunt.</span> 
     </span>
    </p>
   </div>
   <div class='ocr_carea' id='block_1_68' title="bbox 260 3400 1838 3476">
    <p class='ocr_par' dir='ltr' id='par_1_68' title="bbox 260 3400 1838 3476">
     <span class='ocr_line' id='line_1_68' title="bbox 260 3400 1838 3476; baseline -0.005 -16"><span class='ocrx_word' id='word_1_489' title='bbox 260 3405 447 3476; x_wconf 86' lang='lat' dir='ltr'>(Vers.</span> <span class='ocrx_word' id='word_1_490' title='bbox 483 3406 596 3476; x_wconf 89' lang='grc'>10.)</span> <span class='ocrx_word' id='word_1_491' title='bbox 631 3424 657 3455; x_wconf 72' lang='grc' dir='ltr'>α</span> <span class='ocrx_word' id='word_1_492' title='bbox 690 3404 816 3459; x_wconf 84' lang='lat' dir='ltr'>Filii</span> <span class='ocrx_word' id='word_1_493' title='bbox 849 3408 1041 3459; x_wconf 86' lang='lat' dir='ltr'>autem</span> <span class='ocrx_word' id='word_1_494' title='bbox 1106 3402 1303 3468; x_wconf 85' lang='lat' dir='ltr'>Belan,</span> <span class='ocrx_word' id='word_1_495' title='bbox 1336 3401 1518 3457; x_wconf 83' lang='lat' dir='ltr'>Jebus</span> <span class='ocrx_word' id='word_1_496' title='bbox 1549 3405 1604 3454; x_wconf 89' lang='lat' dir='ltr'>et</span> <span class='ocrx_word' id='word_1_497' title='bbox 1635 3400 1838 3470; x_wconf 83' lang='lat' dir='ltr'>Benja-</span> 
     </span>
    </p>
   </div>
   <div class='ocr_carea' id='block_1_69' title="bbox 181 3488 1841 3560">
    <p class='ocr_par' dir='ltr' id='par_1_69' title="bbox 181 3488 1841 3560">
     <span class='ocr_line' id='line_1_69' title="bbox 181 3488 1841 3560; baseline -0.005 -9"><span class='ocrx_word' id='word_1_498' title='bbox 181 3496 313 3551; x_wconf 89' lang='lat' dir='ltr'>min</span> <span class='ocrx_word' id='word_1_499' title='bbox 348 3500 404 3550; x_wconf 90' lang='lat' dir='ltr'>et</span> <span class='ocrx_word' id='word_1_500' title='bbox 434 3495 580 3549; x_wconf 89' lang='lat' dir='ltr'>Aoth</span> <span class='ocrx_word' id='word_1_501' title='bbox 615 3497 671 3549; x_wconf 89' lang='lat' dir='ltr'>et</span> <span class='ocrx_word' id='word_1_502' title='bbox 699 3498 949 3547; x_wconf 83' lang='lat' dir='ltr'>Canana.</span> <span class='ocrx_word' id='word_1_503' title='bbox 990 3515 1015 3539; x_wconf 76' lang='grc' dir='ltr'><strong>υ</strong></span> <span class='ocrx_word' id='word_1_504' title='bbox 1048 3491 1220 3557; x_wconf 83' lang='lat' dir='ltr'>Aoth,</span> <span class='ocrx_word' id='word_1_505' title='bbox 1254 3492 1323 3544; x_wconf 90' lang='lat' dir='ltr'>de</span> <span class='ocrx_word' id='word_1_506' title='bbox 1356 3491 1523 3559; x_wconf 78' lang='lat' dir='ltr'>cujus</span> <span class='ocrx_word' id='word_1_507' title='bbox 1566 3488 1841 3560; x_wconf 88' lang='lat' dir='ltr'>progenie</span> 
     </span>
    </p>
   </div>
   <div class='ocr_carea' id='block_1_70' title="bbox 186 3578 1839 3654">
    <p class='ocr_par' dir='ltr' id='par_1_70' title="bbox 186 3578 1839 3654">
     <span class='ocr_line' id='line_1_70' title="bbox 186 3578 1839 3654; baseline -0.005 -15"><span class='ocrx_word' id='word_1_508' title='bbox 186 3584 309 3639; x_wconf 78' lang='lat' dir='ltr'>fuit</span> <span class='ocrx_word' id='word_1_509' title='bbox 375 3584 557 3654; x_wconf 89' lang='lat' dir='ltr'>judex</span> <span class='ocrx_word' id='word_1_510' title='bbox 598 3581 770 3649; x_wconf 88' lang='lat' dir='ltr'>Aoth,</span> <span class='ocrx_word' id='word_1_511' title='bbox 814 3582 911 3653; x_wconf 89' lang='lat' dir='ltr'>qui</span> <span class='ocrx_word' id='word_1_512' title='bbox 962 3583 1017 3635; x_wconf 88' lang='lat' dir='ltr'>in</span> <span class='ocrx_word' id='word_1_513' title='bbox 1070 3579 1343 3634; x_wconf 88' lang='lat' dir='ltr'>Judicum</span> <span class='ocrx_word' id='word_1_514' title='bbox 1389 3578 1535 3632; x_wconf 91' lang='lat' dir='ltr'>libro</span> <span class='ocrx_word' id='word_1_515' title='bbox 1578 3578 1718 3649; x_wconf 85' lang='lat' dir='ltr'>(cap.</span> <span class='ocrx_word' id='word_1_516' title='bbox 1754 3593 1839 3646; x_wconf 86' lang='grc' dir='ltr'>ιιι,</span> 
     </span>
    </p>
   </div>
   <div class='ocr_carea' id='block_1_71' title="bbox 176 3668 1839 3744">
    <p class='ocr_par' dir='ltr' id='par_1_71' title="bbox 176 3668 1839 3744">
     <span class='ocr_line' id='line_1_71' title="bbox 176 3668 1839 3744; baseline -0.007 -15"><span class='ocrx_word' id='word_1_517' title='bbox 176 3689 332 3729; x_wconf 85' lang='lat' dir='ltr'>vers.</span> <span class='ocrx_word' id='word_1_518' title='bbox 386 3673 473 3744; x_wconf 85' lang='grc'>15)</span> <span class='ocrx_word' id='word_1_519' title='bbox 522 3672 815 3727; x_wconf 88' lang='lat' dir='ltr'>scribitur.</span> <span class='ocrx_word' id='word_1_520' title='bbox 874 3671 1110 3724; x_wconf 82' lang='lat' dir='ltr'>Canana</span> <span class='ocrx_word' id='word_1_521' title='bbox 1161 3685 1295 3722; x_wconf 84' lang='lat' dir='ltr'>vero</span> <span class='ocrx_word' id='word_1_522' title='bbox 1351 3668 1459 3721; x_wconf 90' lang='lat' dir='ltr'>iste</span> <span class='ocrx_word' id='word_1_523' title='bbox 1516 3671 1605 3722; x_wconf 90' lang='lat' dir='ltr'>est</span> <span class='ocrx_word' id='word_1_524' title='bbox 1653 3683 1685 3719; x_wconf 88' lang='lat' dir='ltr'>a</span> <span class='ocrx_word' id='word_1_525' title='bbox 1725 3682 1839 3735; x_wconf 88' lang='lat' dir='ltr'>quo</span> 
     </span>
    </p>
   </div>
   <div class='ocr_carea' id='block_1_72' title="bbox 177 3756 1838 3833">
    <p class='ocr_par' dir='ltr' id='par_1_72' title="bbox 177 3756 1838 3833">
     <span class='ocr_line' id='line_1_72' title="bbox 177 3756 1838 3833; baseline -0.005 -17"><span class='ocrx_word' id='word_1_526' title='bbox 177 3760 407 3833; x_wconf 72' lang='lat' dir='ltr'>egressi</span> <span class='ocrx_word' id='word_1_527' title='bbox 440 3763 581 3814; x_wconf 90' lang='lat' dir='ltr'>sunt</span> <span class='ocrx_word' id='word_1_528' title='bbox 613 3758 971 3829; x_wconf 70' lang='lat' dir='ltr'>Benjamitaa,</span> <span class='ocrx_word' id='word_1_529' title='bbox 1006 3757 1105 3827; x_wconf 88' lang='lat' dir='ltr'>qui</span> <span class='ocrx_word' id='word_1_530' title='bbox 1147 3758 1312 3811; x_wconf 83' lang='lat' dir='ltr'>nefas</span> <span class='ocrx_word' id='word_1_531' title='bbox 1344 3756 1838 3827; x_wconf 86' lang='lat' dir='ltr'>perpetraverunt,</span> 
     </span>
    </p>
   </div>
   <div class='ocr_carea' id='block_1_73' title="bbox 182 3843 1837 3923">
    <p class='ocr_par' dir='ltr' id='par_1_73' title="bbox 182 3843 1837 3923">
     <span class='ocr_line' id='line_1_73' title="bbox 182 3843 1837 3923; baseline -0.005 -18"><span class='ocrx_word' id='word_1_532' title='bbox 182 3854 430 3923; x_wconf 85' lang='lat' dir='ltr'>propter</span> <span class='ocrx_word' id='word_1_533' title='bbox 468 3849 622 3920; x_wconf 88' lang='lat' dir='ltr'>quod</span> <span class='ocrx_word' id='word_1_534' title='bbox 648 3864 872 3919; x_wconf 67' lang='lat' dir='ltr'>magna:</span> <span class='ocrx_word' id='word_1_535' title='bbox 906 3849 1090 3901; x_wconf 57' lang='lat' dir='ltr'>credes</span> <span class='ocrx_word' id='word_1_536' title='bbox 1150 3846 1207 3899; x_wconf 92' lang='lat' dir='ltr'>in</span> <span class='ocrx_word' id='word_1_537' title='bbox 1244 3843 1418 3899; x_wconf 86' lang='lat' dir='ltr'>Israel</span> <span class='ocrx_word' id='word_1_538' title='bbox 1450 3849 1709 3915; x_wconf 86' lang='lat' dir='ltr'>tempore</span> <span class='ocrx_word' id='word_1_539' title='bbox 1739 3845 1837 3897; x_wconf 90' lang='lat' dir='ltr'>Ju-</span> 
     </span>
    </p>
   </div>
   <div class='ocr_carea' id='block_1_74' title="bbox 181 3938 771 3995">
    <p class='ocr_par' dir='ltr' id='par_1_74' title="bbox 181 3938 771 3995">
     <span class='ocr_line' id='line_1_74' title="bbox 181 3938 771 3995; baseline -0.01 0"><span class='ocrx_word' id='word_1_540' title='bbox 181 3940 391 3995; x_wconf 89' lang='lat' dir='ltr'>dicum</span> <span class='ocrx_word' id='word_1_541' title='bbox 424 3938 586 3992; x_wconf 64' lang='lat' dir='ltr'>facta:</span> <span class='ocrx_word' id='word_1_542' title='bbox 613 3941 771 3991; x_wconf 89' lang='lat' dir='ltr'>sunt.</span> 
     </span>
    </p>
   </div>
   <div class='ocr_carea' id='block_1_75' title="bbox 260 4019 1837 4099">
    <p class='ocr_par' dir='ltr' id='par_1_75' title="bbox 260 4019 1837 4099">
     <span class='ocr_line' id='line_1_75' title="bbox 260 4019 1837 4099; baseline -0.004 -18"><span class='ocrx_word' id='word_1_543' title='bbox 260 4027 450 4099; x_wconf 88' lang='lat' dir='ltr'>(Vers.</span> <span class='ocrx_word' id='word_1_544' title='bbox 490 4026 598 4096; x_wconf 67' lang='lat'>18,)</span> <span class='ocrx_word' id='word_1_545' title='bbox 660 4027 720 4080; x_wconf 89' lang='lat' dir='ltr'>In</span> <span class='ocrx_word' id='word_1_546' title='bbox 756 4024 1256 4096; x_wconf 65' lang='lat' dir='ltr'>Paralipomenon.</span> <span class='ocrx_word' id='word_1_547' title='bbox 1323 4044 1351 4073; x_wconf 89' lang='grc'><em>‹‹</em></span> <span class='ocrx_word' id='word_1_548' title='bbox 1413 4022 1535 4077; x_wconf 77' lang='lat' dir='ltr'>Filii</span> <span class='ocrx_word' id='word_1_549' title='bbox 1569 4019 1837 4091; x_wconf 90' lang='lat' dir='ltr'>Nephtali</span> 
     </span>
    </p>
   </div>
   <div class='ocr_carea' id='block_1_76' title="bbox 173 4109 1839 4183">
    <p class='ocr_par' dir='ltr' id='par_1_76' title="bbox 173 4109 1839 4183">
     <span class='ocr_line' id='line_1_76' title="bbox 173 4109 1839 4183; baseline -0.006 -10"><span class='ocrx_word' id='word_1_550' title='bbox 173 4114 392 4183; x_wconf 74' lang='lat' dir='ltr'>Jasiel,</span> <span class='ocrx_word' id='word_1_551' title='bbox 441 4119 497 4169; x_wconf 89' lang='lat' dir='ltr'>et</span> <span class='ocrx_word' id='word_1_552' title='bbox 540 4114 712 4181; x_wconf 61' lang='lat' dir='ltr'>(iuni,</span> <span class='ocrx_word' id='word_1_553' title='bbox 744 4117 801 4168; x_wconf 90' lang='lat' dir='ltr'>et</span> <span class='ocrx_word' id='word_1_554' title='bbox 828 4113 1012 4183; x_wconf 86' lang='lat' dir='ltr'>Jezer,</span> <span class='ocrx_word' id='word_1_555' title='bbox 1074 4118 1131 4167; x_wconf 89' lang='lat' dir='ltr'>et</span> <span class='ocrx_word' id='word_1_556' title='bbox 1186 4110 1446 4178; x_wconf 86' lang='lat' dir='ltr'>Sellum;</span> <span class='ocrx_word' id='word_1_557' title='bbox 1482 4133 1510 4159; x_wconf 85' lang='lat'><strong><em>»</em></strong></span> <span class='ocrx_word' id='word_1_558' title='bbox 1544 4111 1601 4165; x_wconf 91' lang='lat' dir='ltr'>in</span> <span class='ocrx_word' id='word_1_559' title='bbox 1632 4109 1839 4164; x_wconf 90' lang='lat' dir='ltr'>Genesi</span> 
     </span>
    </p>
   </div>
   <div class='ocr_carea' id='block_1_77' title="bbox 172 4198 1836 4278">
    <p class='ocr_par' dir='ltr' id='par_1_77' title="bbox 172 4198 1836 4278">
     <span class='ocr_line' id='line_1_77' title="bbox 172 4198 1836 4278; baseline -0.005 -17"><span class='ocrx_word' id='word_1_560' title='bbox 172 4208 331 4278; x_wconf 76' lang='lat' dir='ltr'>(cap.</span> <span class='ocrx_word' id='word_1_561' title='bbox 364 4219 510 4269; x_wconf 78' lang='lat' dir='ltr'>XLVI,</span> <span class='ocrx_word' id='word_1_562' title='bbox 544 4218 682 4257; x_wconf 87' lang='lat' dir='ltr'>vers.</span> <span class='ocrx_word' id='word_1_563' title='bbox 714 4202 806 4273; x_wconf 78' lang='grc'>24)</span> <span class='ocrx_word' id='word_1_564' title='bbox 866 4200 975 4256; x_wconf 84' lang='lat' dir='ltr'>iste</span> <span class='ocrx_word' id='word_1_565' title='bbox 1022 4200 1263 4266; x_wconf 90' lang='lat' dir='ltr'>Sellum,</span> <span class='ocrx_word' id='word_1_566' title='bbox 1311 4198 1508 4253; x_wconf 91' lang='lat' dir='ltr'>Sillem</span> <span class='ocrx_word' id='word_1_567' title='bbox 1542 4198 1836 4253; x_wconf 86' lang='lat' dir='ltr'>scribitur.</span> 
     </span>
    </p>
   </div>
   <div class='ocr_carea' id='block_1_78' title="bbox 171 4288 1499 4364">
    <p class='ocr_par' dir='ltr' id='par_1_78' title="bbox 171 4288 1499 4364">
     <span class='ocr_line' id='line_1_78' title="bbox 171 4288 1499 4364; baseline -0.005 -16"><span class='ocrx_word' id='word_1_568' title='bbox 171 4292 411 4350; x_wconf 87' lang='lat' dir='ltr'>Sellum</span> <span class='ocrx_word' id='word_1_569' title='bbox 444 4292 841 4364; x_wconf 86' lang='lat' dir='ltr'>iterpretatur,</span> <span class='ocrx_word' id='word_1_570' title='bbox 870 4308 983 4361; x_wconf 72' lang='lat' dir='ltr'>pax</span> <span class='ocrx_word' id='word_1_571' title='bbox 1011 4309 1032 4344; x_wconf 75' lang='grc' dir='ltr'>,ο</span> <span class='ocrx_word' id='word_1_572' title='bbox 1062 4288 1261 4353; x_wconf 89' lang='lat' dir='ltr'>Silem,</span> <span class='ocrx_word' id='word_1_573' title='bbox 1296 4304 1499 4344; x_wconf 70' lang='lat' dir='ltr'>recens.</span> 
     </span>
    </p>
   </div>
   <div class='ocr_carea' id='block_1_79' title="bbox 259 4376 1838 4451">
    <p class='ocr_par' dir='ltr' id='par_1_79' title="bbox 259 4376 1838 4451">
     <span class='ocr_line' id='line_1_79' title="bbox 259 4376 1838 4451; baseline -0.004 -15"><span class='ocrx_word' id='word_1_574' title='bbox 259 4382 420 4445; x_wconf 90' lang='lat' dir='ltr'>Quod</span> <span class='ocrx_word' id='word_1_575' title='bbox 453 4398 583 4435; x_wconf 89' lang='lat' dir='ltr'>vero</span> <span class='ocrx_word' id='word_1_576' title='bbox 616 4380 900 4451; x_wconf 90' lang='lat' dir='ltr'>sequitur,</span> <span class='ocrx_word' id='word_1_577' title='bbox 932 4380 1043 4450; x_wconf 78' lang='lat' dir='ltr'>ﬁlii</span> <span class='ocrx_word' id='word_1_578' title='bbox 1077 4380 1269 4444; x_wconf 85' lang='lat' dir='ltr'>Balaa,</span> <span class='ocrx_word' id='word_1_579' title='bbox 1324 4394 1448 4448; x_wconf 66' lang='lat' dir='ltr'>qua:</span> <span class='ocrx_word' id='word_1_580' title='bbox 1480 4376 1589 4431; x_wconf 88' lang='lat' dir='ltr'>fuit</span> <span class='ocrx_word' id='word_1_581' title='bbox 1628 4392 1838 4430; x_wconf 88' lang='lat' dir='ltr'>concu-</span> 
     </span>
    </p>
   </div>
   <div class='ocr_carea' id='block_1_80' title="bbox 177 4462 1838 4540">
    <p class='ocr_par' dir='ltr' id='par_1_80' title="bbox 177 4462 1838 4540">
     <span class='ocr_line' id='line_1_80' title="bbox 177 4462 1838 4540; baseline -0.004 -15"><span class='ocrx_word' id='word_1_582' title='bbox 177 4470 333 4526; x_wconf 86' lang='lat' dir='ltr'>bina</span> <span class='ocrx_word' id='word_1_583' title='bbox 364 4470 542 4525; x_wconf 89' lang='lat' dir='ltr'>Jacob</span> <span class='ocrx_word' id='word_1_584' title='bbox 579 4487 589 4524; x_wconf 93' lang='lat'>:</span> <span class='ocrx_word' id='word_1_585' title='bbox 625 4468 865 4540; x_wconf 90' lang='lat' dir='ltr'>quidam</span> <span class='ocrx_word' id='word_1_586' title='bbox 918 4462 1275 4540; x_wconf 83' lang='lat' dir='ltr'>putantideo</span> <span class='ocrx_word' id='word_1_587' title='bbox 1300 4465 1459 4519; x_wconf 88' lang='lat' dir='ltr'>illam</span> <span class='ocrx_word' id='word_1_588' title='bbox 1482 4464 1540 4519; x_wconf 90' lang='lat' dir='ltr'>in</span> <span class='ocrx_word' id='word_1_589' title='bbox 1576 4464 1682 4519; x_wconf 88' lang='lat' dir='ltr'>hoc</span> <span class='ocrx_word' id='word_1_590' title='bbox 1715 4465 1838 4519; x_wconf 91' lang='lat' dir='ltr'>loco</span> 
     </span>
    </p>
   </div>
   <div class='ocr_carea' id='block_1_81' title="bbox 171 4552 1840 4628">
    <p class='ocr_par' dir='ltr' id='par_1_81' title="bbox 171 4552 1840 4628">
     <span class='ocr_line' id='line_1_81' title="bbox 171 4552 1840 4628; baseline -0.004 -13"><span class='ocrx_word' id='word_1_591' title='bbox 171 4558 264 4618; x_wconf 63' lang='lat' dir='ltr'>ab</span> <span class='ocrx_word' id='word_1_592' title='bbox 298 4558 437 4613; x_wconf 85' lang='lat' dir='ltr'>Ezra</span> <span class='ocrx_word' id='word_1_593' title='bbox 475 4558 859 4627; x_wconf 73' lang='lat' dir='ltr'>nominatam,</span> <span class='ocrx_word' id='word_1_594' title='bbox 894 4556 1031 4627; x_wconf 88' lang='lat' dir='ltr'>quia</span> <span class='ocrx_word' id='word_1_595' title='bbox 1056 4558 1186 4628; x_wconf 88' lang='lat' dir='ltr'>post</span> <span class='ocrx_word' id='word_1_596' title='bbox 1216 4558 1463 4609; x_wconf 91' lang='lat' dir='ltr'>mortem</span> <span class='ocrx_word' id='word_1_597' title='bbox 1489 4554 1667 4609; x_wconf 89' lang='lat' dir='ltr'>Jacob</span> <span class='ocrx_word' id='word_1_598' title='bbox 1693 4552 1840 4625; x_wconf 85' lang='lat' dir='ltr'>lega-</span> 
     </span>
    </p>
   </div>
   <div class='ocr_carea' id='block_1_82' title="bbox 172 4644 1837 4716">
    <p class='ocr_par' dir='ltr' id='par_1_82' title="bbox 172 4644 1837 4716">
     <span class='ocr_line' id='line_1_82' title="bbox 172 4644 1837 4716; baseline -0.006 -11"><span class='ocrx_word' id='word_1_599' title='bbox 172 4651 349 4705; x_wconf 82' lang='lat' dir='ltr'>tione</span> <span class='ocrx_word' id='word_1_600' title='bbox 381 4649 575 4703; x_wconf 85' lang='lat' dir='ltr'>functa</span> <span class='ocrx_word' id='word_1_601' title='bbox 610 4647 781 4701; x_wconf 91' lang='lat' dir='ltr'>fuerit</span> <span class='ocrx_word' id='word_1_602' title='bbox 811 4648 960 4700; x_wconf 87' lang='lat' dir='ltr'>inter</span> <span class='ocrx_word' id='word_1_603' title='bbox 990 4644 1206 4716; x_wconf 83' lang='lat' dir='ltr'>Joseph</span> <span class='ocrx_word' id='word_1_604' title='bbox 1242 4649 1297 4699; x_wconf 93' lang='lat' dir='ltr'>et</span> <span class='ocrx_word' id='word_1_605' title='bbox 1327 4648 1561 4698; x_wconf 68' lang='lat' dir='ltr'>caeteros</span> <span class='ocrx_word' id='word_1_606' title='bbox 1595 4644 1837 4714; x_wconf 86' lang='lat' dir='ltr'>patriar-</span> 
     </span>
    </p>
   </div>
   <div class='ocr_carea' id='block_1_83' title="bbox 172 4730 1837 4808">
    <p class='ocr_par' dir='ltr' id='par_1_83' title="bbox 172 4730 1837 4808">
     <span class='ocr_line' id='line_1_83' title="bbox 172 4730 1837 4808; baseline -0.007 -13"><span class='ocrx_word' id='word_1_607' title='bbox 172 4739 356 4803; x_wconf 81' lang='lat' dir='ltr'>chas,</span> <span class='ocrx_word' id='word_1_608' title='bbox 388 4754 503 4808; x_wconf 86' lang='lat' dir='ltr'>qua</span> <span class='ocrx_word' id='word_1_609' title='bbox 530 4736 740 4807; x_wconf 89' lang='lat' dir='ltr'>precati</span> <span class='ocrx_word' id='word_1_610' title='bbox 766 4736 905 4790; x_wconf 88' lang='lat' dir='ltr'>sunt</span> <span class='ocrx_word' id='word_1_611' title='bbox 933 4751 1064 4789; x_wconf 90' lang='lat' dir='ltr'>eum</span> <span class='ocrx_word' id='word_1_612' title='bbox 1092 4751 1161 4788; x_wconf 91' lang='lat' dir='ltr'>ne</span> <span class='ocrx_word' id='word_1_613' title='bbox 1193 4733 1595 4787; x_wconf 86' lang='lat' dir='ltr'>recordaretur</span> <span class='ocrx_word' id='word_1_614' title='bbox 1622 4730 1837 4803; x_wconf 84' lang='lat' dir='ltr'>peccati</span> 
     </span>
    </p>
   </div>
   <div class='ocr_carea' id='block_1_84' title="bbox 172 4843 417 4885">
    <p class='ocr_par' dir='ltr' id='par_1_84' title="bbox 172 4843 417 4885">
     <span class='ocr_line' id='line_1_84' title="bbox 172 4843 417 4885; baseline -0.02 0"><span class='ocrx_word' id='word_1_615' title='bbox 172 4843 417 4885; x_wconf 85' lang='lat' dir='ltr'>eorum.</span> 
     </span>
    </p>
   </div>
   <div class='ocr_carea' id='block_1_85' title="bbox 260 4909 1835 4984">
    <p class='ocr_par' dir='ltr' id='par_1_85' title="bbox 260 4909 1835 4984">
     <span class='ocr_line' id='line_1_85' title="bbox 260 4909 1835 4984; baseline -0.004 -16"><span class='ocrx_word' id='word_1_616' title='bbox 260 4916 448 4983; x_wconf 81' lang='lat' dir='ltr'>(Vere.</span> <span class='ocrx_word' id='word_1_617' title='bbox 510 4915 617 4984; x_wconf 84' lang='lat' dir='ltr'>l3.)</span> <span class='ocrx_word' id='word_1_618' title='bbox 660 4916 722 4968; x_wconf 90' lang='lat' dir='ltr'>In</span> <span class='ocrx_word' id='word_1_619' title='bbox 776 4913 1279 4984; x_wconf 85' lang='lat' dir='ltr'>Paralipomenon,</span> <span class='ocrx_word' id='word_1_620' title='bbox 1315 4932 1341 4960; x_wconf 88' lang='grc'><em>‹‹</em></span> <span class='ocrx_word' id='word_1_621' title='bbox 1374 4910 1549 4965; x_wconf 89' lang='lat' dir='ltr'>Porro</span> <span class='ocrx_word' id='word_1_622' title='bbox 1582 4909 1682 4963; x_wconf 83' lang='lat' dir='ltr'>ﬁlii</span> <span class='ocrx_word' id='word_1_623' title='bbox 1718 4909 1835 4963; x_wconf 89' lang='lat' dir='ltr'>Ma-</span> 
     </span>
    </p>
   </div>
   <div class='ocr_carea' id='block_1_86' title="bbox 171 4999 1841 5072">
    <p class='ocr_par' dir='ltr' id='par_1_86' title="bbox 171 4999 1841 5072">
     <span class='ocr_line' id='line_1_86' title="bbox 171 4999 1841 5072; baseline -0.007 -9"><span class='ocrx_word' id='word_1_624' title='bbox 171 5020 366 5063; x_wconf 85' lang='lat' dir='ltr'>nasse</span> <span class='ocrx_word' id='word_1_625' title='bbox 400 5004 605 5071; x_wconf 79' lang='lat' dir='ltr'>Asriel,</span> <span class='ocrx_word' id='word_1_626' title='bbox 640 5003 1107 5072; x_wconf 85' lang='lat' dir='ltr'>concubitnaque</span> <span class='ocrx_word' id='word_1_627' title='bbox 1136 5003 1263 5071; x_wconf 85' lang='lat' dir='ltr'>ejus</span> <span class='ocrx_word' id='word_1_628' title='bbox 1294 5000 1453 5070; x_wconf 79' lang='lat' dir='ltr'>Syra.</span> <span class='ocrx_word' id='word_1_629' title='bbox 1490 5021 1514 5044; x_wconf 71' lang='grc' dir='ltr'><strong>η</strong></span> <span class='ocrx_word' id='word_1_630' title='bbox 1540 4999 1692 5053; x_wconf 91' lang='lat' dir='ltr'>ldem</span> <span class='ocrx_word' id='word_1_631' title='bbox 1728 4999 1841 5053; x_wconf 86' lang='lat' dir='ltr'>Ma-</span> 
     </span>
    </p>
   </div>
   <div class='ocr_carea' id='block_1_87' title="bbox 263 5160 1834 5235">
    <p class='ocr_par' dir='ltr' id='par_1_87' title="bbox 263 5160 1834 5235">
     <span class='ocr_line' id='line_1_87' title="bbox 263 5160 1834 5235; baseline -0.004 -14"><span class='ocrx_word' id='word_1_632' title='bbox 263 5170 341 5235; x_wconf 85' lang='lat' dir='ltr'>(a)</span> <span class='ocrx_word' id='word_1_633' title='bbox 362 5167 599 5221; x_wconf 85' lang='lat' dir='ltr'>Addunt</span> <span class='ocrx_word' id='word_1_634' title='bbox 638 5166 1028 5227; x_wconf 73' lang='lat' dir='ltr'>Martianzeus,</span> <span class='ocrx_word' id='word_1_635' title='bbox 1062 5160 1553 5235; x_wconf 20' lang='lat' dir='ltr'>aliiqueuVulgati</span> <span class='ocrx_word' id='word_1_636' title='bbox 1601 5160 1834 5231; x_wconf 85' lang='lat' dir='ltr'>longam</span> 
     </span>
    </p>
   </div>
   <div class='ocr_carea' id='block_1_88' title="bbox 172 5232 1836 5309">
    <p class='ocr_par' dir='ltr' id='par_1_88' title="bbox 172 5232 1836 5309">
     <span class='ocr_line' id='line_1_88' title="bbox 172 5232 1836 5309; baseline -0.005 -13"><span class='ocrx_word' id='word_1_637' title='bbox 172 5232 529 5309; x_wconf 74' lang='lat' dir='ltr'>hujusmodi</span> <span class='ocrx_word' id='word_1_638' title='bbox 576 5238 904 5308; x_wconf 78' lang='lat' dir='ltr'>pericopen.</span> <span class='ocrx_word' id='word_1_639' title='bbox 939 5258 965 5284; x_wconf 83' lang='lat'><strong>«</strong></span> <span class='ocrx_word' id='word_1_640' title='bbox 998 5235 1106 5289; x_wconf 86' lang='lat' dir='ltr'>Sed</span> <span class='ocrx_word' id='word_1_641' title='bbox 1135 5232 1197 5309; x_wconf 72' lang='lat' dir='ltr'>in</span> <span class='ocrx_word' id='word_1_642' title='bbox 1258 5232 1406 5309; x_wconf 82' lang='lat' dir='ltr'>libro</span> <span class='ocrx_word' id='word_1_643' title='bbox 1437 5250 1578 5309; x_wconf 86' lang='lat' dir='ltr'>suo__</span> <span class='ocrx_word' id='word_1_644' title='bbox 1603 5249 1663 5309; x_wconf 79' lang='lat' dir='ltr'>se</span> <span class='ocrx_word' id='word_1_645' title='bbox 1693 5250 1836 5309; x_wconf 63' lang='lat' dir='ltr'>prie-</span> 
     </span>
    </p>
   </div>
   <div class='ocr_carea' id='block_1_89' title="bbox 162 5303 1836 5369">
    <p class='ocr_par' dir='ltr' id='par_1_89' title="bbox 162 5303 1836 5369">
     <span class='ocr_line' id='line_1_89' title="bbox 162 5303 1836 5369; baseline -0.003 -5"><span class='ocrx_word' id='word_1_646' title='bbox 162 5303 461 5369; x_wconf 63' lang='lat' dir='ltr'>tefmittit</span> <span class='ocrx_word' id='word_1_647' title='bbox 490 5303 842 5363; x_wconf 77' lang='lat' dir='ltr'>humilitatis</span> <span class='ocrx_word' id='word_1_648' title='bbox 895 5323 1090 5361; x_wconf 77' lang='lat' dir='ltr'>causa.</span> <span class='ocrx_word' id='word_1_649' title='bbox 1126 5304 1285 5367; x_wconf 90' lang='lat' dir='ltr'>Quod</span> <span class='ocrx_word' id='word_1_650' title='bbox 1346 5321 1477 5359; x_wconf 86' lang='lat' dir='ltr'>vero</span> <span class='ocrx_word' id='word_1_651' title='bbox 1526 5303 1664 5357; x_wconf 88' lang='lat' dir='ltr'>dicit</span> <span class='ocrx_word' id='word_1_652' title='bbox 1698 5303 1708 5357; x_wconf 72' lang='grc' dir='ltr'>ἐ</span> <span class='ocrx_word' id='word_1_653' title='bbox 1742 5308 1836 5359; x_wconf 84' lang='lat' dir='ltr'>Jo-</span> 
     </span>
    </p>
   </div>
   <div class='ocr_carea' id='block_1_90' title="bbox 170 5375 1835 5453">
    <p class='ocr_par' dir='ltr' id='par_1_90' title="bbox 170 5375 1835 5453">
     <span class='ocr_line' id='line_1_90' title="bbox 170 5375 1835 5453; baseline -0.005 -15"><span class='ocrx_word' id='word_1_654' title='bbox 170 5387 400 5438; x_wconf 70' lang='lat' dir='ltr'>hannas</span> <span class='ocrx_word' id='word_1_655' title='bbox 452 5382 651 5453; x_wconf 78' lang='lat' dir='ltr'>genuit</span> <span class='ocrx_word' id='word_1_656' title='bbox 696 5381 1077 5453; x_wconf 71' lang='lat' dir='ltr'>Amriam,_et</span> <span class='ocrx_word' id='word_1_657' title='bbox 1126 5377 1249 5453; x_wconf 78' lang='lat' dir='ltr'>ipse</span> <span class='ocrx_word' id='word_1_658' title='bbox 1294 5381 1384 5429; x_wconf 85' lang='lat' dir='ltr'>est</span> <span class='ocrx_word' id='word_1_659' title='bbox 1433 5375 1687 5453; x_wconf 72' lang='lat' dir='ltr'>Azarias.</span> <span class='ocrx_word' id='word_1_660' title='bbox 1737 5377 1835 5453; x_wconf 84' lang='lat' dir='ltr'>qui</span> 
     </span>
    </p>
   </div>
   <div class='ocr_carea' id='block_1_91' title="bbox 166 5447 1839 5516">
    <p class='ocr_par' dir='ltr' id='par_1_91' title="bbox 166 5447 1839 5516">
     <span class='ocr_line' id='line_1_91' title="bbox 166 5447 1839 5516; baseline -0.004 -7"><span class='ocrx_word' id='word_1_661' title='bbox 166 5447 515 5512; x_wconf 76' lang='lat' dir='ltr'>sacerdotio</span> <span class='ocrx_word' id='word_1_662' title='bbox 560 5452 797 5513; x_wconf 85' lang='lat' dir='ltr'>functus</span> <span class='ocrx_word' id='word_1_663' title='bbox 844 5454 932 5505; x_wconf 83' lang='lat' dir='ltr'>est</span> <span class='ocrx_word' id='word_1_664' title='bbox 988 5450 1044 5502; x_wconf 92' lang='lat' dir='ltr'>in</span> <span class='ocrx_word' id='word_1_665' title='bbox 1110 5448 1281 5501; x_wconf 86' lang='lat' dir='ltr'>domo</span> <span class='ocrx_word' id='word_1_666' title='bbox 1327 5464 1501 5516; x_wconf 85' lang='lat' dir='ltr'>quam</span> <span class='ocrx_word' id='word_1_667' title='bbox 1536 5447 1839 5502; x_wconf 72' lang='lat' dir='ltr'>zediﬁcavit</span> 
     </span>
    </p>
   </div>
   <div class='ocr_carea' id='block_1_92' title="bbox 163 5519 1837 5585">
    <p class='ocr_par' dir='ltr' id='par_1_92' title="bbox 163 5519 1837 5585">
     <span class='ocr_line' id='line_1_92' title="bbox 163 5519 1837 5585; baseline -0.007 1"><span class='ocrx_word' id='word_1_668' title='bbox 163 5524 462 5585; x_wconf 86' lang='lat' dir='ltr'>Salomon</span> <span class='ocrx_word' id='word_1_669' title='bbox 495 5524 551 5578; x_wconf 92' lang='lat' dir='ltr'>in</span> <span class='ocrx_word' id='word_1_670' title='bbox 576 5521 904 5579; x_wconf 85' lang='lat' dir='ltr'>Jerusalem</span> <span class='ocrx_word' id='word_1_671' title='bbox 932 5539 943 5576; x_wconf 88' lang='lat'><strong>:</strong></span> <span class='ocrx_word' id='word_1_672' title='bbox 970 5522 1257 5576; x_wconf 78' lang='lat' dir='ltr'>monstrat</span> <span class='ocrx_word' id='word_1_673' title='bbox 1278 5519 1547 5573; x_wconf 91' lang='lat' dir='ltr'>eumdem</span> <span class='ocrx_word' id='word_1_674' title='bbox 1571 5519 1837 5575; x_wconf 88' lang='lat' dir='ltr'>Azariam</span> 
     </span>
    </p>
   </div>
   <div class='ocr_carea' id='block_1_93' title="bbox 163 5588 1834 5669">
    <p class='ocr_par' dir='ltr' id='par_1_93' title="bbox 163 5588 1834 5669">
     <span class='ocr_line' id='line_1_93' title="bbox 163 5588 1834 5669; baseline -0.006 -12"><span class='ocrx_word' id='word_1_675' title='bbox 163 5596 471 5663; x_wconf 83' lang='lat' dir='ltr'>restitisse</span> <span class='ocrx_word' id='word_1_676' title='bbox 501 5593 648 5652; x_wconf 74' lang='lat' dir='ltr'>Oziin</span> <span class='ocrx_word' id='word_1_677' title='bbox 678 5593 819 5669; x_wconf 76' lang='lat' dir='ltr'>regi,</span> <span class='ocrx_word' id='word_1_678' title='bbox 869 5593 1105 5668; x_wconf 86' lang='lat' dir='ltr'>quando</span> <span class='ocrx_word' id='word_1_679' title='bbox 1151 5588 1388 5649; x_wconf 85' lang='lat' dir='ltr'>intravit</span> <span class='ocrx_word' id='word_1_680' title='bbox 1434 5589 1493 5645; x_wconf 90' lang='lat' dir='ltr'>in</span> <span class='ocrx_word' id='word_1_681' title='bbox 1547 5588 1834 5667; x_wconf 83' lang='lat' dir='ltr'>templum</span> 
     </span>
    </p>
   </div>
   <div class='ocr_carea' id='block_1_94' title="bbox 1952 3226 3601 3281">
    <p class='ocr_par' dir='ltr' id='par_1_94' title="bbox 1952 3226 3601 3281">
     <span class='ocr_line' id='line_1_94' title="bbox 1952 3226 3601 3281; baseline 0.001 -2"><span class='ocrx_word' id='word_1_682' title='bbox 1952 3227 2155 3281; x_wconf 85' lang='lat' dir='ltr'>Virtus</span> <span class='ocrx_word' id='word_1_683' title='bbox 2187 3227 2348 3281; x_wconf 89' lang='lat' dir='ltr'>illius</span> <span class='ocrx_word' id='word_1_684' title='bbox 2374 3226 2598 3281; x_wconf 57' lang='lat' dir='ltr'>feminae</span> <span class='ocrx_word' id='word_1_685' title='bbox 2629 3226 2997 3281; x_wconf 87' lang='lat' dir='ltr'>describitur.</span> <span class='ocrx_word' id='word_1_686' title='bbox 3027 3226 3355 3281; x_wconf 83' lang='lat' dir='ltr'>Ozen-Sara</span> <span class='ocrx_word' id='word_1_687' title='bbox 3387 3241 3601 3281; x_wconf 88' lang='lat' dir='ltr'>nomen</span> 
     </span>
    </p>
   </div>
   <div class='ocr_carea' id='block_1_95' title="bbox 1949 3314 2202 3370">
    <p class='ocr_par' dir='ltr' id='par_1_95' title="bbox 1949 3314 2202 3370">
     <span class='ocr_line' id='line_1_95' title="bbox 1949 3314 2202 3370; baseline -0.008 0"><span class='ocrx_word' id='word_1_688' title='bbox 1949 3319 2039 3370; x_wconf 91' lang='lat' dir='ltr'>est</span> <span class='ocrx_word' id='word_1_689' title='bbox 2070 3314 2202 3368; x_wconf 87' lang='lat' dir='ltr'>loci.</span> 
     </span>
    </p>
   </div>
   <div class='ocr_carea' id='block_1_96' title="bbox 2021 3403 3602 3474">
    <p class='ocr_par' dir='ltr' id='par_1_96' title="bbox 2021 3403 3602 3474">
     <span class='ocr_line' id='line_1_96' title="bbox 2021 3403 3602 3474; baseline 0.001 -18"><span class='ocrx_word' id='word_1_690' title='bbox 2021 3403 2204 3473; x_wconf 86' lang='lat' dir='ltr'>(Vors.</span> <span class='ocrx_word' id='word_1_691' title='bbox 2255 3405 2369 3472; x_wconf 84' lang='lat'>26.)</span> <span class='ocrx_word' id='word_1_692' title='bbox 2419 3404 2671 3458; x_wconf 88' lang='lat' dir='ltr'>Elisama</span> <span class='ocrx_word' id='word_1_693' title='bbox 2710 3403 2865 3458; x_wconf 76' lang='lat' dir='ltr'>filius</span> <span class='ocrx_word' id='word_1_694' title='bbox 2916 3403 3151 3470; x_wconf 83' lang='lat' dir='ltr'>Amiud,</span> <span class='ocrx_word' id='word_1_695' title='bbox 3204 3403 3327 3474; x_wconf 89' lang='lat' dir='ltr'>ipse</span> <span class='ocrx_word' id='word_1_696' title='bbox 3376 3411 3465 3458; x_wconf 87' lang='lat' dir='ltr'>est</span> <span class='ocrx_word' id='word_1_697' title='bbox 3493 3420 3602 3474; x_wconf 89' lang='lat' dir='ltr'>pa-</span> 
     </span>
    </p>
   </div>
   <div class='ocr_carea' id='block_1_97' title="bbox 1951 3491 3600 3562">
    <p class='ocr_par' dir='ltr' id='par_1_97' title="bbox 1951 3491 3600 3562">
     <span class='ocr_line' id='line_1_97' title="bbox 1951 3491 3600 3562; baseline 0.001 -17"><span class='ocrx_word' id='word_1_698' title='bbox 1951 3492 2203 3546; x_wconf 84' lang='lat' dir='ltr'>triarcha</span> <span class='ocrx_word' id='word_1_699' title='bbox 2226 3493 2295 3545; x_wconf 91' lang='lat' dir='ltr'>de</span> <span class='ocrx_word' id='word_1_700' title='bbox 2318 3492 2469 3545; x_wconf 90' lang='lat' dir='ltr'>tribu</span> <span class='ocrx_word' id='word_1_701' title='bbox 2504 3491 2801 3562; x_wconf 85' lang='lat' dir='ltr'>Ephraim,</span> <span class='ocrx_word' id='word_1_702' title='bbox 2836 3492 2933 3562; x_wconf 89' lang='lat' dir='ltr'>qui</span> <span class='ocrx_word' id='word_1_703' title='bbox 2963 3493 3019 3545; x_wconf 87' lang='lat' dir='ltr'>in</span> <span class='ocrx_word' id='word_1_704' title='bbox 3044 3491 3189 3545; x_wconf 92' lang='lat' dir='ltr'>libro</span> <span class='ocrx_word' id='word_1_705' title='bbox 3211 3491 3600 3546; x_wconf 88' lang='lat' dir='ltr'>Numerorum</span> 
     </span>
    </p>
   </div>
   <div class='ocr_carea' id='block_1_98' title="bbox 1950 3579 2761 3650">
    <p class='ocr_par' dir='ltr' id='par_1_98' title="bbox 1950 3579 2761 3650">
     <span class='ocr_line' id='line_1_98' title="bbox 1950 3579 2761 3650; baseline 0 -17"><span class='ocrx_word' id='word_1_706' title='bbox 1950 3584 2089 3650; x_wconf 87' lang='lat' dir='ltr'>(cap.</span> <span class='ocrx_word' id='word_1_707' title='bbox 2127 3598 2165 3645; x_wconf 88' lang='grc' dir='ltr'>ι,</span> <span class='ocrx_word' id='word_1_708' title='bbox 2199 3596 2332 3634; x_wconf 80' lang='lat' dir='ltr'>vers.</span> <span class='ocrx_word' id='word_1_709' title='bbox 2370 3580 2436 3633; x_wconf 89' lang='grc'>10</span> <span class='ocrx_word' id='word_1_710' title='bbox 2467 3579 2761 3633; x_wconf 85' lang='lat' dir='ltr'>scribitur.</span> 
     </span>
    </p>
   </div>
   <div class='ocr_carea' id='block_1_99' title="bbox 2020 3667 3602 3739">
    <p class='ocr_par' dir='ltr' id='par_1_99' title="bbox 2020 3667 3602 3739">
     <span class='ocr_line' id='line_1_99' title="bbox 2020 3667 3602 3739; baseline 0.001 -18"><span class='ocrx_word' id='word_1_711' title='bbox 2020 3669 2205 3739; x_wconf 85' lang='lat' dir='ltr'>(Vers.</span> <span class='ocrx_word' id='word_1_712' title='bbox 2237 3669 2355 3737; x_wconf 78' lang='lat'>28.)</span> <span class='ocrx_word' id='word_1_713' title='bbox 2390 3667 2504 3722; x_wconf 89' lang='lat' dir='ltr'>Ista</span> <span class='ocrx_word' id='word_1_714' title='bbox 2529 3672 2619 3722; x_wconf 89' lang='lat' dir='ltr'>est</span> <span class='ocrx_word' id='word_1_715' title='bbox 2656 3667 2906 3733; x_wconf 82' lang='lat' dir='ltr'>Sichem,</span> <span class='ocrx_word' id='word_1_716' title='bbox 2959 3683 3136 3737; x_wconf 90' lang='lat' dir='ltr'>quam</span> <span class='ocrx_word' id='word_1_717' title='bbox 3183 3672 3602 3737; x_wconf 87' lang='lat' dir='ltr'>percusserunt</span> 
     </span>
    </p>
   </div>
   <div class='ocr_carea' id='block_1_100' title="bbox 1947 3754 3599 3829">
    <p class='ocr_par' dir='ltr' id='par_1_100' title="bbox 1947 3754 3599 3829">
     <span class='ocr_line' id='line_1_100' title="bbox 1947 3754 3599 3829; baseline -0.001 -17"><span class='ocrx_word' id='word_1_718' title='bbox 1947 3757 2203 3829; x_wconf 81' lang='lat' dir='ltr'>Symeon</span> <span class='ocrx_word' id='word_1_719' title='bbox 2254 3762 2312 3812; x_wconf 91' lang='lat' dir='ltr'>et</span> <span class='ocrx_word' id='word_1_720' title='bbox 2370 3757 2517 3811; x_wconf 84' lang='lat' dir='ltr'>Levi.</span> <span class='ocrx_word' id='word_1_721' title='bbox 2561 3760 2701 3810; x_wconf 87' lang='lat' dir='ltr'>Sara</span> <span class='ocrx_word' id='word_1_722' title='bbox 2759 3754 2880 3809; x_wconf 82' lang='lat' dir='ltr'>ﬁlia</span> <span class='ocrx_word' id='word_1_723' title='bbox 2936 3760 3081 3810; x_wconf 86' lang='lat' dir='ltr'>Aser</span> <span class='ocrx_word' id='word_1_724' title='bbox 3110 3754 3322 3809; x_wconf 90' lang='lat' dir='ltr'>dicitur</span> <span class='ocrx_word' id='word_1_725' title='bbox 3353 3754 3599 3826; x_wconf 87' lang='lat' dir='ltr'>prophe-</span> 
     </span>
    </p>
   </div>
   <div class='ocr_carea' id='block_1_101' title="bbox 1950 3843 3598 3915">
    <p class='ocr_par' dir='ltr' id='par_1_101' title="bbox 1950 3843 3598 3915">
     <span class='ocr_line' id='line_1_101' title="bbox 1950 3843 3598 3915; baseline 0 -16"><span class='ocrx_word' id='word_1_726' title='bbox 1950 3846 2092 3901; x_wconf 88' lang='lat' dir='ltr'>tissa</span> <span class='ocrx_word' id='word_1_727' title='bbox 2120 3846 2319 3909; x_wconf 89' lang='lat' dir='ltr'>fuisse,</span> <span class='ocrx_word' id='word_1_728' title='bbox 2352 3850 2409 3900; x_wconf 88' lang='lat' dir='ltr'>et</span> <span class='ocrx_word' id='word_1_729' title='bbox 2431 3845 2771 3899; x_wconf 89' lang='lat' dir='ltr'>meritorum</span> <span class='ocrx_word' id='word_1_730' title='bbox 2798 3843 3195 3915; x_wconf 74' lang='lat' dir='ltr'>praerogavitis</span> <span class='ocrx_word' id='word_1_731' title='bbox 3226 3844 3598 3899; x_wconf 84' lang='lat' dir='ltr'>exuberasse.</span> 
     </span>
    </p>
   </div>
   <div class='ocr_carea' id='block_1_102' title="bbox 2019 3932 3601 4006">
    <p class='ocr_par' dir='ltr' id='par_1_102' title="bbox 2019 3932 3601 4006">
     <span class='ocr_line' id='line_1_102' title="bbox 2019 3932 3601 4006; baseline -0.003 -19"><span class='ocrx_word' id='word_1_732' title='bbox 2019 3935 2206 4006; x_wconf 89' lang='lat' dir='ltr'>(Vers.</span> <span class='ocrx_word' id='word_1_733' title='bbox 2252 3934 2340 3989; x_wconf 82' lang='lat'>3|.</span> <span class='ocrx_word' id='word_1_734' title='bbox 2408 3957 2434 3981; x_wconf 86' lang='lat'>»</span> <span class='ocrx_word' id='word_1_735' title='bbox 2470 3933 2731 3988; x_wconf 84' lang='lat' dir='ltr'>Berzaith</span> <span class='ocrx_word' id='word_1_736' title='bbox 2782 3934 2852 3987; x_wconf 89' lang='lat' dir='ltr'>de</span> <span class='ocrx_word' id='word_1_737' title='bbox 2910 3933 3184 4005; x_wconf 88' lang='lat' dir='ltr'>progenie</span> <span class='ocrx_word' id='word_1_738' title='bbox 3241 3932 3527 3998; x_wconf 89' lang='lat' dir='ltr'>Melchiel,</span> <span class='ocrx_word' id='word_1_739' title='bbox 3571 3956 3601 3982; x_wconf 82' lang='grc'><strong>››</strong></span> 
     </span>
    </p>
   </div>
   <div class='ocr_carea' id='block_1_103' title="bbox 1949 4022 3599 4093">
    <p class='ocr_par' dir='ltr' id='par_1_103' title="bbox 1949 4022 3599 4093">
     <span class='ocr_line' id='line_1_103' title="bbox 1949 4022 3599 4093; baseline -0.001 -14"><span class='ocrx_word' id='word_1_740' title='bbox 1949 4023 2020 4079; x_wconf 90' lang='lat' dir='ltr'>de</span> <span class='ocrx_word' id='word_1_741' title='bbox 2053 4023 2187 4079; x_wconf 83' lang='lat' dir='ltr'>{iliis</span> <span class='ocrx_word' id='word_1_742' title='bbox 2245 4030 2407 4093; x_wconf 84' lang='lat' dir='ltr'>Aser,</span> <span class='ocrx_word' id='word_1_743' title='bbox 2444 4023 2552 4076; x_wconf 91' lang='lat' dir='ltr'>fuit</span> <span class='ocrx_word' id='word_1_744' title='bbox 2601 4022 2931 4077; x_wconf 85' lang='lat' dir='ltr'>ditissimus</span> <span class='ocrx_word' id='word_1_745' title='bbox 2989 4022 3098 4077; x_wconf 89' lang='lat' dir='ltr'>olei</span> <span class='ocrx_word' id='word_1_746' title='bbox 3149 4030 3206 4079; x_wconf 89' lang='lat' dir='ltr'>et</span> <span class='ocrx_word' id='word_1_747' title='bbox 3261 4027 3599 4079; x_wconf 61' lang='lat' dir='ltr'>ceterarum</span> 
     </span>
    </p>
   </div>
   <div class='ocr_carea' id='block_1_104' title="bbox 1950 4109 3595 4185">
    <p class='ocr_par' dir='ltr' id='par_1_104' title="bbox 1950 4109 3595 4185">
     <span class='ocr_line' id='line_1_104' title="bbox 1950 4109 3595 4185; baseline -0.002 -17"><span class='ocrx_word' id='word_1_748' title='bbox 1950 4130 2150 4185; x_wconf 88' lang='lat' dir='ltr'>opum,</span> <span class='ocrx_word' id='word_1_749' title='bbox 2184 4116 2239 4168; x_wconf 92' lang='lat' dir='ltr'>et</span> <span class='ocrx_word' id='word_1_750' title='bbox 2272 4109 2405 4166; x_wconf 90' lang='lat' dir='ltr'>tulit</span> <span class='ocrx_word' id='word_1_751' title='bbox 2436 4110 2725 4184; x_wconf 88' lang='lat' dir='ltr'>primitias</span> <span class='ocrx_word' id='word_1_752' title='bbox 2783 4111 2983 4166; x_wconf 62' lang='lat' dir='ltr'>Elissae</span> <span class='ocrx_word' id='word_1_753' title='bbox 3017 4113 3314 4184; x_wconf 70' lang='lat' dir='ltr'>prophetae</span> <span class='ocrx_word' id='word_1_754' title='bbox 3342 4113 3441 4180; x_wconf 85' lang='lat' dir='ltr'>(IV</span> <span class='ocrx_word' id='word_1_755' title='bbox 3468 4112 3595 4181; x_wconf 82' lang='lat' dir='ltr'>Reg.</span> 
     </span>
    </p>
   </div>
   <div class='ocr_carea' id='block_1_105' title="bbox 1953 4198 3600 4272">
    <p class='ocr_par' dir='ltr' id='par_1_105' title="bbox 1953 4198 3600 4272">
     <span class='ocr_line' id='line_1_105' title="bbox 1953 4198 3600 4272; baseline -0.001 -16"><span class='ocrx_word' id='word_1_756' title='bbox 1953 4220 2029 4267; x_wconf 86' lang='lat' dir='ltr'>IV,</span> <span class='ocrx_word' id='word_1_757' title='bbox 2060 4202 2171 4272; x_wconf 78' lang='grc'>42.)</span> <span class='ocrx_word' id='word_1_758' title='bbox 2206 4202 2267 4256; x_wconf 86' lang='lat' dir='ltr'>In</span> <span class='ocrx_word' id='word_1_759' title='bbox 2300 4217 2365 4256; x_wconf 92' lang='lat' dir='ltr'>eo</span> <span class='ocrx_word' id='word_1_760' title='bbox 2414 4201 2720 4272; x_wconf 88' lang='lat' dir='ltr'>impletum</span> <span class='ocrx_word' id='word_1_761' title='bbox 2778 4200 2991 4267; x_wconf 90' lang='lat' dir='ltr'>ferunt,</span> <span class='ocrx_word' id='word_1_762' title='bbox 3042 4203 3193 4272; x_wconf 89' lang='lat' dir='ltr'>quod</span> <span class='ocrx_word' id='word_1_763' title='bbox 3254 4201 3479 4272; x_wconf 84' lang='lat' dir='ltr'>Moyses</span> <span class='ocrx_word' id='word_1_764' title='bbox 3527 4198 3600 4254; x_wconf 89' lang='lat' dir='ltr'>de</span> 
     </span>
    </p>
   </div>
   <div class='ocr_carea' id='block_1_106' title="bbox 1949 4288 3595 4360">
    <p class='ocr_par' dir='ltr' id='par_1_106' title="bbox 1949 4288 3595 4360">
     <span class='ocr_line' id='line_1_106' title="bbox 1949 4288 3595 4360; baseline -0.001 -15"><span class='ocrx_word' id='word_1_765' title='bbox 1949 4293 2091 4345; x_wconf 89' lang='lat' dir='ltr'>Aser</span> <span class='ocrx_word' id='word_1_766' title='bbox 2122 4290 2403 4358; x_wconf 85' lang='lat' dir='ltr'>ait,tingat</span> <span class='ocrx_word' id='word_1_767' title='bbox 2433 4291 2491 4343; x_wconf 86' lang='lat' dir='ltr'>in</span> <span class='ocrx_word' id='word_1_768' title='bbox 2523 4289 2636 4343; x_wconf 83' lang='lat' dir='ltr'>oleo</span> <span class='ocrx_word' id='word_1_769' title='bbox 2666 4288 2855 4360; x_wconf 78' lang='lat' dir='ltr'>pedem</span> <span class='ocrx_word' id='word_1_770' title='bbox 2881 4306 3041 4343; x_wconf 88' lang='lat' dir='ltr'>suum</span> <span class='ocrx_word' id='word_1_771' title='bbox 3079 4289 3254 4359; x_wconf 71' lang='lat' dir='ltr'>(Deut.</span> <span class='ocrx_word' id='word_1_772' title='bbox 3275 4288 3595 4359; x_wconf 69' lang='lat' dir='ltr'>xxxm,2i).</span> 
     </span>
    </p>
   </div>
   <div class='ocr_carea' id='block_1_107' title="bbox 2020 4375 3595 4451">
    <p class='ocr_par' dir='ltr' id='par_1_107' title="bbox 2020 4375 3595 4451">
     <span class='ocr_line' id='line_1_107' title="bbox 2020 4375 3595 4451; baseline -0.017 1"><span class='ocrx_word' id='word_1_773' title='bbox 2020 4380 2179 4451; x_wconf 65' lang='lat' dir='ltr'>(Cat)-</span> <span class='ocrx_word' id='word_1_774' title='bbox 2217 4379 2357 4434; x_wconf 71' lang='lat' dir='ltr'>Vlll.</span> <span class='ocrx_word' id='word_1_775' title='bbox 2393 4409 2459 4417; x_wconf 92' lang='lat'><strong><em>—</em></strong></span> <span class='ocrx_word' id='word_1_776' title='bbox 2490 4375 2651 4433; x_wconf 81' lang='lat' dir='ltr'>Vere.</span> <span class='ocrx_word' id='word_1_777' title='bbox 2714 4378 2789 4447; x_wconf 86' lang='grc'>1.)</span> <span class='ocrx_word' id='word_1_778' title='bbox 2850 4380 2992 4431; x_wconf 83' lang='lat' dir='ltr'>Aara</span> <span class='ocrx_word' id='word_1_779' title='bbox 3052 4376 3205 4431; x_wconf 85' lang='lat' dir='ltr'>ﬁlius</span> <span class='ocrx_word' id='word_1_780' title='bbox 3240 4375 3541 4446; x_wconf 85' lang='lat' dir='ltr'>Benjamin</span> <span class='ocrx_word' id='word_1_781' title='bbox 3581 4392 3595 4433; x_wconf 86' lang='lat'><strong>;</strong></span> 
     </span>
    </p>
   </div>
   <div class='ocr_carea' id='block_1_108' title="bbox 1950 4463 3595 4537">
    <p class='ocr_par' dir='ltr' id='par_1_108' title="bbox 1950 4463 3595 4537">
     <span class='ocr_line' id='line_1_108' title="bbox 1950 4463 3595 4537; baseline -0.002 -15"><span class='ocrx_word' id='word_1_782' title='bbox 1950 4468 2009 4522; x_wconf 92' lang='lat' dir='ltr'>in</span> <span class='ocrx_word' id='word_1_783' title='bbox 2070 4467 2277 4523; x_wconf 90' lang='lat' dir='ltr'>Genesi</span> <span class='ocrx_word' id='word_1_784' title='bbox 2315 4472 2455 4537; x_wconf 81' lang='lat' dir='ltr'>(cap.</span> <span class='ocrx_word' id='word_1_785' title='bbox 2511 4484 2660 4530; x_wconf 76' lang='lat' dir='ltr'>XLVI,</span> <span class='ocrx_word' id='word_1_786' title='bbox 2720 4483 2860 4521; x_wconf 85' lang='lat' dir='ltr'>vers.</span> <span class='ocrx_word' id='word_1_787' title='bbox 2922 4464 3033 4535; x_wconf 81' lang='grc'>21),</span> <span class='ocrx_word' id='word_1_788' title='bbox 3095 4463 3372 4520; x_wconf 84' lang='lat' dir='ltr'>scribitur</span> <span class='ocrx_word' id='word_1_789' title='bbox 3428 4464 3595 4532; x_wconf 86' lang='lat' dir='ltr'>Gera,</span> 
     </span>
    </p>
   </div>
   <div class='ocr_carea' id='block_1_109' title="bbox 1949 4553 3594 4628">
    <p class='ocr_par' dir='ltr' id='par_1_109' title="bbox 1949 4553 3594 4628">
     <span class='ocr_line' id='line_1_109' title="bbox 1949 4553 3594 4628; baseline -0.002 -17"><span class='ocrx_word' id='word_1_790' title='bbox 1949 4558 2102 4628; x_wconf 89' lang='lat' dir='ltr'>quod</span> <span class='ocrx_word' id='word_1_791' title='bbox 2138 4556 2557 4628; x_wconf 79' lang='lat' dir='ltr'>interpretatur</span> <span class='ocrx_word' id='word_1_792' title='bbox 2587 4555 2934 4626; x_wconf 58' lang='lat' dir='ltr'>peregrinus.</span> <span class='ocrx_word' id='word_1_793' title='bbox 2988 4557 3045 4608; x_wconf 85' lang='lat' dir='ltr'>In</span> <span class='ocrx_word' id='word_1_794' title='bbox 3092 4553 3594 4625; x_wconf 83' lang='lat' dir='ltr'>Paralipomenon,</span> 
     </span>
    </p>
   </div>
   <div class='ocr_carea' id='block_1_110' title="bbox 1949 4641 3593 4714">
    <p class='ocr_par' dir='ltr' id='par_1_110' title="bbox 1949 4641 3593 4714">
     <span class='ocr_line' id='line_1_110' title="bbox 1949 4641 3593 4714; baseline -0.002 -14"><span class='ocrx_word' id='word_1_795' title='bbox 1949 4648 2097 4700; x_wconf 82' lang='lat' dir='ltr'>Aura</span> <span class='ocrx_word' id='word_1_796' title='bbox 2151 4647 2329 4714; x_wconf 83' lang='lat' dir='ltr'>fraler</span> <span class='ocrx_word' id='word_1_797' title='bbox 2377 4644 2579 4698; x_wconf 80' lang='lat' dir='ltr'>odoris.</span> <span class='ocrx_word' id='word_1_798' title='bbox 2638 4649 2702 4696; x_wconf 82' lang='lat' dir='ltr'>Et</span> <span class='ocrx_word' id='word_1_799' title='bbox 2758 4642 3080 4700; x_wconf 82' lang='lat' dir='ltr'>notandum</span> <span class='ocrx_word' id='word_1_800' title='bbox 3114 4643 3267 4713; x_wconf 86' lang='lat' dir='ltr'>quod</span> <span class='ocrx_word' id='word_1_801' title='bbox 3299 4641 3390 4696; x_wconf 90' lang='lat' dir='ltr'>hic</span> <span class='ocrx_word' id='word_1_802' title='bbox 3420 4642 3593 4712; x_wconf 83' lang='lat' dir='ltr'>quin-</span> 
     </span>
    </p>
   </div>
   <div class='ocr_carea' id='block_1_111' title="bbox 1951 4729 3596 4805">
    <p class='ocr_par' dir='ltr' id='par_1_111' title="bbox 1951 4729 3596 4805">
     <span class='ocr_line' id='line_1_111' title="bbox 1951 4729 3596 4805; baseline -0.002 -18"><span class='ocrx_word' id='word_1_803' title='bbox 1951 4751 2063 4805; x_wconf 86' lang='lat' dir='ltr'>que</span> <span class='ocrx_word' id='word_1_804' title='bbox 2095 4734 2166 4787; x_wconf 92' lang='lat' dir='ltr'>de</span> <span class='ocrx_word' id='word_1_805' title='bbox 2196 4733 2331 4788; x_wconf 74' lang='lat' dir='ltr'>filiis</span> <span class='ocrx_word' id='word_1_806' title='bbox 2364 4732 2665 4803; x_wconf 82' lang='lat' dir='ltr'>Benjamin</span> <span class='ocrx_word' id='word_1_807' title='bbox 2702 4730 3139 4802; x_wconf 66' lang='lat' dir='ltr'>praetermiserit</span> <span class='ocrx_word' id='word_1_808' title='bbox 3202 4747 3213 4784; x_wconf 92' lang='lat'><strong>:</strong></span> <span class='ocrx_word' id='word_1_809' title='bbox 3278 4731 3348 4784; x_wconf 89' lang='lat' dir='ltr'>de</span> <span class='ocrx_word' id='word_1_810' title='bbox 3379 4729 3596 4799; x_wconf 89' lang='lat' dir='ltr'>quibus</span> 
     </span>
    </p>
   </div>
   <div class='ocr_carea' id='block_1_112' title="bbox 1952 4822 2826 4893">
    <p class='ocr_par' dir='ltr' id='par_1_112' title="bbox 1952 4822 2826 4893">
     <span class='ocr_line' id='line_1_112' title="bbox 1952 4822 2826 4893; baseline -0.005 -16"><span class='ocrx_word' id='word_1_811' title='bbox 1952 4824 2197 4877; x_wconf 88' lang='lat' dir='ltr'>necdum</span> <span class='ocrx_word' id='word_1_812' title='bbox 2233 4822 2537 4893; x_wconf 81' lang='lat' dir='ltr'>progenies</span> <span class='ocrx_word' id='word_1_813' title='bbox 2569 4826 2826 4875; x_wconf 78' lang='lat' dir='ltr'>creverat</span> 
     </span>
    </p>
   </div>
   <div class='ocr_carea' id='block_1_113' title="bbox 2021 4906 3595 4981">
    <p class='ocr_par' dir='ltr' id='par_1_113' title="bbox 2021 4906 3595 4981">
     <span class='ocr_line' id='line_1_113' title="bbox 2021 4906 3595 4981; baseline -0.001 -18"><span class='ocrx_word' id='word_1_814' title='bbox 2021 4911 2207 4981; x_wconf 81' lang='lat' dir='ltr'>(Vers,</span> <span class='ocrx_word' id='word_1_815' title='bbox 2229 4912 2307 4979; x_wconf 85' lang='lat'>2.)</span> <span class='ocrx_word' id='word_1_816' title='bbox 2338 4910 2577 4965; x_wconf 80' lang='lat' dir='ltr'>Nohaba</span> <span class='ocrx_word' id='word_1_817' title='bbox 2598 4910 2654 4963; x_wconf 87' lang='lat' dir='ltr'>in</span> <span class='ocrx_word' id='word_1_818' title='bbox 2683 4908 3184 4979; x_wconf 83' lang='lat' dir='ltr'>Paralipomenon,</span> <span class='ocrx_word' id='word_1_819' title='bbox 3218 4906 3342 4977; x_wconf 89' lang='lat' dir='ltr'>ipse</span> <span class='ocrx_word' id='word_1_820' title='bbox 3376 4910 3464 4961; x_wconf 91' lang='lat' dir='ltr'>est</span> <span class='ocrx_word' id='word_1_821' title='bbox 3494 4907 3595 4979; x_wconf 90' lang='lat' dir='ltr'>qui</span> 
     </span>
    </p>
   </div>
   <div class='ocr_carea' id='block_1_114' title="bbox 1948 4995 3595 5070">
    <p class='ocr_par' dir='ltr' id='par_1_114' title="bbox 1948 4995 3595 5070">
     <span class='ocr_line' id='line_1_114' title="bbox 1948 4995 3595 5070; baseline -0.002 -15"><span class='ocrx_word' id='word_1_822' title='bbox 1948 5003 2007 5055; x_wconf 90' lang='lat' dir='ltr'>in</span> <span class='ocrx_word' id='word_1_823' title='bbox 2064 4998 2271 5055; x_wconf 84' lang='lat' dir='ltr'>Genesi</span> <span class='ocrx_word' id='word_1_824' title='bbox 2356 5004 2476 5070; x_wconf 78' lang='lat' dir='ltr'>(cap</span> <span class='ocrx_word' id='word_1_825' title='bbox 2546 5015 2693 5064; x_wconf 75' lang='lat' dir='ltr'>xLVI,</span> <span class='ocrx_word' id='word_1_826' title='bbox 2768 5012 2905 5053; x_wconf 78' lang='lat' dir='ltr'>vers.</span> <span class='ocrx_word' id='word_1_827' title='bbox 2964 4996 3077 5065; x_wconf 87' lang='lat'>2|),</span> <span class='ocrx_word' id='word_1_828' title='bbox 3152 4995 3428 5052; x_wconf 85' lang='lat' dir='ltr'>Naaman.</span> <span class='ocrx_word' id='word_1_829' title='bbox 3484 4996 3595 5051; x_wconf 84' lang='lat' dir='ltr'>No-</span> 
     </span>
    </p>
   </div>
   <div class='ocr_carea' id='block_1_115' title="bbox 1950 5158 3597 5227">
    <p class='ocr_par' dir='ltr' id='par_1_115' title="bbox 1950 5158 3597 5227">
     <span class='ocr_line' id='line_1_115' title="bbox 1950 5158 3597 5227; baseline -0.002 -10"><span class='ocrx_word' id='word_1_830' title='bbox 1950 5162 2177 5217; x_wconf 90' lang='lat' dir='ltr'>Domini</span> <span class='ocrx_word' id='word_1_831' title='bbox 2230 5178 2363 5215; x_wconf 88' lang='lat' dir='ltr'>cum</span> <span class='ocrx_word' id='word_1_832' title='bbox 2425 5158 2745 5227; x_wconf 89' lang='lat' dir='ltr'>thuribulo,</span> <span class='ocrx_word' id='word_1_833' title='bbox 2807 5169 2863 5213; x_wconf 83' lang='lat' dir='ltr'>et</span> <span class='ocrx_word' id='word_1_834' title='bbox 2911 5162 3275 5213; x_wconf 71' lang='lat' dir='ltr'>terraemotus</span> <span class='ocrx_word' id='word_1_835' title='bbox 3347 5173 3597 5227; x_wconf 86' lang='lat' dir='ltr'>magnus</span> 
     </span>
    </p>
   </div>
   <div class='ocr_carea' id='block_1_116' title="bbox 1949 5230 3595 5303">
    <p class='ocr_par' dir='ltr' id='par_1_116' title="bbox 1949 5230 3595 5303">
     <span class='ocr_line' id='line_1_116' title="bbox 1949 5230 3595 5303; baseline -0.003 -14"><span class='ocrx_word' id='word_1_836' title='bbox 1949 5235 2135 5289; x_wconf 85' lang='lat' dir='ltr'>factus</span> <span class='ocrx_word' id='word_1_837' title='bbox 2167 5239 2274 5287; x_wconf 89' lang='lat' dir='ltr'>est.</span> <span class='ocrx_word' id='word_1_838' title='bbox 2309 5256 2333 5279; x_wconf 83' lang='grc'><strong>››</strong></span> <span class='ocrx_word' id='word_1_839' title='bbox 2367 5233 2499 5295; x_wconf 74' lang='lat' dir='ltr'>Quae</span> <span class='ocrx_word' id='word_1_840' title='bbox 2530 5238 2587 5285; x_wconf 88' lang='lat' dir='ltr'>et</span> <span class='ocrx_word' id='word_1_841' title='bbox 2616 5231 2887 5303; x_wconf 88' lang='lat' dir='ltr'>superius</span> <span class='ocrx_word' id='word_1_842' title='bbox 2950 5230 3243 5300; x_wconf 71' lang='lat' dir='ltr'>leguntur,</span> <span class='ocrx_word' id='word_1_843' title='bbox 3307 5236 3595 5303; x_wconf 55' lang='lat' dir='ltr'>etperpe:</span> 
     </span>
    </p>
   </div>
   <div class='ocr_carea' id='block_1_117' title="bbox 1949 5300 3595 5375">
    <p class='ocr_par' dir='ltr' id='par_1_117' title="bbox 1949 5300 3595 5375">
     <span class='ocr_line' id='line_1_117' title="bbox 1949 5300 3595 5375; baseline -0.004 -14"><span class='ocrx_word' id='word_1_844' title='bbox 1949 5324 2070 5361; x_wconf 78' lang='lat' dir='ltr'>ram</span> <span class='ocrx_word' id='word_1_845' title='bbox 2105 5306 2198 5359; x_wconf 87' lang='lat' dir='ltr'>hic</span> <span class='ocrx_word' id='word_1_846' title='bbox 2230 5304 2406 5375; x_wconf 88' lang='lat' dir='ltr'>repeti</span> <span class='ocrx_word' id='word_1_847' title='bbox 2441 5300 2709 5375; x_wconf 50' lang='lat' dir='ltr'>Martian&#39;.</span> <span class='ocrx_word' id='word_1_848' title='bbox 2768 5303 2893 5374; x_wconf 86' lang='lat' dir='ltr'>ipse</span> <span class='ocrx_word' id='word_1_849' title='bbox 2947 5308 3323 5372; x_wconf 76' lang='lat' dir='ltr'>querebatur.</span> <span class='ocrx_word' id='word_1_850' title='bbox 3378 5300 3494 5355; x_wconf 88' lang='lat' dir='ltr'>Nos</span> <span class='ocrx_word' id='word_1_851' title='bbox 3524 5300 3595 5355; x_wconf 84' lang='lat' dir='ltr'>ad</span> 
     </span>
    </p>
   </div>
   <div class='ocr_carea' id='block_1_118' title="bbox 1950 5374 3029 5432">
    <p class='ocr_par' dir='ltr' id='par_1_118' title="bbox 1950 5374 3029 5432">
     <span class='ocr_line' id='line_1_118' title="bbox 1950 5374 3029 5432; baseline -0.005 0"><span class='ocrx_word' id='word_1_852' title='bbox 1950 5395 2060 5432; x_wconf 89' lang='lat' dir='ltr'>ms.</span> <span class='ocrx_word' id='word_1_853' title='bbox 2095 5377 2276 5431; x_wconf 86' lang='lat' dir='ltr'>nostri</span> <span class='ocrx_word' id='word_1_854' title='bbox 2307 5374 2479 5430; x_wconf 80' lang='lat' dir='ltr'>ﬁdem</span> <span class='ocrx_word' id='word_1_855' title='bbox 2514 5374 2647 5428; x_wconf 90' lang='lat' dir='ltr'>hinc</span> <span class='ocrx_word' id='word_1_856' title='bbox 2680 5376 3029 5431; x_wconf 87' lang='lat' dir='ltr'>amovimus.</span> 
     </span>
    </p>
   </div>
   <div class='ocr_carea' id='block_1_119' title="bbox 2021 5442 3599 5519">
    <p class='ocr_par' dir='ltr' id='par_1_119' title="bbox 2021 5442 3599 5519">
     <span class='ocr_line' id='line_1_119' title="bbox 2021 5442 3599 5519; baseline -0.003 -18"><span class='ocrx_word' id='word_1_857' title='bbox 2021 5450 2093 5519; x_wconf 75' lang='grc'>(1))</span> <span class='ocrx_word' id='word_1_858' title='bbox 2153 5448 2315 5502; x_wconf 88' lang='lat' dir='ltr'>Meus</span> <span class='ocrx_word' id='word_1_859' title='bbox 2370 5464 2479 5501; x_wconf 90' lang='lat' dir='ltr'>ms.</span> <span class='ocrx_word' id='word_1_860' title='bbox 2513 5448 2649 5501; x_wconf 76' lang='lat' dir='ltr'>Bera</span> <span class='ocrx_word' id='word_1_861' title='bbox 2684 5449 2838 5518; x_wconf 80' lang='lat' dir='ltr'>ﬁlius</span> <span class='ocrx_word' id='word_1_862' title='bbox 2901 5448 3027 5500; x_wconf 78' lang='lat' dir='ltr'>Aser</span> <span class='ocrx_word' id='word_1_863' title='bbox 3085 5447 3289 5502; x_wconf 79' lang='lat' dir='ltr'>dicitur</span> <span class='ocrx_word' id='word_1_864' title='bbox 3334 5442 3599 5515; x_wconf 76' lang='lat' dir='ltr'>propheta</span> 
     </span>
    </p>
   </div>
   <div class='ocr_carea' id='block_1_120' title="bbox 1945 5522 2137 5593">
    <p class='ocr_par' dir='ltr' id='par_1_120' title="bbox 1945 5522 2137 5593">
     <span class='ocr_line' id='line_1_120' title="bbox 1945 5522 2137 5593; baseline 0 -18"><span class='ocrx_word' id='word_1_865' title='bbox 1945 5522 2137 5593; x_wconf 76' lang='lat' dir='ltr'>fuisse.</span> 
     </span>
    </p>
   </div>
  </div>
