4070 6166
577 280 622 338 Α
637 277 756 337 443

2097 272 2514 337 APPENDIX.
3754 279 3860 342 4444

589 409 761 480 haba,
796 409 1008 480 requies
1048 425 1061 475 ;
1115 410 1399 477 Naaman,
1428 407 1860 478 pulcherrimus.
1897 407 1958 462 In
2023 406 2233 462 Parali-
2267 408 2317 473 Α
2351 409 2453 463 isti
2483 407 2892 462 custodiebant
2921 405 3138 462 ostium
3168 403 3521 462 tabernaculi
3561 407 3772 464 exterius.
3791 411 3859 468 h-

588 513 900 570 pomenon,
933 496 1136 570 Rapha
1185 515 1198 552 :
1244 496 1304 551 in
1355 495 1563 552 Genesi
1613 496 1892 552 scribitur
1919 496 2049 562 Abi,
2084 498 2239 568 quod

587 587 1002 659 interpretatur
1027 588 1202 658 frater
1226 601 1416 647 meus;
1445 585 1668 658 Rapha,
1697 585 1988 640 medicina.

657 701 841 773 (Vers.
885 703 964 770 6.)
992 725 1019 752 ‹‹
1054 701 1122 757 Ηὶ
1171 705 1312 757 sunt
1361 699 1465 754 {llii
1496 699 1662 754 Abod
1697 699 1993 772 principes
2025 716 2236 772 cogna-

586 790 814 845 tionum
846 790 1236 845 habitantium
1287 789 1345 842 in
1395 788 1612 857 Gabaa,
1665 789 1766 858 qui
1799 788 2068 844 translati
2099 793 2241 844 sunt

588 879 647 934 in
681 877 1017 934 Manabatb.
1052 900 1080 928 ››
1114 876 1428 933 Manabath
1453 877 1877 949 interpretatur
1903 878 2236 948 sepulcrum.

589 969 651 1024 In
686 967 1000 1023 Manabath
1035 966 1300 1023 translati
1335 970 1496 1033 sunt,
1531 967 1764 1038 quando
1795 983 1897 1038 pro
1931 967 2147 1022 scelere
2177 965 2236 1020 in

589 1071 826 1112 uxorem
859 1055 1041 1110 levitas
1075 1059 1423 1127 perpetrato,
1448 1054 1642 1126 gladio
1674 1059 2039 1110 corruerunt.
2074 1055 2237 1118 Quod

585 1161 717 1200 vero
749 1145 1015 1216 sequitur
1047 1161 1060 1198 :
1096 1143 1358 1201 Naaman
1391 1149 1586 1200 autem
1623 1148 1680 1198 et
1709 1143 1850 1199 Ahia
1875 1147 1933 1198 et
1970 1143 2118 1199 Gera
2148 1143 2235 1214 ip-

586 1250 647 1288 se
680 1232 981 1288 transtulit
1005 1249 1124 1300 eos,
1159 1233 1428 1304 designat
1458 1248 1556 1288 eos
1617 1233 1796 1288 fuisse
1855 1232 2150 1304 principes
2180 1237 2239 1287 et

583 1322 701 1378 illis
757 1322 1078 1378 eminuisse
1137 1323 1304 1377 Gera.
1369 1322 1526 1378 Unde
1583 1326 1639 1376 et
1669 1319 1955 1393 singulari
1991 1337 2236 1376 numero

583 1411 1018 1472 describuntur,
1076 1412 1200 1483 ipse
1257 1409 1555 1465 transtulit
1611 1427 1729 1465 eos.
1791 1411 1870 1466 De
1931 1411 2045 1466 isto
2089 1410 2238 1465 Gera

583 1501 869 1572 processit
899 1500 1202 1572 progenies
1233 1499 1399 1566 Gera,
1435 1499 1534 1570 qui
1571 1499 1683 1554 fuit
1714 1504 1874 1571 pater
1901 1499 2107 1554 Semei.

655 1616 840 1687 (Vers,
888 1616 966 1686 8.)
1013 1615 1309 1670 Serachim
1360 1614 1586 1668 dimisit
1634 1631 1842 1668 uxores
1888 1631 2028 1668 suas
2073 1613 2233 1669 Usim

581 1711 639 1760 et
670 1709 831 1771 Bara,
863 1709 919 1759 et
944 1704 1094 1776 fugit
1124 1703 1183 1758 in
1211 1708 1426 1758 terram
1450 1703 1636 1769 Moab,
1659 1708 1715 1757 et
1747 1702 1968 1774 accepit
1998 1719 2232 1757 uxorem

581 1793 753 1857 Odes,
787 1810 855 1847 ex
889 1810 1005 1864 qua
1036 1791 1295 1863 suscepit
1327 1791 1498 1858 tilios,
1535 1793 1633 1862 qui
1672 1791 1763 1845 hic
1793 1791 2153 1846 scribuntur.

653 1899 840 1969 (Vera.
872 1899 985 1969 43.)
1037 1921 1063 1946 ‹‹
1117 1899 1181 1952 lli
1231 1899 1579 1970 fugaverunt
1610 1897 1964 1953 habitatores
1997 1895 2165 1963 Geth,
2203 1920 2230 1945 ››

580 1993 638 2043 et
668 1988 776 2045 ulti
799 1992 940 2044 sunt
970 1988 1174 2043 fratres
1207 2003 1345 2042 suos
1381 1986 1528 2042 filios
1564 1987 1864 2058 Ephraim,
1890 1987 1988 2058 qui
2023 2002 2225 2041 corum

579 2077 910 2132 ceciderant
939 2075 1155 2148 gladio.

651 2181 836 2255 (Vere.
866 2183 978 2253 40.)
1011 2205 1037 2230 ‹‹
1073 2182 1334 2238 Fuerunt
1361 2186 1556 2238 autem
1616 2180 1718 2235 ﬁlii
1779 2181 1943 2236 Ulam
1976 2180 2079 2234 viri
2115 2180 2230 2234 for-

577 2271 793 2327 tissimi
822 2277 878 2326 et
909 2287 1120 2340 magno
1153 2272 1378 2340 robore,
1403 2271 1708 2327 tendentes
1739 2286 1960 2334 arcum,
1997 2276 2051 2323 et
2085 2269 2231 2324 mul-

574 2365 664 2416 tos
714 2360 994 2416 habentes
1040 2359 1189 2414 lilios
1246 2377 1312 2414 ac
1373 2365 1632 2432 nepotes,
1667 2364 1902 2414 centum
1936 2358 2225 2429 quinqua-

2350 499 2469 552 tres
2500 513 2632 551 vero
2681 513 2904 560 eorum,
2940 495 3040 568 qui
3091 494 3292 551 subter
3336 493 3657 563 scribuntur,
3682 502 3725 552 et
3745 499 3812 568 qui
3829 502 3860 556 in

2353 584 2632 640 Psalteris
2661 583 2863 642 titulos
2893 583 3131 650 habent,
3186 584 3298 656 ipsi
3345 584 3706 642 custodiebant
3727 587 3863 644 ostium

2355 673 2599 729 interius
2641 673 3006 730 tabernaculi
3039 672 3292 737 Domini,
3324 678 3382 728 et
3411 676 3564 728 erant
3589 677 3792 730 cantores
3811 694 3864 731 u-

2352 767 2609 818 strorum
2645 762 2892 818 Domini.
2948 761 3414 817 Tabernaculum
3448 761 3592 829 dicit,
3646 762 3722 817 ubi
3747 763 3863 820 Doni-

2355 868 2464 906 nus
2498 851 2919 923 requiescebat.
2972 851 3073 907 His
3134 854 3386 922 quatuor
3423 850 3656 906 excubiis
3703 852 3865 908 creditus

2350 945 2474 996 erat
2497 940 2691 995 omnis
2723 957 3007 995 numerus
3028 939 3355 1011 janitorum
3390 955 3401 992 :
3436 941 3491 993 et
3511 942 3869 1011 quatuorparte,

2348 1029 2565 1099 quibus
2612 1029 2998 1084 observabant
3055 1029 3329 1083 custodes
3359 1027 3562 1082 domus
3596 1027 3790 1093 Domini,
3809 1029 3865 1084 de-

2349 1116 2580 1188 scripta:
2615 1122 2757 1173 sunt
2786 1117 2844 1172 in
2877 1117 3026 1172 libro
3054 1117 3474 1172 Numemorum
3505 1116 3628 1187 (cap.
3656 1120 3740 1182 iu).
3764 1117 3871 1171 Erant

2348 1206 2504 1261 enim
2537 1207 2595 1260 in
2638 1223 2990 1278 unaquaque
3022 1210 3182 1276 parte
3205 1204 3619 1278 quinquaginta
3646 1209 3694 1260 et
3717 1206 3877 1276 tres,qui

2349 1294 2572 1351 iaciunt
2601 1295 2880 1352 ducentes
2911 1294 3219 1350 duodecim
3272 1313 3285 1350 :
3345 1295 3545 1348 Phines
3573 1293 3699 1361 [ilius
3723 1291 3875 1348 Eleazar

2345 1390 2463 1440 erat
2519 1385 2637 1439 diu:
2688 1401 2874 1440 eorum
2927 1401 3113 1440 eorum
3183 1385 3426 1439 Domino.
3479 1382 3576 1437 Hic
3628 1388 3880 1438 monstratur

2347 1473 2562 1529 Phines
2592 1473 2785 1529 adhuc
2816 1474 2874 1528 in
2914 1491 2980 1528 eo
3031 1478 3292 1545 tempore
3339 1472 3548 1537 vivere,
3594 1477 3645 1527 et
3678 1472 3722 1526 in
3761 1470 3880 1525 taber-

2348 1560 2556 1618 naculo
2595 1561 2821 1617 vicibus
2880 1563 3005 1617 suis
3062 1562 3368 1617 excubare.
3432 1563 3521 1616 Ha:
3550 1564 3674 1616 sunt
3703 1560 3882 1615 viceni-

2345 1650 2491 1718 ginti
2523 1655 2796 1721 quatuor,
2856 1668 2983 1722 quae
3032 1651 3090 1706 in
3125 1651 3510 1722 sequentibus
3562 1649 3883 1710 describuntur,

2267 1777 2313 1840 Β
2346 1756 2598 1810 quarum
2634 1739 2689 1795 in
2727 1739 3034 1812 Evangelio
3069 1742 3081 1774 '
3116 1741 3332 1796 mentio
3363 1745 3454 1795 est
3483 1741 3652 1812 (Lucrr
3679 1739 3710 1806 ',
3733 1738 3885 1809 Sseqq.)

2343 1829 2413 1882 de
2446 1829 2568 1883 vice
2614 1828 2777 1883 Abia.

2412 1935 2596 2007 (Vers.
2652 1936 2766 2002 35.)
2850 1960 2877 1983 ‹‹
2935 1936 2998 1990 In
3053 1936 3253 1991 Gabon
3307 1940 3503 1990 autem
3554 1930 3886 1988 commemorati

2349 2030 2512 2090 sunt,
2548 2030 2712 2096 pater
2739 2025 2974 2079 Gabaon
3029 2025 3172 2080 Jaiel
3207 2030 3261 2078 et
3294 2041 3506 2080 nomen
3536 2023 3710 2078 uxoris
3735 2021 3888 2089 ((1)2qu

2339 2113 2600 2168 Maacha.
2638 2136 2664 2161 ››
2695 2113 2841 2168 Jaiel
2900 2113 3024 2185 ipse
3055 2118 3162 2179 est,
3197 2114 3295 2185 qui
3354 2115 3411 2168 in
3448 2113 3658 2183 Regum
3703 2107 3888 2164 scribitur

2337 2202 2498 2257 Abiel
2548 2208 2709 2274 pater
2755 2202 2896 2257 Cbis
2942 2202 3124 2274 patris
3175 2202 3313 2257 Saul
3364 2204 3410 2272 (I
3464 2203 3585 2270 Reg.
3617 2193 3890 2267 ix,l).Abicl

2337 2291 2756 2361 interpretatur
2801 2295 2957 2361 pater
3009 2308 3159 2345 meus
3213 2293 3349 2346 Deus
3381 2308 3394 2344 :
3428 2289 3594 2357 Jaiel,
3622 2287 3813 2342 desertus
3830 2284 3884 2336 Du

2339 2385 2574 2451 propter
2605 2380 2943 2434 meritorum
2974 2379 3336 2435 distantiam.
3372 2379 3438 2434 Et
3474 2377 3778 2438 notandum,
3800 2372 3888 2443 quis

577 2449 757 2520 ginta.
799 2473 817 2495 -
852 2449 948 2504 Hic
970 2455 1204 2504 centum
1227 2448 1660 2520 quinquaginta
1685 2450 1945 2503 referunt
1979 2449 2048 2502 ad
2075 2446 2223 2502 ﬁlios

2336 2446 2489 2524 inter
2521 2469 2670 2524 ﬁlios
2714 2469 2882 2533 Jaicl,
2944 2471 3055 2525 Ner
3109 2475 3165 2524 et
3221 2468 3360 2522 Cbis
3417 2472 3686 2524 vocantur
3732 2465 3889 2518 fratres.

579 2537 766 2606 Ulam,
804 2544 868 2593 ut
899 2539 1007 2593 iste
1040 2539 1116 2593 sit
1155 2555 1399 2594 sensus:
1437 2539 1669 2593 fuerunt
1691 2543 1886 2592 autem
1921 2536 2022 2591 lilii
2059 2535 2225 2592 Ulam

575 2632 814 2682 centum
845 2625 1292 2698 quinquaginta,
1328 2642 1429 2697 per
1461 2631 1694 2698 tropum
1729 2627 1826 2697 qui
1862 2631 2100 2680 vocatur
2131 2625 2230 2697 hy-

577 2715 880 2786 perbaton.

647 2821 812 2893 (Cap.
867 2821 952 2877 IX.
987 2851 1054 2864 —
1086 2821 1248 2876 Vers.
1280 2821 1358 2891 2.)
1416 2821 1736 2886 Nat/iinnei,
1795 2822 1848 2876 id
1900 2826 1988 2876 est
2019 2822 2224 2878 donati.

574 2913 722 2966 Sunt
750 2911 906 2966 enim
938 2911 1296 2978 Gabaonitw,
1331 2928 1396 2966 eo
1427 2912 1581 2982 quod
1607 2911 1674 2965 ad
1702 2911 2073 2967 serviendum
2103 2913 2226 2967 dati

579 3005 718 3055 sunt
749 3001 818 3056 ad
851 3000 1134 3072 templum
1167 2999 1395 3056 Domini
1430 3018 1462 3055 a
1491 2999 1689 3055 Josue.

672 3110 834 3162 Vers.
881 3107 968 3162 Η.

648 3110 834 3172 (Vere.
881 3108 993 3176 Η.)
1044 3131 1069 3156 ‹‹
1126 3108 1360 3162 Azarias
1405 3124 1635 3178 quoque
1681 3108 1837 3162 filius
1888 3108 2158 3163 Helcbise.
2193 3128 2218 3160 ι

577 3196 692 3252 Iste
721 3202 810 3252 est
839 3195 1104 3251 Helchias
1136 3197 1408 3252 sacerdos
1441 3213 1710 3267 magnus,
1763 3196 1863 3267 qui
1897 3197 2111 3252 librum
2142 3197 2224 3252 le-

576 3285 666 3356 gis
697 3284 917 3339 invenit
948 3289 1210 3356 tempore
1241 3285 1437 3351 Josiae,
1495 3292 1552 3340 et
1601 3285 1818 3340 dicitur
1848 3286 2031 3341 fuisse
2062 3293 2227 3357 pater

576 3373 848 3430 Jeremire
882 3374 1194 3446 praphetae.

647 3479 833 3548 (Vers.
914 3481 1020 3552 l5.)
1078 3481 1471 3550 Bachbachar,
1533 3482 1933 3553 carpentarius
2010 3483 2225 3538 idcirco

575 3569 947 3639 describitur,
990 3569 1129 3640 quia
1158 3570 1402 3625 artificio
1430 3587 1536 3625 suo
1570 3571 1922 3643 fungebatur
1951 3570 2007 3626 in
2049 3573 2223 3628 domo

577 3658 827 3726 Domini,
861 3663 918 3714 et
948 3664 1072 3714 erat
1111 3660 1181 3714 de
1213 3659 1367 3714 tribu
1403 3660 1554 3715 Levi.

647 3764 834 3836 (Vers.
868 3764 980 3836 16.)
1002 3789 1028 3814 ‹‹
1056 3765 1124 3821 Et
1154 3765 1442 3821 Barachiaa
1466 3765 1619 3822 {ilius
1643 3767 1962 3839 Asaphﬁlii
1989 3768 2220 3834 Elcana,

577 3854 674 3927 qui
709 3853 990 3909 habitavit
1021 3854 1077 3908 in
1112 3854 1274 3909 atriis
1307 3855 1616 3928 Netophati
1660 3874 1670 3910 :
1714 3879 1739 3904 ››
1780 3857 2087 3930 Netophati
2119 3875 2219 3913 no-

577 3957 708 3996 men
743 3940 850 3996 loci
883 3946 990 4005 est,
1025 3942 1123 3996 ubi
1165 3941 1452 3997 habitavit
1503 3942 1688 3999 lleleel
1736 3944 1892 4000 filius
1943 3950 2118 4009 Bana,
2151 3947 2222 4001 de

575 4046 692 4101 quo
724 4031 994 4101 superius
1026 4031 1247 4086 dictum
1305 4036 1412 4086 est.
1471 4034 1574 4100 Qui
1609 4038 1766 4088 erant
1795 4050 2004 4090 coronae
2033 4034 2222 4090 domus

571 4118 758 4177 Jacob.
792 4119 972 4175 Abdia
1003 4119 1158 4175 ﬁlius
1183 4120 1444 4188 Semeite,
1477 4121 1580 4176 ﬁlii
1611 4121 1794 4188 Galal,
1828 4122 1933 4178 filii
1960 4123 2195 4179 Idithun

577 4208 690 4264 Iste
711 4213 798 4264 cst
830 4208 1062 4265 Idithun
1087 4215 1291 4265 cantor
1321 4210 1522 4265 David.
1548 4211 1945 4268 Observabant
1967 4213 2023 4267 in
2058 4218 2222 4284 porta

575 4298 752 4371 regis,
804 4298 874 4354 ad
918 4299 1203 4356 orientem
1255 4299 1324 4355 de
1372 4299 1510 4354 liliis
1562 4299 1686 4355 Levi
1736 4317 1837 4372 per
1875 4302 2027 4357 vices
2059 4320 2218 4371 suas,

576 4387 676 4459 qui
705 4392 868 4445 erant
896 4393 1162 4444 cantores
1182 4406 1202 4449 ,'
1232 4393 1288 4444 et
1316 4387 1541 4444 vicibus
1571 4389 1696 4445 suis
1746 4390 1816 4444 ad
1850 4390 2220 4462 psallendum

575 4493 709 4532 cum
743 4477 918 4532 David
951 4478 1276 4534 veniebant.

643 4582 830 4650 (Vers.
887 4585 1061 4651 19-2.)
1115 4605 1143 4634 «
1201 4583 1422 4640 Selium
1481 4601 1614 4639 vero
1667 4583 1824 4640 filius
1882 4590 2041 4657 Core,
2116 4587 2220 4643 ﬁlii

575 4667 889 4741 Abiasaph,
923 4669 1027 4724 ﬁlii
1075 4674 1233 4726 Core.
1294 4694 1322 4719 ››
1376 4671 1474 4726 llic
1526 4673 1685 4743 prior
1731 4676 1869 4729 Core
1911 4690 2012 4745 per
2038 4674 2220 4748 Aleph

574 4759 870 4828 scribitur,
912 4764 968 4814 et
999 4763 1168 4815 sonat
1196 4764 1371 4828 Core;
1406 4762 1703 4817 secundus
1725 4778 1858 4817 vero
1891 4779 1991 4834 per
2011 4763 2223 4832 Hbeth,

573 4855 630 4904 et
659 4854 830 4905 sonat
859 4849 1099 4906 Corach.
1148 4849 1310 4915 Core,
1357 4849 1606 4904 clamans
1636 4868 1656 4913 ,'
1696 4852 1934 4920 Coracb,
1991 4856 2174 4910 calvus
2209 4872 2220 4909 :

575 4939 699 5011 ipse
746 4943 835 4994 est
882 4939 981 5011 qui
1029 4940 1087 4992 in
1116 4937 1388 4996 Numeris
1434 4939 1711 4994 scribitur
1755 4941 1896 5012 (cap.
1931 4958 2046 5008 xv1,
2079 4958 2219 4998 vers.

578 5029 761 5096 i-l9;
812 5045 962 5095 xxvr,
1005 5045 1143 5084 vers.
1198 5028 1349 5100 9~ll)
1404 5046 1414 5084 :
1468 5030 1536 5084 Ili
1602 5037 1732 5085 sunt
1795 5031 1996 5087 Caritas
2064 5048 2227 5103 super

573 5113 733 5186 opera
769 5119 1073 5174 ministerii
1091 5119 1336 5174 custodes
1367 5118 1754 5175 vestibulorum
1784 5120 2151 5177 tabernaculi.

2337 2558 2491 2614 sicut
2519 2565 2574 2611 ct
2603 2563 2761 2622 sunt,
2795 2565 2852 2613 et
2891 2558 2945 2612 in
2982 2558 3204 2630 Regum
3263 2558 3345 2612 ita
3396 2557 3638 2612 habetur
3665 2555 3704 2623 .;ι
3729 2553 3892 2620 Beati.

2340 2649 2414 2717 1).
2450 2648 2510 2703 In
2544 2649 2925 2721 sequentibus
2956 2664 3088 2702 vero
3145 2647 3378 2712 dicitur,
3412 2647 3524 2702 Ner
3551 2645 3723 2714 genuit
3771 2638 3889 2694 cna:

2338 2754 2451 2792 non
2484 2739 2639 2808 quod
2671 2755 2805 2794 eum
2836 2737 3118 2810 genuerit,
3151 2737 3248 2792 sed
3286 2737 3442 2807 quod
3477 2752 3607 2790 eum
3638 2725 3896 2788 aduenerit,

2337 2826 2612 2896 genuisse
2651 2844 2786 2881 eum
2819 2825 3054 2882 dicitur.

2408 2941 2592 3011 (Vers.
2650 2942 2764 3011 38.)
2813 2965 2839 2990 ‹‹
2897 2941 2993 2996 Isti
3046 2941 3452 2996 habitaverunt
3513 2959 3543 2996 e
3595 2941 3793 3010 regione
3826 2938 3895 2992 fra-

2336 3035 2492 3084 trum
2527 3047 2767 3086 suorum
2800 3031 2858 3085 in
2891 3031 3212 3085 Jerusalem
3261 3048 3396 3086 cum
3455 3031 3719 3085 fratribus
3753 3028 3892 3082 suis.»

1044 3131 1069 3156 “
1126 3107 1360 3211 Αῑανίίιξ
1405 3124 1635 3178 quoque
1681 3107 2158 3211 ﬁlius.¥f310bi33:
2193 3128 2218 3160 ⁸
2258 3147 2298 3211 C
2338 3119 2772 3183 Quamvisloris
2793 3136 2992 3175 muros
3011 3119 3334 3175 Jerusalem
3361 3117 3897 3183 habitarent,dicuntnr

2342 3213 2573 3278 propter
2621 3207 2976 3263 vicinitatem
3027 3213 3222 3264 tamen
3271 3213 3327 3262 et
3371 3214 3712 3263 conventum
3756 3205 3835 3260 loci
3865 3203 3898 3256 in

2335 3297 2660 3352 Jerusalem
2697 3297 3013 3352 habitasse.

2408 3412 2592 3484 (Vers.
2625 3413 2738 3483 39.)
2773 3434 2800 3461 ‹‹
2850 3412 3177 3468 Aminadab
3228 3411 3381 3466 filius
3414 3411 3580 3480 Saul,
3613 3435 3637 3460 η
3668 3412 3719 3466 in
3749 3405 3898 3465 Parali-

2337 3516 2674 3571 pomenon:
2727 3499 2787 3553 In
2849 3499 3072 3571 Regum
3122 3516 3276 3569 vero,
3329 3499 3428 3554 ubi
3481 3501 3700 3556 occisus
3727 3504 3798 3553 est
3819 3509 3904 3550 cum

2337 3594 2522 3661 patre,
2554 3588 2857 3644 Abinadab
2887 3593 3146 3656 vocatur,
3181 3588 3237 3642 id
3269 3593 3358 3643 est
3387 3589 3558 3644 Pater
3607 3605 3740 3644 meus
3765 3589 3903 3640 rotam.

2337 3678 2397 3732 In
2431 3677 2563 3733 aliis
2593 3693 2723 3732 vero
2756 3675 2898 3732 locis
2927 3676 3110 3741 Jesbi,
3141 3676 3198 3731 id
3232 3682 3320 3731 est
3350 3682 3682 3750 coaequatus.

2406 3794 2602 3864 (lbid.)
2633 3816 2660 3842 ‹‹
2693 3792 2903 3848 Asbaal
2940 3792 3093 3848 lilius
3124 3793 3280 3860 Saul,
3330 3815 3358 3843 »
3395 3794 3524 3865 ipse
3564 3800 3649 3848 est
3693 3784 3904 3846 lsboseth.

2334 3883 2542 3938 Esbaal
2576 3883 2996 3954 interpretatur
3046 3885 3195 3951 ignis
3251 3885 3517 3949 maritus,
3580 3878 3826 3941 lsuosetb,
3857 3874 3908 3927 vi!

2332 3975 2618 4043 confusion
2629 3974 2694 4027 is.

2406 4087 2594 4158 (Vers.
2629 4087 2742 4157 40.)
2776 4109 2804 4137 ‹‹
2848 4087 3028 4142 Filius
3073 4088 3383 4143 Jonatbam
3438 4084 3726 4150 Meribaal,
3768 4079 3845 4154 qui
3877 4079 3911 4130 et

2335 4176 2712 4242 Meribabaal,
2750 4199 2776 4225 ››
2817 4177 2943 4248 ipse
2980 4182 3071 4232 est
3121 4177 3540 4248 Mipbiboseth.
3595 4167 3910 4231 Meribaalin-

2332 4270 2685 4337 terpretatur
2713 4266 2938 4336 Irtigans
2953 4281 3075 4320 cum
3105 4267 3322 4321 marito.
3355 4262 3722 4328 Meribabaal,
3752 4259 3909 4328 ιὶιὶραιυ

2335 4357 2390 4408 in
2424 4357 2714 4410 maritum.

2402 4472 2588 4542 (Vers.
2625 4471 2738 4542 43.)
2773 4471 3032 4542 Raphaia
3057 4477 3114 4526 et
3154 4471 3356 4543 Rapha
3389 4489 3581 4526 unum
3625 4481 3808 4525 nomen
3840 4461 3909 4518 est.

2332 4559 2488 4615 filius
2520 4559 2718 4626 Binaa,
2779 4559 2880 4614 filii
2942 4560 3122 4616 Mosa.
3185 4559 3388 4632 Rapha
3447 4546 3910 4632 interpretaturdl-

2330 4651 2506 4719 ﬂuens
2535 4649 2608 4721 (b)
2634 4667 2646 4715 ;
2685 4649 2945 4721 Raphaia
2975 4650 3246 4705 medicina
3278 4651 3393 4704 Dei.

2407 4765 2593 4836 (Vers.
2625 4765 2741 4833 44.)
2767 4764 3107 4821 Azaricham
3162 4767 3344 4822 Bocru
3403 4765 3584 4821 unius
3615 4758 3841 4818 hominis
3857 4752 3910 4806 αι

2334 4871 2566 4910 nomen.
2610 4853 2792 4908 Bocru
2827 4854 3240 4925 interpretatur
3266 4856 3686 4926 primogenitus.
3718 4842 3910 4904 Τηόῠηί

2333 4943 2490 4998 enim
2517 4959 2648 4997 eum
2675 4944 3032 5014 armigerum
3057 4943 3192 4998 Saul
3219 4943 3408 4998 Doeeh
3432 4943 3748 4997 Idumeum
3769 4933 3908 5014 {uisui

2335 5037 2392 5087 et
2421 5047 2665 5103 puerum
2699 5032 2798 5102 qui
2832 5011 3103 5086 diadema
3133 5036 3188 5086 et
3217 5031 3510 5086 armiliam
3543 5029 3639 5085 Sal
3671 5011 3908 5103 detulitltl

2336 5100 2513 5176 David
2547 5100 2733 5175 filium
2767 5119 2955 5175 Doech
3014 5119 3273 5176 Idumaei.
3331 5120 3535 5192 Ipsum
3594 5118 3755 5174 etiam
3785 5100 3908 5167 Doctill

577 5373 599 5408 ⁸
627 5372 873 5431 Noverat
903 5377 1177 5436 Hebraeus
1227 5387 1426 5438 noster
1468 5383 1914 5458 Evangeliorum
1947 5385 2266 5454 volumina,
2300 5391 2470 5443 antea
2503 5385 2784 5453 Matthazi,
2818 5391 2876 5441 et
2908 5386 2999 5440 hic
3034 5383 3218 5440 Lucae.

649 5609 685 5656 α
712 5595 822 5650 Pro
855 5595 1066 5674 uxoris,
1095 5597 1155 5652 in
1187 5613 1315 5658 meo
1346 5616 1458 5658 ms.
1490 5606 1580 5660 est
1609 5606 1822 5664 matris.

2414 5601 2442 5664 ὸ
2472 5601 2534 5660 In
2561 5619 2670 5662 ms.
2706 5617 2836 5664 meo
2866 5601 3070 5680 deflens
3100 5617 3203 5679 pro
3233 5599 3492 5680 deﬂuens.
