  <div class='ocr_page' id='page_1' title='image "/cluster/home/n/w/nwhite01/storage/ocr_20150623/23/hvd.32044052772480/730.png"; bbox 0 0 4070 6166; ppageno 0'>
   <div class='ocr_carea' id='block_1_1' title="bbox 228 230 385 302">
    <p class='ocr_par' dir='ltr' id='par_1_1' title="bbox 228 230 385 302">
     <span class='ocr_line' id='line_1_1' title="bbox 228 230 385 302; baseline 0.013 -2"><span class='ocrx_word' id='word_1_1' title='bbox 228 230 385 302; x_wconf 67' lang='lat'>{445</span> 
     </span>
    </p>
   </div>
   <div class='ocr_carea' id='block_1_2' title="bbox 1180 236 2700 314">
    <p class='ocr_par' dir='ltr' id='par_1_2' title="bbox 1180 236 2700 314">
     <span class='ocr_line' id='line_1_2' title="bbox 1180 236 2700 314; baseline 0.002 -9"><span class='ocrx_word' id='word_1_2' title='bbox 1180 243 1483 314; x_wconf 74' lang='lat' dir='ltr'>QU/EST.</span> <span class='ocrx_word' id='word_1_3' title='bbox 1532 236 1897 303; x_wconf 76' lang='lat' dir='ltr'>REBRAIC.</span> <span class='ocrx_word' id='word_1_4' title='bbox 1942 236 2023 298; x_wconf 90' lang='lat' dir='ltr'>IN</span> <span class='ocrx_word' id='word_1_5' title='bbox 2070 239 2219 301; x_wconf 85' lang='lat' dir='ltr'>LIB.</span> <span class='ocrx_word' id='word_1_6' title='bbox 2267 242 2289 302; x_wconf 90' lang='grc' dir='ltr'><strong>Ι</strong></span> <span class='ocrx_word' id='word_1_7' title='bbox 2336 245 2700 307; x_wconf 86' lang='lat' dir='ltr'>PARALIP.</span> 
     </span>
    </p>
   </div>
   <div class='ocr_carea' id='block_1_3' title="bbox 3481 250 3653 314">
    <p class='ocr_par' dir='ltr' id='par_1_3' title="bbox 3481 250 3653 314">
     <span class='ocr_line' id='line_1_3' title="bbox 3481 250 3653 314; baseline 0.029 -5"><span class='ocrx_word' id='word_1_8' title='bbox 3481 253 3504 309; x_wconf 76' lang='lat' dir='ltr'>i</span> <span class='ocrx_word' id='word_1_9' title='bbox 3517 250 3653 314; x_wconf 61' lang='grc'>446⁸</span> 
     </span>
    </p>
   </div>
   <div class='ocr_carea' id='block_1_4' title="bbox 225 370 3635 449">
    <p class='ocr_par' dir='ltr' id='par_1_4' title="bbox 225 370 3635 449">
     <span class='ocr_line' id='line_1_4' title="bbox 225 370 3635 449; baseline 0.003 -21"><span class='ocrx_word' id='word_1_10' title='bbox 225 373 424 429; x_wconf 81' lang='lat' dir='ltr'>ferunt</span> <span class='ocrx_word' id='word_1_11' title='bbox 453 370 702 446; x_wconf 89' lang='lat' dir='ltr'>puerum</span> <span class='ocrx_word' id='word_1_12' title='bbox 738 374 877 431; x_wconf 89' lang='lat' dir='ltr'>Saul</span> <span class='ocrx_word' id='word_1_13' title='bbox 910 375 1110 443; x_wconf 87' lang='lat' dir='ltr'>fuisse,</span> <span class='ocrx_word' id='word_1_14' title='bbox 1144 377 1241 448; x_wconf 75' lang='lat' dir='ltr'>Qui</span> <span class='ocrx_word' id='word_1_15' title='bbox 1278 393 1408 431; x_wconf 90' lang='lat' dir='ltr'>cum</span> <span class='ocrx_word' id='word_1_16' title='bbox 1443 394 1509 432; x_wconf 90' lang='lat' dir='ltr'>eo</span> <span class='ocrx_word' id='word_1_17' title='bbox 1553 377 1884 449; x_wconf 83' lang='lat' dir='ltr'>perrexerat</span> <span class='ocrx_word' id='word_1_18' title='bbox 1913 370 1967 438; x_wconf 82' lang='grc' dir='ltr'><strong>Α</strong></span> <span class='ocrx_word' id='word_1_19' title='bbox 1999 374 2135 443; x_wconf 84' lang='lat' dir='ltr'>quia</span> <span class='ocrx_word' id='word_1_20' title='bbox 2162 380 2283 431; x_wconf 86' lang='lat' dir='ltr'>tam</span> <span class='ocrx_word' id='word_1_21' title='bbox 2317 378 2492 435; x_wconf 92' lang='lat' dir='ltr'>fortes</span> <span class='ocrx_word' id='word_1_22' title='bbox 2522 381 2676 436; x_wconf 89' lang='lat' dir='ltr'>viros</span> <span class='ocrx_word' id='word_1_23' title='bbox 2705 381 2763 435; x_wconf 90' lang='lat' dir='ltr'>in</span> <span class='ocrx_word' id='word_1_24' title='bbox 2798 380 2972 436; x_wconf 82' lang='lat' dir='ltr'>Israel</span> <span class='ocrx_word' id='word_1_25' title='bbox 3022 381 3276 438; x_wconf 79' lang='lat' dir='ltr'>dederat.</span> <span class='ocrx_word' id='word_1_26' title='bbox 3310 383 3381 439; x_wconf 83' lang='lat' dir='ltr'>Et</span> <span class='ocrx_word' id='word_1_27' title='bbox 3427 386 3635 440; x_wconf 89' lang='lat' dir='ltr'>notan-</span> 
     </span>
    </p>
   </div>
   <div class='ocr_carea' id='block_1_5' title="bbox 226 463 1296 538">
    <p class='ocr_par' dir='ltr' id='par_1_5' title="bbox 226 463 1296 538">
     <span class='ocr_line' id='line_1_5' title="bbox 226 463 1296 538; baseline 0.001 -20"><span class='ocrx_word' id='word_1_28' title='bbox 226 464 297 519; x_wconf 88' lang='lat' dir='ltr'>ad</span> <span class='ocrx_word' id='word_1_29' title='bbox 322 463 706 535; x_wconf 89' lang='lat' dir='ltr'>requirendas</span> <span class='ocrx_word' id='word_1_30' title='bbox 740 465 937 521; x_wconf 85' lang='lat' dir='ltr'>asinae</span> <span class='ocrx_word' id='word_1_31' title='bbox 971 466 1153 538; x_wconf 82' lang='lat' dir='ltr'>patris</span> <span class='ocrx_word' id='word_1_32' title='bbox 1186 465 1296 521; x_wconf 88' lang='lat' dir='ltr'>sui.</span> 
     </span>
    </p>
   </div>
   <div class='ocr_carea' id='block_1_6' title="bbox 296 552 1880 627">
    <p class='ocr_par' dir='ltr' id='par_1_6' title="bbox 296 552 1880 627">
     <span class='ocr_line' id='line_1_6' title="bbox 296 552 1880 627; baseline 0.001 -20"><span class='ocrx_word' id='word_1_33' title='bbox 296 552 458 624; x_wconf 90' lang='lat' dir='ltr'>(Cap.</span> <span class='ocrx_word' id='word_1_34' title='bbox 494 553 559 608; x_wconf 83' lang='lat' dir='ltr'>X.</span> <span class='ocrx_word' id='word_1_35' title='bbox 600 554 858 610; x_wconf 90' lang='lat' dir='ltr'>—Vers.</span> <span class='ocrx_word' id='word_1_36' title='bbox 912 556 991 627; x_wconf 88' lang='lat'>6.)</span> <span class='ocrx_word' id='word_1_37' title='bbox 1050 578 1077 605; x_wconf 87' lang='lat'><strong>«</strong></span> <span class='ocrx_word' id='word_1_38' title='bbox 1138 554 1364 611; x_wconf 90' lang='lat' dir='ltr'>Interiit</span> <span class='ocrx_word' id='word_1_39' title='bbox 1419 571 1555 627; x_wconf 85' lang='lat' dir='ltr'>ergo</span> <span class='ocrx_word' id='word_1_40' title='bbox 1613 553 1769 617; x_wconf 88' lang='lat' dir='ltr'>Saul,</span> <span class='ocrx_word' id='word_1_41' title='bbox 1824 556 1880 609; x_wconf 90' lang='lat' dir='ltr'>et</span> 
     </span>
    </p>
   </div>
   <div class='ocr_carea' id='block_1_7' title="bbox 222 641 1878 716">
    <p class='ocr_par' dir='ltr' id='par_1_7' title="bbox 222 641 1878 716">
     <span class='ocr_line' id='line_1_7' title="bbox 222 641 1878 716; baseline 0.001 -20"><span class='ocrx_word' id='word_1_42' title='bbox 222 644 344 697; x_wconf 81' lang='lat' dir='ltr'>tres</span> <span class='ocrx_word' id='word_1_43' title='bbox 374 641 477 697; x_wconf 85' lang='lat' dir='ltr'>ﬁlii</span> <span class='ocrx_word' id='word_1_44' title='bbox 509 643 657 713; x_wconf 88' lang='lat' dir='ltr'>ejus,</span> <span class='ocrx_word' id='word_1_45' title='bbox 691 648 748 698; x_wconf 92' lang='lat' dir='ltr'>et</span> <span class='ocrx_word' id='word_1_46' title='bbox 778 643 969 699; x_wconf 89' lang='lat' dir='ltr'>omnis</span> <span class='ocrx_word' id='word_1_47' title='bbox 1003 644 1213 700; x_wconf 90' lang='lat' dir='ltr'>domus</span> <span class='ocrx_word' id='word_1_48' title='bbox 1263 645 1391 716; x_wconf 88' lang='lat' dir='ltr'>ejus</span> <span class='ocrx_word' id='word_1_49' title='bbox 1441 645 1657 715; x_wconf 88' lang='lat' dir='ltr'>pariter</span> <span class='ocrx_word' id='word_1_50' title='bbox 1686 643 1878 699; x_wconf 87' lang='lat' dir='ltr'>conci-</span> 
     </span>
    </p>
   </div>
   <div class='ocr_carea' id='block_1_8' title="bbox 223 730 1878 805">
    <p class='ocr_par' dir='ltr' id='par_1_8' title="bbox 223 730 1878 805">
     <span class='ocr_line' id='line_1_8' title="bbox 223 730 1878 805; baseline 0 -19"><span class='ocrx_word' id='word_1_51' title='bbox 223 730 330 785; x_wconf 91' lang='lat' dir='ltr'>dit.</span> <span class='ocrx_word' id='word_1_52' title='bbox 364 752 392 781; x_wconf 84' lang='lat'>»</span> <span class='ocrx_word' id='word_1_53' title='bbox 444 735 691 787; x_wconf 91' lang='lat' dir='ltr'>Domum</span> <span class='ocrx_word' id='word_1_54' title='bbox 735 734 865 804; x_wconf 89' lang='lat' dir='ltr'>ejus</span> <span class='ocrx_word' id='word_1_55' title='bbox 915 733 1131 805; x_wconf 89' lang='lat' dir='ltr'>pariter</span> <span class='ocrx_word' id='word_1_56' title='bbox 1178 734 1504 789; x_wconf 84' lang='lat' dir='ltr'>concidisse</span> <span class='ocrx_word' id='word_1_57' title='bbox 1552 733 1713 801; x_wconf 84' lang='lat' dir='ltr'>dicit,</span> <span class='ocrx_word' id='word_1_58' title='bbox 1762 749 1878 787; x_wconf 92' lang='lat' dir='ltr'>non</span> 
     </span>
    </p>
   </div>
   <div class='ocr_carea' id='block_1_9' title="bbox 222 822 1881 894">
    <p class='ocr_par' dir='ltr' id='par_1_9' title="bbox 222 822 1881 894">
     <span class='ocr_line' id='line_1_9' title="bbox 222 822 1881 894; baseline 0.001 -21"><span class='ocrx_word' id='word_1_59' title='bbox 222 822 434 876; x_wconf 88' lang='lat' dir='ltr'>utnon</span> <span class='ocrx_word' id='word_1_60' title='bbox 466 826 643 888; x_wconf 80' lang='lat' dir='ltr'>esset,</span> <span class='ocrx_word' id='word_1_61' title='bbox 675 822 746 877; x_wconf 92' lang='lat' dir='ltr'>de</span> <span class='ocrx_word' id='word_1_62' title='bbox 795 822 1009 894; x_wconf 88' lang='lat' dir='ltr'>quibus</span> <span class='ocrx_word' id='word_1_63' title='bbox 1059 822 1170 878; x_wconf 80' lang='lat' dir='ltr'>fuit</span> <span class='ocrx_word' id='word_1_64' title='bbox 1221 822 1640 889; x_wconf 81' lang='lat' dir='ltr'>Mardochaeus,</span> <span class='ocrx_word' id='word_1_65' title='bbox 1684 822 1783 878; x_wconf 86' lang='lat' dir='ltr'>sed</span> <span class='ocrx_word' id='word_1_66' title='bbox 1816 826 1881 877; x_wconf 91' lang='lat' dir='ltr'>ut</span> 
     </span>
    </p>
   </div>
   <div class='ocr_carea' id='block_1_10' title="bbox 221 914 659 983">
    <p class='ocr_par' dir='ltr' id='par_1_10' title="bbox 221 914 659 983">
     <span class='ocr_line' id='line_1_10' title="bbox 221 914 659 983; baseline 0 -19"><span class='ocrx_word' id='word_1_67' title='bbox 221 925 340 964; x_wconf 89' lang='lat' dir='ltr'>non</span> <span class='ocrx_word' id='word_1_68' title='bbox 372 914 659 983; x_wconf 81' lang='lat' dir='ltr'>regnaret.</span> 
     </span>
    </p>
   </div>
   <div class='ocr_carea' id='block_1_11' title="bbox 294 999 1878 1073">
    <p class='ocr_par' dir='ltr' id='par_1_11' title="bbox 294 999 1878 1073">
     <span class='ocr_line' id='line_1_11' title="bbox 294 999 1878 1073; baseline 0.004 -21"><span class='ocrx_word' id='word_1_69' title='bbox 294 999 484 1071; x_wconf 88' lang='lat' dir='ltr'>(Vers.</span> <span class='ocrx_word' id='word_1_70' title='bbox 547 1000 660 1071; x_wconf 69' lang='grc'>10.)</span> <span class='ocrx_word' id='word_1_71' title='bbox 706 1023 734 1049; x_wconf 88' lang='grc'><em>‹‹</em></span> <span class='ocrx_word' id='word_1_72' title='bbox 785 1001 854 1055; x_wconf 86' lang='lat' dir='ltr'>Et</span> <span class='ocrx_word' id='word_1_73' title='bbox 896 1004 1072 1073; x_wconf 89' lang='lat' dir='ltr'>caput</span> <span class='ocrx_word' id='word_1_74' title='bbox 1120 1002 1247 1073; x_wconf 83' lang='lat' dir='ltr'>ejus</span> <span class='ocrx_word' id='word_1_75' title='bbox 1296 1002 1604 1057; x_wconf 82' lang='lat' dir='ltr'>afﬁxerunt</span> <span class='ocrx_word' id='word_1_76' title='bbox 1633 1001 1688 1055; x_wconf 87' lang='lat' dir='ltr'>in</span> <span class='ocrx_word' id='word_1_77' title='bbox 1729 1005 1878 1058; x_wconf 85' lang='lat' dir='ltr'>tem-</span> 
     </span>
    </p>
   </div>
   <div class='ocr_carea' id='block_1_12' title="bbox 221 1088 1877 1164">
    <p class='ocr_par' dir='ltr' id='par_1_12' title="bbox 221 1088 1877 1164">
     <span class='ocr_line' id='line_1_12' title="bbox 221 1088 1877 1164; baseline 0.003 -21"><span class='ocrx_word' id='word_1_78' title='bbox 221 1088 317 1162; x_wconf 86' lang='lat' dir='ltr'>plo</span> <span class='ocrx_word' id='word_1_79' title='bbox 349 1089 565 1163; x_wconf 87' lang='lat' dir='ltr'>Dagon.</span> <span class='ocrx_word' id='word_1_80' title='bbox 602 1111 629 1138; x_wconf 81' lang='lat' dir='ltr'>n</span> <span class='ocrx_word' id='word_1_81' title='bbox 662 1088 722 1144; x_wconf 91' lang='lat' dir='ltr'>In</span> <span class='ocrx_word' id='word_1_82' title='bbox 756 1090 991 1145; x_wconf 81' lang='lat' dir='ltr'>Hebraeo</span> <span class='ocrx_word' id='word_1_83' title='bbox 1020 1107 1135 1146; x_wconf 92' lang='lat' dir='ltr'>non</span> <span class='ocrx_word' id='word_1_84' title='bbox 1176 1094 1371 1163; x_wconf 90' lang='lat' dir='ltr'>caput,</span> <span class='ocrx_word' id='word_1_85' title='bbox 1407 1091 1505 1145; x_wconf 87' lang='lat' dir='ltr'>sed</span> <span class='ocrx_word' id='word_1_86' title='bbox 1556 1107 1747 1164; x_wconf 73' lang='lat' dir='ltr'>corpus</span> <span class='ocrx_word' id='word_1_87' title='bbox 1774 1092 1877 1147; x_wconf 85' lang='lat' dir='ltr'>ha-</span> 
     </span>
    </p>
   </div>
   <div class='ocr_carea' id='block_1_13' title="bbox 218 1178 1876 1250">
    <p class='ocr_par' dir='ltr' id='par_1_13' title="bbox 218 1178 1876 1250">
     <span class='ocr_line' id='line_1_13' title="bbox 218 1178 1876 1250; baseline 0.002 -18"><span class='ocrx_word' id='word_1_88' title='bbox 218 1178 410 1246; x_wconf 89' lang='lat' dir='ltr'>betur,</span> <span class='ocrx_word' id='word_1_89' title='bbox 444 1178 583 1249; x_wconf 88' lang='lat' dir='ltr'>quia</span> <span class='ocrx_word' id='word_1_90' title='bbox 613 1184 786 1250; x_wconf 89' lang='lat' dir='ltr'>caput</span> <span class='ocrx_word' id='word_1_91' title='bbox 806 1180 931 1249; x_wconf 81' lang='lat' dir='ltr'>jam</span> <span class='ocrx_word' id='word_1_92' title='bbox 984 1180 1265 1235; x_wconf 86' lang='lat' dir='ltr'>miserant</span> <span class='ocrx_word' id='word_1_93' title='bbox 1310 1180 1380 1235; x_wconf 93' lang='lat' dir='ltr'>ad</span> <span class='ocrx_word' id='word_1_94' title='bbox 1431 1180 1876 1236; x_wconf 87' lang='lat' dir='ltr'>circumducen-</span> 
     </span>
    </p>
   </div>
   <div class='ocr_carea' id='block_1_14' title="bbox 220 1267 1874 1339">
    <p class='ocr_par' dir='ltr' id='par_1_14' title="bbox 220 1267 1874 1339">
     <span class='ocr_line' id='line_1_14' title="bbox 220 1267 1874 1339; baseline 0.003 -18"><span class='ocrx_word' id='word_1_95' title='bbox 220 1267 385 1323; x_wconf 90' lang='lat' dir='ltr'>dum.</span> <span class='ocrx_word' id='word_1_96' title='bbox 420 1267 483 1322; x_wconf 84' lang='lat' dir='ltr'>In</span> <span class='ocrx_word' id='word_1_97' title='bbox 517 1267 739 1339; x_wconf 85' lang='lat' dir='ltr'>Regum</span> <span class='ocrx_word' id='word_1_98' title='bbox 772 1284 905 1323; x_wconf 91' lang='lat' dir='ltr'>vero</span> <span class='ocrx_word' id='word_1_99' title='bbox 930 1268 1211 1323; x_wconf 84' lang='lat' dir='ltr'>scribitur</span> <span class='ocrx_word' id='word_1_100' title='bbox 1234 1268 1292 1324; x_wconf 90' lang='lat' dir='ltr'>in</span> <span class='ocrx_word' id='word_1_101' title='bbox 1315 1268 1589 1325; x_wconf 87' lang='lat' dir='ltr'>Betbsan.</span> <span class='ocrx_word' id='word_1_102' title='bbox 1623 1270 1874 1326; x_wconf 91' lang='lat' dir='ltr'>Bethsan</span> 
     </span>
    </p>
   </div>
   <div class='ocr_carea' id='block_1_15' title="bbox 218 1356 1875 1431">
    <p class='ocr_par' dir='ltr' id='par_1_15' title="bbox 218 1356 1875 1431">
     <span class='ocr_line' id='line_1_15' title="bbox 218 1356 1875 1431; baseline 0.002 -20"><span class='ocrx_word' id='word_1_103' title='bbox 218 1356 375 1412; x_wconf 89' lang='lat' dir='ltr'>enim</span> <span class='ocrx_word' id='word_1_104' title='bbox 409 1356 649 1411; x_wconf 86' lang='lat' dir='ltr'>tradunt</span> <span class='ocrx_word' id='word_1_105' title='bbox 677 1360 939 1412; x_wconf 87' lang='lat' dir='ltr'>vocatam</span> <span class='ocrx_word' id='word_1_106' title='bbox 995 1357 1236 1413; x_wconf 92' lang='lat' dir='ltr'>domum</span> <span class='ocrx_word' id='word_1_107' title='bbox 1286 1359 1508 1431; x_wconf 89' lang='lat' dir='ltr'>Dagon,</span> <span class='ocrx_word' id='word_1_108' title='bbox 1540 1376 1665 1430; x_wconf 70' lang='lat' dir='ltr'>quae</span> <span class='ocrx_word' id='word_1_109' title='bbox 1698 1359 1875 1415; x_wconf 88' lang='lat' dir='ltr'>inter-</span> 
     </span>
    </p>
   </div>
   <div class='ocr_carea' id='block_1_16' title="bbox 216 1444 1876 1517">
    <p class='ocr_par' dir='ltr' id='par_1_16' title="bbox 216 1444 1876 1517">
     <span class='ocr_line' id='line_1_16' title="bbox 216 1444 1876 1517; baseline 0.002 -16"><span class='ocrx_word' id='word_1_110' title='bbox 216 1449 480 1517; x_wconf 89' lang='lat' dir='ltr'>pretatur</span> <span class='ocrx_word' id='word_1_111' title='bbox 508 1444 700 1502; x_wconf 88' lang='lat' dir='ltr'>domus</span> <span class='ocrx_word' id='word_1_112' title='bbox 727 1446 1074 1503; x_wconf 77' lang='lat' dir='ltr'>dormientis.</span> <span class='ocrx_word' id='word_1_113' title='bbox 1123 1446 1254 1502; x_wconf 86' lang='lat' dir='ltr'>Alia</span> <span class='ocrx_word' id='word_1_114' title='bbox 1298 1454 1385 1503; x_wconf 89' lang='lat' dir='ltr'>est</span> <span class='ocrx_word' id='word_1_115' title='bbox 1414 1448 1572 1503; x_wconf 91' lang='lat' dir='ltr'>enim</span> <span class='ocrx_word' id='word_1_116' title='bbox 1624 1448 1876 1504; x_wconf 84' lang='lat' dir='ltr'>Bethsan</span> 
     </span>
    </p>
   </div>
   <div class='ocr_carea' id='block_1_17' title="bbox 217 1534 1875 1609">
    <p class='ocr_par' dir='ltr' id='par_1_17' title="bbox 217 1534 1875 1609">
     <span class='ocr_line' id='line_1_17' title="bbox 217 1534 1875 1609; baseline 0.004 -21"><span class='ocrx_word' id='word_1_117' title='bbox 217 1535 278 1588; x_wconf 89' lang='lat' dir='ltr'>in</span> <span class='ocrx_word' id='word_1_118' title='bbox 309 1534 608 1603; x_wconf 86' lang='lat' dir='ltr'>Judicum,</span> <span class='ocrx_word' id='word_1_119' title='bbox 644 1540 699 1590; x_wconf 91' lang='lat' dir='ltr'>et</span> <span class='ocrx_word' id='word_1_120' title='bbox 727 1535 786 1590; x_wconf 90' lang='lat' dir='ltr'>in</span> <span class='ocrx_word' id='word_1_121' title='bbox 816 1539 1018 1606; x_wconf 89' lang='lat' dir='ltr'>Josue,</span> <span class='ocrx_word' id='word_1_122' title='bbox 1055 1553 1184 1608; x_wconf 71' lang='lat' dir='ltr'>quae</span> <span class='ocrx_word' id='word_1_123' title='bbox 1216 1536 1651 1609; x_wconf 85' lang='lat' dir='ltr'>interpretatur,</span> <span class='ocrx_word' id='word_1_124' title='bbox 1686 1537 1875 1594; x_wconf 81' lang='lat' dir='ltr'>domus</span> 
     </span>
    </p>
   </div>
   <div class='ocr_carea' id='block_1_18' title="bbox 216 1626 553 1678">
    <p class='ocr_par' dir='ltr' id='par_1_18' title="bbox 216 1626 553 1678">
     <span class='ocr_line' id='line_1_18' title="bbox 216 1626 553 1678; baseline 0 -1"><span class='ocrx_word' id='word_1_125' title='bbox 216 1626 553 1678; x_wconf 75' lang='lat' dir='ltr'>securitatis.</span> 
     </span>
    </p>
   </div>
   <div class='ocr_carea' id='block_1_19' title="bbox 288 1712 1953 1803">
    <p class='ocr_par' dir='ltr' id='par_1_19' title="bbox 288 1712 1953 1803">
     <span class='ocr_line' id='line_1_19' title="bbox 288 1712 1953 1803; baseline 0.001 -34"><span class='ocrx_word' id='word_1_126' title='bbox 288 1714 427 1785; x_wconf 87' lang='lat' dir='ltr'>(Cap</span> <span class='ocrx_word' id='word_1_127' title='bbox 479 1712 671 1803; x_wconf 11' lang='lat' dir='ltr'>XI.7—</span> <span class='ocrx_word' id='word_1_128' title='bbox 701 1714 863 1770; x_wconf 88' lang='lat' dir='ltr'>Vers.</span> <span class='ocrx_word' id='word_1_129' title='bbox 896 1714 975 1786; x_wconf 92' lang='lat'>8.)</span> <span class='ocrx_word' id='word_1_130' title='bbox 1010 1737 1037 1764; x_wconf 83' lang='lat'><strong>«</strong></span> <span class='ocrx_word' id='word_1_131' title='bbox 1085 1714 1231 1769; x_wconf 89' lang='lat' dir='ltr'>Joab</span> <span class='ocrx_word' id='word_1_132' title='bbox 1283 1719 1475 1771; x_wconf 88' lang='lat' dir='ltr'>autem</span> <span class='ocrx_word' id='word_1_133' title='bbox 1522 1714 1748 1787; x_wconf 89' lang='lat' dir='ltr'>reliqua</span> <span class='ocrx_word' id='word_1_134' title='bbox 1777 1734 1873 1772; x_wconf 91' lang='lat' dir='ltr'>ur-</span> <span class='ocrx_word' id='word_1_135' title='bbox 1905 1740 1953 1803; x_wconf 78' lang='grc' dir='ltr'><strong>Β</strong></span> 
     </span>
    </p>
   </div>
   <div class='ocr_carea' id='block_1_20' title="bbox 216 1802 1871 1877">
    <p class='ocr_par' dir='ltr' id='par_1_20' title="bbox 216 1802 1871 1877">
     <span class='ocr_line' id='line_1_20' title="bbox 216 1802 1871 1877; baseline 0.002 -19"><span class='ocrx_word' id='word_1_136' title='bbox 216 1802 308 1858; x_wconf 89' lang='lat' dir='ltr'>bis</span> <span class='ocrx_word' id='word_1_137' title='bbox 340 1802 642 1870; x_wconf 80' lang='lat' dir='ltr'>exstruxit,</span> <span class='ocrx_word' id='word_1_138' title='bbox 674 1826 693 1849; x_wconf 77' lang='grc' dir='ltr'><strong><em>η</em></strong></span> <span class='ocrx_word' id='word_1_139' title='bbox 734 1803 791 1857; x_wconf 92' lang='lat' dir='ltr'>id</span> <span class='ocrx_word' id='word_1_140' title='bbox 814 1807 921 1872; x_wconf 86' lang='lat' dir='ltr'>est,</span> <span class='ocrx_word' id='word_1_141' title='bbox 950 1804 1333 1875; x_wconf 87' lang='lat' dir='ltr'>pereuntibus</span> <span class='ocrx_word' id='word_1_142' title='bbox 1352 1803 1633 1860; x_wconf 74' lang='lat' dir='ltr'>Jebuszeis</span> <span class='ocrx_word' id='word_1_143' title='bbox 1653 1804 1871 1877; x_wconf 84' lang='lat' dir='ltr'>gladio,</span> 
     </span>
    </p>
   </div>
   <div class='ocr_carea' id='block_1_21' title="bbox 214 1890 1872 1964">
    <p class='ocr_par' dir='ltr' id='par_1_21' title="bbox 214 1890 1872 1964">
     <span class='ocr_line' id='line_1_21' title="bbox 214 1890 1872 1964; baseline 0.002 -17"><span class='ocrx_word' id='word_1_144' title='bbox 214 1892 267 1947; x_wconf 90' lang='lat' dir='ltr'>si</span> <span class='ocrx_word' id='word_1_145' title='bbox 298 1890 396 1963; x_wconf 91' lang='lat' dir='ltr'>qui</span> <span class='ocrx_word' id='word_1_146' title='bbox 430 1908 499 1948; x_wconf 81' lang='lat' dir='ltr'>ex</span> <span class='ocrx_word' id='word_1_147' title='bbox 529 1890 806 1948; x_wconf 87' lang='lat' dir='ltr'>Israelitis</span> <span class='ocrx_word' id='word_1_148' title='bbox 836 1892 990 1948; x_wconf 88' lang='lat' dir='ltr'>inter</span> <span class='ocrx_word' id='word_1_149' title='bbox 1018 1908 1117 1948; x_wconf 90' lang='lat' dir='ltr'>eos</span> <span class='ocrx_word' id='word_1_150' title='bbox 1148 1893 1367 1949; x_wconf 89' lang='lat' dir='ltr'>inventi</span> <span class='ocrx_word' id='word_1_151' title='bbox 1400 1893 1670 1964; x_wconf 85' lang='lat' dir='ltr'>fuissent,</span> <span class='ocrx_word' id='word_1_152' title='bbox 1704 1894 1774 1948; x_wconf 93' lang='lat' dir='ltr'>ab</span> <span class='ocrx_word' id='word_1_153' title='bbox 1806 1911 1872 1951; x_wconf 88' lang='lat' dir='ltr'>eo</span> 
     </span>
    </p>
   </div>
   <div class='ocr_carea' id='block_1_22' title="bbox 212 1980 1569 2037">
    <p class='ocr_par' dir='ltr' id='par_1_22' title="bbox 212 1980 1569 2037">
     <span class='ocr_line' id='line_1_22' title="bbox 212 1980 1569 2037; baseline -0.004 -1"><span class='ocrx_word' id='word_1_154' title='bbox 212 1980 612 2037; x_wconf 86' lang='lat' dir='ltr'>salvabantur.</span> <span class='ocrx_word' id='word_1_155' title='bbox 1564 2028 1569 2031; x_wconf 72' lang='grc'>,</span> 
     </span>
    </p>
   </div>
   <div class='ocr_carea' id='block_1_23' title="bbox 286 2068 1871 2143">
    <p class='ocr_par' dir='ltr' id='par_1_23' title="bbox 286 2068 1871 2143">
     <span class='ocr_line' id='line_1_23' title="bbox 286 2068 1871 2143; baseline 0.002 -19"><span class='ocrx_word' id='word_1_156' title='bbox 286 2068 473 2141; x_wconf 87' lang='lat' dir='ltr'>(Vers.</span> <span class='ocrx_word' id='word_1_157' title='bbox 521 2069 634 2138; x_wconf 85' lang='grc' dir='ltr'>Η.)</span> <span class='ocrx_word' id='word_1_158' title='bbox 687 2093 713 2121; x_wconf 87' lang='grc'><strong>‹‹</strong></span> <span class='ocrx_word' id='word_1_159' title='bbox 762 2071 1038 2127; x_wconf 88' lang='lat' dir='ltr'>Jesbaam</span> <span class='ocrx_word' id='word_1_160' title='bbox 1090 2070 1246 2127; x_wconf 84' lang='lat' dir='ltr'>filius</span> <span class='ocrx_word' id='word_1_161' title='bbox 1295 2071 1655 2127; x_wconf 88' lang='lat' dir='ltr'>Achamonni</span> <span class='ocrx_word' id='word_1_162' title='bbox 1708 2071 1871 2143; x_wconf 88' lang='lat' dir='ltr'>prin—</span> 
     </span>
    </p>
   </div>
   <div class='ocr_carea' id='block_1_24' title="bbox 214 2158 1869 2231">
    <p class='ocr_par' dir='ltr' id='par_1_24' title="bbox 214 2158 1869 2231">
     <span class='ocr_line' id='line_1_24' title="bbox 214 2158 1869 2231; baseline 0.001 -18"><span class='ocrx_word' id='word_1_163' title='bbox 214 2175 353 2231; x_wconf 88' lang='lat' dir='ltr'>ceps</span> <span class='ocrx_word' id='word_1_164' title='bbox 385 2158 491 2228; x_wconf 81' lang='lat' dir='ltr'>(At.</span> <span class='ocrx_word' id='word_1_165' title='bbox 526 2158 784 2230; x_wconf 89' lang='lat' dir='ltr'>ponitur)</span> <span class='ocrx_word' id='word_1_166' title='bbox 816 2159 969 2215; x_wconf 91' lang='lat' dir='ltr'>inter</span> <span class='ocrx_word' id='word_1_167' title='bbox 1000 2160 1256 2231; x_wconf 85' lang='lat' dir='ltr'>triginta.</span> <span class='ocrx_word' id='word_1_168' title='bbox 1295 2183 1322 2209; x_wconf 84' lang='lat'>»</span> <span class='ocrx_word' id='word_1_169' title='bbox 1376 2159 1649 2215; x_wconf 86' lang='lat' dir='ltr'>Jesbaam</span> <span class='ocrx_word' id='word_1_170' title='bbox 1692 2160 1869 2215; x_wconf 89' lang='lat' dir='ltr'>inter-</span> 
     </span>
    </p>
   </div>
   <div class='ocr_carea' id='block_1_25' title="bbox 213 2246 1867 2320">
    <p class='ocr_par' dir='ltr' id='par_1_25' title="bbox 213 2246 1867 2320">
     <span class='ocr_line' id='line_1_25' title="bbox 213 2246 1867 2320; baseline 0.002 -19"><span class='ocrx_word' id='word_1_171' title='bbox 213 2251 482 2319; x_wconf 87' lang='lat' dir='ltr'>pretatur</span> <span class='ocrx_word' id='word_1_172' title='bbox 534 2246 722 2303; x_wconf 85' lang='lat' dir='ltr'>sedens</span> <span class='ocrx_word' id='word_1_173' title='bbox 773 2250 827 2303; x_wconf 88' lang='lat' dir='ltr'>in</span> <span class='ocrx_word' id='word_1_174' title='bbox 878 2249 1110 2320; x_wconf 81' lang='lat' dir='ltr'>populo:</span> <span class='ocrx_word' id='word_1_175' title='bbox 1162 2248 1315 2304; x_wconf 86' lang='lat' dir='ltr'>{ilius</span> <span class='ocrx_word' id='word_1_176' title='bbox 1363 2248 1750 2314; x_wconf 84' lang='lat' dir='ltr'>Achamonni,</span> <span class='ocrx_word' id='word_1_177' title='bbox 1811 2249 1867 2304; x_wconf 92' lang='lat' dir='ltr'>id</span> 
     </span>
    </p>
   </div>
   <div class='ocr_carea' id='block_1_26' title="bbox 211 2337 1869 2409">
    <p class='ocr_par' dir='ltr' id='par_1_26' title="bbox 211 2337 1869 2409">
     <span class='ocr_line' id='line_1_26' title="bbox 211 2337 1869 2409; baseline 0.001 -18"><span class='ocrx_word' id='word_1_178' title='bbox 211 2340 322 2401; x_wconf 88' lang='lat' dir='ltr'>est,</span> <span class='ocrx_word' id='word_1_179' title='bbox 357 2337 817 2407; x_wconf 77' lang='lat' dir='ltr'>sapientissimus,</span> <span class='ocrx_word' id='word_1_180' title='bbox 852 2338 976 2409; x_wconf 88' lang='lat' dir='ltr'>ipse</span> <span class='ocrx_word' id='word_1_181' title='bbox 1007 2343 1095 2393; x_wconf 88' lang='lat' dir='ltr'>est</span> <span class='ocrx_word' id='word_1_182' title='bbox 1126 2338 1320 2394; x_wconf 89' lang='lat' dir='ltr'>David.</span> <span class='ocrx_word' id='word_1_183' title='bbox 1360 2337 1475 2393; x_wconf 88' lang='lat' dir='ltr'>Hoc</span> <span class='ocrx_word' id='word_1_184' title='bbox 1504 2343 1591 2393; x_wconf 86' lang='lat' dir='ltr'>est</span> <span class='ocrx_word' id='word_1_185' title='bbox 1624 2339 1777 2409; x_wconf 92' lang='lat' dir='ltr'>quod</span> <span class='ocrx_word' id='word_1_186' title='bbox 1809 2338 1869 2393; x_wconf 92' lang='lat' dir='ltr'>in</span> 
     </span>
    </p>
   </div>
   <div class='ocr_carea' id='block_1_27' title="bbox 211 2426 1871 2500">
    <p class='ocr_par' dir='ltr' id='par_1_27' title="bbox 211 2426 1871 2500">
     <span class='ocr_line' id='line_1_27' title="bbox 211 2426 1871 2500; baseline 0.001 -20"><span class='ocrx_word' id='word_1_187' title='bbox 211 2426 433 2497; x_wconf 81' lang='lat' dir='ltr'>Regum</span> <span class='ocrx_word' id='word_1_188' title='bbox 466 2426 778 2481; x_wconf 89' lang='lat' dir='ltr'>scribitur:</span> <span class='ocrx_word' id='word_1_189' title='bbox 814 2426 971 2482; x_wconf 80' lang='lat' dir='ltr'>Sedet</span> <span class='ocrx_word' id='word_1_190' title='bbox 1027 2429 1086 2482; x_wconf 89' lang='lat' dir='ltr'>in</span> <span class='ocrx_word' id='word_1_191' title='bbox 1123 2427 1379 2483; x_wconf 81' lang='lat' dir='ltr'>cathedra</span> <span class='ocrx_word' id='word_1_192' title='bbox 1436 2430 1871 2500; x_wconf 73' lang='lat' dir='ltr'>sapientissimus</span> 
     </span>
    </p>
   </div>
   <div class='ocr_carea' id='block_1_28' title="bbox 210 2514 1869 2589">
    <p class='ocr_par' dir='ltr' id='par_1_28' title="bbox 210 2514 1869 2589">
     <span class='ocr_line' id='line_1_28' title="bbox 210 2514 1869 2589; baseline 0.001 -19"><span class='ocrx_word' id='word_1_193' title='bbox 210 2514 286 2583; x_wconf 90' lang='lat' dir='ltr'>(II</span> <span class='ocrx_word' id='word_1_194' title='bbox 315 2516 441 2585; x_wconf 91' lang='lat' dir='ltr'>Reg.</span> <span class='ocrx_word' id='word_1_195' title='bbox 482 2532 645 2585; x_wconf 65' lang='grc' dir='ltr'>χχιιι,</span> <span class='ocrx_word' id='word_1_196' title='bbox 678 2516 760 2586; x_wconf 91' lang='grc'>8.)</span> <span class='ocrx_word' id='word_1_197' title='bbox 811 2520 868 2572; x_wconf 90' lang='lat' dir='ltr'>et</span> <span class='ocrx_word' id='word_1_198' title='bbox 918 2517 1209 2572; x_wconf 89' lang='lat' dir='ltr'>minuitur</span> <span class='ocrx_word' id='word_1_199' title='bbox 1258 2517 1327 2572; x_wconf 90' lang='lat' dir='ltr'>de</span> <span class='ocrx_word' id='word_1_200' title='bbox 1358 2516 1666 2589; x_wconf 88' lang='lat' dir='ltr'>sapientia,</span> <span class='ocrx_word' id='word_1_201' title='bbox 1701 2517 1869 2588; x_wconf 90' lang='lat' dir='ltr'>quasi</span> 
     </span>
    </p>
   </div>
   <div class='ocr_carea' id='block_1_29' title="bbox 208 2602 1867 2677">
    <p class='ocr_par' dir='ltr' id='par_1_29' title="bbox 208 2602 1867 2677">
     <span class='ocr_line' id='line_1_29' title="bbox 208 2602 1867 2677; baseline 0.001 -19"><span class='ocrx_word' id='word_1_202' title='bbox 208 2602 567 2659; x_wconf 87' lang='lat' dir='ltr'>vermiculus</span> <span class='ocrx_word' id='word_1_203' title='bbox 626 2603 772 2677; x_wconf 85' lang='lat' dir='ltr'>ligni</span> <span class='ocrx_word' id='word_1_204' title='bbox 832 2606 1186 2662; x_wconf 90' lang='lat' dir='ltr'>tenerrimus</span> <span class='ocrx_word' id='word_1_205' title='bbox 1253 2610 1487 2677; x_wconf 90' lang='lat' dir='ltr'>propter</span> <span class='ocrx_word' id='word_1_206' title='bbox 1542 2610 1867 2677; x_wconf 89' lang='lat' dir='ltr'>peccatum,</span> 
     </span>
    </p>
   </div>
   <div class='ocr_carea' id='block_1_30' title="bbox 203 2693 1868 2768">
    <p class='ocr_par' dir='ltr' id='par_1_30' title="bbox 203 2693 1868 2768">
     <span class='ocr_line' id='line_1_30' title="bbox 203 2693 1868 2768; baseline 0.001 -21"><span class='ocrx_word' id='word_1_207' title='bbox 203 2693 363 2764; x_wconf 91' lang='lat' dir='ltr'>quod</span> <span class='ocrx_word' id='word_1_208' title='bbox 398 2693 694 2749; x_wconf 90' lang='lat' dir='ltr'>commisit</span> <span class='ocrx_word' id='word_1_209' title='bbox 749 2695 807 2749; x_wconf 92' lang='lat' dir='ltr'>in</span> <span class='ocrx_word' id='word_1_210' title='bbox 856 2694 1074 2750; x_wconf 89' lang='lat' dir='ltr'>Uriam.</span> <span class='ocrx_word' id='word_1_211' title='bbox 1132 2696 1198 2750; x_wconf 86' lang='lat' dir='ltr'>Et</span> <span class='ocrx_word' id='word_1_212' title='bbox 1239 2712 1373 2751; x_wconf 90' lang='lat' dir='ltr'>cum</span> <span class='ocrx_word' id='word_1_213' title='bbox 1425 2694 1483 2750; x_wconf 89' lang='lat' dir='ltr'>in</span> <span class='ocrx_word' id='word_1_214' title='bbox 1518 2694 1738 2768; x_wconf 82' lang='lat' dir='ltr'>Regum</span> <span class='ocrx_word' id='word_1_215' title='bbox 1772 2711 1868 2750; x_wconf 88' lang='lat' dir='ltr'>vo-</span> 
     </span>
    </p>
   </div>
   <div class='ocr_carea' id='block_1_31' title="bbox 202 2781 1868 2856">
    <p class='ocr_par' dir='ltr' id='par_1_31' title="bbox 202 2781 1868 2856">
     <span class='ocr_line' id='line_1_31' title="bbox 202 2781 1868 2856; baseline 0.001 -20"><span class='ocrx_word' id='word_1_216' title='bbox 202 2781 433 2837; x_wconf 91' lang='lat' dir='ltr'>lumine</span> <span class='ocrx_word' id='word_1_217' title='bbox 464 2782 619 2837; x_wconf 89' lang='lat' dir='ltr'>dicat</span> <span class='ocrx_word' id='word_1_218' title='bbox 648 2781 1015 2855; x_wconf 87' lang='lat' dir='ltr'>octingentos</span> <span class='ocrx_word' id='word_1_219' title='bbox 1046 2783 1213 2838; x_wconf 90' lang='lat' dir='ltr'>illum</span> <span class='ocrx_word' id='word_1_220' title='bbox 1267 2800 1382 2838; x_wconf 89' lang='lat' dir='ltr'>uno</span> <span class='ocrx_word' id='word_1_221' title='bbox 1432 2784 1655 2856; x_wconf 88' lang='lat' dir='ltr'>impetu</span> <span class='ocrx_word' id='word_1_222' title='bbox 1687 2784 1868 2839; x_wconf 87' lang='lat' dir='ltr'>inter-</span> 
     </span>
    </p>
   </div>
   <div class='ocr_carea' id='block_1_32' title="bbox 204 2869 1867 2945">
    <p class='ocr_par' dir='ltr' id='par_1_32' title="bbox 204 2869 1867 2945">
     <span class='ocr_line' id='line_1_32' title="bbox 204 2869 1867 2945; baseline 0.003 -21"><span class='ocrx_word' id='word_1_223' title='bbox 204 2869 415 2926; x_wconf 80' lang='lat' dir='ltr'>fecisse</span> <span class='ocrx_word' id='word_1_224' title='bbox 462 2870 620 2942; x_wconf 86' lang='lat' dir='ltr'>(Ibid.</span> <span class='ocrx_word' id='word_1_225' title='bbox 656 2871 719 2942; x_wconf 93' lang='lat'>):</span> <span class='ocrx_word' id='word_1_226' title='bbox 772 2872 829 2926; x_wconf 91' lang='lat' dir='ltr'>in</span> <span class='ocrx_word' id='word_1_227' title='bbox 883 2871 1360 2945; x_wconf 89' lang='lat' dir='ltr'>Paralipomenon</span> <span class='ocrx_word' id='word_1_228' title='bbox 1421 2872 1514 2927; x_wconf 90' lang='lat' dir='ltr'>hic</span> <span class='ocrx_word' id='word_1_229' title='bbox 1563 2872 1703 2927; x_wconf 90' lang='lat' dir='ltr'>dicit</span> <span class='ocrx_word' id='word_1_230' title='bbox 1749 2877 1867 2929; x_wconf 89' lang='lat' dir='ltr'>tre—</span> 
     </span>
    </p>
   </div>
   <div class='ocr_carea' id='block_1_33' title="bbox 204 2960 1865 3034">
    <p class='ocr_par' dir='ltr' id='par_1_33' title="bbox 204 2960 1865 3034">
     <span class='ocr_line' id='line_1_33' title="bbox 204 2960 1865 3034; baseline 0.001 -20"><span class='ocrx_word' id='word_1_231' title='bbox 204 2963 407 3015; x_wconf 85' lang='lat' dir='ltr'>centos</span> <span class='ocrx_word' id='word_1_232' title='bbox 430 2977 562 3015; x_wconf 91' lang='lat' dir='ltr'>eum</span> <span class='ocrx_word' id='word_1_233' title='bbox 592 2960 950 3016; x_wconf 85' lang='lat' dir='ltr'>interfecisse</span> <span class='ocrx_word' id='word_1_234' title='bbox 972 2961 1049 3033; x_wconf 89' lang='lat' dir='ltr'>(a)</span> <span class='ocrx_word' id='word_1_235' title='bbox 1068 2966 1304 3034; x_wconf 90' lang='lat' dir='ltr'>propter</span> <span class='ocrx_word' id='word_1_236' title='bbox 1324 2962 1517 3033; x_wconf 90' lang='lat' dir='ltr'>ipsum</span> <span class='ocrx_word' id='word_1_237' title='bbox 1543 2966 1865 3033; x_wconf 90' lang='lat' dir='ltr'>peccatum.</span> 
     </span>
    </p>
   </div>
   <div class='ocr_carea' id='block_1_34' title="bbox 210 3048 1868 3122">
    <p class='ocr_par' dir='ltr' id='par_1_34' title="bbox 210 3048 1868 3122">
     <span class='ocr_line' id='line_1_34' title="bbox 210 3048 1868 3122; baseline 0.001 -18"><span class='ocrx_word' id='word_1_238' title='bbox 210 3048 335 3104; x_wconf 90' lang='lat' dir='ltr'>Una</span> <span class='ocrx_word' id='word_1_239' title='bbox 364 3049 488 3104; x_wconf 90' lang='lat' dir='ltr'>vice</span> <span class='ocrx_word' id='word_1_240' title='bbox 540 3048 888 3122; x_wconf 85' lang='lat' dir='ltr'>intelligitur</span> <span class='ocrx_word' id='word_1_241' title='bbox 935 3066 1051 3105; x_wconf 91' lang='lat' dir='ltr'>uno</span> <span class='ocrx_word' id='word_1_242' title='bbox 1102 3051 1346 3122; x_wconf 89' lang='lat' dir='ltr'>impetu,</span> <span class='ocrx_word' id='word_1_243' title='bbox 1397 3056 1454 3107; x_wconf 92' lang='lat' dir='ltr'>et</span> <span class='ocrx_word' id='word_1_244' title='bbox 1504 3051 1868 3121; x_wconf 87' lang='lat' dir='ltr'>octingentos</span> 
     </span>
    </p>
   </div>
   <div class='ocr_carea' id='block_1_35' title="bbox 207 3104 1941 3212">
    <p class='ocr_par' dir='ltr' id='par_1_35' title="bbox 207 3104 1941 3212">
     <span class='ocr_line' id='line_1_35' title="bbox 207 3104 1941 3212; baseline 0.001 -20"><span class='ocrx_word' id='word_1_245' title='bbox 207 3138 595 3194; x_wconf 76' lang='lat' dir='ltr'>interfecisse.</span> <span class='ocrx_word' id='word_1_246' title='bbox 633 3138 794 3194; x_wconf 90' lang='lat' dir='ltr'>Unde</span> <span class='ocrx_word' id='word_1_247' title='bbox 826 3143 881 3194; x_wconf 89' lang='lat' dir='ltr'>et</span> <span class='ocrx_word' id='word_1_248' title='bbox 912 3140 968 3194; x_wconf 90' lang='lat' dir='ltr'>in</span> <span class='ocrx_word' id='word_1_249' title='bbox 1004 3140 1227 3212; x_wconf 88' lang='lat' dir='ltr'>Regum</span> <span class='ocrx_word' id='word_1_250' title='bbox 1279 3140 1577 3208; x_wconf 75' lang='lat' dir='ltr'>scribitur;</span> <span class='ocrx_word' id='word_1_251' title='bbox 1610 3158 1724 3195; x_wconf 90' lang='lat' dir='ltr'>uno</span> <span class='ocrx_word' id='word_1_252' title='bbox 1758 3140 1864 3194; x_wconf 84' lang='lat' dir='ltr'>im-</span> <span class='ocrx_word' id='word_1_253' title='bbox 1900 3104 1941 3170; x_wconf 66' lang='grc' dir='ltr'><strong>Ο</strong></span> 
     </span>
    </p>
   </div>
   <div class='ocr_carea' id='block_1_36' title="bbox 205 3231 373 3298">
    <p class='ocr_par' dir='ltr' id='par_1_36' title="bbox 205 3231 373 3298">
     <span class='ocr_line' id='line_1_36' title="bbox 205 3231 373 3298; baseline 0.006 -17"><span class='ocrx_word' id='word_1_254' title='bbox 205 3231 373 3298; x_wconf 90' lang='lat' dir='ltr'>petu.</span> 
     </span>
    </p>
   </div>
   <div class='ocr_carea' id='block_1_37' title="bbox 277 3314 1861 3388">
    <p class='ocr_par' dir='ltr' id='par_1_37' title="bbox 277 3314 1861 3388">
     <span class='ocr_line' id='line_1_37' title="bbox 277 3314 1861 3388; baseline 0.002 -20"><span class='ocrx_word' id='word_1_255' title='bbox 277 3314 463 3386; x_wconf 89' lang='lat' dir='ltr'>(Vers.</span> <span class='ocrx_word' id='word_1_256' title='bbox 500 3316 611 3382; x_wconf 88' lang='grc'>12.)</span> <span class='ocrx_word' id='word_1_257' title='bbox 642 3315 827 3371; x_wconf 83' lang='lat' dir='ltr'>Ahohi</span> <span class='ocrx_word' id='word_1_258' title='bbox 880 3316 1056 3371; x_wconf 82' lang='lat' dir='ltr'>frater</span> <span class='ocrx_word' id='word_1_259' title='bbox 1111 3317 1219 3372; x_wconf 88' lang='lat' dir='ltr'>fuit</span> <span class='ocrx_word' id='word_1_260' title='bbox 1270 3318 1380 3371; x_wconf 87' lang='lat' dir='ltr'>lsai</span> <span class='ocrx_word' id='word_1_261' title='bbox 1427 3317 1610 3388; x_wconf 86' lang='lat' dir='ltr'>patris</span> <span class='ocrx_word' id='word_1_262' title='bbox 1660 3318 1861 3384; x_wconf 89' lang='lat' dir='ltr'>David,</span> 
     </span>
    </p>
   </div>
   <div class='ocr_carea' id='block_1_38' title="bbox 202 3403 1867 3476">
    <p class='ocr_par' dir='ltr' id='par_1_38' title="bbox 202 3403 1867 3476">
     <span class='ocr_line' id='line_1_38' title="bbox 202 3403 1867 3476; baseline 0.002 -19"><span class='ocrx_word' id='word_1_263' title='bbox 202 3405 378 3473; x_wconf 87' lang='lat' dir='ltr'>cujus</span> <span class='ocrx_word' id='word_1_264' title='bbox 414 3403 568 3458; x_wconf 83' lang='lat' dir='ltr'>filius</span> <span class='ocrx_word' id='word_1_265' title='bbox 602 3404 711 3458; x_wconf 92' lang='lat' dir='ltr'>fuit</span> <span class='ocrx_word' id='word_1_266' title='bbox 743 3405 995 3471; x_wconf 83' lang='lat' dir='ltr'>Eleazar,</span> <span class='ocrx_word' id='word_1_267' title='bbox 1049 3405 1147 3476; x_wconf 89' lang='lat' dir='ltr'>qui</span> <span class='ocrx_word' id='word_1_268' title='bbox 1177 3406 1288 3459; x_wconf 87' lang='lat' dir='ltr'>fuit</span> <span class='ocrx_word' id='word_1_269' title='bbox 1317 3405 1467 3459; x_wconf 89' lang='lat' dir='ltr'>inter</span> <span class='ocrx_word' id='word_1_270' title='bbox 1498 3410 1615 3460; x_wconf 90' lang='lat' dir='ltr'>tres</span> <span class='ocrx_word' id='word_1_271' title='bbox 1653 3406 1728 3475; x_wconf 89' lang='lat' dir='ltr'>(b)</span> <span class='ocrx_word' id='word_1_272' title='bbox 1763 3422 1867 3476; x_wconf 89' lang='lat' dir='ltr'>po-</span> 
     </span>
    </p>
   </div>
   <div class='ocr_carea' id='block_1_39' title="bbox 204 3492 1867 3563">
    <p class='ocr_par' dir='ltr' id='par_1_39' title="bbox 204 3492 1867 3563">
     <span class='ocr_line' id='line_1_39' title="bbox 204 3492 1867 3563; baseline 0.001 -18"><span class='ocrx_word' id='word_1_273' title='bbox 204 3492 593 3557; x_wconf 84' lang='lat' dir='ltr'>tentissimos,</span> <span class='ocrx_word' id='word_1_274' title='bbox 620 3492 677 3546; x_wconf 89' lang='lat' dir='ltr'>id</span> <span class='ocrx_word' id='word_1_275' title='bbox 701 3496 809 3557; x_wconf 88' lang='lat' dir='ltr'>est,</span> <span class='ocrx_word' id='word_1_276' title='bbox 836 3494 1147 3549; x_wconf 86' lang='lat' dir='ltr'>Baanaiam</span> <span class='ocrx_word' id='word_1_277' title='bbox 1176 3493 1357 3548; x_wconf 82' lang='lat' dir='ltr'>tilium</span> <span class='ocrx_word' id='word_1_278' title='bbox 1381 3493 1619 3563; x_wconf 73' lang='lat' dir='ltr'>Joiadze,</span> <span class='ocrx_word' id='word_1_279' title='bbox 1656 3500 1711 3548; x_wconf 91' lang='lat' dir='ltr'>et</span> <span class='ocrx_word' id='word_1_280' title='bbox 1736 3494 1867 3547; x_wconf 87' lang='lat' dir='ltr'>Abi-</span> 
     </span>
    </p>
   </div>
   <div class='ocr_carea' id='block_1_40' title="bbox 202 3581 1220 3638">
    <p class='ocr_par' dir='ltr' id='par_1_40' title="bbox 202 3581 1220 3638">
     <span class='ocr_line' id='line_1_40' title="bbox 202 3581 1220 3638; baseline 0.001 -3"><span class='ocrx_word' id='word_1_281' title='bbox 202 3582 288 3636; x_wconf 84' lang='lat' dir='ltr'>sai</span> <span class='ocrx_word' id='word_1_282' title='bbox 326 3581 511 3635; x_wconf 84' lang='lat' dir='ltr'>tilium</span> <span class='ocrx_word' id='word_1_283' title='bbox 544 3581 757 3636; x_wconf 77' lang='lat' dir='ltr'>Sarvizn</span> <span class='ocrx_word' id='word_1_284' title='bbox 792 3583 1028 3637; x_wconf 89' lang='lat' dir='ltr'>fratrem</span> <span class='ocrx_word' id='word_1_285' title='bbox 1060 3584 1220 3638; x_wconf 77' lang='lat' dir='ltr'>Joab.</span> 
     </span>
    </p>
   </div>
   <div class='ocr_carea' id='block_1_41' title="bbox 278 3669 1866 3743">
    <p class='ocr_par' dir='ltr' id='par_1_41' title="bbox 278 3669 1866 3743">
     <span class='ocr_line' id='line_1_41' title="bbox 278 3669 1866 3743; baseline 0.003 -22"><span class='ocrx_word' id='word_1_286' title='bbox 278 3670 466 3740; x_wconf 87' lang='lat' dir='ltr'>(Vers.</span> <span class='ocrx_word' id='word_1_287' title='bbox 516 3669 629 3739; x_wconf 71' lang='grc'>14.)</span> <span class='ocrx_word' id='word_1_288' title='bbox 690 3693 717 3717; x_wconf 88' lang='grc'>‹‹</span> <span class='ocrx_word' id='word_1_289' title='bbox 770 3670 1069 3725; x_wconf 88' lang='lat' dir='ltr'>Steterunt</span> <span class='ocrx_word' id='word_1_290' title='bbox 1120 3671 1176 3725; x_wconf 90' lang='lat' dir='ltr'>in</span> <span class='ocrx_word' id='word_1_291' title='bbox 1225 3671 1414 3725; x_wconf 88' lang='lat' dir='ltr'>medio</span> <span class='ocrx_word' id='word_1_292' title='bbox 1465 3673 1611 3743; x_wconf 85' lang='lat' dir='ltr'>agri,</span> <span class='ocrx_word' id='word_1_293' title='bbox 1645 3675 1703 3726; x_wconf 92' lang='lat' dir='ltr'>et</span> <span class='ocrx_word' id='word_1_294' title='bbox 1731 3688 1866 3727; x_wconf 91' lang='lat' dir='ltr'>eum</span> 
     </span>
    </p>
   </div>
   <div class='ocr_carea' id='block_1_42' title="bbox 202 3758 1865 3816">
    <p class='ocr_par' dir='ltr' id='par_1_42' title="bbox 202 3758 1865 3816">
     <span class='ocr_line' id='line_1_42' title="bbox 202 3758 1865 3816; baseline 0.001 -3"><span class='ocrx_word' id='word_1_295' title='bbox 202 3758 612 3814; x_wconf 83' lang='lat' dir='ltr'>defenderunt.</span> <span class='ocrx_word' id='word_1_296' title='bbox 653 3781 679 3808; x_wconf 88' lang='lat'>»</span> <span class='ocrx_word' id='word_1_297' title='bbox 719 3759 898 3814; x_wconf 87' lang='lat' dir='ltr'>David</span> <span class='ocrx_word' id='word_1_298' title='bbox 960 3759 1180 3815; x_wconf 86' lang='lat' dir='ltr'>scilicet</span> <span class='ocrx_word' id='word_1_299' title='bbox 1241 3764 1297 3815; x_wconf 86' lang='lat' dir='ltr'>et</span> <span class='ocrx_word' id='word_1_300' title='bbox 1348 3759 1601 3816; x_wconf 87' lang='lat' dir='ltr'>Eleazar.</span> <span class='ocrx_word' id='word_1_301' title='bbox 1668 3761 1779 3815; x_wconf 87' lang='lat' dir='ltr'>lloc</span> <span class='ocrx_word' id='word_1_302' title='bbox 1808 3761 1865 3814; x_wconf 91' lang='lat' dir='ltr'>in</span> 
     </span>
    </p>
   </div>
   <div class='ocr_carea' id='block_1_43' title="bbox 204 3847 1866 3920">
    <p class='ocr_par' dir='ltr' id='par_1_43' title="bbox 204 3847 1866 3920">
     <span class='ocr_line' id='line_1_43' title="bbox 204 3847 1866 3920; baseline 0.001 -20"><span class='ocrx_word' id='word_1_303' title='bbox 204 3847 693 3917; x_wconf 77' lang='lat' dir='ltr'>Paralipomenon</span> <span class='ocrx_word' id='word_1_304' title='bbox 722 3864 735 3902; x_wconf 87' lang='lat'><strong>:</strong></span> <span class='ocrx_word' id='word_1_305' title='bbox 772 3849 827 3902; x_wconf 86' lang='lat' dir='ltr'>In</span> <span class='ocrx_word' id='word_1_306' title='bbox 865 3848 1085 3917; x_wconf 84' lang='lat' dir='ltr'>Regum</span> <span class='ocrx_word' id='word_1_307' title='bbox 1118 3866 1251 3903; x_wconf 90' lang='lat' dir='ltr'>vero</span> <span class='ocrx_word' id='word_1_308' title='bbox 1298 3848 1673 3920; x_wconf 83' lang='lat' dir='ltr'>singulariter</span> <span class='ocrx_word' id='word_1_309' title='bbox 1705 3849 1866 3920; x_wconf 91' lang='lat' dir='ltr'>poni-</span> 
     </span>
    </p>
   </div>
   <div class='ocr_carea' id='block_1_44' title="bbox 204 3935 1677 4008">
    <p class='ocr_par' dir='ltr' id='par_1_44' title="bbox 204 3935 1677 4008">
     <span class='ocr_line' id='line_1_44' title="bbox 204 3935 1677 4008; baseline 0.002 -18"><span class='ocrx_word' id='word_1_310' title='bbox 204 3940 305 3991; x_wconf 86' lang='lat' dir='ltr'>tur</span> <span class='ocrx_word' id='word_1_311' title='bbox 336 3935 491 4006; x_wconf 87' lang='lat' dir='ltr'>(Ibid.</span> <span class='ocrx_word' id='word_1_312' title='bbox 551 3938 679 4004; x_wconf 75' lang='lat'>10.),</span> <span class='ocrx_word' id='word_1_313' title='bbox 716 3940 779 3991; x_wconf 87' lang='lat' dir='ltr'>ut</span> <span class='ocrx_word' id='word_1_314' title='bbox 809 3936 961 4008; x_wconf 87' lang='lat' dir='ltr'>regis</span> <span class='ocrx_word' id='word_1_315' title='bbox 993 3936 1270 3991; x_wconf 82' lang='lat' dir='ltr'>fortitudo</span> <span class='ocrx_word' id='word_1_316' title='bbox 1302 3942 1677 3993; x_wconf 89' lang='lat' dir='ltr'>monstretur.</span> 
     </span>
    </p>
   </div>
   <div class='ocr_carea' id='block_1_45' title="bbox 281 4023 1867 4091">
    <p class='ocr_par' dir='ltr' id='par_1_45' title="bbox 281 4023 1867 4091">
     <span class='ocr_line' id='line_1_45' title="bbox 281 4023 1867 4091; baseline 0.003 -15"><span class='ocrx_word' id='word_1_317' title='bbox 281 4023 466 4089; x_wconf 86' lang='lat' dir='ltr'>(Vers.</span> <span class='ocrx_word' id='word_1_318' title='bbox 514 4025 624 4091; x_wconf 75' lang='grc'>15.)</span> <span class='ocrx_word' id='word_1_319' title='bbox 668 4048 693 4073; x_wconf 87' lang='grc'>‹‹</span> <span class='ocrx_word' id='word_1_320' title='bbox 748 4025 1182 4080; x_wconf 88' lang='lat' dir='ltr'>Descenderunt</span> <span class='ocrx_word' id='word_1_321' title='bbox 1230 4031 1425 4079; x_wconf 89' lang='lat' dir='ltr'>autem</span> <span class='ocrx_word' id='word_1_322' title='bbox 1482 4031 1595 4081; x_wconf 89' lang='lat' dir='ltr'>tres</span> <span class='ocrx_word' id='word_1_323' title='bbox 1647 4027 1718 4081; x_wconf 92' lang='lat' dir='ltr'>de</span> <span class='ocrx_word' id='word_1_324' title='bbox 1767 4026 1867 4080; x_wconf 90' lang='lat' dir='ltr'>tri-</span> 
     </span>
    </p>
   </div>
   <div class='ocr_carea' id='block_1_46' title="bbox 186 4113 1865 4185">
    <p class='ocr_par' dir='ltr' id='par_1_46' title="bbox 186 4113 1865 4185">
     <span class='ocr_line' id='line_1_46' title="bbox 186 4113 1865 4185; baseline 0.002 -20"><span class='ocrx_word' id='word_1_325' title='bbox 186 4113 372 4185; x_wconf 79' lang='lat' dir='ltr'>ginta</span> <span class='ocrx_word' id='word_1_326' title='bbox 405 4113 767 4183; x_wconf 86' lang='lat' dir='ltr'>principibus</span> <span class='ocrx_word' id='word_1_327' title='bbox 798 4114 867 4167; x_wconf 86' lang='lat' dir='ltr'>ad</span> <span class='ocrx_word' id='word_1_328' title='bbox 906 4118 1127 4184; x_wconf 87' lang='lat' dir='ltr'>petram</span> <span class='ocrx_word' id='word_1_329' title='bbox 1162 4114 1219 4167; x_wconf 90' lang='lat' dir='ltr'>in</span> <span class='ocrx_word' id='word_1_330' title='bbox 1252 4131 1370 4185; x_wconf 90' lang='lat' dir='ltr'>qua</span> <span class='ocrx_word' id='word_1_331' title='bbox 1410 4120 1531 4169; x_wconf 90' lang='lat' dir='ltr'>erat</span> <span class='ocrx_word' id='word_1_332' title='bbox 1583 4115 1755 4169; x_wconf 86' lang='lat' dir='ltr'>David</span> <span class='ocrx_word' id='word_1_333' title='bbox 1792 4116 1865 4169; x_wconf 92' lang='lat' dir='ltr'>ad</span> 
     </span>
    </p>
   </div>
   <div class='ocr_carea' id='block_1_47' title="bbox 200 4200 1870 4276">
    <p class='ocr_par' dir='ltr' id='par_1_47' title="bbox 200 4200 1870 4276">
     <span class='ocr_line' id='line_1_47' title="bbox 200 4200 1870 4276; baseline 0.001 -20"><span class='ocrx_word' id='word_1_334' title='bbox 200 4200 549 4272; x_wconf 80' lang='lat' dir='ltr'>speluncam</span> <span class='ocrx_word' id='word_1_335' title='bbox 582 4200 866 4257; x_wconf 82' lang='lat' dir='ltr'>Odollam.</span> <span class='ocrx_word' id='word_1_336' title='bbox 899 4225 923 4249; x_wconf 80' lang='grc' dir='ltr'>ι)</span> <span class='ocrx_word' id='word_1_337' title='bbox 951 4202 1093 4258; x_wconf 88' lang='lat' dir='ltr'>&#39;l‘res</span> <span class='ocrx_word' id='word_1_338' title='bbox 1118 4203 1233 4273; x_wconf 85' lang='lat' dir='ltr'>isti,</span> <span class='ocrx_word' id='word_1_339' title='bbox 1255 4202 1313 4257; x_wconf 89' lang='lat' dir='ltr'>hi</span> <span class='ocrx_word' id='word_1_340' title='bbox 1342 4207 1480 4258; x_wconf 90' lang='lat' dir='ltr'>sunt</span> <span class='ocrx_word' id='word_1_341' title='bbox 1510 4221 1658 4274; x_wconf 87' lang='lat' dir='ltr'>quos</span> <span class='ocrx_word' id='word_1_342' title='bbox 1690 4221 1870 4276; x_wconf 88' lang='lat' dir='ltr'>supra</span> 
     </span>
    </p>
   </div>
   <div class='ocr_carea' id='block_1_48' title="bbox 204 4288 686 4345">
    <p class='ocr_par' dir='ltr' id='par_1_48' title="bbox 204 4288 686 4345">
     <span class='ocr_line' id='line_1_48' title="bbox 204 4288 686 4345; baseline -0.002 -1"><span class='ocrx_word' id='word_1_343' title='bbox 204 4288 686 4345; x_wconf 86' lang='lat' dir='ltr'>memoravimus.</span> 
     </span>
    </p>
   </div>
   <div class='ocr_carea' id='block_1_49' title="bbox 281 4377 1865 4452">
    <p class='ocr_par' dir='ltr' id='par_1_49' title="bbox 281 4377 1865 4452">
     <span class='ocr_line' id='line_1_49' title="bbox 281 4377 1865 4452; baseline 0.003 -25"><span class='ocrx_word' id='word_1_344' title='bbox 281 4377 468 4447; x_wconf 90' lang='lat' dir='ltr'>(Vers.</span> <span class='ocrx_word' id='word_1_345' title='bbox 503 4379 616 4446; x_wconf 84' lang='grc'>17.)</span> <span class='ocrx_word' id='word_1_346' title='bbox 668 4401 696 4428; x_wconf 90' lang='grc'><em>‹‹</em></span> <span class='ocrx_word' id='word_1_347' title='bbox 752 4378 1106 4433; x_wconf 88' lang='lat' dir='ltr'>Desidaverit</span> <span class='ocrx_word' id='word_1_348' title='bbox 1154 4396 1289 4452; x_wconf 86' lang='lat' dir='ltr'>ergo</span> <span class='ocrx_word' id='word_1_349' title='bbox 1342 4379 1517 4435; x_wconf 90' lang='lat' dir='ltr'>David</span> <span class='ocrx_word' id='word_1_350' title='bbox 1568 4398 1865 4452; x_wconf 80' lang='lat' dir='ltr'>aquam,»</span> 
     </span>
    </p>
   </div>
   <div class='ocr_carea' id='block_1_50' title="bbox 1990 461 3635 540">
    <p class='ocr_par' dir='ltr' id='par_1_50' title="bbox 1990 461 3635 540">
     <span class='ocr_line' id='line_1_50' title="bbox 1990 461 3635 540; baseline 0.01 -25"><span class='ocrx_word' id='word_1_351' title='bbox 1990 461 2130 517; x_wconf 90' lang='lat' dir='ltr'>dum</span> <span class='ocrx_word' id='word_1_352' title='bbox 2165 467 2315 535; x_wconf 91' lang='lat' dir='ltr'>quod</span> <span class='ocrx_word' id='word_1_353' title='bbox 2347 466 2569 533; x_wconf 90' lang='lat' dir='ltr'>vinum,</span> <span class='ocrx_word' id='word_1_354' title='bbox 2604 470 2757 540; x_wconf 91' lang='lat' dir='ltr'>quod</span> <span class='ocrx_word' id='word_1_355' title='bbox 2794 469 2907 525; x_wconf 91' lang='lat' dir='ltr'>Deo</span> <span class='ocrx_word' id='word_1_356' title='bbox 2937 470 2996 523; x_wconf 92' lang='lat' dir='ltr'>in</span> <span class='ocrx_word' id='word_1_357' title='bbox 3048 471 3399 528; x_wconf 83' lang='lat' dir='ltr'>sacrificium</span> <span class='ocrx_word' id='word_1_358' title='bbox 3433 475 3635 532; x_wconf 73' lang='lat' dir='ltr'>offere-</span> 
     </span>
    </p>
   </div>
   <div class='ocr_carea' id='block_1_51' title="bbox 1990 552 2817 625">
    <p class='ocr_par' dir='ltr' id='par_1_51' title="bbox 1990 552 2817 625">
     <span class='ocr_line' id='line_1_51' title="bbox 1990 552 2817 625; baseline 0.011 -20"><span class='ocrx_word' id='word_1_359' title='bbox 1990 552 2179 617; x_wconf 87' lang='lat' dir='ltr'>batur,</span> <span class='ocrx_word' id='word_1_360' title='bbox 2214 570 2366 625; x_wconf 89' lang='lat' dir='ltr'>aqua</span> <span class='ocrx_word' id='word_1_361' title='bbox 2398 557 2643 613; x_wconf 82' lang='lat' dir='ltr'>mixtum</span> <span class='ocrx_word' id='word_1_362' title='bbox 2677 564 2817 613; x_wconf 90' lang='lat' dir='ltr'>erat.</span> 
     </span>
    </p>
   </div>
   <div class='ocr_carea' id='block_1_52' title="bbox 2060 640 3636 725">
    <p class='ocr_par' dir='ltr' id='par_1_52' title="bbox 2060 640 3636 725">
     <span class='ocr_line' id='line_1_52' title="bbox 2060 640 3636 725; baseline 0.01 -30"><span class='ocrx_word' id='word_1_363' title='bbox 2060 640 2244 711; x_wconf 88' lang='lat' dir='ltr'>(Vers.</span> <span class='ocrx_word' id='word_1_364' title='bbox 2279 646 2393 713; x_wconf 90' lang='lat'>22.)</span> <span class='ocrx_word' id='word_1_365' title='bbox 2426 669 2453 695; x_wconf 85' lang='lat'><strong>«</strong></span> <span class='ocrx_word' id='word_1_366' title='bbox 2486 646 2740 702; x_wconf 89' lang='lat' dir='ltr'>Baanaia</span> <span class='ocrx_word' id='word_1_367' title='bbox 2770 647 2927 703; x_wconf 83' lang='lat' dir='ltr'>filius</span> <span class='ocrx_word' id='word_1_368' title='bbox 2954 648 3192 715; x_wconf 81' lang='lat' dir='ltr'>Joiadae,</span> <span class='ocrx_word' id='word_1_369' title='bbox 3246 651 3370 721; x_wconf 88' lang='lat' dir='ltr'>ipse</span> <span class='ocrx_word' id='word_1_370' title='bbox 3400 669 3636 725; x_wconf 88' lang='lat' dir='ltr'>percus-</span> 
     </span>
    </p>
   </div>
   <div class='ocr_carea' id='block_1_53' title="bbox 1990 729 3639 811">
    <p class='ocr_par' dir='ltr' id='par_1_53' title="bbox 1990 729 3639 811">
     <span class='ocr_line' id='line_1_53' title="bbox 1990 729 3639 811; baseline 0.01 -29"><span class='ocrx_word' id='word_1_371' title='bbox 1990 729 2065 784; x_wconf 84' lang='lat' dir='ltr'>sit</span> <span class='ocrx_word' id='word_1_372' title='bbox 2095 731 2242 787; x_wconf 85' lang='lat' dir='ltr'>duos</span> <span class='ocrx_word' id='word_1_373' title='bbox 2269 733 2421 787; x_wconf 83' lang='lat' dir='ltr'>Ariel</span> <span class='ocrx_word' id='word_1_374' title='bbox 2480 736 2668 790; x_wconf 86' lang='lat' dir='ltr'>Moab.</span> <span class='ocrx_word' id='word_1_375' title='bbox 2708 760 2733 785; x_wconf 85' lang='grc'><strong>››</strong></span> <span class='ocrx_word' id='word_1_376' title='bbox 2795 739 2855 791; x_wconf 88' lang='lat' dir='ltr'>In</span> <span class='ocrx_word' id='word_1_377' title='bbox 2914 738 3136 811; x_wconf 86' lang='lat' dir='ltr'>Regum</span> <span class='ocrx_word' id='word_1_378' title='bbox 3188 739 3463 797; x_wconf 90' lang='lat' dir='ltr'>scribitur</span> <span class='ocrx_word' id='word_1_379' title='bbox 3491 744 3639 800; x_wconf 89' lang='lat' dir='ltr'>duos</span> 
     </span>
    </p>
   </div>
   <div class='ocr_carea' id='block_1_54' title="bbox 1988 817 3639 898">
    <p class='ocr_par' dir='ltr' id='par_1_54' title="bbox 1988 817 3639 898">
     <span class='ocr_line' id='line_1_54' title="bbox 1988 817 3639 898; baseline 0.011 -26"><span class='ocrx_word' id='word_1_380' title='bbox 1988 817 2184 874; x_wconf 89' lang='lat' dir='ltr'>leones</span> <span class='ocrx_word' id='word_1_381' title='bbox 2241 825 2403 877; x_wconf 84' lang='lat' dir='ltr'>Moab</span> <span class='ocrx_word' id='word_1_382' title='bbox 2461 824 2585 896; x_wconf 90' lang='lat' dir='ltr'>ipse</span> <span class='ocrx_word' id='word_1_383' title='bbox 2653 827 2961 898; x_wconf 90' lang='lat' dir='ltr'>percussit,</span> <span class='ocrx_word' id='word_1_384' title='bbox 3016 828 3070 882; x_wconf 90' lang='lat' dir='ltr'>id</span> <span class='ocrx_word' id='word_1_385' title='bbox 3135 836 3223 883; x_wconf 87' lang='lat' dir='ltr'>est</span> <span class='ocrx_word' id='word_1_386' title='bbox 3279 831 3428 887; x_wconf 84' lang='lat' dir='ltr'>duos</span> <span class='ocrx_word' id='word_1_387' title='bbox 3483 834 3639 892; x_wconf 89' lang='lat' dir='ltr'>viros</span> 
     </span>
    </p>
   </div>
   <div class='ocr_carea' id='block_1_55' title="bbox 1991 907 3639 995">
    <p class='ocr_par' dir='ltr' id='par_1_55' title="bbox 1991 907 3639 995">
     <span class='ocr_line' id='line_1_55' title="bbox 1991 907 3639 995; baseline 0.012 -35"><span class='ocrx_word' id='word_1_388' title='bbox 1991 907 2164 963; x_wconf 84' lang='lat' dir='ltr'>fortes</span> <span class='ocrx_word' id='word_1_389' title='bbox 2190 910 2260 964; x_wconf 89' lang='lat' dir='ltr'>de</span> <span class='ocrx_word' id='word_1_390' title='bbox 2292 913 2477 967; x_wconf 83' lang='lat' dir='ltr'>Moab.</span> <span class='ocrx_word' id='word_1_391' title='bbox 2516 916 2671 969; x_wconf 85' lang='lat' dir='ltr'>Idem</span> <span class='ocrx_word' id='word_1_392' title='bbox 2706 916 2988 971; x_wconf 89' lang='lat' dir='ltr'>Baanaias</span> <span class='ocrx_word' id='word_1_393' title='bbox 3020 918 3202 973; x_wconf 91' lang='lat' dir='ltr'>multa</span> <span class='ocrx_word' id='word_1_394' title='bbox 3230 935 3405 991; x_wconf 89' lang='lat' dir='ltr'>opera</span> <span class='ocrx_word' id='word_1_395' title='bbox 3434 938 3639 995; x_wconf 88' lang='lat' dir='ltr'>perpe-</span> 
     </span>
    </p>
   </div>
   <div class='ocr_carea' id='block_1_56' title="bbox 1989 998 3643 1084">
    <p class='ocr_par' dir='ltr' id='par_1_56' title="bbox 1989 998 3643 1084">
     <span class='ocr_line' id='line_1_56' title="bbox 1989 998 3643 1084; baseline 0.012 -34"><span class='ocrx_word' id='word_1_396' title='bbox 1989 998 2163 1051; x_wconf 87' lang='lat' dir='ltr'>travit</span> <span class='ocrx_word' id='word_1_397' title='bbox 2193 1000 2263 1053; x_wconf 91' lang='lat' dir='ltr'>de</span> <span class='ocrx_word' id='word_1_398' title='bbox 2295 1002 2549 1057; x_wconf 83' lang='lat' dir='ltr'>Cabseel.</span> <span class='ocrx_word' id='word_1_399' title='bbox 2583 1003 2815 1059; x_wconf 75' lang='lat' dir='ltr'>Cabscel</span> <span class='ocrx_word' id='word_1_400' title='bbox 2844 1021 3055 1060; x_wconf 91' lang='lat' dir='ltr'>nomen</span> <span class='ocrx_word' id='word_1_401' title='bbox 3079 1004 3186 1061; x_wconf 90' lang='lat' dir='ltr'>loci</span> <span class='ocrx_word' id='word_1_402' title='bbox 3210 1012 3315 1063; x_wconf 90' lang='lat' dir='ltr'>est.</span> <span class='ocrx_word' id='word_1_403' title='bbox 3343 1009 3445 1066; x_wconf 86' lang='lat' dir='ltr'>Hic</span> <span class='ocrx_word' id='word_1_404' title='bbox 3465 1028 3643 1084; x_wconf 81' lang='lat' dir='ltr'>opera</span> 
     </span>
    </p>
   </div>
   <div class='ocr_carea' id='block_1_57' title="bbox 1988 1086 3640 1166">
    <p class='ocr_par' dir='ltr' id='par_1_57' title="bbox 1988 1086 3640 1166">
     <span class='ocr_line' id='line_1_57' title="bbox 1988 1086 3640 1166; baseline 0.012 -27"><span class='ocrx_word' id='word_1_405' title='bbox 1988 1086 2116 1156; x_wconf 87' lang='lat' dir='ltr'>ejus</span> <span class='ocrx_word' id='word_1_406' title='bbox 2152 1086 2366 1155; x_wconf 85' lang='lat' dir='ltr'>laudat,</span> <span class='ocrx_word' id='word_1_407' title='bbox 2402 1091 2456 1143; x_wconf 90' lang='lat' dir='ltr'>id</span> <span class='ocrx_word' id='word_1_408' title='bbox 2492 1096 2580 1145; x_wconf 80' lang='lat' dir='ltr'>est</span> <span class='ocrx_word' id='word_1_409' title='bbox 2612 1092 2981 1163; x_wconf 77' lang='lat' dir='ltr'>sapientiam,</span> <span class='ocrx_word' id='word_1_410' title='bbox 3032 1097 3169 1166; x_wconf 75' lang='lat' dir='ltr'>quia</span> <span class='ocrx_word' id='word_1_411' title='bbox 3218 1114 3373 1154; x_wconf 89' lang='lat' dir='ltr'>unus</span> <span class='ocrx_word' id='word_1_412' title='bbox 3416 1105 3539 1156; x_wconf 91' lang='lat' dir='ltr'>erat</span> <span class='ocrx_word' id='word_1_413' title='bbox 3569 1103 3640 1157; x_wconf 90' lang='lat' dir='ltr'>de</span> 
     </span>
    </p>
   </div>
   <div class='ocr_carea' id='block_1_58' title="bbox 1988 1178 3640 1262">
    <p class='ocr_par' dir='ltr' id='par_1_58' title="bbox 1988 1178 3640 1262">
     <span class='ocr_line' id='line_1_58' title="bbox 1988 1178 3640 1262; baseline 0.01 -32"><span class='ocrx_word' id='word_1_414' title='bbox 1988 1178 2359 1249; x_wconf 85' lang='lat' dir='ltr'>septuaginta</span> <span class='ocrx_word' id='word_1_415' title='bbox 2389 1180 2728 1235; x_wconf 81' lang='lat' dir='ltr'>Senioribus</span> <span class='ocrx_word' id='word_1_416' title='bbox 2760 1184 2955 1237; x_wconf 89' lang='lat' dir='ltr'>Israel.</span> <span class='ocrx_word' id='word_1_417' title='bbox 3007 1185 3264 1255; x_wconf 87' lang='lat' dir='ltr'>Cabseel,</span> <span class='ocrx_word' id='word_1_418' title='bbox 3296 1194 3640 1262; x_wconf 76' lang='lat' dir='ltr'>congregatio</span> 
     </span>
    </p>
   </div>
   <div class='ocr_carea' id='block_1_59' title="bbox 1987 1267 2101 1321">
    <p class='ocr_par' dir='ltr' id='par_1_59' title="bbox 1987 1267 2101 1321">
     <span class='ocr_line' id='line_1_59' title="bbox 1987 1267 2101 1321; baseline -0.009 0"><span class='ocrx_word' id='word_1_419' title='bbox 1987 1267 2101 1321; x_wconf 82' lang='lat' dir='ltr'>Dei.</span> 
     </span>
    </p>
   </div>
   <div class='ocr_carea' id='block_1_60' title="bbox 2056 1355 3638 1433">
    <p class='ocr_par' dir='ltr' id='par_1_60' title="bbox 2056 1355 3638 1433">
     <span class='ocr_line' id='line_1_60' title="bbox 2056 1355 3638 1433; baseline 0.012 -27"><span class='ocrx_word' id='word_1_420' title='bbox 2056 1355 2243 1425; x_wconf 82' lang='lat' dir='ltr'>(Vers.</span> <span class='ocrx_word' id='word_1_421' title='bbox 2274 1359 2387 1423; x_wconf 84' lang='lat'>27.)</span> <span class='ocrx_word' id='word_1_422' title='bbox 2446 1359 2507 1414; x_wconf 90' lang='lat' dir='ltr'>In</span> <span class='ocrx_word' id='word_1_423' title='bbox 2568 1360 3045 1433; x_wconf 85' lang='lat' dir='ltr'>Paralipomenon</span> <span class='ocrx_word' id='word_1_424' title='bbox 3102 1364 3401 1422; x_wconf 87' lang='lat' dir='ltr'>Sammoth</span> <span class='ocrx_word' id='word_1_425' title='bbox 3433 1369 3638 1424; x_wconf 87' lang='lat' dir='ltr'>Arodi-</span> 
     </span>
    </p>
   </div>
   <div class='ocr_carea' id='block_1_61' title="bbox 1986 1445 3641 1521">
    <p class='ocr_par' dir='ltr' id='par_1_61' title="bbox 1986 1445 3641 1521">
     <span class='ocr_line' id='line_1_61' title="bbox 1986 1445 3641 1521; baseline 0.01 -24"><span class='ocrx_word' id='word_1_426' title='bbox 1986 1446 2092 1508; x_wconf 90' lang='lat' dir='ltr'>tes,</span> <span class='ocrx_word' id='word_1_427' title='bbox 2128 1445 2250 1516; x_wconf 87' lang='lat' dir='ltr'>ipse</span> <span class='ocrx_word' id='word_1_428' title='bbox 2282 1449 2369 1501; x_wconf 88' lang='lat' dir='ltr'>est</span> <span class='ocrx_word' id='word_1_429' title='bbox 2399 1447 2496 1518; x_wconf 91' lang='lat' dir='ltr'>qui</span> <span class='ocrx_word' id='word_1_430' title='bbox 2528 1448 2586 1503; x_wconf 92' lang='lat' dir='ltr'>in</span> <span class='ocrx_word' id='word_1_431' title='bbox 2620 1449 2844 1521; x_wconf 86' lang='lat' dir='ltr'>Regum</span> <span class='ocrx_word' id='word_1_432' title='bbox 2878 1451 3157 1509; x_wconf 89' lang='lat' dir='ltr'>scribitur</span> <span class='ocrx_word' id='word_1_433' title='bbox 3189 1454 3446 1511; x_wconf 89' lang='lat' dir='ltr'>Samma.</span> <span class='ocrx_word' id='word_1_434' title='bbox 3479 1458 3641 1513; x_wconf 89' lang='lat' dir='ltr'>Sam-</span> 
     </span>
    </p>
   </div>
   <div class='ocr_carea' id='block_1_62' title="bbox 1987 1534 3640 1608">
    <p class='ocr_par' dir='ltr' id='par_1_62' title="bbox 1987 1534 3640 1608">
     <span class='ocr_line' id='line_1_62' title="bbox 1987 1534 3640 1608; baseline 0.011 -23"><span class='ocrx_word' id='word_1_435' title='bbox 1987 1548 2083 1587; x_wconf 92' lang='lat' dir='ltr'>ma</span> <span class='ocrx_word' id='word_1_436' title='bbox 2114 1534 2529 1606; x_wconf 85' lang='lat' dir='ltr'>interpretatur</span> <span class='ocrx_word' id='word_1_437' title='bbox 2583 1538 2821 1605; x_wconf 85' lang='lat' dir='ltr'>ibidem;</span> <span class='ocrx_word' id='word_1_438' title='bbox 2882 1541 3143 1608; x_wconf 87' lang='lat' dir='ltr'>Samoth,</span> <span class='ocrx_word' id='word_1_439' title='bbox 3198 1546 3444 1601; x_wconf 83' lang='lat' dir='ltr'>nomina.</span> <span class='ocrx_word' id='word_1_440' title='bbox 3488 1546 3640 1605; x_wconf 85' lang='lat' dir='ltr'>Elles</span> 
     </span>
    </p>
   </div>
   <div class='ocr_carea' id='block_1_63' title="bbox 1986 1619 3640 1703">
    <p class='ocr_par' dir='ltr' id='par_1_63' title="bbox 1986 1619 3640 1703">
     <span class='ocr_line' id='line_1_63' title="bbox 1986 1619 3640 1703; baseline 0.01 -29"><span class='ocrx_word' id='word_1_441' title='bbox 1986 1619 2143 1675; x_wconf 82' lang='lat' dir='ltr'>filius</span> <span class='ocrx_word' id='word_1_442' title='bbox 2174 1621 2364 1678; x_wconf 85' lang='lat' dir='ltr'>Phalti</span> <span class='ocrx_word' id='word_1_443' title='bbox 2399 1625 2468 1679; x_wconf 90' lang='lat' dir='ltr'>de</span> <span class='ocrx_word' id='word_1_444' title='bbox 2498 1625 2670 1691; x_wconf 86' lang='lat' dir='ltr'>Jaito,</span> <span class='ocrx_word' id='word_1_445' title='bbox 2706 1629 2857 1698; x_wconf 91' lang='lat' dir='ltr'>quod</span> <span class='ocrx_word' id='word_1_446' title='bbox 2890 1629 2947 1683; x_wconf 91' lang='lat' dir='ltr'>in</span> <span class='ocrx_word' id='word_1_447' title='bbox 2982 1629 3205 1701; x_wconf 88' lang='lat' dir='ltr'>Regum</span> <span class='ocrx_word' id='word_1_448' title='bbox 3250 1633 3547 1703; x_wconf 91' lang='lat' dir='ltr'>scribitur,</span> <span class='ocrx_word' id='word_1_449' title='bbox 3579 1636 3640 1691; x_wconf 91' lang='lat' dir='ltr'>in</span> 
     </span>
    </p>
   </div>
   <div class='ocr_carea' id='block_1_64' title="bbox 1985 1709 3641 1795">
    <p class='ocr_par' dir='ltr' id='par_1_64' title="bbox 1985 1709 3641 1795">
     <span class='ocr_line' id='line_1_64' title="bbox 1985 1709 3641 1795; baseline 0.009 -32"><span class='ocrx_word' id='word_1_450' title='bbox 1985 1709 2465 1782; x_wconf 87' lang='lat' dir='ltr'>Paralipomenon</span> <span class='ocrx_word' id='word_1_451' title='bbox 2500 1714 2648 1769; x_wconf 85' lang='lat' dir='ltr'>Elles</span> <span class='ocrx_word' id='word_1_452' title='bbox 2681 1714 2935 1772; x_wconf 87' lang='lat' dir='ltr'>Plonites</span> <span class='ocrx_word' id='word_1_453' title='bbox 2968 1719 3260 1774; x_wconf 89' lang='lat' dir='ltr'>scribitur.</span> <span class='ocrx_word' id='word_1_454' title='bbox 3306 1721 3407 1776; x_wconf 86' lang='lat' dir='ltr'>Hic</span> <span class='ocrx_word' id='word_1_455' title='bbox 3438 1739 3641 1795; x_wconf 87' lang='lat' dir='ltr'>proge-</span> 
     </span>
    </p>
   </div>
   <div class='ocr_carea' id='block_1_65' title="bbox 1984 1799 3643 1880">
    <p class='ocr_par' dir='ltr' id='par_1_65' title="bbox 1984 1799 3643 1880">
     <span class='ocr_line' id='line_1_65' title="bbox 1984 1799 3643 1880; baseline 0.008 -27"><span class='ocrx_word' id='word_1_456' title='bbox 1984 1799 2135 1855; x_wconf 91' lang='lat' dir='ltr'>niem</span> <span class='ocrx_word' id='word_1_457' title='bbox 2172 1802 2379 1857; x_wconf 87' lang='lat' dir='ltr'>matris</span> <span class='ocrx_word' id='word_1_458' title='bbox 2424 1803 2711 1874; x_wconf 89' lang='lat' dir='ltr'>designat.</span> <span class='ocrx_word' id='word_1_459' title='bbox 2766 1804 2931 1860; x_wconf 89' lang='lat' dir='ltr'>Ploni</span> <span class='ocrx_word' id='word_1_460' title='bbox 2982 1805 3136 1861; x_wconf 90' lang='lat' dir='ltr'>enim</span> <span class='ocrx_word' id='word_1_461' title='bbox 3189 1807 3298 1863; x_wconf 89' lang='lat' dir='ltr'>fuit</span> <span class='ocrx_word' id='word_1_462' title='bbox 3340 1810 3643 1880; x_wconf 82' lang='lat' dir='ltr'>proximus</span> 
     </span>
    </p>
   </div>
   <div class='ocr_carea' id='block_1_66' title="bbox 1983 1888 3643 1973">
    <p class='ocr_par' dir='ltr' id='par_1_66' title="bbox 1983 1888 3643 1973">
     <span class='ocr_line' id='line_1_66' title="bbox 1983 1888 3643 1973; baseline 0.009 -32"><span class='ocrx_word' id='word_1_463' title='bbox 1983 1888 2148 1956; x_wconf 92' lang='lat' dir='ltr'>Booz,</span> <span class='ocrx_word' id='word_1_464' title='bbox 2178 1890 2248 1945; x_wconf 92' lang='lat' dir='ltr'>de</span> <span class='ocrx_word' id='word_1_465' title='bbox 2280 1908 2394 1962; x_wconf 87' lang='lat' dir='ltr'>quo</span> <span class='ocrx_word' id='word_1_466' title='bbox 2426 1892 2640 1948; x_wconf 90' lang='lat' dir='ltr'>dicitur</span> <span class='ocrx_word' id='word_1_467' title='bbox 2685 1893 2744 1948; x_wconf 94' lang='lat' dir='ltr'>in</span> <span class='ocrx_word' id='word_1_468' title='bbox 2796 1895 2971 1963; x_wconf 90' lang='lat' dir='ltr'>Ruth,</span> <span class='ocrx_word' id='word_1_469' title='bbox 3027 1900 3119 1952; x_wconf 77' lang='lat' dir='ltr'>Est</span> <span class='ocrx_word' id='word_1_470' title='bbox 3160 1896 3383 1968; x_wconf 84' lang='lat' dir='ltr'>quidam</span> <span class='ocrx_word' id='word_1_471' title='bbox 3410 1901 3643 1973; x_wconf 86' lang='lat' dir='ltr'>propin-</span> 
     </span>
    </p>
   </div>
   <div class='ocr_carea' id='block_1_67' title="bbox 1980 1993 2159 2048">
    <p class='ocr_par' dir='ltr' id='par_1_67' title="bbox 1980 1993 2159 2048">
     <span class='ocr_line' id='line_1_67' title="bbox 1980 1993 2159 2048; baseline 0 -17"><span class='ocrx_word' id='word_1_472' title='bbox 1980 1993 2159 2048; x_wconf 83' lang='lat' dir='ltr'>quzor.</span> 
     </span>
    </p>
   </div>
   <div class='ocr_carea' id='block_1_68' title="bbox 2050 2066 3640 2147">
    <p class='ocr_par' dir='ltr' id='par_1_68' title="bbox 2050 2066 3640 2147">
     <span class='ocr_line' id='line_1_68' title="bbox 2050 2066 3640 2147; baseline 0.008 -28"><span class='ocrx_word' id='word_1_473' title='bbox 2050 2066 2233 2135; x_wconf 90' lang='lat' dir='ltr'>(Vers.</span> <span class='ocrx_word' id='word_1_474' title='bbox 2266 2069 2382 2137; x_wconf 87' lang='lat'>29.)</span> <span class='ocrx_word' id='word_1_475' title='bbox 2442 2068 2502 2123; x_wconf 86' lang='lat' dir='ltr'>In</span> <span class='ocrx_word' id='word_1_476' title='bbox 2563 2070 3042 2142; x_wconf 89' lang='lat' dir='ltr'>Paralipomenon</span> <span class='ocrx_word' id='word_1_477' title='bbox 3104 2073 3640 2147; x_wconf 87' lang='lat' dir='ltr'>SibbochaiUpba-</span> 
     </span>
    </p>
   </div>
   <div class='ocr_carea' id='block_1_69' title="bbox 1980 2154 3638 2231">
    <p class='ocr_par' dir='ltr' id='par_1_69' title="bbox 1980 2154 3638 2231">
     <span class='ocr_line' id='line_1_69' title="bbox 1980 2154 3638 2231; baseline 0.007 -23"><span class='ocrx_word' id='word_1_478' title='bbox 1980 2154 2177 2221; x_wconf 87' lang='lat' dir='ltr'>thites,</span> <span class='ocrx_word' id='word_1_479' title='bbox 2211 2156 2335 2227; x_wconf 89' lang='lat' dir='ltr'>ipse</span> <span class='ocrx_word' id='word_1_480' title='bbox 2393 2161 2482 2211; x_wconf 81' lang='lat' dir='ltr'>est</span> <span class='ocrx_word' id='word_1_481' title='bbox 2542 2158 2639 2230; x_wconf 91' lang='lat' dir='ltr'>qui</span> <span class='ocrx_word' id='word_1_482' title='bbox 2700 2159 2755 2213; x_wconf 91' lang='lat' dir='ltr'>in</span> <span class='ocrx_word' id='word_1_483' title='bbox 2817 2160 3041 2231; x_wconf 83' lang='lat' dir='ltr'>Regum</span> <span class='ocrx_word' id='word_1_484' title='bbox 3101 2162 3379 2217; x_wconf 90' lang='lat' dir='ltr'>scribitur</span> <span class='ocrx_word' id='word_1_485' title='bbox 3425 2163 3638 2219; x_wconf 87' lang='lat' dir='ltr'>Mobu-</span> 
     </span>
    </p>
   </div>
   <div class='ocr_carea' id='block_1_70' title="bbox 1982 2242 3638 2319">
    <p class='ocr_par' dir='ltr' id='par_1_70' title="bbox 1982 2242 3638 2319">
     <span class='ocr_line' id='line_1_70' title="bbox 1982 2242 3638 2319; baseline 0.007 -23"><span class='ocrx_word' id='word_1_486' title='bbox 1982 2243 2071 2296; x_wconf 89' lang='lat' dir='ltr'>nai</span> <span class='ocrx_word' id='word_1_487' title='bbox 2100 2242 2170 2314; x_wconf 90' lang='lat' dir='ltr'>(Il</span> <span class='ocrx_word' id='word_1_488' title='bbox 2192 2246 2311 2315; x_wconf 83' lang='lat' dir='ltr'>Reg.</span> <span class='ocrx_word' id='word_1_489' title='bbox 2338 2262 2494 2311; x_wconf 75' lang='lat' dir='ltr'>xxm,</span> <span class='ocrx_word' id='word_1_490' title='bbox 2516 2247 2585 2301; x_wconf 90' lang='lat'>23</span> <span class='ocrx_word' id='word_1_491' title='bbox 2608 2246 3068 2319; x_wconf 89' lang='lat' dir='ltr'>;)interpretatur</span> <span class='ocrx_word' id='word_1_492' title='bbox 3085 2249 3396 2319; x_wconf 74' lang='lat' dir='ltr'>aediﬁcium</span> <span class='ocrx_word' id='word_1_493' title='bbox 3418 2268 3603 2307; x_wconf 87' lang='lat' dir='ltr'>meum</span> <span class='ocrx_word' id='word_1_494' title='bbox 3617 2270 3638 2313; x_wconf 83' lang='lat'>,&#39;</span> 
     </span>
    </p>
   </div>
   <div class='ocr_carea' id='block_1_71' title="bbox 1980 2332 3636 2409">
    <p class='ocr_par' dir='ltr' id='par_1_71' title="bbox 1980 2332 3636 2409">
     <span class='ocr_line' id='line_1_71' title="bbox 1980 2332 3636 2409; baseline 0.007 -23"><span class='ocrx_word' id='word_1_495' title='bbox 1980 2332 2590 2397; x_wconf 81' lang='lat' dir='ltr'>Sibbochai,irrelitus.</span> <span class='ocrx_word' id='word_1_496' title='bbox 2611 2336 2668 2390; x_wconf 92' lang='lat' dir='ltr'>ln</span> <span class='ocrx_word' id='word_1_497' title='bbox 2695 2336 3178 2408; x_wconf 89' lang='lat' dir='ltr'>Paralipomenon</span> <span class='ocrx_word' id='word_1_498' title='bbox 3208 2336 3325 2393; x_wconf 91' lang='lat' dir='ltr'>lllai</span> <span class='ocrx_word' id='word_1_499' title='bbox 3351 2339 3636 2409; x_wconf 87' lang='lat' dir='ltr'>Aothites,</span> 
     </span>
    </p>
   </div>
   <div class='ocr_carea' id='block_1_72' title="bbox 1981 2421 3630 2499">
    <p class='ocr_par' dir='ltr' id='par_1_72' title="bbox 1981 2421 3630 2499">
     <span class='ocr_line' id='line_1_72' title="bbox 1981 2421 3630 2499; baseline 0.008 -27"><span class='ocrx_word' id='word_1_500' title='bbox 1981 2421 2102 2492; x_wconf 86' lang='lat' dir='ltr'>ipse</span> <span class='ocrx_word' id='word_1_501' title='bbox 2134 2426 2222 2475; x_wconf 90' lang='lat' dir='ltr'>est</span> <span class='ocrx_word' id='word_1_502' title='bbox 2253 2422 2352 2493; x_wconf 92' lang='lat' dir='ltr'>qui</span> <span class='ocrx_word' id='word_1_503' title='bbox 2403 2423 2459 2477; x_wconf 91' lang='lat' dir='ltr'>in</span> <span class='ocrx_word' id='word_1_504' title='bbox 2512 2427 2732 2496; x_wconf 84' lang='lat' dir='ltr'>Regum</span> <span class='ocrx_word' id='word_1_505' title='bbox 2785 2425 3080 2493; x_wconf 75' lang='lat' dir='ltr'>scribitur,</span> <span class='ocrx_word' id='word_1_506' title='bbox 3132 2424 3370 2481; x_wconf 90' lang='lat' dir='ltr'>Salmon</span> <span class='ocrx_word' id='word_1_507' title='bbox 3402 2428 3475 2499; x_wconf 87' lang='grc'>(11</span> <span class='ocrx_word' id='word_1_508' title='bbox 3505 2430 3630 2499; x_wconf 89' lang='lat' dir='ltr'>Reg.</span> 
     </span>
    </p>
   </div>
   <div class='ocr_carea' id='block_1_73' title="bbox 1978 2510 3633 2588">
    <p class='ocr_par' dir='ltr' id='par_1_73' title="bbox 1978 2510 3633 2588">
     <span class='ocr_line' id='line_1_73' title="bbox 1978 2510 3633 2588; baseline 0.005 -25"><span class='ocrx_word' id='word_1_509' title='bbox 1978 2526 2137 2573; x_wconf 73' lang='lat' dir='ltr'>xxux,</span> <span class='ocrx_word' id='word_1_510' title='bbox 2170 2512 2286 2581; x_wconf 86' lang='lat'>28.)</span> <span class='ocrx_word' id='word_1_511' title='bbox 2316 2510 2551 2566; x_wconf 84' lang='lat' dir='ltr'>Salmon</span> <span class='ocrx_word' id='word_1_512' title='bbox 2602 2512 3039 2585; x_wconf 87' lang='lat' dir='ltr'>interpretatur,</span> <span class='ocrx_word' id='word_1_513' title='bbox 3091 2514 3192 2569; x_wconf 85' lang='lat' dir='ltr'>sub</span> <span class='ocrx_word' id='word_1_514' title='bbox 3240 2517 3454 2571; x_wconf 86' lang='lat' dir='ltr'>umbra.</span> <span class='ocrx_word' id='word_1_515' title='bbox 3488 2512 3633 2588; x_wconf 84' lang='lat' dir='ltr'>lllai,</span> 
     </span>
    </p>
   </div>
   <div class='ocr_carea' id='block_1_74' title="bbox 1977 2599 3387 2673">
    <p class='ocr_par' dir='ltr' id='par_1_74' title="bbox 1977 2599 3387 2673">
     <span class='ocr_line' id='line_1_74' title="bbox 1977 2599 3387 2673; baseline 0.004 -19"><span class='ocrx_word' id='word_1_516' title='bbox 1977 2599 2272 2673; x_wconf 68' lang='lat' dir='ltr'>excitatus.</span> <span class='ocrx_word' id='word_1_517' title='bbox 2305 2601 2566 2657; x_wconf 87' lang='lat' dir='ltr'>Aothites</span> <span class='ocrx_word' id='word_1_518' title='bbox 2598 2601 2754 2657; x_wconf 80' lang='lat' dir='ltr'>filius</span> <span class='ocrx_word' id='word_1_519' title='bbox 2785 2602 2957 2657; x_wconf 84' lang='lat' dir='ltr'>Aothi</span> <span class='ocrx_word' id='word_1_520' title='bbox 2992 2603 3190 2659; x_wconf 87' lang='lat' dir='ltr'>fratris</span> <span class='ocrx_word' id='word_1_521' title='bbox 3212 2605 3323 2660; x_wconf 90' lang='lat' dir='ltr'>Isai</span> <span class='ocrx_word' id='word_1_522' title='bbox 3351 2609 3387 2660; x_wconf 85' lang='grc'>³.</span> 
     </span>
    </p>
   </div>
   <div class='ocr_carea' id='block_1_75' title="bbox 2050 2688 3634 2766">
    <p class='ocr_par' dir='ltr' id='par_1_75' title="bbox 2050 2688 3634 2766">
     <span class='ocr_line' id='line_1_75' title="bbox 2050 2688 3634 2766; baseline 0.007 -25"><span class='ocrx_word' id='word_1_523' title='bbox 2050 2688 2235 2759; x_wconf 89' lang='lat' dir='ltr'>(Vers.</span> <span class='ocrx_word' id='word_1_524' title='bbox 2270 2690 2384 2761; x_wconf 91' lang='lat'>30.)</span> <span class='ocrx_word' id='word_1_525' title='bbox 2433 2689 2604 2745; x_wconf 89' lang='lat' dir='ltr'>Heleb</span> <span class='ocrx_word' id='word_1_526' title='bbox 2656 2691 2715 2746; x_wconf 92' lang='lat' dir='ltr'>in</span> <span class='ocrx_word' id='word_1_527' title='bbox 2764 2690 3265 2764; x_wconf 87' lang='lat' dir='ltr'>Paralipomenon,</span> <span class='ocrx_word' id='word_1_528' title='bbox 3299 2694 3401 2766; x_wconf 86' lang='lat' dir='ltr'>qui</span> <span class='ocrx_word' id='word_1_529' title='bbox 3431 2695 3487 2749; x_wconf 91' lang='lat' dir='ltr'>in</span> <span class='ocrx_word' id='word_1_530' title='bbox 3523 2695 3634 2753; x_wconf 86' lang='lat' dir='ltr'>Re-</span> 
     </span>
    </p>
   </div>
   <div class='ocr_carea' id='block_1_76' title="bbox 1978 2778 3640 2854">
    <p class='ocr_par' dir='ltr' id='par_1_76' title="bbox 1978 2778 3640 2854">
     <span class='ocr_line' id='line_1_76' title="bbox 1978 2778 3640 2854; baseline 0.005 -22"><span class='ocrx_word' id='word_1_531' title='bbox 1978 2794 2117 2850; x_wconf 90' lang='lat' dir='ltr'>gum</span> <span class='ocrx_word' id='word_1_532' title='bbox 2172 2778 2449 2833; x_wconf 87' lang='lat' dir='ltr'>scribitur</span> <span class='ocrx_word' id='word_1_533' title='bbox 2502 2779 2677 2835; x_wconf 86' lang='lat' dir='ltr'>Heled</span> <span class='ocrx_word' id='word_1_534' title='bbox 2737 2782 2813 2851; x_wconf 87' lang='lat' dir='ltr'>(II</span> <span class='ocrx_word' id='word_1_535' title='bbox 2872 2782 2993 2851; x_wconf 86' lang='lat' dir='ltr'>Reg.</span> <span class='ocrx_word' id='word_1_536' title='bbox 3052 2799 3214 2853; x_wconf 83' lang='lat' dir='ltr'>xxm,</span> <span class='ocrx_word' id='word_1_537' title='bbox 3270 2783 3386 2854; x_wconf 88' lang='lat'>29.)</span> <span class='ocrx_word' id='word_1_538' title='bbox 3441 2783 3640 2853; x_wconf 76' lang='lat' dir='ltr'>Heleb,</span> 
     </span>
    </p>
   </div>
   <div class='ocr_carea' id='block_1_77' title="bbox 1977 2866 2606 2937">
    <p class='ocr_par' dir='ltr' id='par_1_77' title="bbox 1977 2866 2606 2937">
     <span class='ocr_line' id='line_1_77' title="bbox 1977 2866 2606 2937; baseline 0.003 -16"><span class='ocrx_word' id='word_1_539' title='bbox 1977 2867 2138 2937; x_wconf 87' lang='lat' dir='ltr'>adeps</span> <span class='ocrx_word' id='word_1_540' title='bbox 2162 2885 2176 2933; x_wconf 89' lang='lat'><strong>;</strong></span> <span class='ocrx_word' id='word_1_541' title='bbox 2211 2866 2382 2923; x_wconf 89' lang='lat' dir='ltr'>Heled</span> <span class='ocrx_word' id='word_1_542' title='bbox 2395 2910 2408 2933; x_wconf 91' lang='lat'>,</span> <span class='ocrx_word' id='word_1_543' title='bbox 2441 2876 2606 2924; x_wconf 85' lang='lat' dir='ltr'>terra.</span> 
     </span>
    </p>
   </div>
   <div class='ocr_carea' id='block_1_78' title="bbox 2049 2956 3633 3034">
    <p class='ocr_par' dir='ltr' id='par_1_78' title="bbox 2049 2956 3633 3034">
     <span class='ocr_line' id='line_1_78' title="bbox 2049 2956 3633 3034; baseline 0.005 -24"><span class='ocrx_word' id='word_1_544' title='bbox 2049 2956 2231 3024; x_wconf 87' lang='lat' dir='ltr'>(Vers.</span> <span class='ocrx_word' id='word_1_545' title='bbox 2264 2958 2377 3029; x_wconf 81' lang='lat'>3&#39;2.)</span> <span class='ocrx_word' id='word_1_546' title='bbox 2409 2957 2584 3012; x_wconf 88' lang='lat' dir='ltr'>Hurai</span> <span class='ocrx_word' id='word_1_547' title='bbox 2632 2958 2690 3013; x_wconf 90' lang='lat' dir='ltr'>in</span> <span class='ocrx_word' id='word_1_548' title='bbox 2740 2958 3245 3031; x_wconf 90' lang='lat' dir='ltr'>Paralipomenon,</span> <span class='ocrx_word' id='word_1_549' title='bbox 3300 2960 3359 3016; x_wconf 86' lang='lat' dir='ltr'>in</span> <span class='ocrx_word' id='word_1_550' title='bbox 3410 2964 3633 3034; x_wconf 83' lang='lat' dir='ltr'>Regum</span> 
     </span>
    </p>
   </div>
   <div class='ocr_carea' id='block_1_79' title="bbox 1978 3044 3632 3121">
    <p class='ocr_par' dir='ltr' id='par_1_79' title="bbox 1978 3044 3632 3121">
     <span class='ocr_line' id='line_1_79' title="bbox 1978 3044 3632 3121; baseline 0.004 -22"><span class='ocrx_word' id='word_1_551' title='bbox 1978 3044 2256 3099; x_wconf 91' lang='lat' dir='ltr'>scribitur</span> <span class='ocrx_word' id='word_1_552' title='bbox 2286 3044 2463 3100; x_wconf 89' lang='lat' dir='ltr'>Hedai</span> <span class='ocrx_word' id='word_1_553' title='bbox 2496 3046 2574 3114; x_wconf 90' lang='lat' dir='ltr'>(II</span> <span class='ocrx_word' id='word_1_554' title='bbox 2604 3046 2728 3115; x_wconf 87' lang='lat' dir='ltr'>Reg.</span> <span class='ocrx_word' id='word_1_555' title='bbox 2762 3063 2926 3114; x_wconf 80' lang='lat' dir='ltr'>xxm,</span> <span class='ocrx_word' id='word_1_556' title='bbox 2986 3049 3103 3115; x_wconf 89' lang='lat'>30.)</span> <span class='ocrx_word' id='word_1_557' title='bbox 3135 3048 3315 3104; x_wconf 89' lang='lat' dir='ltr'>Hurai</span> <span class='ocrx_word' id='word_1_558' title='bbox 3349 3049 3632 3121; x_wconf 86' lang='lat' dir='ltr'>interpre-</span> 
     </span>
    </p>
   </div>
   <div class='ocr_carea' id='block_1_80' title="bbox 1979 3135 3631 3208">
    <p class='ocr_par' dir='ltr' id='par_1_80' title="bbox 1979 3135 3631 3208">
     <span class='ocr_line' id='line_1_80' title="bbox 1979 3135 3631 3208; baseline 0.002 -19"><span class='ocrx_word' id='word_1_559' title='bbox 1979 3138 2137 3189; x_wconf 89' lang='lat' dir='ltr'>tatur</span> <span class='ocrx_word' id='word_1_560' title='bbox 2176 3137 2414 3205; x_wconf 80' lang='lat' dir='ltr'>Ienestra</span> <span class='ocrx_word' id='word_1_561' title='bbox 2476 3152 2630 3201; x_wconf 90' lang='lat' dir='ltr'>mea;</span> <span class='ocrx_word' id='word_1_562' title='bbox 2693 3135 2871 3190; x_wconf 90' lang='lat' dir='ltr'>Hedai</span> <span class='ocrx_word' id='word_1_563' title='bbox 2933 3137 3353 3208; x_wconf 89' lang='lat' dir='ltr'>interpretatur</span> <span class='ocrx_word' id='word_1_564' title='bbox 3403 3154 3631 3195; x_wconf 81' lang='lat' dir='ltr'>acumen</span> 
     </span>
    </p>
   </div>
   <div class='ocr_carea' id='block_1_81' title="bbox 1980 3222 3635 3297">
    <p class='ocr_par' dir='ltr' id='par_1_81' title="bbox 1980 3222 3635 3297">
     <span class='ocr_line' id='line_1_81' title="bbox 1980 3222 3635 3297; baseline 0.002 -20"><span class='ocrx_word' id='word_1_565' title='bbox 1980 3240 2180 3277; x_wconf 72' lang='lat' dir='ltr'>meum.</span> <span class='ocrx_word' id='word_1_566' title='bbox 2214 3222 2374 3278; x_wconf 86' lang='lat' dir='ltr'>Abiel</span> <span class='ocrx_word' id='word_1_567' title='bbox 2408 3224 2464 3277; x_wconf 91' lang='lat' dir='ltr'>in</span> <span class='ocrx_word' id='word_1_568' title='bbox 2499 3222 3000 3296; x_wconf 89' lang='lat' dir='ltr'>Paralipomenon,</span> <span class='ocrx_word' id='word_1_569' title='bbox 3054 3225 3109 3279; x_wconf 91' lang='lat' dir='ltr'>in</span> <span class='ocrx_word' id='word_1_570' title='bbox 3166 3226 3387 3297; x_wconf 88' lang='lat' dir='ltr'>Regum</span> <span class='ocrx_word' id='word_1_571' title='bbox 3436 3226 3635 3281; x_wconf 74' lang='lat' dir='ltr'>Abial-</span> 
     </span>
    </p>
   </div>
   <div class='ocr_carea' id='block_1_82' title="bbox 1978 3312 3631 3385">
    <p class='ocr_par' dir='ltr' id='par_1_82' title="bbox 1978 3312 3631 3385">
     <span class='ocr_line' id='line_1_82' title="bbox 1978 3312 3631 3385; baseline 0.003 -19"><span class='ocrx_word' id='word_1_572' title='bbox 1978 3313 2091 3366; x_wconf 89' lang='lat' dir='ltr'>bon</span> <span class='ocrx_word' id='word_1_573' title='bbox 2127 3312 2193 3383; x_wconf 74' lang='lat' dir='ltr'>(Il</span> <span class='ocrx_word' id='word_1_574' title='bbox 2236 3313 2356 3383; x_wconf 79' lang='lat' dir='ltr'>Reg.</span> <span class='ocrx_word' id='word_1_575' title='bbox 2415 3329 2574 3375; x_wconf 84' lang='lat' dir='ltr'>xxm,</span> <span class='ocrx_word' id='word_1_576' title='bbox 2632 3313 2748 3382; x_wconf 85' lang='lat' dir='ltr'>3i.)</span> <span class='ocrx_word' id='word_1_577' title='bbox 2807 3313 2990 3381; x_wconf 82' lang='lat' dir='ltr'>Abiel,</span> <span class='ocrx_word' id='word_1_578' title='bbox 3046 3317 3205 3385; x_wconf 82' lang='lat' dir='ltr'>pater</span> <span class='ocrx_word' id='word_1_579' title='bbox 3260 3332 3410 3370; x_wconf 88' lang='lat' dir='ltr'>meus</span> <span class='ocrx_word' id='word_1_580' title='bbox 3468 3316 3631 3372; x_wconf 87' lang='lat' dir='ltr'>Deus.</span> 
     </span>
    </p>
   </div>
   <div class='ocr_carea' id='block_1_83' title="bbox 1976 3400 3638 3471">
    <p class='ocr_par' dir='ltr' id='par_1_83' title="bbox 1976 3400 3638 3471">
     <span class='ocr_line' id='line_1_83' title="bbox 1976 3400 3638 3471; baseline 0.003 -17"><span class='ocrx_word' id='word_1_581' title='bbox 1976 3400 2280 3465; x_wconf 85' lang='lat' dir='ltr'>Abialbon,</span> <span class='ocrx_word' id='word_1_582' title='bbox 2311 3410 2472 3471; x_wconf 80' lang='lat' dir='ltr'>pater</span> <span class='ocrx_word' id='word_1_583' title='bbox 2499 3418 2650 3455; x_wconf 87' lang='lat' dir='ltr'>meus</span> <span class='ocrx_word' id='word_1_584' title='bbox 2697 3401 2869 3457; x_wconf 87' lang='lat' dir='ltr'>dolor.</span> <span class='ocrx_word' id='word_1_585' title='bbox 2918 3434 2986 3443; x_wconf 93' lang='lat'><strong><em>—</em></strong></span> <span class='ocrx_word' id='word_1_586' title='bbox 3032 3426 3059 3452; x_wconf 84' lang='lat'><strong><em>«</em></strong></span> <span class='ocrx_word' id='word_1_587' title='bbox 3093 3403 3294 3458; x_wconf 84' lang='lat' dir='ltr'>Eliada</span> <span class='ocrx_word' id='word_1_588' title='bbox 3337 3404 3492 3459; x_wconf 80' lang='lat' dir='ltr'>filius</span> <span class='ocrx_word' id='word_1_589' title='bbox 3525 3409 3638 3460; x_wconf 85' lang='lat' dir='ltr'>Da-</span> 
     </span>
    </p>
   </div>
   <div class='ocr_carea' id='block_1_84' title="bbox 1977 3489 3636 3563">
    <p class='ocr_par' dir='ltr' id='par_1_84' title="bbox 1977 3489 3636 3563">
     <span class='ocr_line' id='line_1_84' title="bbox 1977 3489 3636 3563; baseline 0.004 -21"><span class='ocrx_word' id='word_1_590' title='bbox 1977 3489 2093 3553; x_wconf 87' lang='lat' dir='ltr'>vid,</span> <span class='ocrx_word' id='word_1_591' title='bbox 2170 3512 2196 3536; x_wconf 88' lang='grc'>››</span> <span class='ocrx_word' id='word_1_592' title='bbox 2273 3489 2329 3542; x_wconf 90' lang='lat' dir='ltr'>in</span> <span class='ocrx_word' id='word_1_593' title='bbox 2418 3489 2660 3561; x_wconf 83' lang='lat' dir='ltr'>Regum,</span> <span class='ocrx_word' id='word_1_594' title='bbox 2734 3497 2791 3546; x_wconf 93' lang='lat' dir='ltr'>et</span> <span class='ocrx_word' id='word_1_595' title='bbox 2869 3492 2924 3545; x_wconf 92' lang='lat' dir='ltr'>in</span> <span class='ocrx_word' id='word_1_596' title='bbox 3004 3491 3512 3563; x_wconf 86' lang='lat' dir='ltr'>Paralipomenon,</span> <span class='ocrx_word' id='word_1_597' title='bbox 3576 3494 3636 3548; x_wconf 89' lang='lat' dir='ltr'>in</span> 
     </span>
    </p>
   </div>
   <div class='ocr_carea' id='block_1_85' title="bbox 1979 3576 3636 3648">
    <p class='ocr_par' dir='ltr' id='par_1_85' title="bbox 1979 3576 3636 3648">
     <span class='ocr_line' id='line_1_85' title="bbox 1979 3576 3636 3648; baseline 0.002 -17"><span class='ocrx_word' id='word_1_598' title='bbox 1979 3578 2165 3648; x_wconf 91' lang='lat' dir='ltr'>primo</span> <span class='ocrx_word' id='word_1_599' title='bbox 2196 3576 2319 3631; x_wconf 93' lang='lat' dir='ltr'>loco</span> <span class='ocrx_word' id='word_1_600' title='bbox 2375 3578 2712 3632; x_wconf 89' lang='lat' dir='ltr'>nominatur</span> <span class='ocrx_word' id='word_1_601' title='bbox 2755 3580 2957 3633; x_wconf 90' lang='lat' dir='ltr'>eodem</span> <span class='ocrx_word' id='word_1_602' title='bbox 3012 3580 3223 3633; x_wconf 88' lang='lat' dir='ltr'>modo:</span> <span class='ocrx_word' id='word_1_603' title='bbox 3278 3580 3335 3634; x_wconf 92' lang='lat' dir='ltr'>in</span> <span class='ocrx_word' id='word_1_604' title='bbox 3377 3580 3636 3635; x_wconf 89' lang='lat' dir='ltr'>secundo</span> 
     </span>
    </p>
   </div>
   <div class='ocr_carea' id='block_1_86' title="bbox 1976 3664 3638 3738">
    <p class='ocr_par' dir='ltr' id='par_1_86' title="bbox 1976 3664 3638 3738">
     <span class='ocr_line' id='line_1_86' title="bbox 1976 3664 3638 3738; baseline 0.002 -19"><span class='ocrx_word' id='word_1_605' title='bbox 1976 3684 2106 3721; x_wconf 84' lang='lat' dir='ltr'>vero</span> <span class='ocrx_word' id='word_1_606' title='bbox 2164 3664 2418 3720; x_wconf 84' lang='lat' dir='ltr'>Baliada.</span> <span class='ocrx_word' id='word_1_607' title='bbox 2482 3665 2680 3720; x_wconf 86' lang='lat' dir='ltr'>Eliada</span> <span class='ocrx_word' id='word_1_608' title='bbox 2765 3667 3177 3738; x_wconf 87' lang='lat' dir='ltr'>interpretatur</span> <span class='ocrx_word' id='word_1_609' title='bbox 3262 3668 3403 3721; x_wconf 83' lang='lat' dir='ltr'>Deus</span> <span class='ocrx_word' id='word_1_610' title='bbox 3487 3683 3638 3723; x_wconf 85' lang='lat' dir='ltr'>meus</span> 
     </span>
    </p>
   </div>
   <div class='ocr_carea' id='block_1_87' title="bbox 1976 3754 3634 3828">
    <p class='ocr_par' dir='ltr' id='par_1_87' title="bbox 1976 3754 3634 3828">
     <span class='ocr_line' id='line_1_87' title="bbox 1976 3754 3634 3828; baseline 0 -19"><span class='ocrx_word' id='word_1_611' title='bbox 1976 3756 2246 3825; x_wconf 80' lang='lat' dir='ltr'>cognovit.</span> <span class='ocrx_word' id='word_1_612' title='bbox 2291 3754 2542 3819; x_wconf 83' lang='lat' dir='ltr'>Baliada,</span> <span class='ocrx_word' id='word_1_613' title='bbox 2574 3758 2807 3809; x_wconf 77' lang='lat' dir='ltr'>maritus</span> <span class='ocrx_word' id='word_1_614' title='bbox 2853 3757 3118 3823; x_wconf 80' lang='lat' dir='ltr'>cognovit.</span> <span class='ocrx_word' id='word_1_615' title='bbox 3167 3755 3431 3809; x_wconf 87' lang='lat' dir='ltr'>Tradunt</span> <span class='ocrx_word' id='word_1_616' title='bbox 3462 3771 3634 3828; x_wconf 90' lang='lat' dir='ltr'>prop-</span> 
     </span>
    </p>
   </div>
   <div class='ocr_carea' id='block_1_88' title="bbox 1978 3843 3629 3914">
    <p class='ocr_par' dir='ltr' id='par_1_88' title="bbox 1978 3843 3629 3914">
     <span class='ocr_line' id='line_1_88' title="bbox 1978 3843 3629 3914; baseline 0.001 -17"><span class='ocrx_word' id='word_1_617' title='bbox 1978 3851 2066 3897; x_wconf 86' lang='lat' dir='ltr'>ter</span> <span class='ocrx_word' id='word_1_618' title='bbox 2090 3843 2611 3914; x_wconf 85' lang='lat' dir='ltr'>transgressionem</span> <span class='ocrx_word' id='word_1_619' title='bbox 2638 3843 2839 3905; x_wconf 84' lang='lat' dir='ltr'>David,</span> <span class='ocrx_word' id='word_1_620' title='bbox 2861 3843 2968 3897; x_wconf 91' lang='lat' dir='ltr'>hoc</span> <span class='ocrx_word' id='word_1_621' title='bbox 2992 3859 3202 3898; x_wconf 91' lang='lat' dir='ltr'>nomen</span> <span class='ocrx_word' id='word_1_622' title='bbox 3227 3845 3629 3899; x_wconf 86' lang='lat' dir='ltr'>immutatum.</span> 
     </span>
    </p>
   </div>
   <div class='ocr_carea' id='block_1_89' title="bbox 2049 3930 3634 4004">
    <p class='ocr_par' dir='ltr' id='par_1_89' title="bbox 2049 3930 3634 4004">
     <span class='ocr_line' id='line_1_89' title="bbox 2049 3930 3634 4004; baseline 0.001 -20"><span class='ocrx_word' id='word_1_623' title='bbox 2049 3933 2231 4004; x_wconf 82' lang='lat' dir='ltr'>(Vers.</span> <span class='ocrx_word' id='word_1_624' title='bbox 2264 3933 2378 4000; x_wconf 86' lang='lat'>33.)</span> <span class='ocrx_word' id='word_1_625' title='bbox 2409 3932 2471 3986; x_wconf 90' lang='lat' dir='ltr'>In</span> <span class='ocrx_word' id='word_1_626' title='bbox 2506 3932 2753 4002; x_wconf 84' lang='lat' dir='ltr'>Regum,</span> <span class='ocrx_word' id='word_1_627' title='bbox 2791 3930 2890 3985; x_wconf 85' lang='lat' dir='ltr'>tilii</span> <span class='ocrx_word' id='word_1_628' title='bbox 2922 3932 3120 3995; x_wconf 88' lang='lat' dir='ltr'>Jasen,</span> <span class='ocrx_word' id='word_1_629' title='bbox 3145 3931 3436 3986; x_wconf 86' lang='lat' dir='ltr'>Jonathan</span> <span class='ocrx_word' id='word_1_630' title='bbox 3467 3948 3479 3985; x_wconf 91' lang='lat'><strong>:</strong></span> <span class='ocrx_word' id='word_1_631' title='bbox 3516 3946 3634 3986; x_wconf 90' lang='lat' dir='ltr'>non</span> 
     </span>
    </p>
   </div>
   <div class='ocr_carea' id='block_1_90' title="bbox 1978 4020 3635 4093">
    <p class='ocr_par' dir='ltr' id='par_1_90' title="bbox 1978 4020 3635 4093">
     <span class='ocr_line' id='line_1_90' title="bbox 1978 4020 3635 4093; baseline 0 -18"><span class='ocrx_word' id='word_1_632' title='bbox 1978 4026 2066 4075; x_wconf 90' lang='lat' dir='ltr'>est</span> <span class='ocrx_word' id='word_1_633' title='bbox 2098 4020 2424 4092; x_wconf 88' lang='lat' dir='ltr'>putandum</span> <span class='ocrx_word' id='word_1_634' title='bbox 2457 4021 2609 4090; x_wconf 90' lang='lat' dir='ltr'>quod</span> <span class='ocrx_word' id='word_1_635' title='bbox 2655 4020 2809 4075; x_wconf 79' lang='lat' dir='ltr'>filius</span> <span class='ocrx_word' id='word_1_636' title='bbox 2840 4022 2968 4090; x_wconf 88' lang='lat' dir='ltr'>ejus</span> <span class='ocrx_word' id='word_1_637' title='bbox 3001 4021 3095 4074; x_wconf 88' lang='lat' dir='ltr'>sit.</span> <span class='ocrx_word' id='word_1_638' title='bbox 3130 4020 3441 4093; x_wconf 84' lang='lat' dir='ltr'>Sigillatim</span> <span class='ocrx_word' id='word_1_639' title='bbox 3475 4020 3635 4076; x_wconf 89' lang='lat' dir='ltr'>enim</span> 
     </span>
    </p>
   </div>
   <div class='ocr_carea' id='block_1_91' title="bbox 1979 4108 3634 4182">
    <p class='ocr_par' dir='ltr' id='par_1_91' title="bbox 1979 4108 3634 4182">
     <span class='ocr_line' id='line_1_91' title="bbox 1979 4108 3634 4182; baseline -0.002 -16"><span class='ocrx_word' id='word_1_640' title='bbox 1979 4110 2215 4182; x_wconf 89' lang='lat' dir='ltr'>ponitur</span> <span class='ocrx_word' id='word_1_641' title='bbox 2243 4109 2556 4175; x_wconf 85' lang='lat' dir='ltr'>Jonathan,</span> <span class='ocrx_word' id='word_1_642' title='bbox 2591 4114 2646 4165; x_wconf 87' lang='lat' dir='ltr'>et</span> <span class='ocrx_word' id='word_1_643' title='bbox 2676 4115 2764 4164; x_wconf 85' lang='lat' dir='ltr'>est</span> <span class='ocrx_word' id='word_1_644' title='bbox 2796 4110 2951 4164; x_wconf 84' lang='lat' dir='ltr'>ﬁlius</span> <span class='ocrx_word' id='word_1_645' title='bbox 2983 4112 3110 4179; x_wconf 88' lang='lat' dir='ltr'>ejus</span> <span class='ocrx_word' id='word_1_646' title='bbox 3142 4110 3313 4182; x_wconf 79' lang='lat' dir='ltr'>Sagie</span> <span class='ocrx_word' id='word_1_647' title='bbox 3336 4111 3393 4164; x_wconf 92' lang='lat' dir='ltr'>in</span> <span class='ocrx_word' id='word_1_648' title='bbox 3418 4108 3634 4164; x_wconf 85' lang='lat' dir='ltr'>Parali-</span> 
     </span>
    </p>
   </div>
   <div class='ocr_carea' id='block_1_92' title="bbox 1980 4198 3637 4272">
    <p class='ocr_par' dir='ltr' id='par_1_92' title="bbox 1980 4198 3637 4272">
     <span class='ocr_line' id='line_1_92' title="bbox 1980 4198 3637 4272; baseline -0.001 -17"><span class='ocrx_word' id='word_1_649' title='bbox 1980 4216 2289 4272; x_wconf 87' lang='lat' dir='ltr'>pomenon.</span> <span class='ocrx_word' id='word_1_650' title='bbox 2326 4198 2447 4253; x_wconf 88' lang='lat' dir='ltr'>Filii</span> <span class='ocrx_word' id='word_1_651' title='bbox 2482 4215 2613 4253; x_wconf 92' lang='lat' dir='ltr'>vero</span> <span class='ocrx_word' id='word_1_652' title='bbox 2655 4202 2828 4253; x_wconf 76' lang='lat' dir='ltr'>Asem</span> <span class='ocrx_word' id='word_1_653' title='bbox 2881 4198 3103 4254; x_wconf 89' lang='lat' dir='ltr'>Gizoni.</span> <span class='ocrx_word' id='word_1_654' title='bbox 3136 4198 3309 4254; x_wconf 88' lang='lat' dir='ltr'>Jasen</span> <span class='ocrx_word' id='word_1_655' title='bbox 3352 4198 3637 4270; x_wconf 87' lang='lat' dir='ltr'>interpre-</span> 
     </span>
    </p>
   </div>
   <div class='ocr_carea' id='block_1_93' title="bbox 1980 4288 3040 4351">
    <p class='ocr_par' dir='ltr' id='par_1_93' title="bbox 1980 4288 3040 4351">
     <span class='ocr_line' id='line_1_93' title="bbox 1980 4288 3040 4351; baseline -0.002 -8"><span class='ocrx_word' id='word_1_656' title='bbox 1980 4293 2136 4343; x_wconf 88' lang='lat' dir='ltr'>tatur</span> <span class='ocrx_word' id='word_1_657' title='bbox 2162 4288 2443 4343; x_wconf 86' lang='lat' dir='ltr'>dormitor.</span> <span class='ocrx_word' id='word_1_658' title='bbox 2479 4288 2673 4351; x_wconf 88' lang='lat' dir='ltr'>Asem,</span> <span class='ocrx_word' id='word_1_659' title='bbox 2707 4289 3040 4341; x_wconf 86' lang='lat' dir='ltr'>nominatus.</span> 
     </span>
    </p>
   </div>
   <div class='ocr_carea' id='block_1_94' title="bbox 2050 4374 3637 4450">
    <p class='ocr_par' dir='ltr' id='par_1_94' title="bbox 2050 4374 3637 4450">
     <span class='ocr_line' id='line_1_94' title="bbox 2050 4374 3637 4450; baseline -0.001 -18"><span class='ocrx_word' id='word_1_660' title='bbox 2050 4378 2235 4450; x_wconf 86' lang='lat' dir='ltr'>(Vers.</span> <span class='ocrx_word' id='word_1_661' title='bbox 2280 4378 2394 4448; x_wconf 74' lang='grc'>34.)</span> <span class='ocrx_word' id='word_1_662' title='bbox 2452 4400 2477 4425; x_wconf 86' lang='grc'>‹‹</span> <span class='ocrx_word' id='word_1_663' title='bbox 2511 4377 2715 4431; x_wconf 87' lang='lat' dir='ltr'>Aiham</span> <span class='ocrx_word' id='word_1_664' title='bbox 2770 4376 2926 4431; x_wconf 85' lang='lat' dir='ltr'>ﬁlius</span> <span class='ocrx_word' id='word_1_665' title='bbox 2975 4375 3214 4442; x_wconf 87' lang='lat' dir='ltr'>Sachar,</span> <span class='ocrx_word' id='word_1_666' title='bbox 3247 4398 3275 4425; x_wconf 81' lang='lat'><strong>»</strong></span> <span class='ocrx_word' id='word_1_667' title='bbox 3328 4376 3384 4430; x_wconf 92' lang='lat' dir='ltr'>in</span> <span class='ocrx_word' id='word_1_668' title='bbox 3418 4374 3637 4431; x_wconf 82' lang='lat' dir='ltr'>Parali-</span> 
     </span>
    </p>
   </div>
   <div class='ocr_carea' id='block_1_95' title="bbox 204 4463 3637 4541">
    <p class='ocr_par' dir='ltr' id='par_1_95' title="bbox 204 4463 3637 4541">
     <span class='ocr_line' id='line_1_95' title="bbox 204 4463 3637 4541; baseline -0.001 -21"><span class='ocrx_word' id='word_1_669' title='bbox 204 4466 313 4539; x_wconf 90' lang='lat' dir='ltr'>qui</span> <span class='ocrx_word' id='word_1_670' title='bbox 346 4483 457 4521; x_wconf 91' lang='lat' dir='ltr'>non</span> <span class='ocrx_word' id='word_1_671' title='bbox 490 4466 778 4523; x_wconf 88' lang='lat' dir='ltr'>desiderio</span> <span class='ocrx_word' id='word_1_672' title='bbox 811 4484 974 4539; x_wconf 58' lang='lat' dir='ltr'>aquai</span> <span class='ocrx_word' id='word_1_673' title='bbox 1025 4467 1132 4523; x_wconf 89' lang='lat' dir='ltr'>hoc</span> <span class='ocrx_word' id='word_1_674' title='bbox 1184 4468 1337 4535; x_wconf 88' lang='lat' dir='ltr'>fecit,</span> <span class='ocrx_word' id='word_1_675' title='bbox 1386 4470 1485 4525; x_wconf 86' lang='lat' dir='ltr'>sed</span> <span class='ocrx_word' id='word_1_676' title='bbox 1519 4471 1587 4523; x_wconf 91' lang='lat' dir='ltr'>ad</span> <span class='ocrx_word' id='word_1_677' title='bbox 1626 4471 1870 4541; x_wconf 89' lang='lat' dir='ltr'>proban-</span> <span class='ocrx_word' id='word_1_678' title='bbox 1903 4474 1947 4538; x_wconf 82' lang='lat'>1)</span> <span class='ocrx_word' id='word_1_679' title='bbox 1981 4484 2289 4541; x_wconf 89' lang='lat' dir='ltr'>pomenon,</span> <span class='ocrx_word' id='word_1_680' title='bbox 2323 4472 2379 4521; x_wconf 91' lang='lat' dir='ltr'>et</span> <span class='ocrx_word' id='word_1_681' title='bbox 2410 4468 2828 4538; x_wconf 88' lang='lat' dir='ltr'>interpretatur</span> <span class='ocrx_word' id='word_1_682' title='bbox 2856 4481 3094 4530; x_wconf 78' lang='lat' dir='ltr'>merces;</span> <span class='ocrx_word' id='word_1_683' title='bbox 3147 4466 3205 4519; x_wconf 91' lang='lat' dir='ltr'>in</span> <span class='ocrx_word' id='word_1_684' title='bbox 3239 4465 3461 4537; x_wconf 89' lang='lat' dir='ltr'>Regum</span> <span class='ocrx_word' id='word_1_685' title='bbox 3493 4463 3637 4519; x_wconf 87' lang='lat' dir='ltr'>scri-</span> 
     </span>
    </p>
   </div>
   <div class='ocr_carea' id='block_1_96' title="bbox 202 4556 1871 4630">
    <p class='ocr_par' dir='ltr' id='par_1_96' title="bbox 202 4556 1871 4630">
     <span class='ocr_line' id='line_1_96' title="bbox 202 4556 1871 4630; baseline 0.002 -19"><span class='ocrx_word' id='word_1_686' title='bbox 202 4557 354 4611; x_wconf 87' lang='lat' dir='ltr'>dum</span> <span class='ocrx_word' id='word_1_687' title='bbox 388 4559 585 4611; x_wconf 89' lang='lat' dir='ltr'>utrum</span> <span class='ocrx_word' id='word_1_688' title='bbox 618 4561 733 4611; x_wconf 89' lang='lat' dir='ltr'>tam</span> <span class='ocrx_word' id='word_1_689' title='bbox 770 4556 947 4612; x_wconf 89' lang='lat' dir='ltr'>fortes</span> <span class='ocrx_word' id='word_1_690' title='bbox 971 4556 1213 4612; x_wconf 87' lang='lat' dir='ltr'>inveniri</span> <span class='ocrx_word' id='word_1_691' title='bbox 1248 4558 1595 4629; x_wconf 88' lang='lat' dir='ltr'>potuissent,</span> <span class='ocrx_word' id='word_1_692' title='bbox 1631 4560 1728 4630; x_wconf 92' lang='lat' dir='ltr'>qui</span> <span class='ocrx_word' id='word_1_693' title='bbox 1761 4559 1871 4616; x_wconf 90' lang='lat' dir='ltr'>hoc</span> 
     </span>
    </p>
   </div>
   <div class='ocr_carea' id='block_1_97' title="bbox 200 4645 1867 4721">
    <p class='ocr_par' dir='ltr' id='par_1_97' title="bbox 200 4645 1867 4721">
     <span class='ocr_line' id='line_1_97' title="bbox 200 4645 1867 4721; baseline 0.002 -20"><span class='ocrx_word' id='word_1_694' title='bbox 200 4647 579 4701; x_wconf 85' lang='lat' dir='ltr'>attentarent.</span> <span class='ocrx_word' id='word_1_695' title='bbox 614 4645 973 4701; x_wconf 83' lang='lat' dir='ltr'>Sacriﬁcavit</span> <span class='ocrx_word' id='word_1_696' title='bbox 994 4662 1121 4701; x_wconf 87' lang='lat' dir='ltr'>eam</span> <span class='ocrx_word' id='word_1_697' title='bbox 1146 4646 1392 4702; x_wconf 91' lang='lat' dir='ltr'>Domino</span> <span class='ocrx_word' id='word_1_698' title='bbox 1423 4648 1641 4719; x_wconf 89' lang='lat' dir='ltr'>gratias</span> <span class='ocrx_word' id='word_1_699' title='bbox 1669 4665 1867 4721; x_wconf 88' lang='lat' dir='ltr'>agens,</span> 
     </span>
    </p>
   </div>
   <div class='ocr_carea' id='block_1_98' title="bbox 1981 4554 3640 4626">
    <p class='ocr_par' dir='ltr' id='par_1_98' title="bbox 1981 4554 3640 4626">
     <span class='ocr_line' id='line_1_98' title="bbox 1981 4554 3640 4626; baseline -0.003 -14"><span class='ocrx_word' id='word_1_700' title='bbox 1981 4558 2140 4613; x_wconf 88' lang='lat' dir='ltr'>bitur</span> <span class='ocrx_word' id='word_1_701' title='bbox 2194 4562 2334 4611; x_wconf 88' lang='lat' dir='ltr'>Saar</span> <span class='ocrx_word' id='word_1_702' title='bbox 2390 4556 2463 4626; x_wconf 83' lang='lat' dir='ltr'>(II</span> <span class='ocrx_word' id='word_1_703' title='bbox 2533 4556 2658 4626; x_wconf 71' lang='lat' dir='ltr'>Reg.</span> <span class='ocrx_word' id='word_1_704' title='bbox 2720 4571 2880 4621; x_wconf 83' lang='lat' dir='ltr'>xxm,</span> <span class='ocrx_word' id='word_1_705' title='bbox 2939 4555 3053 4624; x_wconf 85' lang='lat'>32.)</span> <span class='ocrx_word' id='word_1_706' title='bbox 3111 4556 3167 4608; x_wconf 89' lang='lat' dir='ltr'>et</span> <span class='ocrx_word' id='word_1_707' title='bbox 3222 4554 3640 4625; x_wconf 86' lang='lat' dir='ltr'>interpretatur</span> 
     </span>
    </p>
   </div>
   <div class='ocr_carea' id='block_1_99' title="bbox 1980 4656 2187 4703">
    <p class='ocr_par' dir='ltr' id='par_1_99' title="bbox 1980 4656 2187 4703">
     <span class='ocr_line' id='line_1_99' title="bbox 1980 4656 2187 4703; baseline -0.005 0"><span class='ocrx_word' id='word_1_708' title='bbox 1980 4656 2187 4703; x_wconf 82' lang='lat' dir='ltr'>cantor.</span> 
     </span>
    </p>
   </div>
   <div class='ocr_carea' id='block_1_100' title="bbox 280 4839 3634 4917">
    <p class='ocr_par' dir='ltr' id='par_1_100' title="bbox 280 4839 3634 4917">
     <span class='ocr_line' id='line_1_100' title="bbox 280 4839 3634 4917; baseline -0 -22"><span class='ocrx_word' id='word_1_709' title='bbox 280 4840 662 4917; x_wconf 73' lang='lat' dir='ltr'>’Aliter__rns.</span> <span class='ocrx_word' id='word_1_710' title='bbox 714 4843 943 4917; x_wconf 83' lang='lat' dir='ltr'>codices</span> <span class='ocrx_word' id='word_1_711' title='bbox 984 4842 1350 4917; x_wconf 77' lang='lat' dir='ltr'>Corbeiensis</span> <span class='ocrx_word' id='word_1_712' title='bbox 1391 4847 1446 4897; x_wconf 90' lang='lat' dir='ltr'>et</span> <span class='ocrx_word' id='word_1_713' title='bbox 1488 4844 1874 4911; x_wconf 88' lang='lat' dir='ltr'>Colbertinus,</span> <span class='ocrx_word' id='word_1_714' title='bbox 1909 4846 2008 4917; x_wconf 92' lang='lat' dir='ltr'>qui</span> <span class='ocrx_word' id='word_1_715' title='bbox 2072 4844 2179 4899; x_wconf 88' lang='lat' dir='ltr'>hoc</span> <span class='ocrx_word' id='word_1_716' title='bbox 2240 4843 2411 4897; x_wconf 87' lang='lat' dir='ltr'>modo</span> <span class='ocrx_word' id='word_1_717' title='bbox 2460 4841 2697 4913; x_wconf 87' lang='lat' dir='ltr'>legunt:</span> <span class='ocrx_word' id='word_1_718' title='bbox 2748 4841 2914 4910; x_wconf 83' lang='lat' dir='ltr'>tlilai,</span> <span class='ocrx_word' id='word_1_719' title='bbox 2965 4841 3244 4895; x_wconf 77' lang='lat' dir='ltr'>exattatus</span> <span class='ocrx_word' id='word_1_720' title='bbox 3294 4839 3634 4909; x_wconf 80' lang='lat' dir='ltr'>Banaiafu-</span> 
     </span>
    </p>
   </div>
   <div class='ocr_carea' id='block_1_101' title="bbox 202 4914 1595 4985">
    <p class='ocr_par' dir='ltr' id='par_1_101' title="bbox 202 4914 1595 4985">
     <span class='ocr_line' id='line_1_101' title="bbox 202 4914 1595 4985; baseline 0.001 -17"><span class='ocrx_word' id='word_1_721' title='bbox 202 4914 474 4969; x_wconf 87' lang='lat' dir='ltr'>ratonites</span> <span class='ocrx_word' id='word_1_722' title='bbox 503 4915 656 4984; x_wconf 82' lang='lat' dir='ltr'>ﬁlius</span> <span class='ocrx_word' id='word_1_723' title='bbox 686 4914 866 4969; x_wconf 84' lang='lat' dir='ltr'>Ahodi</span> <span class='ocrx_word' id='word_1_724' title='bbox 894 4916 1090 4985; x_wconf 78' lang='lat' dir='ltr'>fratris</span> <span class='ocrx_word' id='word_1_725' title='bbox 1122 4915 1233 4969; x_wconf 86' lang='lat' dir='ltr'>Isai</span> <span class='ocrx_word' id='word_1_726' title='bbox 1258 4916 1452 4979; x_wconf 79' lang='lat' dir='ltr'>Hurai,</span> <span class='ocrx_word' id='word_1_727' title='bbox 1487 4922 1595 4970; x_wconf 87' lang='lat' dir='ltr'>etc.</span> 
     </span>
    </p>
   </div>
   <div class='ocr_carea' id='block_1_102' title="bbox 284 5128 1867 5201">
    <p class='ocr_par' dir='ltr' id='par_1_102' title="bbox 284 5128 1867 5201">
     <span class='ocr_line' id='line_1_102' title="bbox 284 5128 1867 5201; baseline 0.003 -20"><span class='ocrx_word' id='word_1_728' title='bbox 284 5129 365 5198; x_wconf 82' lang='grc' dir='ltr'>(α)</span> <span class='ocrx_word' id='word_1_729' title='bbox 396 5131 531 5194; x_wconf 69' lang='lat' dir='ltr'>Quae</span> <span class='ocrx_word' id='word_1_730' title='bbox 561 5128 696 5184; x_wconf 89' lang='lat' dir='ltr'>hinc</span> <span class='ocrx_word' id='word_1_731' title='bbox 722 5130 1151 5185; x_wconf 89' lang='lat' dir='ltr'>subnectuntur</span> <span class='ocrx_word' id='word_1_732' title='bbox 1178 5130 1352 5185; x_wconf 90' lang='lat' dir='ltr'>verba</span> <span class='ocrx_word' id='word_1_733' title='bbox 1406 5146 1591 5201; x_wconf 90' lang='lat' dir='ltr'>usque</span> <span class='ocrx_word' id='word_1_734' title='bbox 1622 5130 1692 5185; x_wconf 89' lang='lat' dir='ltr'>ad</span> <span class='ocrx_word' id='word_1_735' title='bbox 1726 5130 1867 5186; x_wconf 88' lang='lat' dir='ltr'>alte-</span> 
     </span>
    </p>
   </div>
   <div class='ocr_carea' id='block_1_103' title="bbox 208 5202 1868 5273">
    <p class='ocr_par' dir='ltr' id='par_1_103' title="bbox 208 5202 1868 5273">
     <span class='ocr_line' id='line_1_103' title="bbox 208 5202 1868 5273; baseline 0.002 -20"><span class='ocrx_word' id='word_1_736' title='bbox 208 5216 351 5254; x_wconf 89' lang='lat' dir='ltr'>rum</span> <span class='ocrx_word' id='word_1_737' title='bbox 404 5202 761 5271; x_wconf 79' lang='lat' dir='ltr'>interfecisse,</span> <span class='ocrx_word' id='word_1_738' title='bbox 820 5207 991 5257; x_wconf 89' lang='lat' dir='ltr'>antea</span> <span class='ocrx_word' id='word_1_739' title='bbox 1049 5202 1868 5273; x_wconf 10' lang='lat' dir='ltr'>desiderabantur,rexceptis</span> 
     </span>
    </p>
   </div>
   <div class='ocr_carea' id='block_1_104' title="bbox 200 5272 1867 5344">
    <p class='ocr_par' dir='ltr' id='par_1_104' title="bbox 200 5272 1867 5344">
     <span class='ocr_line' id='line_1_104' title="bbox 200 5272 1867 5344; baseline 0.004 -21"><span class='ocrx_word' id='word_1_740' title='bbox 200 5279 433 5343; x_wconf 79' lang='lat' dir='ltr'>propter</span> <span class='ocrx_word' id='word_1_741' title='bbox 491 5275 668 5342; x_wconf 87' lang='lat' dir='ltr'>ipsum</span> <span class='ocrx_word' id='word_1_742' title='bbox 732 5277 1030 5344; x_wconf 72' lang='lat' dir='ltr'>peccatum,</span> <span class='ocrx_word' id='word_1_743' title='bbox 1108 5291 1233 5344; x_wconf 67' lang='lat' dir='ltr'>quae</span> <span class='ocrx_word' id='word_1_744' title='bbox 1309 5272 1592 5344; x_wconf 87' lang='lat' dir='ltr'>superiori</span> <span class='ocrx_word' id='word_1_745' title='bbox 1652 5272 1867 5329; x_wconf 88' lang='lat' dir='ltr'>isocolo</span> 
     </span>
    </p>
   </div>
   <div class='ocr_carea' id='block_1_105' title="bbox 192 5344 1865 5417">
    <p class='ocr_par' dir='ltr' id='par_1_105' title="bbox 192 5344 1865 5417">
     <span class='ocr_line' id='line_1_105' title="bbox 192 5344 1865 5417; baseline 0.002 -21"><span class='ocrx_word' id='word_1_746' title='bbox 192 5345 435 5413; x_wconf 84' lang='lat' dir='ltr'>juncta,</span> <span class='ocrx_word' id='word_1_747' title='bbox 469 5344 553 5398; x_wconf 89' lang='lat' dir='ltr'>sic</span> <span class='ocrx_word' id='word_1_748' title='bbox 584 5349 779 5399; x_wconf 84' lang='lat' dir='ltr'>tamen</span> <span class='ocrx_word' id='word_1_749' title='bbox 838 5344 1031 5417; x_wconf 82' lang='lat' dir='ltr'>luxata</span> <span class='ocrx_word' id='word_1_750' title='bbox 1082 5344 1261 5399; x_wconf 89' lang='lat' dir='ltr'>videri</span> <span class='ocrx_word' id='word_1_751' title='bbox 1320 5350 1604 5417; x_wconf 87' lang='lat' dir='ltr'>poterant.</span> <span class='ocrx_word' id='word_1_752' title='bbox 1657 5346 1865 5400; x_wconf 83' lang='lat' dir='ltr'>Locum</span> 
     </span>
    </p>
   </div>
   <div class='ocr_carea' id='block_1_106' title="bbox 204 5415 1864 5487">
    <p class='ocr_par' dir='ltr' id='par_1_106' title="bbox 204 5415 1864 5487">
     <span class='ocr_line' id='line_1_106' title="bbox 204 5415 1864 5487; baseline 0.003 -20"><span class='ocrx_word' id='word_1_753' title='bbox 204 5430 451 5486; x_wconf 84' lang='lat' dir='ltr'>quoque</span> <span class='ocrx_word' id='word_1_754' title='bbox 478 5417 650 5469; x_wconf 90' lang='lat' dir='ltr'>modo</span> <span class='ocrx_word' id='word_1_755' title='bbox 682 5415 916 5487; x_wconf 89' lang='lat' dir='ltr'>supplet</span> <span class='ocrx_word' id='word_1_756' title='bbox 963 5432 1130 5471; x_wconf 88' lang='lat' dir='ltr'>meus</span> <span class='ocrx_word' id='word_1_757' title='bbox 1177 5432 1287 5487; x_wconf 88' lang='lat' dir='ltr'>ms.</span> <span class='ocrx_word' id='word_1_758' title='bbox 1324 5415 1397 5470; x_wconf 16' lang='lat' dir='ltr'>Pet</span> <span class='ocrx_word' id='word_1_759' title='bbox 1447 5416 1546 5487; x_wconf 91' lang='lat' dir='ltr'>qui</span> <span class='ocrx_word' id='word_1_760' title='bbox 1580 5434 1734 5472; x_wconf 88' lang='lat' dir='ltr'>nunc</span> <span class='ocrx_word' id='word_1_761' title='bbox 1767 5418 1864 5473; x_wconf 89' lang='lat' dir='ltr'>de-</span> 
     </span>
    </p>
   </div>
   <div class='ocr_carea' id='block_1_107' title="bbox 204 5486 1868 5554">
    <p class='ocr_par' dir='ltr' id='par_1_107' title="bbox 204 5486 1868 5554">
     <span class='ocr_line' id='line_1_107' title="bbox 204 5486 1868 5554; baseline 0.002 -15"><span class='ocrx_word' id='word_1_762' title='bbox 204 5502 379 5541; x_wconf 87' lang='lat' dir='ltr'>mum</span> <span class='ocrx_word' id='word_1_763' title='bbox 412 5487 721 5551; x_wconf 90' lang='lat' dir='ltr'>succurrit,</span> <span class='ocrx_word' id='word_1_764' title='bbox 764 5486 937 5543; x_wconf 87' lang='lat' dir='ltr'>unus</span> <span class='ocrx_word' id='word_1_765' title='bbox 992 5486 1415 5543; x_wconf 86' lang='lat' dir='ltr'>Ambrosianus</span> <span class='ocrx_word' id='word_1_766' title='bbox 1472 5486 1511 5543; x_wconf 87' lang='lat' dir='ltr'>l)</span> <span class='ocrx_word' id='word_1_767' title='bbox 1566 5488 1777 5554; x_wconf 89' lang='lat' dir='ltr'>littera,</span> <span class='ocrx_word' id='word_1_768' title='bbox 1813 5494 1868 5543; x_wconf 89' lang='lat' dir='ltr'>et</span> 
     </span>
    </p>
   </div>
   <div class='ocr_carea' id='block_1_108' title="bbox 206 5558 1865 5635">
    <p class='ocr_par' dir='ltr' id='par_1_108' title="bbox 206 5558 1865 5635">
     <span class='ocr_line' id='line_1_108' title="bbox 206 5558 1865 5635; baseline 0.002 -21"><span class='ocrx_word' id='word_1_769' title='bbox 206 5572 380 5616; x_wconf 86' lang='lat' dir='ltr'>num.</span> <span class='ocrx_word' id='word_1_770' title='bbox 411 5558 500 5629; x_wconf 89' lang='lat'>88,</span> <span class='ocrx_word' id='word_1_771' title='bbox 533 5562 913 5633; x_wconf 65' lang='lat' dir='ltr'>prmnotatus,</span> <span class='ocrx_word' id='word_1_772' title='bbox 946 5576 977 5615; x_wconf 87' lang='lat' dir='ltr'>a</span> <span class='ocrx_word' id='word_1_773' title='bbox 1007 5573 1123 5633; x_wconf 86' lang='lat' dir='ltr'>quo</span> <span class='ocrx_word' id='word_1_774' title='bbox 1173 5564 1419 5635; x_wconf 71' lang='lat' dir='ltr'>exceptis</span> <span class='ocrx_word' id='word_1_775' title='bbox 1468 5560 1607 5617; x_wconf 89' lang='lat' dir='ltr'>olim</span> <span class='ocrx_word' id='word_1_776' title='bbox 1638 5562 1865 5617; x_wconf 89' lang='lat' dir='ltr'>varian-</span> 
     </span>
    </p>
   </div>
   <div class='ocr_carea' id='block_1_109' title="bbox 1980 5126 3635 5199">
    <p class='ocr_par' dir='ltr' id='par_1_109' title="bbox 1980 5126 3635 5199">
     <span class='ocr_line' id='line_1_109' title="bbox 1980 5126 3635 5199; baseline -0.002 -13"><span class='ocrx_word' id='word_1_777' title='bbox 1980 5136 2067 5186; x_wconf 90' lang='lat' dir='ltr'>tes</span> <span class='ocrx_word' id='word_1_778' title='bbox 2099 5128 2377 5185; x_wconf 89' lang='lat' dir='ltr'>lectiones</span> <span class='ocrx_word' id='word_1_779' title='bbox 2412 5147 2526 5183; x_wconf 91' lang='lat' dir='ltr'>non</span> <span class='ocrx_word' id='word_1_780' title='bbox 2558 5128 2616 5183; x_wconf 92' lang='lat' dir='ltr'>in</span> <span class='ocrx_word' id='word_1_781' title='bbox 2649 5128 2791 5184; x_wconf 89' lang='lat' dir='ltr'>istas</span> <span class='ocrx_word' id='word_1_782' title='bbox 2826 5128 3017 5191; x_wconf 87' lang='lat' dir='ltr'>modo,</span> <span class='ocrx_word' id='word_1_783' title='bbox 3053 5128 3149 5183; x_wconf 92' lang='lat' dir='ltr'>sed</span> <span class='ocrx_word' id='word_1_784' title='bbox 3185 5133 3241 5183; x_wconf 90' lang='lat' dir='ltr'>et</span> <span class='ocrx_word' id='word_1_785' title='bbox 3273 5126 3329 5182; x_wconf 90' lang='lat' dir='ltr'>in</span> <span class='ocrx_word' id='word_1_786' title='bbox 3363 5128 3635 5199; x_wconf 85' lang='lat' dir='ltr'>superius</span> 
     </span>
    </p>
   </div>
   <div class='ocr_carea' id='block_1_110' title="bbox 1977 5199 3635 5271">
    <p class='ocr_par' dir='ltr' id='par_1_110' title="bbox 1977 5199 3635 5271">
     <span class='ocr_line' id='line_1_110' title="bbox 1977 5199 3635 5271; baseline -0.001 -14"><span class='ocrx_word' id='word_1_787' title='bbox 1977 5220 2219 5257; x_wconf 82' lang='lat' dir='ltr'>excusas</span> <span class='ocrx_word' id='word_1_788' title='bbox 2252 5201 2613 5264; x_wconf 67' lang='lat' dir='ltr'>Qutestiones</span> <span class='ocrx_word' id='word_1_789' title='bbox 2654 5201 2710 5255; x_wconf 91' lang='lat' dir='ltr'>in</span> <span class='ocrx_word' id='word_1_790' title='bbox 2763 5201 2983 5271; x_wconf 89' lang='lat' dir='ltr'>Regum</span> <span class='ocrx_word' id='word_1_791' title='bbox 3018 5200 3215 5263; x_wconf 89' lang='lat' dir='ltr'>libros,</span> <span class='ocrx_word' id='word_1_792' title='bbox 3249 5199 3402 5254; x_wconf 91' lang='lat' dir='ltr'>inter</span> <span class='ocrx_word' id='word_1_793' title='bbox 3432 5200 3635 5255; x_wconf 90' lang='lat' dir='ltr'>adver-</span> 
     </span>
    </p>
   </div>
   <div class='ocr_carea' id='block_1_111' title="bbox 1978 5271 3634 5343">
    <p class='ocr_par' dir='ltr' id='par_1_111' title="bbox 1978 5271 3634 5343">
     <span class='ocr_line' id='line_1_111' title="bbox 1978 5271 3634 5343; baseline -0.001 -16"><span class='ocrx_word' id='word_1_794' title='bbox 1978 5275 2133 5327; x_wconf 88' lang='lat' dir='ltr'>saria</span> <span class='ocrx_word' id='word_1_795' title='bbox 2169 5289 2317 5337; x_wconf 87' lang='lat' dir='ltr'>mea,</span> <span class='ocrx_word' id='word_1_796' title='bbox 2352 5272 2567 5342; x_wconf 90' lang='lat' dir='ltr'>aliique</span> <span class='ocrx_word' id='word_1_797' title='bbox 2615 5271 2846 5343; x_wconf 89' lang='lat' dir='ltr'>generis</span> <span class='ocrx_word' id='word_1_798' title='bbox 2895 5271 3141 5343; x_wconf 79' lang='lat' dir='ltr'>schedas</span> <span class='ocrx_word' id='word_1_799' title='bbox 3192 5271 3500 5341; x_wconf 88' lang='lat' dir='ltr'>hucusque</span> <span class='ocrx_word' id='word_1_800' title='bbox 3530 5272 3634 5326; x_wconf 89' lang='lat' dir='ltr'>de-</span> 
     </span>
    </p>
   </div>
   <div class='ocr_carea' id='block_1_112' title="bbox 1980 5342 3636 5400">
    <p class='ocr_par' dir='ltr' id='par_1_112' title="bbox 1980 5342 3636 5400">
     <span class='ocr_line' id='line_1_112' title="bbox 1980 5342 3636 5400; baseline -0.001 0"><span class='ocrx_word' id='word_1_801' title='bbox 1980 5347 2273 5400; x_wconf 88' lang='lat' dir='ltr'>lituerant.</span> <span class='ocrx_word' id='word_1_802' title='bbox 2334 5342 2639 5398; x_wconf 68' lang='lat' dir='ltr'>Craterum</span> <span class='ocrx_word' id='word_1_803' title='bbox 2673 5343 2841 5397; x_wconf 90' lang='lat' dir='ltr'>illum</span> <span class='ocrx_word' id='word_1_804' title='bbox 2901 5342 3051 5397; x_wconf 90' lang='lat' dir='ltr'>scias</span> <span class='ocrx_word' id='word_1_805' title='bbox 3109 5361 3143 5397; x_wconf 90' lang='lat' dir='ltr'>a</span> <span class='ocrx_word' id='word_1_806' title='bbox 3200 5358 3327 5397; x_wconf 89' lang='lat' dir='ltr'>meo</span> <span class='ocrx_word' id='word_1_807' title='bbox 3378 5358 3488 5398; x_wconf 87' lang='lat' dir='ltr'>ms.</span> <span class='ocrx_word' id='word_1_808' title='bbox 3532 5348 3636 5399; x_wconf 90' lang='lat' dir='ltr'>aut</span> 
     </span>
    </p>
   </div>
   <div class='ocr_carea' id='block_1_113' title="bbox 1980 5413 3309 5487">
    <p class='ocr_par' dir='ltr' id='par_1_113' title="bbox 1980 5413 3309 5487">
     <span class='ocr_line' id='line_1_113' title="bbox 1980 5413 3309 5487; baseline -0.002 -17"><span class='ocrx_word' id='word_1_809' title='bbox 1980 5432 2302 5487; x_wconf 89' lang='lat' dir='ltr'>nunquam,</span> <span class='ocrx_word' id='word_1_810' title='bbox 2339 5420 2440 5469; x_wconf 91' lang='lat' dir='ltr'>aut</span> <span class='ocrx_word' id='word_1_811' title='bbox 2471 5432 2598 5469; x_wconf 85' lang='lat' dir='ltr'>raro</span> <span class='ocrx_word' id='word_1_812' title='bbox 2631 5414 2952 5469; x_wconf 88' lang='lat' dir='ltr'>admodum</span> <span class='ocrx_word' id='word_1_813' title='bbox 2980 5413 3309 5487; x_wconf 75' lang='lat' dir='ltr'>dissentire.</span> 
     </span>
    </p>
   </div>
   <div class='ocr_carea' id='block_1_114' title="bbox 2048 5484 3639 5557">
    <p class='ocr_par' dir='ltr' id='par_1_114' title="bbox 2048 5484 3639 5557">
     <span class='ocr_line' id='line_1_114' title="bbox 2048 5484 3639 5557; baseline -0.002 -16"><span class='ocrx_word' id='word_1_814' title='bbox 2048 5484 2135 5557; x_wconf 76' lang='grc' dir='ltr'>(ὑ)</span> <span class='ocrx_word' id='word_1_815' title='bbox 2152 5487 2243 5541; x_wconf 85' lang='lat' dir='ltr'>Sic</span> <span class='ocrx_word' id='word_1_816' title='bbox 2266 5488 2481 5540; x_wconf 86' lang='lat' dir='ltr'>habent</span> <span class='ocrx_word' id='word_1_817' title='bbox 2504 5503 2693 5554; x_wconf 79' lang='lat' dir='ltr'>meus,</span> <span class='ocrx_word' id='word_1_818' title='bbox 2718 5493 2905 5557; x_wconf 86' lang='lat' dir='ltr'>atque</span> <span class='ocrx_word' id='word_1_819' title='bbox 2924 5484 3428 5557; x_wconf 43' lang='lat' dir='ltr'>Ainbrosiaans.</span> <span class='ocrx_word' id='word_1_820' title='bbox 3452 5485 3639 5538; x_wconf 83' lang='lat' dir='ltr'>Antea</span> 
     </span>
    </p>
   </div>
   <div class='ocr_carea' id='block_1_115' title="bbox 1976 5554 3665 5632">
    <p class='ocr_par' dir='ltr' id='par_1_115' title="bbox 1976 5554 3665 5632">
     <span class='ocr_line' id='line_1_115' title="bbox 1976 5554 3665 5632; baseline -0.004 -16"><span class='ocrx_word' id='word_1_821' title='bbox 1976 5554 2099 5631; x_wconf 83' lang='lat' dir='ltr'>erat</span> <span class='ocrx_word' id='word_1_822' title='bbox 2128 5560 2554 5632; x_wconf 78' lang='lat' dir='ltr'>potentissimus,</span> <span class='ocrx_word' id='word_1_823' title='bbox 2609 5560 2771 5632; x_wconf 86' lang='lat' dir='ltr'>quod</span> <span class='ocrx_word' id='word_1_824' title='bbox 2799 5554 3129 5614; x_wconf 69' lang='lat' dir='ltr'>referretur</span> <span class='ocrx_word' id='word_1_825' title='bbox 3168 5555 3248 5613; x_wconf 87' lang='lat' dir='ltr'>ad</span> <span class='ocrx_word' id='word_1_826' title='bbox 3276 5554 3665 5614; x_wconf 60' lang='lat' dir='ltr'>Eleazarum.</span> 
     </span>
    </p>
   </div>
  </div>
