4084 6176
523 270 690 330 ΝΗ
2023 261 2442 331 ΔΡΡΕΝΜΣ..
3703 275 3811 345 mg

592 401 778 470 (Vers.
810 399 928 470 35.)
964 420 991 449 «
1025 396 1276 470 Eliphal,
1336 397 1495 454 illius
1554 398 1652 464 Ur,
1706 423 1732 447 ››
1780 399 1834 452 in
1896 396 2180 469 Paralipo-
2209 398 2266 466 Α
2295 402 2383 454 tes
2413 399 2809 468 celebrandas,
2845 400 2964 456 sive
2993 401 3065 456 ad
3123 405 3362 460 cetera:
3418 409 3474 460 et
3518 405 3629 464 ideo
3657 407 3814 472 dictum

523 504 773 545 menon:
809 488 868 543 in
901 489 1122 561 Regum
1172 487 1459 558 Eliphclet
1513 487 1668 543 filius
1711 486 1886 543 Asbai
1945 489 2015 554 (Il
2047 488 2174 556 Reg.
2288 492 2378 542 est
2410 489 2463 543 in
2524 489 2921 545 benedictione
2981 490 3279 547 lssachar:
3341 493 3600 565 Supposuit
3640 497 3817 554 limum

517 595 680 646 χχιιι,
713 577 826 649 35.)
859 575 1080 648 Elipbal
1141 575 1562 648 interpretatur
1617 579 1757 632 Deus
1813 592 1962 631 meus
2001 578 2176 629 mira-
2283 593 2428 642 suos,
2458 587 2510 632 et
2555 582 2732 648 factus
2782 587 2860 634 est
2906 580 3127 635 tribulis
3175 583 3412 636 serviens
3453 582 3816 653 (Gen.x1.u,l5.)

518 667 666 722 bilis.
691 667 797 738 Ur,
830 669 995 737 ignis.
1029 664 1334 737 Eliphelet,
1371 671 1516 721 Deus
1565 682 1714 721 meus
1767 666 2042 721 liberabit.
2075 668 2176 719 As-
2357 666 2518 738 (Cap.
2580 668 2725 722 XIII.
2787 699 2855 708 -
2912 667 3075 725 Vers.
3143 670 3224 740 5.)
3282 692 3310 719 «
3367 674 3695 744 Congregavit
3732 690 3822 746 ergo

515 756 632 826 hui,
657 758 898 828 ρθρενςίι
925 755 1087 810 mihi,
2289 755 2462 810 David
2505 762 2782 812 cunctum
2845 756 3044 824 Israel,
3107 775 3140 812 a
3194 758 3360 814 Sibor
3409 759 3676 832 Egypti.»
3709 762 3821 819 Sibnr

583 847 770 916 (Vere.
803 845 917 917 36.)
949 846 1014 900 In
1067 843 1572 915 Paralipomenon,
1605 843 1796 916 Epher
1835 841 2174 898 Meehorati-
2282 842 2508 915 Aﬂgypti
2542 845 2755 900 ﬂuvius
2801 851 2890 902 est
2939 863 2972 901 a
3026 846 3152 903 Nilo
3201 847 3504 904 derivatus.
3548 849 3604 904 In
3629 849 3823 916 Jeremin,

512 937 620 991 tes.
658 935 888 1006 Hepher
916 935 1039 1004 ipse
1068 937 1156 987 est
1215 931 1402 987 Etiam.
1449 937 1612 1005 pater
1663 933 1984 988 Bethsabee
2015 930 2174 985 ﬁlius
2281 933 2427 1000 Quid
2471 934 2577 988 tibi
2623 943 2700 989 est
2745 934 2818 989 ad
2863 936 3012 989 viam
3058 937 3301 1006 Egypti,
3350 943 3412 991 ut
3457 939 3591 993 bibas
3622 955 3750 1008 aqua:
3769 940 3824 994 Si-

506 1023 870 1097 Aehitophsl.
903 1021 1234 1087 Mechorati,
1289 1021 1651 1076 venundatus.
1698 1021 1906 1092 Epher,
1937 1023 2168 1091 foveam.
2282 1021 2381 1075 hor
2413 1023 2629 1090 (Jerem.
2667 1040 2723 1087 ιι,
2759 1023 2873 1094 18.)
2900 1024 2927 1077 ?
2977 1025 3039 1078 In
3086 1024 3268 1080 Josue
3305 1025 3454 1097 (Cap.
3490 1044 3597 1092 xm,
3630 1029 3822 1093 γωδ)

505 1111 715 1180 Eliam,
747 1115 884 1168 Deus
911 1128 1062 1166 meus
1091 1111 1388 1166 mirabilis.
1420 1110 1785 1182 Achitophel,
1815 1112 1991 1180 frater
2018 1126 2170 1164 meus
2280 1110 2354 1164 De
2397 1109 2580 1178 Silwr,
2641 1111 2736 1182 qui
2787 1116 2867 1167 est
2921 1129 3085 1184 super
3137 1116 3342 1183 [aciem
3387 1117 3610 1186 Aigypti,
3639 1118 3829 1186 usquead

503 1204 710 1258 ruina:
742 1202 902 1268 item,
935 1203 1109 1272 frater
1136 1216 1290 1255 meus
1320 1199 1620 1255 mirabilis.
2279 1200 2543 1254 terminos
2581 1205 2846 1255 .4ccaron.

579 1291 762 1362 (Vers.
795 1293 908 1361 37.)
941 1295 1079 1346 Esro
1135 1289 1194 1343 in
1254 1288 1764 1360 Paralipomenon,
1829 1289 2175 1360 interpreta—
2351 1287 2534 1357 (Vera.
2574 1291 2656 1358 7.)
2716 1289 3024 1354 Abinachw,
3081 1290 3510 1362 interpretatur,
3555 1293 3692 1348 Pater
3728 1309 3834 1348 am

505 1383 604 1435 tur
646 1383 849 1435 atrium
909 1381 1043 1451 ejus.
1107 1380 1166 1433 In
1229 1378 1451 1450 Regum
1514 1379 1583 1449 (II
1641 1380 1767 1445 Reg.
1833 1394 1998 1442 xxm,
2055 1378 2162 1451 35..
2280 1377 2610 1448 votum(a);
2644 1379 2977 1441 Aminabad,
3011 1381 3243 1450 papulas
3273 1397 3421 1437 meus
3440 1381 3835 1443 votumJussent

504 1469 665 1525 Esrai
701 1444 1136 1540 interpretatur,
1167 1444 1378 1522 atriith
1410 1444 1616 1521 meum.
1664 1444 1730 1521 ln
1780 1444 2167 1537 Paralipome)
2278 1464 2436 1518 enim
2481 1444 2635 1520 idem
2691 1444 3021 1522 Aminadab
3072 1444 3304 1526 duobus
3362 1469 3494 1526 ﬁliis
3546 1470 3653 1524 suis
3698 1469 3837 1526 Οωι

503 1574 644 1626 non,
678 1558 890 1615 Noorai
918 1557 1074 1612 ﬁlius
1097 1557 1303 1612 Esbai:
1335 1556 1392 1609 in
1424 1557 1642 1626 Regum
1667 1554 1874 1610 Pharai
1900 1554 1970 1607 de
2004 1546 2168 1639 Arbi:
2278 1552 2449 1620 Ahio,
2484 1559 2549 1608 ut
2596 1562 2896 1627 portarent
2953 1574 3147 1612 arcam
3199 1558 3435 1613 Domini
3489 1558 3715 1616 humeris
3737 1559 3834 1618 suis

501 1647 733 1712 Noorai,
789 1663 928 1718 puer
985 1663 1156 1701 meus.
1218 1645 1412 1709 Esbai,
1476 1645 1741 1716 hyssopus
1783 1659 1926 1711 mea,
1962 1643 2167 1715 Pharai
2281 1641 2348 1695 Et
2379 1643 2518 1714 quia
2549 1660 2736 1714 neque
2763 1645 2874 1717 ipsi
2917 1663 3043 1700 eam
3096 1651 3487 1718 portaverant,
3529 1663 3692 1720 neque
3713 1647 3837 1703 Chat-

501 1735 917 1806 interpretatur
943 1735 1111 1804 gluto.
1165 1733 1324 1797 Arbi,
1361 1733 1588 1788 locusta.
1763 1818 1775 1832 ‘
2195 1770 2238 1832 Β
2280 1730 2403 1785 titis
2434 1732 2508 1787 ad
2531 1735 2882 1803 portandum
2914 1734 3220 1799 dederunt,
3246 1735 3461 1794 idcirco
3483 1736 3586 1792 Oza
3608 1734 3838 1792 mulctatus

571 1820 756 1888 (Vere.
789 1822 902 1891 38.)
964 1821 1025 1875 In
1088 1819 1593 1890 Paralipomenon,
1655 1818 1779 1874 Joel
1842 1819 2020 1874 frater
2050 1819 2158 1875 Na-
2199 1818 2238 1832 "
2271 1823 2359 1874 est
2388 1825 2596 1876 morte.
2632 1821 2762 1876 Fuit
2791 1823 2948 1878 enim
2982 1829 3283 1895 peccatum
3337 1824 3394 1879 in
3450 1842 3556 1880 non
3596 1825 3833 1896 portando;

497 1909 678 1966 than:
714 1911 773 1964 in
832 1911 1058 1981 Regum
1104 1909 1380 1964 scribitur
1439 1907 1556 1979 Igal
1615 1907 1770 1962 filius
1827 1907 2056 1963 Nathan
2089 1909 2160 1978 (ll
2270 1906 2328 1961 in
2379 1910 2726 1965 sustinendo
2772 1928 2992 1978 arcam,
3035 1913 3160 1982 jam
3212 1930 3384 1985 pcena
3429 1914 3647 1985 peccati.
3689 1910 3838 1968 Divisio

495 2000 623 2068 Reg.
654 2016 814 2068 xxiii,
848 1998 958 2068 36.)
1015 1997 1159 2066 Joel,
1220 1997 1655 2068 interpretatur,
1702 1999 1958 2051 Daminus
1989 2003 2152 2053 Deus.
2267 1995 2424 2051 enim
2455 2001 2568 2052 ()za
2597 1998 2849 2054 traditur
2870 2001 2964 2071 (b),
2999 2001 3151 2071 quod
3183 2002 3437 2057 aruisset
3465 2002 3729 2058 brachium
3753 2002 3838 2070 ejus

489 2087 640 2154 Joel',
671 2093 727 2144 et
755 2087 1046 2143 Jonathan
1102 2093 1156 2141 et
1217 2085 1444 2140 Nathan
1478 2086 1759 2157 pr0plieta
1793 2092 1998 2142 tratres
2033 2088 2154 2142 fue-
2265 2087 2323 2138 et
2352 2082 2653 2153 humerus,
2688 2087 2786 2141 ubi
2819 2104 2952 2143 arca
2983 2087 3210 2143 Domini
3260 2092 3542 2162 portanda
3586 2095 3707 2157 erat,
3744 2087 3835 2143 etin

493 2182 655 2244 runt,
688 2177 794 2232 filii
824 2178 1101 2232 Sammaa
1134 2176 1332 2231 fratris
1366 2176 1560 2230 David.
1613 2175 1789 2247 lgaal,
1822 2176 2150 2248 redemptus.
2266 2169 2426 2226 illius
2457 2171 2582 2228 loco
2617 2175 2824 2232 divisio
2853 2177 3121 2248 qumdam
3154 2180 3308 2234 facta
3336 2185 3448 2235 est.

490 2268 654 2333 Quod
685 2283 816 2322 vero
849 2265 906 2320 in
939 2265 1430 2336 Paralipomenon
1480 2264 1642 2319 Jovel
1690 2265 1868 2320 frater
1899 2265 2149 2332 Nathan,
2337 2262 2528 2322 (Vers.
2573 2264 2655 2333 9.)
2706 2286 2734 2313 ‹‹
2784 2265 2928 2324 Cum
2974 2267 3375 2334 pervenissent
3415 2268 3485 2324 ad
3527 2283 3700 2322 arcam
3741 2264 3835 2322 Chi-

489 2361 548 2412 et
578 2356 636 2411 in
670 2357 888 2428 Regum
923 2354 1080 2410 filius
1100 2354 1329 2409 Nathan
1355 2353 1652 2419 scribitur,
1678 2354 1798 2410 haec
1819 2371 1996 2409 causa
2023 2362 2147 2421 est;
2262 2347 2400 2404 don.
2461 2375 2479 2398 ι»
2539 2351 2762 2406 Chidon
2841 2353 3259 2426 interpretatur
3337 2357 3577 2428 clypeus.
3633 2355 3836 2415 Traditur

490 2444 611 2501 illic
640 2445 880 2517 ponitur
905 2461 1006 2516 pro
1037 2443 1378 2498 educatione
1413 2448 1592 2514 pater,
1646 2442 1737 2497 hic
1784 2459 1886 2514 pro
1937 2448 2148 2497 natura
2260 2439 2416 2493 enim
2449 2439 2558 2496 iste
2617 2441 2779 2496 locus
2839 2459 2989 2508 esse,
3050 2443 3146 2498 ubi
3205 2443 3384 2500 Josue
3443 2445 3637 2510 stabat,
3666 2442 3839 2514 quando

488 2533 688 2590 frater.
724 2533 992 2589 Mibahar
1018 2532 1175 2587 filius
1205 2533 1399 2603 Agari,
1435 2532 1492 2586 in
1538 2531 2056 2603 Paralipomenon:
2091 2533 2148 2587 in
2261 2526 2482 2583 dictum
2516 2535 2605 2585 est
2633 2531 2708 2596 ei,
2739 2531 2855 2586 leva
2885 2533 3141 2604 clypeum
3169 2542 3356 2588 contra
3392 2535 3576 2589 urbem
3603 2533 3840 2604 Ahi(10uu

490 2623 734 2694 Regum,
772 2621 911 2678 Bani
941 2622 1010 2676 de
1041 2620 1222 2676 Gaddi
1259 2619 1464 2691 (Ibid.).
1505 2620 1770 2675 Mibahar
1800 2621 2147 2692 interpreta-
2255 2634 2380 2688 vm,
2415 2617 2532 2686 t8.)

487 2715 608 2775 tur,
636 2710 704 2766 de
743 2711 960 2766 electis:
1024 2709 1218 2781 Agari,
1276 2709 1486 2764 advena
1542 2725 1712 2764 meus.
1776 2709 1936 2775 Bani,
1994 2710 2147 2779 ﬁlius
2329 2709 2518 2777 (Vers.
2558 2708 2668 2774 13)
2701 2731 2730 2758 ‹‹
2762 2709 2981 2764 Avertit
3021 2726 3218 2766 arcam
3267 2710 3369 2770 Dei
3418 2712 3475 2766 in
3525 2712 3678 2767 domo
3703 2707 3838 2766 Obedv

488 2814 640 2856 meus
669 2800 741 2855 de
770 2799 979 2864 Gaddi,
1011 2799 1118 2854 hoe
1149 2803 1258 2865 est,
1291 2799 1362 2852 de
1392 2798 1549 2854 tribu
1583 2798 1726 2853 Gad.
2257 2795 2460 2850 Edom.
2525 2820 2545 2848 ι
2610 2797 2983 2852 Obcd-Edom
3042 2797 3212 2854 levita
3271 2805 3398 2855 erat
3434 2818 3446 2855 :
3503 2805 3559 2855 et
3610 2797 3842 2871 ignorabat

559 2888 745 2961 (Vers.
781 2889 892 2958 40.)
924 2887 1061 2944 Hira
1088 2887 1394 2956 Jethrzeus,
1428 2885 1583 2942 filius
1620 2885 1820 2942 Jether
1865 2886 2048 2956 patris
2080 2889 2146 2940 A-
2255 2884 2432 2938 David
2459 2885 2531 2939 ob
2563 2901 2738 2956 quam
2773 2903 3008 2941 causam
3045 2887 3368 2958 indignatio
3418 2888 3514 2943 Dei
3563 2888 3775 2944 venisset
3800 2882 3839 2936 in

488 2995 684 3036 musas.
720 2976 857 3033 Uria
887 2977 1116 3034 Ethaaus
1146 2977 1231 3032 vir
1251 2975 1590 3041 Bcthsabee,
1622 2991 1655 3030 a
1687 2974 1811 3029 loco
1843 2975 1941 3046 qui
1976 2991 2141 3032 voca-
2254 2971 2448 3027 Ozam.
2499 2973 2812 3044 Postquam
2860 2991 2991 3029 vero
3041 2975 3308 3048 cognovit
3357 2994 3612 3047 causam,
3657 2990 3739 3046 pro
3763 2986 3841 3044 qui

487 3073 588 3123 tur
617 3065 747 3137 Eth,
782 3065 1010 3122 Ethaeus
1040 3070 1279 3121 vocatus
1335 3069 1442 3120 est.
1500 3065 1565 3118 lii
1625 3063 1864 3135 triginta
1913 3069 2139 3135 septem
2253 3063 2367 3116 Oza
2400 3079 2716 3133 percussus
2746 3067 2853 3133 est,
2881 3063 3063 3134 jussit
3091 3081 3221 3124 eam
3271 3067 3494 3137 portari
3522 3066 3578 3121 in
3617 3061 3839 3122 humeris,

490 3156 728 3211 fuerunt
759 3155 864 3225 [AL
898 3155 1192 3226 fugerunt]
1226 3170 1359 3208 cum
1390 3153 1566 3208 David
1598 3169 1729 3206 cum
1756 3153 1980 3224 fugeret
2017 3158 2149 3208 ante
2181 3139 2226 3204 C
2260 3151 2415 3206 sicut
2447 3153 2751 3224 sequentia
2773 3137 3201 3209 demonstrant.

491 3243 647 3298 Saul.
2321 3240 2479 3312 (Cap.
2515 3241 2656 3295 XIV.
2701 3271 2763 3280 —
2797 3239 2960 3295 Vers.
2999 3243 3110 3312 14.)
3163 3267 3190 3291 «ι
3222 3243 3395 3298 Venit
3442 3248 3634 3298 contra
3669 3239 3772 3294 illos
3795 3253 3839 3293 ex

553 3333 738 3402 (Vere.
775 3330 886 3402 43.)
919 3328 1144 3384 Maacha
1177 3345 1388 3384 nomen
1437 3333 1524 3384 est
1571 3328 1744 3383 officii
1779 3329 2136 3383 feminarum
2249 3329 2490 3384 adverso
2521 3329 2814 3384 flentium.
2850 3352 2878 3379 ››
2911 3330 3177 3386 Tradunt
3207 3331 3534 3388 Philistaaos
3566 3330 3751 3386 idolum
3776 3326 3839 3379 ba-

483 3420 555 3475 de
585 3419 781 3475 causis
815 3417 1222 3474 muliebribus.
1269 3417 1531 3482 Maacha,
1584 3419 1889 3485 ingeniosa.
1935 3417 2138 3472 Selech
2252 3417 2470 3484 buisse,
2499 3417 2594 3472 cui
2626 3417 2683 3471 in
2715 3417 2991 3490 lacrymis
3024 3419 3330 3476 hominum
3368 3420 3702 3478 sacriﬁcium
3730 3429 3842 3488 para-

485 3508 870 3577 Ammonites,
904 3525 970 3563 eo
1000 3507 1157 3578 quod
1187 3506 1246 3561 in
1280 3513 1530 3561 Ammon
1574 3506 1899 3561 ministerio
1934 3507 2138 3577 funge-
2249 3505 2441 3561 batur.
2476 3507 2622 3562 Huic
2661 3505 2743 3560 illi
2794 3525 2954 3564 more
3000 3525 3106 3563 suo
3159 3508 3437 3582 lacrymis
3485 3506 3841 3566 sacrificabant.

485 3603 665 3654 retur.
699 3597 936 3654 Githma
965 3597 1266 3663 Moabites,
1299 3611 1365 3650 eo
1397 3595 1553 3667 quod
1585 3595 1643 3649 in
1681 3595 1850 3650 Moab
1883 3595 2142 3651 ministe-
2249 3599 2317 3654 Et
2347 3596 2432 3650 eis
2463 3612 2530 3650 ex
2561 3595 2802 3650 adverso
2858 3596 3033 3650 David
3093 3598 3273 3662 venit,
3334 3597 3394 3652 in
3429 3612 3666 3670 quorum
3693 3590 3843 3664 capiti-

484 3688 572 3744 rio
609 3687 967 3760 fungeretur.
1029 3685 1322 3740 Hactenus
1382 3685 1740 3755 Benjamitre,
1800 3685 2033 3751 Elcana,
2085 3688 2142 3739 et
2249 3687 2360 3742 bus
2385 3686 2511 3756 jam
2562 3685 2724 3739 furor
2776 3685 3009 3740 Domini
3068 3687 3360 3754 saeviebat,
3425 3687 3648 3760 quando
3697 3683 3754 3740 ad
3777 3693 3844 3736 eos

483 3775 664 3841 Jesia,
694 3780 751 3831 et
780 3773 999 3830 Azrael.
1034 3773 1326 3846 Incipiunt
1345 3773 1569 3830 Levitis.
2247 3779 2485 3831 ventum
2517 3777 2625 3828 est.
2659 3773 2790 3828 Ideo
2839 3774 3164 3829 timuerunt
3210 3779 3418 3847 gentes
3469 3775 3634 3832 David
3671 3772 3850 3845 propter

556 3865 715 3937 (Cap.
747 3864 863 3918 XII.
896 3895 966 3903 —
995 3862 1158 3918 Vers.
1190 3864 1268 3932 8.)
1305 3887 1324 3911 α
1362 3862 1472 3918 Sed
1507 3866 1563 3916 et
1591 3861 1662 3916 dc
1720 3860 1904 3916 Gaddi
1948 3867 2138 3917 trans-
2248 3863 2470 3919 idolum
2510 3861 2895 3929 destructum,
2947 3862 3038 3918 cui
3089 3862 3366 3920 humanis
3419 3862 3678 3936 lacrymis
3713 3854 3845 3914 sacri-

489 3953 768 4025 fugerunt
797 3953 867 4007 ad
897 3950 1105 4019 David;
1134 3974 1160 3999 ››
1183 3952 1254 4006 de
1274 3951 1480 4017 Gaddi,
1502 3949 1561 4004 id
1592 3957 1700 4014 est,
1722 3951 1791 4005 de
1812 3951 1969 4005 tribu
1993 3951 2136 4006 Gad.
2251 3951 2570 4007 ficabatur.

558 4041 745 4112 (Vers.
777 4040 895 4112 21.)
926 4063 952 4090 κ
988 4040 1056 4094 Hi
1089 4040 1462 4111 praebuerunt
1517 4038 1801 4094 auxilium
1835 4039 2011 4094 David
2045 4039 2142 4095 ad-
2323 4040 2482 4112 (Cap.
2519 4038 2637 4094 XV.
2672 4070 2740 4078 —
2790 4043 2953 4095 Vers.
3012 4041 3087 4111 1.)
3140 4041 3533 4114 Tetenditque
3562 4040 3609 4096 ci
3640 4038 3848 4094 taberna-

482 4145 717 4186 versum
776 4128 1174 4195 latrunculos;
1236 4151 1264 4179 »
1326 4128 1381 4182 id
1439 4133 1549 4194 est,
1612 4127 1978 4198 Amalecitas,
2039 4129 2141 4200 qui
2251 4128 2532 4186 culum.»
2568 4131 2676 4183 etc.
2739 4127 2913 4183 Aliud
2975 4146 3190 4184 novum
3247 4128 3681 4186 tabernaculum
3732 4121 3849 4182 fecit.

489 4218 731 4292 pradati
763 4223 902 4274 sunt
951 4233 1156 4272 uxores
1213 4217 1364 4288 ejus,
1421 4221 1478 4271 et
1521 4231 1724 4272 eorum
1766 4217 2034 4288 quicum
2075 4234 2141 4273 eo
2253 4234 2366 4289 quo
2401 4217 2558 4272 istud
2593 4216 2702 4287 [Αἱ.
2738 4215 2904 4289 illud]
2953 4218 3108 4288 quod
3161 4235 3194 4272 a
3237 4221 3430 4290 Moyse
3481 4219 3682 4274 factum
3711 4213 3852 4268 fuerat

492 4312 681 4364 erant.
2253 4308 2311 4360 in
2342 4320 2558 4373 eremo,
2593 4304 2936 4376 cooperiret.

557 4395 744 4468 (νει-ε.
776 4395 893 4467 22.)
931 4417 960 4445 ‹‹
993 4394 1187 4467 Usque
1218 4395 1358 4450 dum
1392 4395 1555 4452 ﬁeret
1592 4395 1831 4466 grandis
1862 4412 2143 4451 numerus
2324 4394 2512 4466 (Vers.
2547 4393 2661 4464 19.)
2702 4416 2729 4444 ‹‹
2768 4395 2826 4449 In
2863 4392 3148 4466 cymbalis
3177 4394 3352 4450 aeneis
3411 4395 3850 4466 concrepantes.»

491 4485 662 4558 quasi
691 4485 978 4541 exercitus
1036 4485 1156 4540 Dei.
1201 4507 1228 4534 »
1287 4487 1701 4572 Sexcentorum
1759 4483 2010 4540 millium
2044 4502 2146 4541 nu-
2178 4508 2224 4572 D
2258 4486 2319 4539 In
2351 4481 2794 4572 Hebracohabet
2825 4486 2882 4537 in
2911 4483 3180 4554 cymbalis
3211 4486 3383 4541 amcis
3420 4485 3492 4539 ad
3540 4477 3851 4571 audiendum,-

491 4589 709 4636 merus.
742 4573 843 4647 qui
879 4574 950 4628 de
973 4574 1211 4645 IEgypto
1243 4573 1462 4644 egressi
1496 4578 1654 4628 sunt.
1677 4571 1884 4628 Joiada
1914 4590 2146 4644 quoque
2178 4560 2221 4572 ”
2257 4573 2397 4645 quia
2455 4570 2723 4627 videlicet
2778 4571 2850 4626 ab
2911 4571 3036 4642 ipso
3095 4571 3321 4644 psalmo
3382 4573 3734 4645 incipiebant,
3779 4560 3853 4635 qui

489 4664 759 4737 princeps
793 4663 864 4717 de
919 4663 1101 4733 stirpe
1155 4664 1366 4728 Aaron,
1427 4661 1620 4732 ipsum
1684 4662 1924 4716 tradunt
1969 4663 2149 4718 fuisse
2257 4661 2433 4717 habet
2461 4660 2518 4715 in
2552 4661 2775 4733 capite:
2810 4660 3046 4726 Exaudi,
3100 4662 3340 4729 Domine,
3387 4664 3656 4734 justitiam
3695 4667 3850 4716 meum

489 4753 756 4821 Phinees,
787 4751 859 4807 ad
919 4751 1089 4822 cujus
1147 4750 1664 4822 comparationem,
1725 4751 1948 4806 Sadoch
2007 4768 2150 4822 puer
2257 4751 2478 4822 quiest
2508 4754 2706 4805 sextus
2738 4750 3023 4805 decimus.

486 4845 749 4898 vocatur.
783 4840 944 4908 Quod
981 4856 1112 4895 vero
1141 4839 1281 4893 dicit
1305 4839 1599 4911 principes
1628 4855 1760 4893 cum
1791 4839 1874 4894 eis
1897 4841 2144 4905 venisse,
2328 4838 2512 4910 (Vers.
2563 4839 2678 4909 20.)
2729 4861 2756 4888 «
2791 4839 2851 4892 In
2903 4838 3102 4894 Nablis
3149 4856 3361 4896 arcana
3405 4840 3723 4896 cantabant.
3753 4856 3775 4880 »
3807 4833 3849 4884 In

488 4931 545 4986 id
577 4935 682 4998 est,
717 4929 1068 4986 sacerdotes.
1125 4929 1205 4983 De
1255 4927 1391 4982 ﬁliis
1443 4927 1712 4983 Issachar
1761 4928 1867 4982 viri
1911 4929 2145 4996 eruditi,
2257 4927 2494 4983 Hebraeo
2525 4927 2720 4992 habet,
2779 4944 2881 4998 pro
2929 4928 3348 4998 juventutibus:
3407 4930 3548 5004 quia
3599 4946 3632 4983 a
3674 4920 3850 4998 psalmo

488 5020 590 5090 qui
624 5024 840 5075 norunt
869 5017 1103 5090 singula
1133 5023 1414 5089 tempora.
1469 5017 1584 5088 Ipsi
1625 5017 1782 5072 enim
1814 5021 1981 5072 erant
2013 5017 2144 5071 doc-
2257 5016 2711 5090 quadragesimo
2743 5017 2948 5088 quinto
2976 5018 3351 5090 incipiebant,
3383 5019 3484 5091 qui
3511 5018 3615 5072 hoc
3640 5013 3787 5070 habet
3807 5007 3848 5060 in

489 5111 666 5178 tores,
700 5111 1159 5181 computatores,
1205 5111 1261 5161 et
1293 5105 1581 5178 magistri,
1608 5105 1727 5161 sive
1757 5105 1826 5160 ad
1869 5105 2145 5161 festivita-
2256 5105 2446 5161 titulo.

560 5303 638 5371 (τι)
673 5301 838 5358 Falso
869 5303 1154 5376 hactenus
1183 5303 1438 5358 obtinuit
1467 5305 1606 5358 Deus
1645 5319 1818 5371 meus,
1852 5319 1954 5376 pro
1987 5304 2149 5360 Pater
2255 5305 2628 5360 Ambrosian.
2664 5322 2773 5360 ms.
2811 5304 3150 5362 restituunt.
3584 5374 3590 5376 _
3722 5375 3726 5376 ί
3817 5361 3827 5373 ,

488 5388 663 5448 meus,
695 5375 957 5448 meum
1008 5375 1163 5429 enim
1222 5379 1440 5448 Patrem
1499 5392 1681 5448 meum
1739 5374 1948 5448 sonare
1976 5392 2145 5430 nemo
2326 5378 2401 5448 (b)
2430 5379 2540 5432 Sed
2575 5393 2691 5432 non
2723 5393 2908 5448 usque
2938 5378 3081 5432 adeo
3107 5382 3381 5433 constans
3401 5374 3629 5431 traditio
3657 5375 3848 5448 estzft-

491 5437 713 5503 nescit:
747 5437 844 5500 Dei
872 5461 1002 5519 vero
1034 5461 1268 5519 nomen,
1322 5446 1432 5500 nisi
1483 5446 1531 5502 si
1582 5446 1938 5518 tropologice
1968 5448 2142 5519 (quod
2256 5437 2490 5519 quidem
2523 5454 2724 5504 auctor
2767 5437 3116 5504 niirabilium
3161 5449 3508 5506 sulfucatum
3538 5462 3661 5502 eum
3692 5437 3850 5500 tradit.

491 5519 576 5592 sic
603 5521 798 5574 tamen
846 5515 983 5572 alibi
1015 5517 1249 5592 factum
1297 5518 1565 5592 scimus)_
1586 5515 2137 5592 interpreteris,‘mi-
2257 5515 2355 5575 alii
2388 5519 2631 5575 fulmine
2661 5519 2842 5576 ictum
2875 5521 3095 5590 volunt,
3128 5521 3225 5578 alii
3255 5519 3635 5579 contabuisse.

494 5590 651 5660 nimo
679 5605 748 5652 ex
776 5603 843 5648 eo
873 5586 1152 5650 vocabulo
1187 5590 1493 5648 extundas.
1523 5586 1712 5654 'Meus
1741 5586 1938 5648 autem
1969 5586 2146 5678 atque
