4070 6166
184 321 211 382 Ι
229 316 344 381 449

185 543 324 614 quia
354 559 387 597 a
419 545 579 596 sexto
612 539 838 611 psalmo
871 540 1248 612 incipiebant,
1285 542 1385 612 qui
1438 543 1545 596 hoc
1577 542 1752 596 habet
1782 541 1842 595 in

183 629 377 686 titulo.
413 634 520 684 Pro
553 634 754 684 octava
793 634 1010 697 autem,
1066 630 1304 701 quidam
1351 634 1559 703 putant
1599 647 1701 702 pro
1733 629 1842 684 cir-

180 718 541 775 cumcisione
571 718 671 789 (ιι).

254 810 441 879 (Vers.
477 809 591 876 22.)
623 830 649 857 «
684 807 1012 863 Chouenias
1061 811 1254 863 autem
1308 808 1577 881 princeps
1620 809 1841 865 Levita-

182 914 335 965 rum,
384 896 704 970 prophetiae
750 901 993 967 praeerat
1039 897 1109 951 ad
1171 897 1606 968 praecinendum
1663 898 1842 953 melo-

180 988 373 1055 diam;
414 1009 431 1034 ι
479 986 617 1057 quia
646 986 771 1057 ipse
802 987 885 1041 eis
918 985 1121 1053 spiritu
1180 986 1514 1057 prophetia),
1560 986 1841 1043 melodias

179 1080 237 1131 et
265 1076 442 1131 verba
473 1075 545 1130 ad
580 1074 928 1129 memoriam
964 1075 1286 1129 revocabat.

252 1166 439 1237 (Vers.
473 1164 588 1234 23.)
622 1186 648 1213 «
682 1163 994 1218 Barachias
1016 1168 1071 1219 et
1092 1164 1603 1235 Elcanajanitores
1634 1180 1836 1220 arcze.»

180 1254 282 1308 Hic
304 1253 592 1323 janitores
624 1256 947 1323 portatores
981 1252 1055 1324 (b)
1088 1258 1267 1307 vocat.

194 1340 434 1413 [(Vers.
470 1344 583 1410 26.)
639 1365 667 1389 ‹‹
700 1345 962 1412 Cumque
1021 1341 1342 1411 adjuvisset
1405 1343 1553 1397 Deus
1611 1342 1835 1408 levitas,

174 1432 277 1503 qui
309 1431 620 1503 portabant
678 1446 871 1484 arcam
933 1429 1183 1499 foederis,
1224 1453 1249 1478 ››
1311 1431 1586 1487 timentes
1631 1448 1833 1487 casum

176 1518 324 1573 0233.

247 1608 405 1680 (Cap.
443 1608 583 1662 XVI.
622 1640 685 1649 —-
716 1608 879 1663 Vers.
935 1608 1013 1669 5.)
1062 1631 1087 1655 ‹‹
1124 1608 1516 1672 Obed-Edom,
1552 1611 1608 1662 et
1648 1607 1833 1662 Jeihel

173 1713 355 1769 super
385 1712 622 1768 organa.
660 1720 686 1745 ››
722 1697 833 1752 Iste
882 1696 1070 1751 Jeihel
1117 1701 1224 1760 est,
1258 1697 1326 1750 de
1358 1696 1528 1765 cujus
1560 1697 1835 1768 progenie

1144 319 1445 391 QUEST.
1494 318 1860 381 HEBRAIC.
1907 318 1986 378 IN
2030 316 2177 380 LIB.
2225 321 2247 380 l
2293 322 2655 383 PARALIP.

258 454 442 525 (Vers.
474 450 591 521 21.)
624 472 651 499 ‹‹
683 450 745 505 In
778 450 1021 506 citharis
1057 468 1158 523 pro
1189 457 1388 507 octava
1422 453 1771 518 cantabant;
1809 475 1827 500 ι
1866 454 1917 518 Α

3445 294 3601 388 uso

2019 456 2204 520 (Vers.
2242 455 2348 521 l2.)
2382 477 2407 503 «
2443 455 2596 508 Fecit
2630 454 2801 509 David
2834 455 2944 510 sibi
2976 471 3187 512 nomen
3232 474 3365 512 cum
3410 474 3607 514 rever-

1956 545 2173 596 teretur
2230 548 2396 613 capta
2450 544 2631 615 Syria,
2691 544 2749 599 in
2807 544 2954 599 valle
3014 546 3367 614 Salinarum,
3431 548 3599 602 cmsis

1953 632 2151 686 decem
2184 636 2239 685 et
2269 638 2395 685 octo
2422 632 2700 688 millibus.
2731 656 2757 683 ››
2781 634 2995 689 Eodem
3020 635 3188 689 modo
3212 634 3349 689 etin
3375 635 3598 708 Regum

1953 720 2234 789 scriptum
2271 726 2359 774 est
2389 721 2459 791 (II
2503 724 2624 791 Reg.
2672 738 2791 790 vm,
2842 724 2950 794 13.)
2996 723 3155 778 Multi
3190 724 3341 779 enim
3379 725 3605 779 duode-

1954 808 2066 861 cim
2101 808 2283 863 millia
2313 808 2546 876 habent,
2580 828 2770 866 errore
2801 813 2980 877 ducti,
3005 808 3070 867 eo
3102 813 3253 883 quod
3286 812 3339 867 in
3375 812 3602 884 psalmo

1952 896 2229 950 scribitur
2256 897 2531 951 duodecim
2563 900 2762 953 millia.
2797 901 2905 954 Sed
2959 899 3074 954 illic
3124 900 3432 955 duodecim
3464 900 3609 955 mil-

1950 984 2027 1039 lia
2056 984 2199 1039 Joab
2231 985 2590 1042 interfecisse
2640 987 2999 1059 perhibetur,
3032 988 3124 1043 hic
3160 990 3357 1043 decem
3391 994 3447 1043 et
3478 994 3608 1045 octo

1952 1074 2137 1128 millia
2170 1074 2403 1129 Abisai:
2438 1081 2493 1129 et
2523 1082 2757 1148 propter
2786 1077 2996 1149 regalis
3047 1078 3305 1133 nominis
3342 1078 3605 1149 dignita-

1950 1167 2089 1230 tem,
2123 1163 2301 1217 David
2336 1164 2575 1219 victoria
2606 1165 2936 1221 ascribitur.
2971 1168 3070 1221 Est
3100 1168 3255 1222 enim
3291 1167 3346 1222 in
3383 1168 3602 1222 Parali-

1950 1268 2235 1323 pomenon
2270 1252 2441 1323 plane
2467 1254 2775 1325 scriptum,
2833 1257 2985 1326 quod
3019 1256 3214 1311 Abisai
3246 1256 3367 1311 haec
3400 1257 3602 1313 decem

1947 1347 2001 1397 et
2032 1346 2158 1397 octo
2193 1341 2377 1397 millia
2410 1343 2787 1399 interfecerit.

2017 1431 2200 1501 (Vers.
2240 1431 2345 1501 15.)
2380 1432 2784 1499 Commentarii,
2818 1438 3333 1500 Commentatores,
3369 1435 3469 1505 qui
3502 1452 3605 1491 an-

1946 1519 2163 1574 notatis
2193 1520 2366 1573 rebus
2392 1526 2447 1574 et
2476 1521 2690 1589 causis,
2723 1523 2841 1593 regi
2887 1540 2984 1577 eas
3027 1524 3098 1577 ad
3140 1524 3484 1579 memoriam
3521 1538 3611 1579 re-

1949 1608 2231 1663 ferebant.

2016 1697 2201 1765 (Vers.
2245 1698 2345 1769 ιϐ.)
2377 1697 2709 1753 Abimelech
2757 1698 2909 1753 filius
2962 1698 3243 1754 Abiathar
3294 1699 3351 1753 in
3391 1700 3607 1755 Parali-

176 1787 288 1840 fuit
318 1784 484 1841 Ahiel
517 1786 846 1859 prophetes,
881 1785 981 1856 qui
1030 1784 1087 1838 in
1134 1784 1341 1840 diebus
1384 1785 1662 1856 Josaphat
1703 1802 1832 1857 pro-
1870 1821 1916 1885 B
1947 1801 2256 1857 pomenon,
2294 1786 2347 1839 in
2377 1791 2595 1858 Regum
2628 1786 2997 1842 Achimelech
3030 1787 3328 1842 scribitur.
3371 1788 3609 1843 Abime-

172 1874 455 1947 pbetavit.

244 1963 439 2033 (Vers.
499 1964 615 2034 2|.)
675 1961 841 2016 «Sed
905 1961 1220 2033 increpavit
1278 1978 1377 2033 pro
1439 1962 1523 2016 eis
1584 1978 1773 2033 roges,
1811 1985 1837 2011 ))

174 2052 536 2107 Pharaonem
569 2057 625 2106 et
655 2047 1011 2105 Abimelecli.

243 2141 433 2210 (Vers.
468 2140 584 2207 39.)
615 2164 641 2189 ‹‹
677 2139 902 2194 Sadoch
928 2144 1123 2193 autem
1148 2140 1530 2206 sacerdotem,
1558 2144 1613 2194 et
1636 2139 1839 2195 fratres

168 2229 338 2283 illius
370 2229 698 2284 sacerdotes
731 2244 923 2282 coram
968 2226 1342 2281 tabernaculo
1392 2226 1619 2281 Domini
1653 2226 1708 2280 in
1743 2242 1837 2281 ex-

168 2317 355 2387 celso,
392 2318 489 2389 qui
519 2322 686 2371 erant
718 2317 775 2370 in
809 2316 1066 2371 Gabaon.
1102 2338 1128 2365 »
1165 2317 1266 2370 llic
1299 2316 1558 2380 Gabaon,
1594 2317 1834 2387 quidam

170 2406 373 2461 locum
397 2406 708 2477 quemdam
734 2404 1093 2459 arbitrantur
1110 2421 1237 2459 esse
1266 2404 1325 2458 in
1356 2404 1704 2473 Jerusalem,
1738 2405 1835 2459 ubi

168 2512 203 2549 a
235 2494 418 2549 David
450 2494 896 2550 tabernaculum
931 2493 1183 2561 fmderis,
1232 2499 1287 2548 et
1336 2510 1469 2549 arca
1502 2494 1835 2549 testamenti

167 2583 407 2638 Domini
438 2582 718 2638 collocata
749 2586 903 2637 sunt.
939 2582 1174 2637 Gabaon
1209 2583 1626 2653 interpretatur
1648 2583 1830 2638 vallis.

170 2670 484 2728 Excelsum
507 2678 701 2727 autem
728 2676 962 2743 propter
990 2670 1415 2726 sublimitatem
1439 2670 1632 2727 cultus
1654 2671 1833 2727 divini

168 2761 539 2817 existimant.

239 2849 431 2921 (Vers.
467 2849 577 2919 43.)
611 2872 636 2899 ‹‹
674 2850 957 2904 Reversus
1008 2852 1097 2903 est
1143 2848 1322 2903 David
1374 2852 1437 2902 ut
1470 2848 1837 2904 benediceret

163 2938 376 2995 domui
408 2955 546 2993 sua}.
580 2960 607 2987 ››
646 2937 889 3003 Quidam
926 2937 1386 2993 benedictionem
1429 2938 1523 2994 hic
1554 2953 1655 3009 per
1686 2938 1831 2993 anti-

164 3028 436 3101 phrasim
472 3027 685 3082 dictam
718 3031 946 3098 putant.
987 3028 1229 3082 Domum
1258 3044 1388 3082 vero
1435 3026 1669 3093 Michol,
1705 3027 1834 3082 ﬁliae

160 3116 510 3187 Saulquam
552 3116 870 3187 increpavit
926 3115 1127 3179 David,
1188 3132 1253 3171 eo
1314 3116 1465 3187 quod
1526 3116 1831 3187 indignata

1952 1874 2098 1940 lecb,
2126 1877 2284 1944 pater
2312 1891 2463 1929 meus
2492 1892 2609 1930 rex.
2634 1874 3025 1941 Achimelech,
3058 1877 3236 1946 frater
3282 1892 3436 1931 meus
3483 1892 3606 1931 rex.

1950 1964 2099 2017 Susa
2129 1963 2407 2018 scribitur
2446 1963 2950 2035 Paralipomenon,
3006 1965 3064 2019 in
3126 1965 3347 2035 Regum
3407 1965 3610 2019 Saraia

1950 2052 2022 2121 (ll
2060 2053 2183 2121 Reg.
2218 2069 2339 2115 VIII,
2397 2052 2499 2116 I7).
2558 2054 2725 2121 Susa,
2782 2053 3071 2123 gaudium.
3108 2053 3295 2122 Saria,
3349 2054 3609 2124 princeps

1951 2142 2187 2195 Domini.
2224 2140 2511 2194 Baburim
2543 2141 2985 2211 interpretatur,
3034 2142 3346 2197 electorum.
3391 2140 3607 2210 Phalti,

1950 2228 2226 2283 liberatus.
2264 2228 2407 2294 Lais,
2434 2229 2584 2298 ﬁlius
2618 2229 2808 2285 leonis.

2019 2318 2202 2389 (Vers.
2236 2317 2360 2387 16.)
2388 2341 2413 2367 ‹‹
2448 2317 2616 2372 Venit
2647 2334 2830 2389 usque
2879 2317 2950 2372 ad
2994 2316 3299 2382 Baburim,
3334 2342 3361 2365 »ι
3415 2328 3605 2388 usque

1947 2406 2017 2459 ad
2052 2403 2243 2459 locum
2267 2406 2571 2460 doctorum
2625 2410 2682 2460 et
2738 2406 3076 2471 electorum,
3122 2422 3151 2461 e
3182 2406 3397 2477 quibus
3448 2421 3606 2461 unus

1947 2498 2087 2548 erat.
2145 2493 2394 2559 Ccrethi,
2443 2496 2911 2549 ertcrminatoms.
2964 2492 3239 2561 Pheletai,
3289 2495 3608 2550 admirabi-

1946 2585 2039 2637 les.
2073 2584 2353 2637 Dicuntur
2381 2582 2537 2637 enim
2571 2583 2748 2639 fuisse
2780 2584 3154 2655 septuaginta
3191 2584 3429 2639 Judices
3480 2584 3607 2639 loco

1945 2664 2145 2727 eorum
2179 2672 2483 2739 substitut,
2520 2688 2665 2743 quos
2720 2672 2947 2743 Moyses
3000 2672 3057 2726 in
3109 2689 3323 2740 eremo,
3360 2673 3606 2727 Domino

1948 2761 2335 2833 praecipiente,
2382 2759 2694 2832 delegerat.
2748 2762 2809 2815 ln
2863 2761 3104 2831 Regum,
3155 2759 3256 2815 filii
3299 2761 3478 2815 David
3511 2778 3605 2816 sa-

1944 2852 2206 2906 cerdotes
2234 2851 2304 2920 (Il
2344 2854 2471 2917 Reg.
2506 2867 2626 2918 vm,
2662 2850 2781 2921 18);
2816 2849 2872 2904 in
2910 2849 3612 2921 Paralipomenon.primi

1943 2940 2012 2993 ad
2062 2956 2291 2993 manum
2341 2940 2483 3008 regis
2536 2938 2894 2993 scribuntur.
2946 2938 3029 2992 Ad
3063 2954 3245 2993 unum
3280 2939 3437 2993 enim
3474 2956 3605 2994 sen-

1948 3045 2079 3083 sum
2112 3034 2429 3099 utrumque
2451 3028 2755 3083 convenit:
2778 3026 3020 3098 quiahic
3052 3027 3192 3081 dicit
3223 3043 3322 3081 eos
3356 3028 3599 3099 primos,

1947 3124 2003 3172 et
2050 3117 2166 3171 illic
2212 3116 2561 3182 sacerdotes,
2595 3120 2831 3187 prapter
2877 3113 3241 3169 nobilitatem
3292 3121 3348 3170 et
3383 3117 3606 3187 priora¢

168 3208 276 3273 sit,
312 3220 445 3259 cum
476 3205 717 3259 vidisset
747 3220 877 3259 eum
914 3203 1318 3259 subsilientem
1353 3220 1547 3259 coram
1588 3204 1833 3260 Domino
1866 3185 1908 3252 (ἶ
1951 3212 2096 3261 tum.
2132 3206 2197 3260 Hi
2222 3206 2377 3261 enim
2411 3210 2548 3261 sunt
2576 3205 2674 3277 qui
2707 3206 2759 3259 ei
2794 3205 2851 3258 in
2888 3205 3074 3259 Ebron
3109 3204 3229 3258 nati
3300 3210 3461 3259 sunt.

168 3300 314 3350 ante
346 3310 540 3349 arcam
576 3293 928 3348 testamenti.

244 3383 411 3455 (Cap.
446 3382 610 3438 XVII.
645 3414 710 3423 —
744 3385 906 3437 Vers.
931 3383 1009 3451 8.)
1048 3382 1373 3453 «Fecitque
1396 3382 1505 3436 sibi
1534 3399 1743 3437 nomen
1770 3382 1838 3453 (τε)

164 3470 349 3543 quasi
383 3471 557 3526 unius
591 3472 901 3541 majorum,
946 3470 1045 3541 qui
1100 3470 1467 3525 celebrantur
1510 3470 1565 3524 in
1600 3474 1774 3525 terra.
1811 3494 1836 3517 ››

167 3561 366 3616 Unius
426 3562 739 3631 majorum,
801 3564 901 3614 aut
969 3559 1284 3625 Abraham,
1337 3563 1436 3613 aut
1494 3560 1673 3626 Isaac,
1737 3563 1840 3613 aut

164 3650 380 3705 Jacob.

241 3739 408 3809 (Cap.
468 3737 666 3791 XVIII.
729 3766 797 3775 -ο
857 3736 1017 3791 Vers.
1083 3736 1158 3805 1.)
1219 3736 1352 3790 «Ut
1405 3735 1632 3791 tolleret
1662 3736 1837 3791 David

160 3827 346 3891 Geth,
376 3830 433 3881 et
466 3826 615 3881 tilias
664 3826 793 3894 ejus
851 3825 921 3879 de
980 3842 1156 3879 manu
1211 3824 1674 3879 Philistinorum.
1711 3845 1736 3877 η
1776 3826 1838 3878 In

155 3922 397 3988 Regum
429 3914 742 3969 scribitur:
799 3915 939 3968 Tulit
984 3916 1209 3985 frenum
1255 3914 1475 3979 tributi,
1518 3918 1583 3968 ut
1630 3914 1836 3969 dilata-

165 4007 262 4058 ret
294 4000 609 4073 imperium
642 4018 815 4055 suum
849 4016 1036 4071 usque
1082 4001 1153 4055 ad
1207 3999 1426 4054 ﬂumen
1480 4001 1835 4072 Euphraten.

164 4091 432 4157 Quidam
463 4094 672 4163 putant
702 4090 772 4144 de
822 4090 1114 4144 Adadezer
1145 4088 1389 4154 dictum,
1424 4104 1647 4144 necnon
1679 4094 1733 4143 et
1768 4089 1839 4144 de

161 4179 511 4237 Thibabath
546 4179 697 4233 etde
727 4178 915 4232 Chun.
969 4178 1029 4232 In
1088 4178 1307 4249 Regum
1361 4178 1539 4233 Betba
1581 4183 1637 4233 et
1668 4180 1839 4234 Bero-

161 4269 331 4326 tbai.
365 4268 541 4323 Betba
576 4267 1011 4337 interpretatur,
1071 4269 1306 4338 requies.
1342 4267 1630 4333 Berotbai,
1662 4269 1842 4337 fontes

163 4360 315 4415 mei.
381 4356 695 4424 Thibahat,
753 4357 1061 4411 macellum.
1139 4355 1324 4421 Chun,
1379 4372 1671 4427 percussus
1729 4356 1838 4426 [ΑΙ.

168 4445 653 4517 compercussus]:
715 4449 948 4517 propter
1004 4444 1355 4500 derisionem
1412 4445 1566 4500 enim
1628 4445 1684 4499 in
1737 4446 1843 4501 hoc

174 4538 316 4591 loco
352 4534 682 4589 immutatio
711 4533 1017 4587 nominum
1054 4533 1203 4587 facta
1234 4538 1342 4588 est.

252 4623 450 4696 (Vers.
482 4624 561 4690 9.)
595 4644 622 4671 «
654 4622 820 4676 Thou
862 4638 961 4676 rex
992 4620 1193 4676 Emath
1223 4638 1236 4689 ;
1274 4644 1298 4669 ››

1350 4622 1409 4676 in
1463 4622 1847 4695 Paralipome-

2020 3297 2176 3367 (Cap.
2212 3295 2353 3349 XIX.
2387 3294 2634 3349 —Vers.
2669 3297 2747 3360 2.)
2784 3318 2803 3341 α
2858 3293 3087 3348 Faciam
3137 3293 3602 3349 misericordiam
3672 3362 3683 3365 ἓ

1949 3402 2082 3439 cum
2116 3386 2278 3438 Anon
2329 3384 2449 3439 tilio
2499 3383 2670 3438 Naas.
2726 3382 2999 3437 Praestitit
3049 3383 3204 3437 enim
3258 3388 3427 3454 pater
3477 3385 3605 3453 ejus

1951 3473 2093 3528 nubi
2128 3472 2398 3543 gratiam.
2434 3495 2459 3521 ››
2502 3476 2652 3526 Naas
2684 3472 2791 3526 fuit
2821 3488 2915 3526 rex
2946 3474 3217 3536 Ammon,
3274 3472 3374 3541 qui
3409 3472 3465 3525 in
3501 3473 3603 3526 Re-

1949 3578 2085 3633 gum
2121 3560 2397 3614 scribitur
2426 3562 2497 3631 (II
2518 3562 2639 3629 Reg.
2672 3577 2726 3624 Χ,
2751 3561 2827 3627 2),
2859 3575 2992 3612 cum
3025 3575 3139 3629 quo
3170 3560 3431 3628 primum
3464 3558 3601 3613 Saul

1950 3650 2005 3703 in
2038 3648 2434 3703 defensionem
2494 3648 2670 3702 Jabcs
2720 3646 2959 3702 Galaath
3012 3646 3311 3717 pugnavit,
3363 3650 3419 3701 et
3470 3646 3606 3699 vicit

1948 3754 2103 3793 eum.
2138 3737 2284 3802 Quia
2313 3752 2448 3806 ergo
2489 3740 2611 3790 erat
2655 3735 2931 3790 inimicus
2988 3733 3146 3800 Saul,
3210 3735 3423 3789 idcirco
3469 3750 3601 3805 gra-

1949 3827 2087 3881 tiam
2123 3824 2434 3897 przestabat
2464 3823 2665 3888 David,
2698 3823 2747 3878 si
2781 3823 3014 3894 quando
3046 3823 3116 3877 ad
3146 3838 3280 3877 eum
3319 3822 3603 3877 veniebat.

1952 3917 2010 3971 In
2044 3915 2289 3986 Regum,
2331 3912 2638 3967 dimidiam
2689 3916 2912 3983 partem
2965 3912 3159 3967 barbae
3213 3912 3493 3984 praecidit,
3551 3915 3608 3965 et

1948 4008 2139 4059 vestes
2168 4018 2368 4057 eorum
2404 4002 2626 4057 medias
2653 4017 2839 4073 usque
2871 4000 2941 4055 ad
2989 4005 3154 4056 nates
3199 4000 3357 4072 (Ibid.
3414 4000 3488 4069 ll).
3541 4001 3606 4055 In

1952 4092 2451 4162 Paralipomenon,
2481 4089 2822 4155 decalvavit,
2855 4094 2911 4144 et
2942 4089 3206 4161 praecidit
3238 4089 3472 4143 tunicas
3519 4104 3609 4142 eo-

1951 4198 2080 4236 rum
2118 4180 2337 4235 medias
2369 4196 2555 4251 usque
2588 4180 2655 4233 ad
2710 4179 2970 4250 inguina.
3006 4178 3167 4242 Quod
3220 4178 3277 4232 in
3328 4192 3446 4232 uno
3481 4176 3607 4232 loco

1950 4271 2131 4333 deest,
2166 4270 2221 4322 in
2257 4268 2369 4322 alio
2399 4268 2682 4322 habetur:
2728 4268 2883 4321 unde
2940 4264 3233 4336 colligitur
3276 4280 3374 4319 eos
3422 4261 3613 4319 decal-

1950 4362 2112 4413 vates
2144 4358 2345 4423 fuisse,
2383 4361 2439 4410 et
2488 4356 2699 4411 barbas
2730 4372 2895 4411 rasas
2926 4371 3024 4411 eos
3068 4353 3369 4421 habuisse,
3403 4357 3461 4407 et
3490 4368 3612 4407 ves-

1954 4447 2203 4501 timenta
2235 4445 2471 4516 praecisa
2502 4449 2633 4499 ante
2664 4449 2720 4500 et
2750 4449 2922 4499 retro.

2027 4535 2214 4605 (Vers.
2273 4536 2384 4604 16.)
2428 4534 2673 4604 Sophach
2719 4542 2902 4589 autem
2946 4536 3199 4605 princeps
3240 4533 3467 4589 militiae
3496 4535 3615 4587 erat

1957 4624 2261 4679 Adadezer.
2311 4623 2579 4695 Sophach
2644 4623 3079 4695 interpretatur,
3130 4624 3505 4677 evisceratus:
3554 4620 3612 4674 in

174 4730 335 4779 non,
370 4712 425 4765 in
460 4712 682 4782 Regum
716 4710 862 4765 Tboi
892 4710 961 4780 (ll
1020 4712 1141 4779 Reg.
1185 4727 1307 4775 vm,
1364 4710 1441 4774 9.)
1496 4711 1658 4776 'l‘hoi,
1691 4728 1851 4769 error
1963 4714 2183 4783 Regum
2217 4711 2487 4766 scribitur
2519 4711 2742 4767 Sobach
2776 4712 2849 4781 (II
2900 4714 3021 4782 Reg.
3078 4728 3130 4781 κ,
3189 4712 3292 4782 16),
3338 4714 3393 4765 et
3434 4710 3611 4764 inter-

170 4817 385 4859 meus:
417 4799 602 4868 Thou,
662 4815 817 4854 error
869 4814 1096 4854 eorum:
1154 4798 1292 4871 quia
1358 4798 1543 4854 filium
1588 4817 1761 4857 suum
1793 4800 1850 4854 in

172 4891 333 4948 dolo
367 4889 437 4943 ad
469 4888 647 4944 David
677 4888 965 4943 mittebat.
1000 4887 1218 4943 Idcirco
1247 4888 1501 4943 nominis
1523 4888 1853 4944 immutatio

176 4982 356 5037 facta
386 4983 495 5033 est.

258 5071 456 5137 (Vers.
512 5068 622 5129 1ο.)
677 5086 704 5114 ‹‹
750 5064 907 5121 Misit
956 5066 1215 5120 Aduram
1268 5065 1452 5121 ﬁlium
1488 5082 1698 5132 suum;
1738 5090 1763 5115 ››
1797 5066 1853 5121 in

180 5161 447 5228 Regum,
480 5155 677 5210 Joram
710 5156 782 5225 (ll
832 5156 955 5226 Reg.
1002 5172 1123 5220 vm,
1178 5156 1289 5225 10.)
1339 5155 1559 5224 Joram,
1594 5158 1730 5211 Deus
1760 5172 1855 5211 er-

174 5248 399 5311 celsus,
435 5244 716 5309 Aduram,
746 5244 907 5299 decor
934 5242 1203 5299 excelsus.

272 5495 357 5567 (ᾳ)
393 5493 466 5548 Ex
499 5510 565 5548 eo
599 5491 839 5559 scilicet,
876 5498 940 5567 ut
971 5493 1613 5567 Pseudo-Hicronymus
1639 5497 1695 5551 in
1728 5514 1861 5552 eum

180 5565 503 5644 psalmum
538 5568 718 5644 notat,
751 5566 903 5644 quod
937 5570 1120 5644 octavo
1148 5565 1239 5644 die
1253 5565 1728 5623 circumciduntur
1746 5572 1861 5642 pri-

178 5636 509 5709 ;nogenita,
540 5645 590 5693 et
612 5636 901 5693 immunda
932 5652 1048 5693 esse
1076 5638 1361 5694 desistunt.

537 5765 791 5825 PATROL.
845 5766 1058 5825 XXIII.

1962 4804 2244 4873 pretatur,
2276 4800 2626 4855 columbaris.

2035 4891 2192 4961 (Cap.
2227 4889 2336 4943 ΧΧ.
2380 4920 2447 4929 --
2478 4888 2641 4945 Vers.
2692 4889 2769 4960 2.)
2820 4911 2847 4938 ‹‹
2898 4888 3056 4943 Tulit
3102 4892 3295 4943 autem
3340 4903 3612 4942 coronam

1967 4978 2143 5033 David
2177 4977 2461 5033 Melchom
2492 4978 2563 5032 de
2594 4978 2780 5049 capite
2812 4979 2958 5047 ejus.
2998 5000 3024 5025 ››
3074 4976 3358 5031 Melcbom
3392 4975 3614 5029 idolum

1966 5068 2433 5123 Ammonitarum
2455 5067 2525 5121 de
2547 5083 2660 5137 quo
2694 5065 2748 5120 in
2784 5066 3029 5138 Regum,
3060 5070 3117 5119 et
3140 5065 3195 5119 in
3230 5065 3615 5137 Paralipome-

1970 5174 2105 5215 non.
2141 5156 2282 5212 etin
2316 5155 2611 5227 SOphonia
2657 5156 2948 5209 scribitur.
3000 5153 3281 5209 Melchom
3346 5154 3623 5226 interpre-

1971 5251 2148 5313 tatur,
2168 5263 2267 5300 rc.r
2295 5249 2585 5301 eorum.De
2616 5243 2928 5299 simulacro
2958 5243 3293 5299 enimillius
3319 5242 3455 5297 idoli
3488 5242 3623 5298 tulit

2044 5496 2120 5567 (b)
2155 5495 2523 5549 Martianmns
2557 5494 2763 5550 vitiose
2786 5497 3095 5567 peccatores
3126 5490 3637 5566 legerat.Ms.uter-

1979 5584 2092 5640 quo
2123 5568 2389 5640 castigat.

2047 5640 2115 5703 (ε)
2158 5631 2443 5694 Victorius
2478 5638 2781 5710 rescripsit
2820 5637 3057 5709 Fcciquc
3086 5637 3186 5692 tibi
3214 5646 3430 5695 nmen,
3467 5631 3572 5681 etc-

3247 5764 3282 5818 Α
