4084 6176
514 330 663 392 1451
2002 338 2127 398 API

2198 336 2424 399 lNDlX.
3698 345 3811 404 1452

510 462 690 519 David
720 462 1008 522 diadema.
1027 464 1300 523 lllicitum
1328 472 1452 524 erat
1482 469 1554 524 de
1581 467 1753 523 idolis
1785 468 2004 540 aliquid
2027 471 2152 526 auri
2183 472 2237 536 Α
2269 486 2401 524 nem
2433 474 2747 526 corruerat.
2782 472 2915 527 Levi
2944 488 3079 529 vero
3128 489 3241 528 non
3283 473 3679 539 numerabatur,
3716 477 3815 547 quia

508 555 800 623 appetere,
833 558 934 611 aut
982 557 1225 627 argenti,
1276 557 1495 612 Judaeis
1548 574 1651 628 per
1697 557 1902 628 legem.
1937 559 2068 624 Sed,
2093 564 2157 613 ut
2270 558 2577 613 sacerdotii
2608 560 2891 631 dignitate
2923 560 3304 633 praecellebat.

508 638 620 710 ipsi
654 642 910 711 tradunt,
943 643 1111 699 Etbai
1137 644 1416 712 Jethzeus,
1450 645 1550 716 qui
1581 646 1653 700 de
1698 650 1867 717 gente
1898 646 2155 703 Pbilisti-
2336 646 2532 718 (lbid.)
2563 647 2835 704 Gladium
2883 650 3113 706 Domini
3164 655 3222 706 et
3267 656 3503 708 mortem
3543 656 3595 708 et
3613 654 3817 725 angelum

508 745 715 785 norum
746 730 819 785 ad
854 732 1030 790 David
1060 737 1315 803 venerat,
1350 734 1476 805 ipse
1504 733 1777 789 diadema
1816 734 2056 806 diripuit
2085 736 2155 790 de
2265 735 2514 791 Domini.
2552 758 2578 786 »
2628 737 2852 793 Dicitur
2897 738 3182 795 Dominus
3232 740 3292 795 in
3321 745 3611 814 Egyptum
3644 743 3822 798 descen-

508 817 695 884 capite
726 818 1031 891 Melchom,
1069 825 1134 876 ut
1163 821 1359 877 liceret
1388 822 1624 878 Hebrzeo
1648 822 1716 877 de
1766 838 1938 878 manu
1973 823 2158 878 bomi-
2264 824 2422 880 disse
2452 829 2509 880 et
2539 826 2899 896 percussisse
2930 828 3263 900 ngyptium
3296 829 3557 901 plagis,et
3583 833 3825 901 peremisse

510 904 602 961 nis
633 924 857 981 capere,
893 910 1047 982 quod
1087 911 1157 965 de
1187 910 1372 982 capite
1398 910 1537 966 idoli
1572 929 1686 967 non
1718 911 1947 967 licebat.
2264 911 2684 985 primogenitos
2717 914 3111 986 .Egyptiorum
3145 917 3335 987 (Exod.
3367 935 3463 985 xu,
3494 918 3697 986 29).Hic
3719 936 3825 985 vero,

579 997 765 1070 (Vers.
799 998 876 1069 4.)
907 999 1077 1055 «Post
1101 997 1221 1054 haec
1243 999 1456 1055 initum
1487 1006 1571 1056 est
1597 1000 1815 1057 bellum
1843 1001 1901 1057 in
1923 1005 2155 1070 Gezer;»
2264 1001 2418 1070 quod
2450 1001 2787 1057 terribiliter
2812 1003 3069 1075 positum
3100 1009 3192 1061 est
3221 1006 3471 1077 primum
3492 1007 3559 1062 de
3585 1007 3814 1079 gladioDo

411 1090 420 1097 ’
510 1087 569 1141 in
610 1087 856 1159 Regum,
908 1088 963 1142 in
1015 1089 1137 1144 Gob
1186 1091 1265 1157 (II
1292 1093 1414 1161 Reg.
1448 1109 1562 1159 XXI,
1598 1092 1849 1162 18),Gob
1881 1091 2157 1164 interpre-
2267 1088 2429 1154 mini,
2464 1095 2824 1161 temperatur
2871 1092 3009 1146 dum
3054 1094 3266 1149 dicitur
3309 1094 3467 1164 (vers.
3515 1095 3617 1167 l2),
3654 1104 3830 1164 clange-

509 1178 910 1233 taturlocusla.
961 1178 1139 1234 Gezer
1171 1195 1297 1235 vero
1333 1196 1545 1235 nomen
1585 1179 1695 1236 loci
1728 1186 1834 1247 est,
1891 1186 1947 1236 et
1976 1181 2152 1236 inter-
2266 1178 2380 1231 lum
2414 1178 2651 1244 Domini,
2701 1196 2815 1234 non
2863 1180 2922 1235 in
2971 1198 3145 1237 manu
3199 1182 3472 1250 hominis,
3521 1189 3580 1238 ut
3607 1183 3830 1257 ﬂagellum

510 1270 771 1337 pretatur
800 1268 1098 1322 ordinatio.
1131 1268 1292 1324 Sicut
1335 1269 1596 1337 locustae,
1630 1271 1709 1324 ita
1758 1270 1861 1325 filii
1909 1270 2153 1341 Arapbm
2265 1266 2393 1334 qius
2424 1283 2537 1320 non
2571 1271 2724 1322 esset
2756 1269 2811 1322 in
2846 1286 3021 1324 manu
3059 1270 3441 1336 hominis,sed
3470 1272 3525 1327 in
3564 1290 3715 1327 manu
3746 1273 3829 1339 Dei,

507 1353 781 1411 delebant
812 1356 1008 1411 Israel.
1055 1357 1286 1429 Arapha
1341 1357 1495 1412 enim
1550 1359 1659 1414 fuit
1712 1376 1897 1414 nurus
1929 1359 2153 1426 Nocmi,
2266 1354 2404 1426 quia
2435 1355 2630 1409 multae
2664 1356 3058 1413 miserationis
3079 1364 3186 1414 est.
3207 1359 3520 1431 Flagellum
3543 1362 3680 1417 enim
3703 1361 3836 1417 bomi.

506 1444 577 1498 de
607 1445 776 1516 cujus
808 1446 1080 1517 progenie
1107 1445 1341 1502 fuerunt
1369 1446 1656 1519 gigantes,
1688 1448 1917 1505 Goliath
1960 1454 2015 1504 et
2044 1450 2153 1505 fra-
2267 1442 2357 1498 nis
2386 1448 2442 1499 et
2476 1444 2531 1498 iu
2565 1444 2757 1516 gladio
2788 1450 2896 1516 est,
2928 1452 2985 1501 et
3014 1447 3070 1501 in
3108 1448 3276 1504 fame.
3317 1449 3463 1513 Quia
3504 1455 3720 1521 possunt
3743 1468 3834 1522 pro-

503 1538 622 1591 tres
648 1535 797 1605 ejus.
2265 1533 2463 1588 bibere
2493 1534 2951 1591 venundationes
2980 1535 3039 1590 bi
3071 1537 3222 1608 apud
3270 1554 3419 1608 quos
3462 1544 3592 1594 sunt
3643 1539 3833 1595 frumen-

577 1624 772 1696 (Ibid.)
822 1646 851 1675 ‹‹
885 1624 946 1679 In
994 1642 1107 1696 quo
1151 1625 1439 1697 percussit
1487 1625 1770 1681 Scbocbai
1818 1627 2159 1683 Husathites
2267 1628 2343 1676 tu.

508 1712 760 1786 Sapbai;
796 1734 823 1762 ››
854 1712 914 1768 in
947 1712 1169 1784 Regum
1200 1713 1356 1785 Saph
1389 1714 1590 1784 (lbid.).
1625 1714 1778 1787 Sapb
1810 1715 2155 1787 interpreta-
2337 1711 2520 1782 (Vers.
2572 1711 2684 1783 45.)
2737 1735 2763 1761 ‹‹
2798 1712 2955 1767 Vidit
2995 1714 3280 1771 Dominus
3326 1721 3386 1771 et
3428 1718 3684 1773 misertus
3716 1721 3795 1773 est.
3819 1740 3832 1766 ι

510 1808 625 1871 tur,
663 1802 946 1857 liminare.
981 1802 1218 1874 Saphai,
1252 1803 1511 1858 liminare
1538 1820 1738 1859 meum.
1774 1805 1835 1860 In
1870 1804 2158 1876 Paralipo-
2192 1846 2233 1876 ο
2268 1799 2446 1854 Aiunt
2476 1801 2698 1856 Sadoeh
2726 1802 3083 1857 sacerdotem
3117 1802 3432 1860 infulatum
3471 1805 3748 1861 Dominum
3770 1807 3836 1860 de-

510 1908 747 1960 menon,
779 1892 850 1946 de
881 1907 1086 1961 genere
1119 1890 1403 1963 Raphaim
1431 1909 1444 1947 :
1496 1892 1554 1947 in
1597 1893 1842 1965 Regum,
1875 1894 1946 1948 de
1977 1894 2157 1965 stirpe
2190 1890 2235 1911 ”
2269 1892 2564 1960 precatum
2598 1890 2802 1952 fuisse.
2834 1895 2889 1945 et
2922 1891 3217 1947 imitatum
3253 1893 3432 1949 fuisse
3478 1899 3681 1966 patrem
3716 1910 3835 1950 suum

512 1980 717 2053 Rapba
745 1980 925 2052 (Ibirl.)
957 1980 1096 2052 quia
1142 1979 1247 2035 ﬁlii
1294 1980 1500 2053 Orphae
1530 1986 1696 2038 erant
1732 1982 1802 2037 de
1832 1998 2042 2055 genere
2070 1982 2158 2055 gi-
2269 1982 2474 2042 Aaron,
2501 1982 2559 2033 et
2580 1977 2737 2034 illius
2766 1995 2967 2050 preces
3005 1984 3062 2035 et
3090 1981 3457 2037 devotionem
3488 1984 3760 2039 Dominum
3782 1984 3837 2037 vi-

511 2075 773 2145 gantum.
2268 2066 2444 2131 disse,
2476 2070 2532 2122 et
2562 2066 2870 2123 misertum
2903 2069 3108 2125 fuisse.

583 2159 770 2232 (Vers.
802 2158 879 2230 5.)
914 2159 975 2214 Iu
1020 2175 1135 2230 quo
1185 2158 1474 2231 percussit
1520 2155 1855 2215 Adeolatus.
1893 2182 1920 2207 »
1954 2159 2015 2215 In
2047 2160 2157 2215 He-
2338 2154 2525 2221 (Vers.
2580 2156 2687 2227 18).
2740 2157 2803 2210 In
2855 2156 3337 2228 Paralipomenon
3391 2160 3601 2228 Ornan,
3645 2167 3696 2217 et
3718 2162 3840 2216 inter-

512 2249 664 2305 braeo
694 2247 928 2321 legitur,
961 2246 1234 2303 Eleanam
1268 2247 1423 2303 ﬁlius
1453 2248 1594 2316 Jair,
1628 2249 1909 2304 Leemites
1942 2251 2015 2320 (a)
2050 2250 2157 2303 fra-
2268 2247 2550 2314 pretatur,
2582 2245 2767 2298 tamen
2811 2246 2967 2301 nobis
2990 2264 3008 2300 :
3067 2245 3122 2300 in
3172 2247 3396 2319 Regum
3427 2266 3557 2305 vero
3594 2248 3842 2319 AneuuaUl

511 2342 617 2394 tur.
664 2338 806 2406 Jair,
854 2338 1111 2408 vigilans,
1163 2338 1219 2392 in
1280 2337 1501 2408 Regum
1545 2338 1824 2393 scribitur
1850 2338 1971 2393 Hur
2002 2338 2158 2393 filius
2268 2334 2390 2403 Reg.
2449 2350 2604 2401 xxxv,
2660 2334 2772 2405 46),
2831 2334 2890 2389 id
2950 2340 3038 2390 est
3067 2352 3216 2393 arca.
3288 2337 3528 2405 Ornam,
3580 2340 3843 2395 Jebuseum

508 2427 697 2494 Jaare,
729 2427 883 2499 quod
924 2427 1342 2498 interpretatur
1366 2427 1540 2481 saltus
1590 2426 1745 2493 (Ibid.
1794 2426 1922 2497 49);
1964 2426 2021 2480 in
2056 2427 2161 2482 11e-
2269 2422 2447 2477 i'uisse
2480 2423 2555 2477 ibi
2589 2424 2857 2493 parcscit,
2878 2424 3016 2495 quia
3044 2424 3225 2479 noluit
3264 2428 3440 2482 David
3490 2429 3693 2499 absque
3718 2443 3844 2499 pecu-

507 2533 647 2590 gum
678 2516 956 2573 scribitur
988 2514 1438 2570 Betblcbemites
1483 2515 1706 2586 (Ibid):
1760 2515 1817 2569 in
1867 2515 2157 2587 Paralipo-
2269 2510 2365 2565 nia
2393 2510 2612 2582 aliquid
2644 2513 2771 2581 ejus
2801 2514 3005 2574 offerre
3057 2515 3317 2569 Domino.
3369 2516 3433 2571 In
3483 2516 3602 2589 lege
3639 2516 3764 2572 enim
3784 2517 3845 2569 est

508 2623 742 2676 menon,
789 2604 1074 2660 Leemites
1133 2604 1325 2658 frater.
1390 2604 1683 2659 Interiecit
1734 2621 1869 2676 ergo
1928 2603 2153 2660 Goliath
2269 2599 2649 2670 prohibitum.
2684 2601 2930 2666 Quidam
2962 2602 3176 2657 idcirco
3205 2603 3412 2659 dicunt
3443 2606 3531 2660 bis
3571 2604 3846 2677 sanguinem

507 2694 856 2761 Gettbaaum,
889 2694 1126 2748 fratrem
1148 2692 1321 2747 Goliae
1355 2692 1650 2763 Pbilistzei,
1703 2709 1876 2765 quem
1923 2693 2156 2749 interfe-
2270 2689 2463 2743 fusum
2499 2706 2531 2743 a
2560 2689 2736 2743 David
2766 2706 2864 2758 pro
2895 2691 3181 2763 sanguine
3202 2693 3438 2761 hostili,
3490 2711 3654 2767 quem
3680 2690 3846 2759 etl'udit,

507 2784 585 2839 cit
614 2783 816 2839 David.
847 2783 1105 2839 Fuerunt
1134 2781 1290 2837 enim
1321 2783 1390 2837 de
1411 2783 1591 2854 stirpe
1620 2781 1825 2854 Orphan
1876 2783 2157 2855 quinque,
2269 2782 2327 2832 et
2358 2794 2459 2848 pro
2491 2778 2776 2848 sanguine
2807 2777 2976 2845 Uriaa,
3010 2781 3107 2849 qui
3140 2780 3363 2836 eﬂ'usus
3395 2786 3506 2837 est.

509 2876 579 2930 de
606 2871 915 2946 quibusin
946 2871 1328 2943 sequentibus
1360 2871 1520 2926 dicit.
2340 2866 2498 2936 (Cap.
2560 2866 2757 2921 XXIII.
2819 2898 2888 2907 ——
2945 2868 3108 2923 Vers.
3172 2870 3258 2932 15.
3322 2870 3437 2942 l6.)
3470 2893 3495 2920 »
3547 2869 3663 2926 Filii
3687 2869 3848 2925 Gersan

583 2962 772 3035 (Vers.
825 2964 903 3033 7.)
960 2984 980 3011 α
1018 2961 1085 3016 Et
1133 2961 1424 3033 percussit
1470 2978 1604 3016 eum
1657 2962 1950 3017 Jonathan
2004 2962 2161 3018 {ilius

2274 2952 2375 3007 ﬁlii
2409 2954 2605 3026 Moysi,
2635 2954 2843 3010 Sebuel
2877 2956 3124 3028 primus.
3161 2979 3189 3005 ››
3223 2959 3423 3028 Ipsum
3458 2960 3642 3014 ferunt
3666 2955 3848 3027 essequi

513 3058 790 3112 Sammaa
817 3051 1011 3108 fratris
1035 3051 1237 3106 David.
1276 3050 1612 3106 nJonathan
1649 3052 1771 3122 ipse
1802 3058 1891 3107 est
1935 3053 2161 3108 Nathan
2270 3042 2330 3097 in
2361 3042 2657 3109 ιῙυάίουῐην
2705 3043 2998 3099 Ᾰοηᾶῐῧειῐι
3056 3044 3332 3101 εονίὺίῐυν
3375 3048 3571 3113 (Italic-
3625 3063 3743 3115 Χνιῐ,
3772 3045 3849 3115 30),

518 3144 819 3218 propheta,
852 3140 955 3212 qui
979 3139 1182 3194 habuit
1215 3139 1363 3193 duos
1394 3138 1757 3204 fratres,Joel
1790 3145 1845 3194 et
1872 3141 2158 3195 Jonadab.
2203 3214 2230 3218 ᾧ
2272 3131 2370 3203 qui
2407 3131 2515 3185 fuit
2539 3132 2809 3186 sacerdos
2843 3131 2901 3186 in
2934 3132 3088 3188 tribu
3122 3133 3263 3188 Dan.
3311 3136 3600 3192 Jonalban
3630 3136 3851 3204 interpre-

506 3214 726 3294 I'dci‘rco
757 3234 808 3288 ei
840 3231 934 3285 bic
967 3244 1177 3283 nomen
1225 3227 1407 3298 patris
1452 3225 1797 3297 imponitur,
1839 3228 1978 3298 quia
2009 3228 2159 3283 inter
2192 3214 2233 3279 C
2271 3224 2445 3287 tatur,
2482 3222 2704 3275 Domini
2731 3221 2953 3276 donum.
2988 3222 3508 3290 Sebuel,revertens
3534 3223 3601 3279 ad
3628 3222 3850 3278 Dominum

505 3325 861 3398 prmliatorcs
891 3315 1257 3373 describitur.
1294 3313 1399 3369 Ubi
1430 3329 1562 3369 vero
1593 3314 1664 3368 de
1695 3315 1999 3386 prophetia
2028 3316 2155 3387 ejus
2267 3308 2339 3363 de
2370 3326 2484 3380 quo
2514 3308 2824 3364 scribitur:
2859 3311 2973 3381 Ipse
3003 3314 3053 3366 et
3090 3312 3199 3382 ﬁlii
3246 3312 3363 3383 ejus
3406 3314 3632 3387 fuerunt
3654 3308 3850 3367 sacerdo-

504 3412 801 3479 εονίδίιυιι,
832 3423 946 3462 non
982 3404 1031 3460 ei
1083 3403 1396 3459 adnotatur
1439 3404 1621 3473 pater,
1663 3419 1729 3458 eo
1779 3403 1931 3475 quod
1994 3410 2159 3477 pater
2266 3405 2342 3452 les
2364 3399 2420 3451 in
2450 3398 2600 3452 tribu
2630 3399 2768 3464 Dan,
2826 3413 2995 3469 usque
3046 3400 3121 3455 ad
3175 3400 3320 3455 diem
3377 3403 3694 3473 captivitatis
3732 3404 3850 3454 terra

500 3504 630 3575 ejus
662 3498 943 3573 propheta
975 3511 1090 3550 non
1119 3491 1311 3548 fuerit.
2265 3487 2474 3554 (ΗΜΛ),
2508 3486 2563 3575 id
2599 3492 2706 3552 est,
2756 3503 2943 3558 usque
2991 3488 3064 3542 ad
3096 3487 3249 3543 diem
3295 3492 3533 3560 quando
3562 3506 3683 3546 arca
3705 3483 3849 3542 Domi-

572 3591 731 3662 (Cap,
763 3587 899 3642 XXI.
934 3617 998 3625 —
1046 3583 1201 3639 Vers.
1243 3582 1323 3649 3.)
1373 3604 1400 3630 «
1433 3580 1593 3644 Quod
1642 3581 1700 3635 in
1734 3586 2036 3652 peccatum
2070 3601 2154 3640 re-
2266 3575 2325 3630 ni
2357 3576 2428 3631 ab
2457 3574 2780 3648 Allopbylis
2811 3580 2981 3648 capta
3008 3580 3114 3632 est.
3147 3578 3381 3647 Sebuel,
3416 3577 3848 3635 revertiturDeus:

496 3683 734 3752 putetur
763 3673 981 3743 Israeli,
1017 3696 1043 3723 »
1093 3672 1147 3727 id
1179 3674 1267 3726 est
1317 3672 1373 3725 in
1402 3674 1669 3735 mortem,
1704 3687 1831 3741 quae
1868 3690 1969 3745 pro
2015 3690 2148 3745 pec-
2256 3666 2425 3735 juxta
2454 3665 2564 3720 hoc
2595 3666 2747 3737 quod
2780 3665 3030 3720 habetur
3057 3666 3114 3720 in
3151 3667 3437 3739 propheta
3468 3687 3482 3725 :
3530 3662 3851 3725 Convertimini

498 3773 624 3825 cato
654 3767 828 3824 venit.
1270 3761 1292 3783 '
2262 3753 2332 3808 ad
2361 3771 2464 3822 me,
2497 3763 2549 3810 et
2575 3770 2673 3823 ego
2697 3758 2985 3809 convertar
3015 3755 3084 3810 ad
3114 3772 3201 3811 vos
3231 3757 3489 3826 (Zachar.
3526 3774 3561 3825 1,
3594 3757 3675 3825 3.)

563 3857 747 3930 (Vers.
781 3855 862 3925 5.)
898 3854 961 3908 In
996 3849 1500 3920 Paralipomenon,
1544 3849 1705 3904 mille
1755 3849 1940 3906 millia
1970 3851 2065 3923 (b),
2095 3857 2153 3908 et
2334 3844 2517 3913 (Vers.
2587 3843 2692 3914 t7).
2755 3867 2782 3891 «
2835 3848 3010 3899 Porro
3062 3843 3163 3898 tilii
3225 3845 3492 3901 Rababia
3550 3836 3849 3914 multiplicati

494 3950 730 4003 centum
788 3941 1007 3999 millia:
1071 3940 1131 3994 in
1192 3940 1411 4010 Regum
1446 3939 1492 4009 (l
1544 3939 1666 4008 Reg.
1718 3956 1794 4005 x1,
1855 3940 1932 4010 8),
1993 3940 2150 3996 mille
2262 3939 2402 3988 sunt
2432 3948 2612 4003 supra
2639 3933 2878 3987 modum
2912 3933 3018 4003 [Αἰ.
3054 3932 3342 4005 domum].
3381 3935 3451 3989 Et
3480 3934 3571 3989 hic
3604 3930 3849 4003 impletum

493 4038 751 4091 trecenta
782 4031 986 4097 millia,
1017 4028 1077 4083 in
1110 4027 1589 4099 Paralipomenon
1633 4028 1973 4082 scribuntur
2001 4034 2057 4084 et
2088 4029 2147 4084 hi
2261 4027 2370 4087 est,
2404 4021 2557 4093 quod
2592 4020 2877 4075 Dominus
2906 4020 3141 4076 dixitad
3178 4022 3455 4094 Moysen:
3492 4024 3696 4078 Dimitte
3720 4016 3852 4082 me,“

495 4123 596 4196 qui
626 4123 1060 4185 remanserunt,
1090 4122 1147 4174 ct
1177 4115 1275 4188 qui
1308 4116 1596 4170 interfecti
1630 4122 1786 4170 sunt.
1832 4116 1893 4170 In
1924 4117 2144 4189 Regum
2257 4111 2468 4166 detcam
2492 4108 2762 4182 populum
2782 4112 2971 4180 istum,
3002 4115 3052 4166 et
3078 4112 3285 4181 faciam
3314 4116 3367 4166 te
3402 4115 3461 4168 in
3514 4120 3728 4183 gentem,
3765 4116 3851 4174 qua!

492 4228 628 4269 vero
699 4210 810 4267 vivi
870 4206 1275 4264 tantummodo
1334 4209 1739 4259 numerantur.
1795 4203 1958 4267 Quod
2014 4222 2146 4261 vero
2256 4201 2433 4272 major
2461 4202 2566 4256 ista
2593 4199 2892 4268 esl(Ex0(l.
2928 4216 3098 4266 χχχιι,
3140 4200 3241 4271 t0).

494 4300 797 4366 scribitur,
833 4295 1204 4369 septuaginta
1251 4292 1438 4348 millia
1485 4293 1785 4349 interfecta
1814 4293 2016 4359 fuisse,
2052 4294 2147 4350 hic
2328 4288 2511 4360 (Vers.
2561 4290 2683 4356 27.)
2732 4311 2759 4337 ‹‹
2809 4288 2982 4343 Juxta
3032 4294 3320 4362 praecepta
3370 4289 3549 4345 David
3597 4282 3850 4343 novissima

490 4394 724 4445 tantum
755 4387 947 4459 capita
978 4383 1278 4441 seniorum
1311 4386 1717 4437 numerantur.
1759 4384 2038 4437 Caeterum
2073 4384 2144 4438 de
2257 4376 2671 4449 supputabitur
2701 4375 2955 4431 ﬁliorum
2989 4375 3119 4432 Levi
3154 4394 3461 4445 numerus,
3507 4394 3541 4433 a
3567 4371 3748 4449 viginti
3773 4385 3849 4425 an-

492 4477 661 4551 plebe
694 4481 778 4532 tot
809 4474 993 4531 millia
1024 4473 1324 4528 interfecta
1372 4476 1529 4538 sunt,
1576 4474 1719 4541 quot
1748 4470 2140 4528 millenarium
2257 4466 2345 4521 nis
2375 4472 2432 4521 et
2464 4483 2643 4537 supra
2666 4465 2988 4529 ‘-»Quando
3011 4466 3456 4522 tabernaculum
3476 4464 3690 4522 Domini
3709 4472 3849 4551 ῐῐξονθ·

489 4548 751 4622 trecenta
807 4578 1118 4619 numerum
1166 4560 1473 4625 excedunt.
1536 4560 1617 4615 De
1672 4559 1826 4614 tribu
1880 4560 2028 4631 Levi,
2087 4566 2144 4616 et
2176 4581 2220 4644 Β
2254 4555 2427 4609 batur
2455 4553 2661 4610 deloco
2694 4554 2764 4608 ad
2796 4552 3053 4622 locum,a
3081 4554 3584 4644 triginta(b)annis
3612 4548 3847 4644 eligeban-

490 4652 820 4725 Benjamin,
853 4652 988 4724 quia
1023 4667 1135 4705 non
1166 4653 1306 4705 sunt
1334 4646 1767 4715 numerati,non
1799 4655 1935 4704 sunt
1963 4649 2140 4704 inter-
2177 4641 2208 4644 —
2253 4648 2384 4698 tur:
2420 4647 2731 4714 postquam
2781 4659 2916 4699 vero
2964 4643 3247 4715 templum
3298 4644 3527 4699 Domini
3557 4641 3845 4698 aedificatum

489 4743 655 4801 fecti:
712 4741 852 4814 quia
908 4738 1209 4810 Benjamin
1272 4738 1399 4793 ideo
1456 4737 1657 4805 evasit,
1734 4738 1873 4809 quia
1927 4740 2141 4794 recenti
2253 4737 2359 4801 est,
2394 4731 2885 4803 avigintiannis.
2935 4734 3093 4798 Quod
3152 4751 3283 4787 vero
3336 4733 3390 4787 in
3444 4729 3845 4819 quibusdamctr

489 4838 753 4905 tempore
785 4831 1037 4886 fraterno
1068 4827 1260 4901 gladio
1296 4845 1439 4900 pene
1470 4844 1654 4899 usque
1686 4828 1753 4882 ad
1791 4828 2139 4884 internecio-
2253 4820 2481 4876 diCibUS
2512 4820 2779 4888 habetur,
2810 4821 2881 4876 ad
2924 4821 3229 4895 ferventem
3257 4823 3525 4888 δῖἰηἱιαηι,
3557 4824 3611 4875 et
3657 4818 3709 4872 in
3747 4825 3843 4883 qu“

558 5020 570 5055 ι
602 5022 770 5073 Hunc
802 5016 993 5073 locum
1044 5017 1114 5071 ad
1162 5015 1335 5071 ﬁdem
1370 5031 1511 5070 mss.
1552 5015 1830 5092 codicum
1881 5016 2138 5072 restitui-
2250 5013 2425 5092 locum
2456 5027 2488 5065 a
2526 5011 2729 5092 viginti
2751 5087 2753 5090 p
2784 5013 2963 5092 annis"
3001 5010 3362 5092 eligebantur.
3416 5015 3695 5092 postquam
3732 5008 3840 5092 “133:0

488 5106 641 5145 mus.
678 5091 734 5145 In
779 5090 952 5144 editis
1005 5090 1157 5153 apud
1212 5090 1514 5142 Erasmum
1551 5087 1629 5141 ita
1670 5087 1959 5154 legimus:
2013 5089 2141 5154 Qua:
2250 5084 2510 5152 templum
2541 5083 2755 5137 Domini
2804 5079 3150 5154 aediﬁcatum
3195 5087 3293 5151 cst,
3344 5100 3377 5136 α
3425 5079 3650 5154 triginta
3699 5081 3837 5154 una”:

483 5162 667 5231 major
700 5162 803 5216 ista
834 5169 929 5216 est.
955 5146 1256 5215 Nouissima
1283 5160 1673 5230 supputabitur
1696 5146 1941 5229 ﬁliorum
1972 5146 2096 5214 Lavi
2120 5177 2138 5231 .j
2250 5146 2384 5218 Quae
2416 5154 2653 5231 om_nino
2686 5146 2988 5231 mutilaae
3036 5146 3310 5226 corrupta
3351 5146 3558 5225 probat
3589 5146 3839 5204 contexui!

460 5224 729 5300 .quundiu
760 5233 1184 5287 tabernaculum
1218 5224 1434 5286 Domini
1480 5224 1799 5285 mutabatur
1836 5231 1899 5285 de
1929 5231 2040 5285 loco
2070 5230 2139 5285 ad
2250 5243 2411 5280 sacer
2445 5231 2462 5278 ι
2495 5224 2677 5279 Paral.
2713 5240 2870 5291 xxui,
2899 5225 2987 5279 27.

555 5379 1363 5459 (η)Μανιῇειηβείζζιεὴθιηίτθδ
1514 5376 2137 5459 legerat.quemadmo-
2248 5380 2560 5459 millc,_etc.
2666 5448 2679 5459 1
2770 5448 2803 5459 ﬂ
2956 5455 2962 5459 Δ
3050 5449 3103 5459 η
3179 5450 3212 5459 Α.

483 5447 623 5525 dum
657 5469 772 5506 non
806 5453 861 5507 iu
896 5454 1374 5525 Paralipomenon
1409 5447 1710 5520 lihris,sed
1746 5455 1961 5523 Regum
1998 5454 2137 5507 scri-
2317 5452 2387 5519 (cf)
2418 5448 2840 5525 Cum_vulg_atis
2873 5455 3004 5504 ante
3050 5449 3444 5525 Martianaeum
3493 5447 3655 5525 libris.
3689 5448 3833 5525 meus;

485 5503 771 5579 Hilari”
897 5503 917 5506 “
1747 5503 1787 5507 ’⁷
2243 5503 2417 5592 atque
2450 5503 2873 5592 Ambrosianus
2907 5503 3138 5575 mssJin
3166 5503 3273 5576 hoc
3305 5503 3683 5578 consentiunt.
3713 5503 3834 5592 quo!l

553 5595 633 5667 (b)
666 5595 806 5649 Cum
844 5610 972 5673 meo
1005 5611 1115 5673 ms.
1166 5596 1458 5673 Victorius
1502 5612 1755 5673 quoque,
1802 5598 1859 5673 In
1906 5597 2130 5673 [{(ira-li-
2244 5583 2440 5673 aig'inti
2471 5591 2564 5647 hic
2597 5608 2697 5673 pro
2726 5594 2975 5673 triginta,
3024 5596 3197 5673 atque
3244 5608 3274 5673 e_
3304 5605 3573 5648 converso
3610 5599 3729 5641 mox
3751 5583 3832 5633 tri-

553 5614 633 5667 (o)
666 5614 806 5649 tium
844 5614 972 5649 meo
1005 5614 1115 5650 ms.
1176 5614 1458 5651 Vlcmrlus
1502 5614 1617 5669 quo
1666 5614 1755 5663 ne,
1802 5614 1859 5650 m
1906 5614 2130 5651 rara-u-
2244 5614 2437 5662 .ngmu
2471 5614 2564 5647 ulc
2597 5614 2697 5663 pro
2726 5614 2975 5662 mgzma,
3024 5614 3197 5663 atque
3244 5614 3274 5647 e

479 5683 745 5745 pomerion
800 5668 1095 5744 quingenta
1155 5670 1501 5742 septuaginta
1556 5614 1765 5724 millia.
1828 5669 1891 5724 In
1928 5669 2134 5740 Regum
2238 5666 2396 5738 ginta
2426 5679 2529 5738 pro
2560 5665 2758 5736 viginti
2787 5665 2951 5721 armis
2968 5663 3301 5736 praeferunt.
