4070 6166
293 260 319 319 1
332 259 444 319 453

1237 260 1539 334 ΟΠΑΞΞΤ.
1588 257 1954 322 HEBRAIC.
2001 258 2078 319 ΙΝ
2124 257 2268 320 LlB.
2318 260 2342 320 Ι
2387 261 2781 323 ΡΑΠΑιΙΡ.’

3535 263 3693 325 1454

286 391 538 446 busdam
572 391 643 446 ad
680 391 979 462 ferventem
1007 394 1440 458 tantummodo,
1492 409 1656 448 error
1696 395 1806 446 est.
1868 393 1927 446 In
1961 394 2013 457 Α
2044 395 2101 446 et
2130 391 2282 447 infra
2311 393 2513 463 viginti
2548 410 2752 462 annos,
2800 394 3016 450 idcirco
3062 395 3525 466 indignationem
3581 395 3694 451 Do-

291 479 524 534 Hebrzeo
556 497 668 534 non
704 480 879 536 habet
908 481 962 535 in
985 481 1093 538 hoc
1126 481 1248 537 loco
1277 483 1543 549 similam,
1575 481 1714 552 quia
1744 479 1938 535 simila

276 570 402 638 jam
437 568 609 639 paulo
641 570 914 641 superius
954 572 1256 626 nominata
1307 577 1396 626 est
1431 588 1442 624 :
1478 571 1575 625 sed
1610 570 1686 623 ad
1719 574 1935 624 torren-

284 656 412 720 dum
446 658 501 710 in
541 658 773 712 Hebraeo
804 659 1062 730 ponitur,
1114 665 1180 714 ut
1210 659 1532 714 subaudias
1564 659 1780 729 spicas.
1815 655 1936 712 Pri-

285 744 463 799 mitiw
493 734 652 800 enim
683 747 975 818 spicarum
1011 751 1247 819 quando
1288 748 1717 810 deferebantur,
1753 752 1933 800 torre-

283 832 515 900 bantur,
550 838 607 890 et
634 851 819 906 grana
847 838 1323 892 comedebantnr.
1367 836 1528 902 Quod
1591 851 1778 906 genus
1818 833 1932 890 cibi

282 921 455 992 vulgo
483 939 716 992 graneas
745 930 974 980 vocant.

353 1010 538 1080 (Vers.
596 1013 710 1082 29.)
770 1013 830 1067 In
891 1013 1244 1084 quibusdam
1303 1013 1605 1069 codicibus
1635 1013 1930 1068 habetur:

287 1123 306 1148 α
342 1100 530 1171 Super
568 1117 741 1155 omne
773 1102 1004 1172 pondus
1033 1108 1090 1155 et
1120 1119 1460 1157 mensuram
1497 1118 1509 1156 :
1545 1125 1571 1152 »
1607 1103 1706 1157 sed
1743 1102 1798 1155 in
1836 1103 1937 1156 He-

284 1189 433 1242 braeo
465 1189 525 1242 in
560 1188 664 1244 hoc
689 1188 812 1244 loco
841 1190 1049 1260 pondus
1082 1208 1192 1245 non
1229 1191 1424 1254 habet,
1483 1191 1580 1246 sed
1622 1206 1934 1245 mensuram

281 1282 509 1331 tantum
538 1277 833 1349 geminato
865 1279 1101 1334 nomine
1133 1280 1406 1350 positam,
1467 1279 1588 1334 sive
1645 1295 1770 1334 eam
1805 1295 1932 1350 quae

280 1365 534 1420 brachiis
567 1371 669 1420 aut
709 1367 1003 1430 manibus,
1062 1373 1162 1423 aut
1219 1367 1464 1423 funibus
1519 1369 1776 1436 metitur,
1813 1367 1932 1422 sive

279 1470 405 1509 eam
442 1471 568 1525 qum
601 1455 778 1510 vasis.

351 1543 511 1614 (Cap.
571 1543 760 1598 XXIV.
796 1575 858 1584 —-
895 1543 1053 1597 \"ers.
1112 1545 1192 1615 5.)
1225 1567 1251 1593 ‹‹
1314 1545 1611 1616 Principes
1653 1551 1932 1602 sanctua-

277 1633 370 1697 rii,
405 1630 511 1686 ﬁlii
539 1631 834 1699 Ithamar;
869 1632 1162 1704 principes
1194 1632 1313 1697 Dei,
1357 1635 1426 1688 de
1459 1633 1596 1688 ﬁliis
1629 1635 1879 1689 Eleazari
1918 1653 1930 1690 :

275 1721 572 1792 principes
631 1721 1000 1776 sacerdotum
1059 1722 1129 1775 de
1187 1721 1440 1776 Eleazar.

276 1809 570 1880 principes
592 1808 690 1863 Dei
723 1809 1000 1863 dicuntur
1031 1808 1322 1880 principes
1350 1810 1666 1865 sanctuarii
1690 1811 1760 1866 de
1786 1810 1933 1866 Itha-

279 1913 428 1965 mar,
460 1897 600 1968 quia
628 1897 706 1951 ibi
741 1895 1186 1952 ministrabant.

346 1985 532 2057 (Vers.
567 1986 674 2057 16).
712 2007 739 2034 ‹‹
782 1985 1072 2040 Vicesima
1103 1985 1364 2041 Ezechiel
1397 2004 1410 2052 ;
1443 2007 1470 2036 ››
1505 2003 1539 2040 a
1569 2003 1685 2058 qua
1716 2003 1930 2059 cogno-

275 2091 409 2129 men
439 2074 681 2130 sortitus
715 2078 803 2130 est
833 2073 1091 2130 Ezechiel
1126 2075 1426 2146 propheta.

345 2162 530 2233 (Vers.
562 2166 678 2232 22.)
711 2186 737 2212 ‹‹
799 2162 1100 2218 Salomoth
1159 2163 1228 2218 de
1284 2162 1420 2218 ﬁliis
1454 2163 1706 2219 Issabar.
1745 2187 1772 2212 »
1821 2165 1927 2219 Su-

273 2252 470 2323 perius
501 2251 730 2324 generis
760 2252 1047 2306 feminini.
1083 2252 1386 2307 Salomoth
1421 2269 1553 2307 vero
1588 2253 1644 2306 in
1678 2268 1928 2323 sequen-

271 2341 432 2395 tibus
461 2340 692 2412 generis
725 2340 1056 2396 masculini.

343 2430 531 2500 (Vers.
562 2430 677 2499 26.)
715 2453 740 2480 ‹‹
800 2428 924 2483 Filii
986 2429 1191 2485 Merari
1248 2429 1554 2484 Jaaziahu.
1593 2454 1618 2478 ››
1668 2431 1766 2484 llic
1791 2435 1928 2488 Jaa-

267 2519 441 2573 ziahu
478 2561 491 2584 ,
551 2519 611 2572 in
659 2518 935 2574 vicesima
1015 2524 1223 2590 quarta
1283 2519 1580 2574 Maaziahu
1625 2519 1923 2576 scribitur.

268 2607 574 2663 Maaziahu
606 2607 1042 2679 interpretatur,
1091 2607 1156 2662 de
1184 2609 1404 2663 auxilio
1455 2609 1566 2663 Dei.
1622 2608 1923 2676 Jaaziahu,

267 2699 550 2753 auxilium
606 2698 850 2754 Domini.

343 2787 502 2858 (Cap.
536 2785 704 2840 XXV.
738 2817 805 2826 —-
841 2785 997 2842 Vers.
1029 2787 1111 2854 5.)
1144 2809 1170 2836 «
1233 2786 1302 2841 Ut
1362 2786 1573 2841 exaltet
1629 2803 1832 2856 cornu,
1896 2810 1922 2836 ››

265 2877 327 2931 id
362 2881 470 2944 est,
504 2892 684 2930 cornu
719 2874 913 2941 Israel,
947 2877 1064 2930 sive
1095 2892 1300 2941 cornu,
1332 2891 1525 2945 regem
1559 2875 1758 2930 David.

338 2964 525 3032 (Vers.
556 2965 671 3034 27.)
705 2987 732 3013 »
765 2964 826 3019 In
859 2969 1012 3020 sorte
1042 2964 1320 3019 vicesima
1353 2964 1581 3028 Eliba,»
1617 2964 1715 3035 qui
1749 2963 1922 3035 paulo

264 3055 542 3126 superius
572 3052 798 3108 Eliatha
847 3052 1187 3108 nominatus
1231 3059 1337 3108 est.
1373 3053 1596 3108 Eliatha
1627 3054 1916 3125 interpre-

261 3148 446 3209 tatur,
480 3143 618 3196 De-us
646 3159 797 3196 meus
823 3145 881 3196 tu
900 3159 919 3203 ,°
951 3141 1133 3212 Eliba,
1167 3142 1305 3196 Deus
1335 3159 1485 3197 meus
1509 3144 1654 3197 veni.

2048 479 2192 534 mini
2223 487 2493 550 expertus
2523 487 2630 536 est.

2116 568 2306 637 (Vers.
2352 570 2462 641 14.)
2484 593 2509 617 ‹‹
2549 572 2608 624 In
2643 570 2808 624 fastis
2828 571 2981 641 regis
3012 571 3185 626 David
3216 590 3228 637 ;
3264 595 3291 620 ››
3323 573 3463 643 quia
3489 588 3698 644 super-

2046 657 2309 711 veniente
2370 657 2770 729 indignatione
2820 660 2942 726 Dei,
2995 661 3186 715 omnis
3246 661 3355 716 iste
3412 677 3696 717 numerus

2046 747 2428 802 conturbatus
2459 753 2566 814 est,
2596 752 2653 802 et
2701 765 2815 803 non
2850 751 3087 804 fuerunt
3117 749 3416 804 distributi
3455 767 3556 821 per
3586 749 3698 805 mi-

2045 833 2309 900 nisteria,
2342 850 2530 908 neque
2561 838 2633 892 ad
2665 836 2864 907 aliqua
2895 838 3106 893 officia.

2117 924 2300 993 (Vers.
2334 925 2449 995 25.)
2482 946 2509 973 «
2549 924 2644 979 llis
2677 931 2872 980 autem
2930 925 3249 994 thesauris,
3290 926 3388 998 qui
3434 930 3602 983 crant
3638 927 3698 983 in

2047 1012 2312 1068 urbibus.
2349 1035 2376 1062 »
2408 1012 2743 1069 Thesauros
2776 1014 2833 1067 in
2881 1014 2988 1068 hoc
3019 1015 3165 1080 loco,
3201 1032 3315 1070 non
3349 1014 3541 1071 solum
3601 1031 3699 1088 pe-

2043 1101 2301 1164 cuniam,
2334 1102 2434 1156 sed
2459 1108 2513 1156 et
2546 1118 2751 1158 omnes
2782 1103 3180 1159 substantiam
3215 1106 3501 1160 nominat.

2113 1189 2295 1259 (Vers.
2354 1191 2468 1253 32.)
2519 1213 2546 1239 ‹‹
2596 1191 2890 1246 Jonathan
2944 1197 3139 1246 autem
3219 1198 3464 1264 patruus
3521 1194 3696 1249 David

2042 1277 2391 1333 consiliarus
2447 1300 2474 1329 »
2527 1279 2650 1350 ipse
2706 1285 2795 1334 est
2824 1280 3052 1336 Nathan
3111 1281 3410 1352 propheta.
3445 1283 3698 1340 Patruus

2041 1383 2172 1422 vero
2202 1367 2441 1422 honoris
2472 1373 2529 1422 et
2562 1369 3015 1439 propinquitatis
3046 1387 3226 1425 causa
3254 1377 3514 1427 vocatur.

2113 1455 2308 1525 (Ibid.)
2341 1479 2368 1504 ‹‹
2403 1456 2592 1510 Jahiel
2653 1457 2810 1511 ﬁlius
2857 1458 3180 1531 Achamoni
3235 1465 3359 1514 erat
3389 1476 3523 1514 cum
3557 1459 3696 1516 filiis

2045 1544 2216 1614 regis.
2253 1566 2280 1592 »
2306 1545 2416 1598 Iste
2447 1544 2634 1600 Jahiel
2668 1550 2756 1600 est
2786 1545 2941 1600 filius
2971 1546 3176 1616 David,
3205 1547 3306 1618 qui
3338 1548 3396 1602 in
3430 1549 3696 1621 Regnum

2041 1632 2243 1687 Chilab
2273 1633 2629 1688 nominatur.
2672 1635 3014 1700 Achamoni,
3045 1637 3487 1706 sapientissimus
3519 1654 3532 1692 :
3569 1639 3699 1710 ipse

1508 1745 1527 1770 ι»
1707 1723 1930 1822 idcirco
1966 1758 2010 1822 Β
2042 1720 2364 1822 estrDavid‘.

2119 1809 2277 1880 (Cap.
2327 1809 2524 1864 XXIX.
2557 1842 2623 1850 -
2682 1811 2844 1866 Vers.
2875 1811 2990 1880 2l.)
3027 1833 3054 1860 «
3083 1812 3312 1867 Taurus
3367 1813 3526 1869 mille
3556 1828 3697 1870 cum

2013 1897 2428 1953 \libaminibus
2460 1899 2586 1954 suis
2615 1917 2627 1954 :
2663 1921 2690 1948 ιι
2722 1900 2780 1954 id
2815 1904 2902 1954 est
2932 1917 3066 1954 cum
3095 1900 3250 1958 vino.

2111 1985 2298 2053 (Vers.
2359 1988 2471 2057 22.)
2534 2010 2555 2036 ι
2622 1987 2918 2042 Unxerunt
2979 1989 3237 2043 secundo
3320 1989 3696 2045 Salomonem

2041 2073 2228 2128 {ilium
2262 2074 2462 2129 David.
2490 2097 2518 2123 »
2552 2075 2851 2130 Unxerunt
2871 2080 3066 2130 autem
3090 2092 3225 2131 eum
3250 2078 3308 2132 in
3341 2078 3692 2150 principem,

2040 2161 2299 2218 dicentes
2333 2179 2346 2217 :
2380 2163 2744 2234 Quicumque
2792 2168 3015 2234 regnet,
3071 2169 3134 2219 tu
3195 2165 3348 2221 Deus
3378 2171 3596 2237 noster,
3629 2169 3693 2222 tu

2040 2266 2272 2322 semper
2300 2251 2382 2306 sis
2414 2251 2567 2307 Deus
2600 2257 2817 2307 noster.

2110 2340 2270 2411 (Cap.
2305 2339 2550 2395 XXVIII.
2583 2372 2648 2381 —
2683 2341 2839 2396 Vers.
2875 2341 2951 2411 -l.)
3011 2365 3038 2391 «
3098 2343 3206 2408 Qui
3239 2348 3528 2413 praeerant
3559 2344 3697 2400 sub-

2038 2429 2262 2482 stanliae
2321 2429 2473 2501 regis
2525 2446 2658 2484 cum
2690 2429 3002 2486 eunuchis.
3059 2455 3080 2482 ι»
3121 2431 3310 2498 Quazri
3350 2438 3543 2504 potest
3590 2449 3695 2489 cur

2037 2517 2131 2572 hic
2160 2518 2416 2573 eunuchi
2448 2518 2519 2574 ad
2553 2523 2672 2573 tam
2729 2521 2950 2590 grande
2979 2520 3297 2575 concilium
3341 2522 3528 2576 vocati
3563 2538 3694 2578 esse

2037 2605 2329 2673 dicantur,
2359 2623 2492 2661 cum
2517 2607 2809 2662 lsraelitas
2837 2608 3102 2663 abscindi
3137 2608 3224 2662 lex
3261 2609 3619 2680 prohiberet,
3638 2615 3698 2666 et

2035 2693 2370 2766 alienigena:
2432 2713 2543 2751 non
2603 2695 2770 2751 facile
2826 2702 3076 2766 possunt
3146 2699 3375 2753 admitti
3446 2699 3517 2754 ad
3570 2703 3690 2755 tam

2033 2784 2253 2852 grande
2306 2784 2619 2839 concilium
2677 2786 2851 2856 (Deut.
2886 2803 3048 2850 xxm,
3112 2787 3135 2842 l
3200 2788 3359 2859 seq.).
3423 2788 3692 2843 Tradunt

2035 2871 2253 2926 Hebraei
2284 2872 2343 2927 in
2377 2872 2485 2928 hoc
2517 2872 2642 2928 loco
2685 2873 2814 2928 illos
2861 2875 3049 2929 vocari
3100 2875 3426 2942 eunuchos,
3459 2878 3580 2947 qui,
3613 2876 3687 2931 ab

2033 2960 2308 3015 omnibus
2339 2961 2568 3016 actibus
2623 2961 2817 3016 saeculi
2858 2962 3054 3030 alieni,
3088 2963 3336 3018 orationi
3370 2968 3599 3018 tantum
3631 2967 3689 3019 et

2032 3049 2265 3103 lectioni
2297 3049 2582 3105 vacabant
2614 3067 2626 3104 :
2661 3056 2718 3105 et
2748 3067 2956 3106 uxores
3017 3067 3131 3106 non
3165 3068 3344 3107 causa
3401 3051 3682 3117 libidinis,

1948 3122 1990 3187 C
2028 3137 2129 3191 sed
2187 3137 2574 3210 suscipiendae
2632 3139 2812 3210 prolis
2867 3140 3056 3208 gratia
3133 3140 3442 3207 habebant,
3531 3158 3681 3212 quos

340 3233 502 3302 (Cap.
532 3230 725 3285 XXVI.
757 3261 825 3270 ——
856 3229 998 3286 Vers
1046 3231 1157 3301 15.)
1216 3253 1243 3281 α
1304 3231 1682 3285 Obed-Edom
1737 3231 1911 3303 plaga
2016 3224 3678 3303 JosephussacundumeorumhmresimEssenos(b)vocat.

259 3319 546 3376 australis
591 3324 647 3373 et
691 3318 826 3373 filiis
873 3323 964 3374 est
1015 3319 1226 3373 domus
1282 3318 1531 3372 concilii.
1582 3341 1607 3366 »
1659 3318 1906 3374 Domum

257 3407 495 3466 concilii
525 3407 787 3479 plerique
817 3407 1065 3480 intelligi
1096 3407 1299 3462 volunt
1321 3407 1534 3462 Sancta
1550 3412 1906 3476 sanctorum,

260 3499 327 3553 in
363 3513 479 3569 quo
509 3500 636 3551 erat
665 3511 946 3551 arcanum
980 3495 1231 3550 consilii.

336 3587 494 3658 (Cap.
527 3584 741 3640 XXVII.
779 3617 844 3626 —
875 3584 1040 3640 Vers.
1076 3586 1185 3654 18.)
1219 3608 1246 3633 ‹‹
1307 3583 1479 3638 Elihu
1520 3585 1700 3638 frater
1731 3583 1909 3638 David

258 3675 537 3746 princeps
563 3674 752 3737 Juda;
790 3696 816 3721 ι)
849 3673 905 3727 in
944 3673 1165 3744 Regum
1197 3672 1357 3728 Eliab
1403 3677 1642 3727 vocatur
1684 3675 1731 3744 (I
1788 3674 1912 3744 Reg.

258 3781 384 3834 xvr,
414 3765 490 3824 6).
525 3761 704 3828 Eliab,
770 3768 910 3818 Deus
941 3778 1092 3817 meus
1146 3770 1320 3832 pater,
1356 3761 1545 3824 Elibu,
1596 3763 1734 3816 Deus
1766 3778 1918 3816 meus

262 3853 556 3908 Dominus.

339 3943 525 4012 (Vers.
566 3941 730 4009 23.)‹‹
764 3939 960 3995 Noluit
1016 3944 1210 3994 autem
1260 3955 1360 3994 eos
1404 3939 1574 3994 David
1608 3955 1918 3994 numerare

261 4047 302 4085 a
332 4028 534 4101 viginti
573 4031 586 4063 ⁸
620 4028 791 4084 annis
821 4028 896 4099 (a)
928 4027 1193 4083 inferius.
1228 4051 1255 4078 »
1309 4028 1462 4082 Usus
1491 4029 1647 4082 enim
1681 4034 1805 4083 erat
1835 4034 1918 4094 ut,

259 4118 318 4175 si
351 4119 584 4190 quando
610 4122 1016 4172 numeraretur
1046 4134 1078 4170 a
1124 4116 1324 4188 viginti
1383 4117 1554 4170 annis
1610 4123 1667 4171 et
1719 4133 1920 4188 supra,

257 4213 718 4263 numerarentur
747 4205 804 4259 hi
836 4206 935 4276 qui
971 4211 1238 4277 poterant
1292 4205 1362 4259 ad
1400 4205 1552 4260 bella
1584 4207 1918 4276 procedere,

260 4297 374 4348 aut
401 4292 596 4364 aliquo
629 4292 954 4347 ministerio
987 4293 1169 4363 fungi.
1204 4291 1349 4356 Quia
1398 4309 1530 4347 vero
1586 4293 1764 4348 David
1827 4310 1922 4365 ge-

261 4381 544 4437 neraliter
565 4380 747 4453 jussit
775 4396 981 4436 omnes
1004 4380 1320 4447 numerari,
1353 4385 1410 4436 et
1441 4397 1622 4453 supra
1649 4381 1921 4454 vinginti,

349 4543 364 4575 ¹
398 4539 970 4614 Μὲἰῐὶυεῢΐίρίίλίῦῐῆ,
1001 4558 1033 4596 a
1067 4543 1264 4611 viginti
1293 4544 1456 4597 annis
1484 4548 1536 4597 et
1557 4559 1745 4614 supra.

345 4614 368 4647 ²
396 4614 765 4682 Conjunctim
797 4611 1074 4683 leguntur
1115 4614 1493 4679 Quaestiones,
1532 4611 1654 4669 istas
1690 4615 1746 4668 in
1782 4631 1923 4669 mss.

268 4684 600 4752 codicibus,
634 4699 738 4738 nec
771 4683 892 4738 ulla
945 4684 999 4738 in
1045 4683 1163 4738 illis
1212 4689 1303 4740 est
1336 4685 1631 4740 distinctio
1682 4686 1828 4740 inter
1859 4685 1928 4740 li-

268 4756 447 4810 brum
480 4755 735 4827 primum
769 4760 826 4810 et
857 4756 1205 4810 secundum.
1241 4761 1310 4812 At
1354 4755 1719 4812 Colbertinus
1752 4773 1931 4829 supra

349 4899 425 4966 (a)
457 4896 647 4952 Nostri
684 4913 816 4951 vero
840 4914 981 4952 mss.
1018 4897 1314 4968 impressae
1340 4897 1570 4953 lectioni
1610 4900 1933 4955 rectissime
2038 4893 2286 4968 Eustoch.
2320 4911 2486 4968 Anum.
2527 4895 2597 4949 35
2635 4911 2668 4968 κε

279 4988 309 5025 s
323 4969 702 5041 ulfragan‘tur.

353 5041 428 5110 (b)
460 5037 535 5094 De
563 5037 797 5111 Essenis
818 5037 1080 5110 loquitur
1095 5039 1409 5111 Josephus,
1435 5039 1536 5094 lib.
1563 5042 1634 5095 de
1663 5042 1811 5097 Bello
1836 5043 1930 5099 Ju-

272 5112 457 5179 daico,
491 5128 619 5183 cap.
652 5112 706 5166 8.
753 5110 934 5166 Verus
987 5115 1182 5166 autem
1239 5110 1473 5168 Hieron.
1536 5113 1707 5184 epist.
1741 5115 1834 5184 22,
1864 5114 1934 5170 ad

2092 3315 2275 3385 (Vers.
2308 3317 2387 3386 2.)
2414 3339 2440 3365 «
2479 3316 2692 3372 Audite
2749 3334 2861 3382 me,
2919 3319 3127 3373 fratres
3162 3318 3275 3373 mei
3337 3323 3394 3373 et
3425 3321 3682 3392 populus

2023 3418 2208 3458 meus.
2242 3426 2270 3453 »
2307 3406 2367 3458 ln
2396 3405 2504 3459 hoc
2535 3405 2659 3460 loco
2691 3410 2747 3460 et
2797 3407 3218 3462 fraternitatem
3266 3412 3322 3461 et
3352 3408 3674 3478 prioratum

2023 3508 2201 3545 suum
2233 3492 2617 3547 demonstrat.

2095 3611 2161 3618 —
2191 3581 2350 3651 (Cap.
2385 3580 2573 3636 XXIX.
2606 3581 2768 3636 Vers.
2799 3583 2916 3652 23.)
2976 3605 3002 3630 (ι
3064 3581 3343 3652 Seditque
3399 3583 3675 3640 Salomon

2025 3685 2202 3740 super
2255 3668 2533 3724 thronum
2564 3669 2832 3736 Domini;
2872 3691 2898 3718 ››
2933 3674 3169 3740 propter
3226 3669 3675 3728 similitudinem

2028 3756 2285 3824 leonum,
2318 3757 2418 3828 qui
2448 3757 2625 3812 etiam
2658 3758 2717 3811 in
2754 3757 3068 3812 Cherubim
3102 3756 3532 3815 describuntur.

2099 3844 2285 3916 (Vers.
2318 3847 2432 3917 29.)
2463 3869 2490 3894 ‹‹
2526 3845 2700 3902 Gesta
2730 3850 2925 3902 autem
2959 3846 3136 3901 David
3173 3846 3368 3918 priora
3398 3853 3456 3902 et
3484 3848 3679 3904 novis-

2029 3935 2198 3989 sima.
2261 3957 2288 3983 ιι
2346 3935 2560 3999 Priora,
2622 3935 2857 4006 quando
2945 3937 3209 4007 regnavit
3265 3937 3322 3990 in
3380 3938 3603 3993 Ilebron
3664 3953 3680 3993 :

2033 4022 2373 4086 novissima,
2433 4024 2670 4094 quando
2730 4024 2994 4095 regnavit
3053 4024 3109 4078 in
3169 4023 3517 4080 Jerusalem.
3571 4025 3682 4081 No-

2034 4111 2277 4166 tandum
2310 4112 2464 4182 quod
2489 4113 2880 4184 quadraginta
2910 4113 3080 4168 annis
3111 4129 3385 4184 regnasse
3413 4114 3683 4185 perhibe-

2035 4205 2147 4266 tur,
2181 4206 2238 4254 et
2268 4200 2326 4254 in
2378 4200 2549 4255 Libro
2572 4201 2805 4256 Samuel
2838 4202 3096 4257 secundo
3128 4202 3410 4257 scribitur
3449 4208 3679 4274 septem

2034 4287 2204 4342 annis
2240 4297 2293 4341 cl.
2338 4305 2438 4341 sex
2486 4288 2787 4343 mensibus
2837 4290 2894 4344 in
2937 4289 3186 4355 Ilebron,
3246 4290 3303 4344 in
3359 4289 3681 4346 Jerusalem

2037 4375 2275 4447 triginta
2306 4380 2422 4432 tres
2447 4377 2468 4409 ²
2498 4376 2569 4447 (ΙΙ
2595 4377 2718 4446 Reg.
2753 4393 2806 4444 ν,
2840 4377 2894 4445 Α,
2927 4379 3003 4444 5).

1979 4536 2305 4592 "laudatus
2363 4537 2520 4592 hunc
2577 4537 2786 4592 retinet
2837 4536 3072 4593 titulum
3133 4539 3392 4594 miniatis
3423 4537 3681 4594 litteris:

2035 4610 2261 4664 Finith
2312 4610 2648 4682 Quaestiones
2698 4609 2761 4664 de
2819 4610 2958 4664 libro
3012 4611 3191 4682 primo
3245 4612 3676 4682 Paralipomeni.

2037 4682 2312 4749 Incipiunt
2343 4681 2408 4734 (Ie
2436 4681 2688 4736 secundo.

2319 4911 2486 4976 num.
2527 4895 2597 4949 35
2634 4911 2668 4978 ‘z
2733 4918 2772 4978 «θ
2820 4894 2988 4978 Tales
3019 4898 3122 4966 (sc.
3170 4896 3562 4978 continentes)
3591 4895 3689 4978 Jo-

2041 4966 2257 5037 svphus
2316 4966 2372 5019 in
2432 4967 2688 5021 secunda
2743 4966 2997 5022 Judaicaa
3057 4967 3410 5038 captivitatis
3442 4966 3688 5024 historia

2043 5039 2292 5094 Essenos
2322 5038 2513 5092 refert.
2552 5060 2578 5085 n
