4084 6176
350 295 379 352 1
391 296 507 354 455
1840 295 2004 356 ΑΡΡ]

2126 295 2261 355 )lX.
2695 354 2699 356 _
3592 290 3757 352 1456

995 538 1127 632 ΙΝ
1199 537 1675 631 LIBRUM
1747 538 1832 628 ΙΙ
1904 538 2004 629 Pl

2126 535 2981 632 LALIPOMENON
3012 536 3108 629 ³³).

417 815 576 886 (Cap.
638 814 679 869 Ι.
739 844 809 855 —-
844 815 1009 870 Vers.
1043 816 1095 869 8.
1131 837 1158 865 «
1195 814 1405 869 Fecisti
1453 830 1588 869 cum
1640 817 1803 886 patre
1862 831 1990 869 meo
2022 815 2074 880 Α
2174 814 2358 884 (Vers.
2392 814 2482 879 24,
2528 815 2642 869 25.)
2696 836 2723 862 ‹‹
2757 815 2823 868 Et
2879 830 3012 869 cum
3069 813 3357 885 deprecati
3413 778 3640 869 iuerint
3699 815 3757 869 in

345 902 814 959 misericordiam
848 919 1145 975 magnam,
1178 908 1235 959 et
1284 903 1645 959 constituisti
1678 920 1769 959 me
1800 919 1995 975 regem

348 1008 453 1065 pro
482 1007 569 1047 eo.
607 1015 628 1043 ι
667 991 813 1056 Quia
850 991 1177 1046 secundum
1235 989 1422 1062 legem
1484 989 1843 1062 prohibitum
1875 993 1999 1045 erat

352 1096 422 1136 ne
452 1079 585 1151 quis
632 1079 703 1134 de
732 1078 974 1134 alterius
1024 1095 1201 1134 uxore
1249 1083 1562 1150 generatus
1619 1080 1862 1134 auderet
1908 1078 1996 1132 in-

350 1168 526 1224 troire
565 1166 881 1223 Eeclesiam
914 1166 1035 1222 Dei.

421 1256 608 1326 (Vers.
649 1256 755 1326 14.)
795 1278 821 1305 ‹‹
853 1256 920 1310 Et
948 1255 1084 1311 fecit
1125 1272 1225 1311 eos
1278 1272 1407 1311 esse
1437 1256 1495 1309 in
1557 1255 1801 1312 urbibus
1857 1272 1999 1327 qua-

354 1345 680 1419 drigarum,
713 1348 771 1400 et
799 1362 930 1399 cum
965 1361 1096 1417 rege
1127 1345 1184 1399 in
1216 1344 1563 1400 Jerusalem.
1602 1368 1628 1393 »
1655 1346 1837 1401 Urbes
1867 1362 2004 1417 qua-

360 1434 684 1507 drigarum,
717 1434 859 1489 dicit
887 1435 1131 1502 cortes‘,
1165 1451 1293 1505 quae
1342 1434 1400 1489 in
1458 1435 1786 1491 Jerusalem
1836 1439 2004 1491 erant

353 1524 646 1582 aediﬁcata
695 1524 766 1577 ad
799 1523 1108 1578 stationem
1148 1539 1428 1578 curruum
1459 1524 1613 1594 quod
1662 1528 1721 1579 et
1751 1540 2002 1595 sequen—

353 1614 435 1668 tia
464 1616 812 1680 monstrant,
848 1628 981 1667 cum
1034 1612 1252 1667 dicitur
1284 1630 1296 1667 :
1339 1635 1365 1661 «
1400 1613 1469 1667 Et
1513 1628 1648 1668 cum
1681 1629 1813 1687 rege
1841 1615 2005 1669 Ieru-

360 1701 565 1759 salem.
603 1724 623 1751 η

424 1791 610 1861 (Vers.
642 1789 755 1861 46.)
788 1811 815 1839 ‹‹
852 1790 993 1861 Equi
1026 1790 1096 1845 de
1126 1791 1366 1863 i’Egypto
1397 1794 1453 1846 et
1481 1791 1552 1847 de
1581 1791 1756 1847 Choa.
1793 1814 1819 1839 ››
1851 1790 2007 1846 Choa

354 1878 454 1936 alii
484 1878 690 1934 dicunt
718 1876 975 1933 insulam
1032 1895 1161 1934 esse
1218 1895 1394 1934 unam
1428 1881 1498 1935 de
1552 1879 1919 1952 Cycladibus,
1947 1881 2005 1934 in

356 1986 474 2040 qua
502 1966 614 2023 fuit
649 1965 1038 2039 IEsculapius.
1074 1967 1291 2022 Hebraei
1315 1968 1603 2037 dicunt,et
1633 1968 1742 2024 hoc
1773 1970 2010 2025 nomine

352 2056 864 2129 congregationem
896 2054 1237 2128 significari.

2106 902 2231 957 loco
2265 903 2397 967 isto,
2459 902 2668 957 exaudi
2721 903 2789 957 de
2846 903 3024 970 coelo;
3060 907 3117 958 et
3145 902 3461 974 propitiare
3515 908 3763 975 peccata

2105 1007 2330 1055 eorum,
2362 995 2419 1046 et
2449 991 2629 1046 reduc
2659 1008 2757 1046 eos
2789 991 2847 1045 in
2878 996 3095 1047 terram
3122 1008 3297 1062 quam
3330 990 3544 1047 dedisti
3576 991 3765 1063 patri-

2108 1080 2221 1134 bus
2251 1094 2474 1135 eorum.
2510 1102 2537 1129 »
2576 1081 2719 1134 Dum
2756 1079 2911 1134 enim
2946 1096 3044 1135 eos
3077 1080 3133 1133 in
3164 1079 3287 1134 loco
3319 1079 3446 1152 ipso
3486 1084 3765 1136 oraturos

2108 1167 2306 1222 dicat:
2344 1183 2445 1222 cur
2467 1167 2626 1235 dicit,
2660 1171 2715 1222 et
2743 1168 2918 1223 reduc
2950 1183 3048 1222 eos
3104 1167 3163 1221 in
3194 1171 3408 1222 terram
3442 1183 3626 1239 quam
3659 1169 3764 1224 de-

2110 1256 2246 1311 disti
2280 1256 2545 1328 patribus
2574 1272 2795 1324 eorum,
2830 1256 2943 1311 nisi
2977 1258 3119 1312 forte
3146 1256 3203 1311 hi
3236 1257 3335 1327 qui
3368 1256 3446 1311 ibi
3479 1257 3553 1311 ad
3585 1274 3766 1312 oran-

2110 1345 2252 1398 dum
2283 1344 2568 1411 venerint,
2601 1345 2860 1399 obtinere
2889 1344 3138 1411 valeant,
3180 1348 3242 1399 ut
3274 1345 3326 1398 hi
3351 1344 3450 1416 qui
3480 1344 3541 1399 in
3575 1346 3771 1417 capti-

2111 1433 2349 1488 vitatem
2379 1433 2538 1488 ducti
2563 1438 2721 1500 sunt,
2757 1433 3133 1489 reducantur.

2184 1538 2367 1609 (Vers.
2400 1539 2514 1610 26.)
2552 1562 2571 1588 ιι
2609 1542 2673 1592 Et
2702 1539 2963 1595 conversi
3016 1556 3050 1595 a
3079 1541 3329 1612 peccatis
3390 1541 3537 1608 suis,
3590 1557 3775 1597 exau-

2114 1627 2242 1682 dias
2272 1643 2388 1682 eos.
2428 1649 2454 1675 »
2489 1627 3002 1699 Notandum,quod
3038 1645 3170 1684 cum
3203 1631 3274 1684 ad
3307 1630 3601 1686 orandum
3635 1648 3770 1703 per-

2114 1716 2291 1788 gitur,
2324 1733 2356 1771 a
2388 1717 2639 1787 peccatis
2670 1718 3118 1773 convertendum
3151 1722 3258 1773 est.
3308 1740 3337 1769 «
3369 1718 3770 1776 Sanctificavit

2115 1804 2391 1859 Salomon
2425 1804 2681 1860 medium
2716 1805 2848 1860 atrii
2881 1810 3013 1861 ante
3042 1805 3328 1878 templum
3350 1807 3583 1864 Domini
3610 1832 3638 1858 »
3674 1809 3760 1879 (ll

2116 1894 2301 1948 Paral.
2334 1909 2434 1958 vn,
2463 1894 2540 1964 7).
2562 1893 2727 1962 Quia,
2763 1911 2875 1965 pra:
2909 1894 3282 1951 multitudine
3316 1898 3768 1965 sacriﬁciorum,

2117 1981 2319 2037 hostiae
2379 1998 2495 2036 non
2550 1986 2816 2054 poterant
2873 1983 3066 2038 oll'erri
3125 2000 3329 2039 omnes
3364 1985 3419 2039 in
3460 1985 3654 2057 altari,
3715 1991 3772 2042 et

2118 2071 2247 2126 ideo
2279 2070 2532 2126 mediam
2591 2075 2815 2143 partem
2871 2072 3005 2127 atrii
3054 2073 3363 2140 dedicavit,
3413 2078 3480 2129 ut
3519 2080 3581 2130 et
3612 2076 3672 2131 in
3707 2091 3773 2132 ea

427 2146 589 2217 (CaP-
775 2176 843 2248 ᾖ
896 2144 1062 2248 vel“:
1090 2144 1305 2248 4311“
1340 2145 1840 2248 Ρατθξίροωξδηξξη
1891 2146 2009 2200 Ηυ’
2041 2184 2086 2248 Β
2120 2160 2199 2216 ita
2229 2159 2554 2226 offerretur,
2588 2161 2741 2215 sicut
2768 2160 2827 2215 in
2860 2160 3052 2216 altari.

359 2251 510 2301 ram,
541 2234 694 2305 quod
730 2232 1145 2305 interpretatur
1176 2239 1318 2289 Deus
1364 2236 1607 2291 excelsus
1640 2254 1652 2290 :
1686 2235 1745 2290 in
1778 2236 2001 2306 Regum

359 2324 536 2380 liram
591 2324 662 2394 (II
691 2323 814 2391 Reg.
848 2322 997 2390 v,ll)
1028 2323 1181 2394 quod
1214 2323 1649 2396 interpretatur,
1690 2326 1826 2379 vivit
1855 2325 2001 2380 ercet-

359 2430 474 2470 sus.
505 2413 732 2483 Nisique
761 2412 863 2466 tibi
891 2413 1099 2466 Huram
1122 2420 1340 2482 patrem
1385 2429 1585 2467 meum.
1634 2413 1732 2467 llic
1785 2413 2001 2467 Huram

362 2502 520 2558 ﬁlius
551 2501 661 2556 fuit
690 2499 953 2555 mulieris
985 2501 1056 2555 de
1085 2499 1358 2572 progenie
1406 2500 1712 2567 Salomith,
1747 2501 1817 2557 de
1846 2501 2003 2556 tribu

360 2593 506 2660 Dan,
542 2588 730 2662 quiin
775 2587 924 2643 libro
980 2589 1368 2644 Numerorum
1426 2589 1714 2645 scribitur.
1776 2591 2003 2644 Patrem

359 2697 497 2736 vero
526 2680 655 2750 ejus
683 2678 925 2733 tradunt
953 2676 1171 2733 Hebraei
1206 2678 1387 2735 fuisse
1429 2680 1731 2735 Hebraeum
1781 2679 1852 2734 de
1879 2694 2008 2751 pro-

362 2767 529 2841 genie
559 2765 784 2836 Ooliab,
815 2766 888 2820 de
942 2766 1098 2821 tribu
1155 2767 1302 2837 Dan,
1354 2767 1451 2838 qui
1510 2768 1569 2822 in
1629 2784 1823 2824 eremo
1872 2783 2005 2824 cum

360 2855 615 2914 Beseleel
637 2860 910 2928 operatus
941 2858 1047 2911 est.
1108 2856 1268 2920 Quod
1302 2872 1435 2911 vero
1476 2856 1571 2912 hic
1620 2859 1845 2928 Tyrium
1870 2874 2006 2913 eum

360 2950 547 3016 vocat,
582 2944 668 3000 illi
697 2944 904 3000 dicunt
932 2944 1040 3001 hoc
1098 2944 1484 3000 translatione
1533 2946 1753 3001 factum
1804 2947 2005 3003 fuisse.

364 3035 528 3092 Zoori
575 3034 732 3091 enim
790 3033 994 3106 lingua
1057 3050 1257 3089 eorum
1311 3036 1610 3106 plasmator
1641 3036 2005 3107 intelligitur.

364 3126 553 3198 Tyrus
585 3123 762 3188 enim,
795 3139 973 3194 quam
1026 3122 1110 3176 illi
1140 3123 1242 3178 Sor
1291 3127 1518 3190 vocant,
1555 3123 1613 3177 in
1647 3124 2004 3194 quibusdam

363 3214 509 3270 locis
563 3214 839 3285 angustia,
898 3212 958 3265 in
1011 3211 1365 3281 quibusdam
1410 3213 1705 3283 plasmatio
1761 3214 2011 3286 intelligi

366 3303 534 3361 solet.
567 3303 784 3359 Idcirco
815 3304 982 3356 vocat
1008 3298 1176 3355 illum
1208 3304 1429 3371 patrem
1488 3318 1684 3370 suum,
1728 3302 1888 3374 quia,
1938 3305 2009 3360 ad

369 3410 504 3450 eum
533 3393 603 3449 de
636 3396 790 3447 terra
826 3388 1003 3446 Israel
1058 3389 1128 3444 ad
1170 3389 1661 3461 peregrinandum
1696 3392 2011 3463 profectus,

366 3483 566 3540 docuit
593 3498 726 3537 eum
756 3480 1027 3534 timorem
1077 3477 1327 3547 Domini,
1387 3483 1444 3534 et
1501 3479 1745 3535 adduxit
1774 3498 1907 3537 eum
1940 3484 2011 3539 ad

367 3572 756 3646 cognitionem
789 3569 910 3639 [ms.
944 3566 1475 3640 congregationem]
1507 3569 1628 3624 Dei.

437 3662 597 3733 (Cap.
633 3660 726 3715 ΙΙΙ.
760 3688 828 3698 --
857 3656 1019 3711 Vers.
1055 3656 1134 3726 l.)
1166 3657 1346 3712 Moria
1375 3657 1796 3729 interpretatur
1824 3662 1960 3716 visio
1994 3679 2008 3717 :

365 3753 492 3824 ipse
512 3753 601 3805 est
620 3747 779 3803 enim
805 3745 968 3800 locus
999 3745 1070 3800 de
1101 3762 1217 3817 quo
1249 3745 1469 3801 dictum
1497 3750 1583 3803 est
1615 3748 1686 3802 ad
1717 3748 2010 3805 Abraham

371 3841 513 3897 Vade
542 3840 603 3894 in
631 3844 836 3892 terram
865 3835 1092 3890 visionis
1117 3834 1268 3906 (Gen.
1300 3852 1438 3903 xxn,
1474 3837 1585 3906 14.)
1976 3852 1981 3855 ·

435 3926 624 3999 (Vers.
658 3925 712 3996 3)
744 3947 772 3975 ‹‹
810 3926 869 3979 In
904 3939 1181 3979 mensura
1213 3923 1405 3995 prima
1444 3946 1496 3989 ››,
1528 3925 1585 3980 id
1618 3929 1707 3981 est
1737 3943 2013 3983 mensura

363 4032 481 4089 qua
517 4019 741 4087 Moyses
774 4011 1215 4069 tabernaculum
1248 4012 1305 4066 in
1338 4029 1532 4068 eremo
1558 4031 1798 4070 mensus
1829 4020 1935 4072 est.

436 4104 622 4176 (Vers.
688 4103 801 4175 l7.)
855 4101 1087 4158 Jachim
1147 4100 1562 4172 interpretatur
1611 4112 1948 4175 pra’parator
1995 4120 2007 4158 :

363 4194 521 4250 hunc
550 4192 755 4248 volunt
784 4189 1029 4263 intelligi
1056 4189 1250 4246 David.
1276 4191 1444 4257 Booz,
1469 4197 1705 4263 propter
1734 4193 2009 4249 virtutem

363 4283 674 4340 castitatis.

436 4374 595 4446 (Cap.
631 4371 723 4425 ιν.
756 4371 920 4425 Vers.
965 4372 1048 4438 7.)
1080 4392 1107 4420 «
1140 4370 1473 4425 Secundum
1518 4370 1772 4441 speciem
1831 4387 2007 4443 quam

354 4464 618 4534 jusserat
672 4460 833 4527 fieri;
890 4483 916 4507 ››
949 4458 1324 4527 subauditur,
1374 4459 1547 4514 Deus.
1582 4460 1745 4514 Boves
1778 4463 2013 4532 propter

364 4550 709 4607 memoriam
741 4548 902 4603 vituli
936 4548 995 4602 in
1026 4564 1218 4603 eremo
1243 4547 1797 4603 conditi.Basilicam
1831 4565 2010 4620 gran-

363 4641 497 4697 dem
533 4638 631 4694 ubi
665 4653 829 4709 reges
859 4637 1125 4692 orabant.

435 4730 592 4801 (Cap.
628 4726 721 4781 VI.
753 4758 821 4766 ——-
851 4726 1013 4781 Vers.
1036 4724 1111 4796 l.)
1144 4747 1169 4773 ‹‹
1209 4724 1487 4779 Dominus
1521 4724 1665 4779 dixit
1698 4729 1761 4780 ut
1792 4725 2012 4781 habita-

362 4823 451 4876 ret
480 4818 536 4872 in
570 4814 842 4888 caligine,
878 4837 906 4864 ››
936 4813 1172 4886 quando
1210 4814 1280 4869 ad
1314 4815 1542 4884 Moysen
1605 4814 1749 4869 dixit
1807 4832 1819 4870 :
1884 4816 2013 4870 Ecce

361 4924 461 4977 ego
489 4908 650 4963 venio
680 4904 749 4960 ad
779 4913 829 4959 te
861 4904 920 4958 in
948 4903 1202 4959 columna
1233 4902 1395 4956 nubis
1426 4901 1617 4972 (Exod.
1653 4920 1765 4973 xxx,
1798 4905 1875 4975 9).

436 5068 449 5101 ¹
482 5065 787 5137 Significat
828 5064 953 5119 loca
1007 5062 1194 5119 cincta
1225 5062 1568 5137 parietibus,
1601 5064 1837 5137 quibus,
1884 5064 2008 5121 ani-

364 5136 886 5201 malia’habentur,
946 5152 1060 5207 quo
1110 5152 1285 5191 sensu
1324 5139 1399 5207 et
1441 5136 1758 5192 Vitruvius.
1796 5136 1892 5191 lib.
1928 5155 2006 5203 v1,

362 5209 539 5263 boum
599 5213 788 5262 certes
875 5207 1157 5262 nominat.
1236 5206 1430 5261 Italice
1510 5224 1763 5278 quoque.
1847 5211 2005 5263 certi.

362 5281 548 5345 Atque
579 5278 697 5333 haec
729 5278 965 5349 quidem
999 5278 1282 5351 expositio
1324 5279 1679 5350 praeferenda
1708 5278 1788 5332 illi
1813 5280 2009 5335 videa-

435 5404 456 5436 ²
489 5402 608 5467 llic,
644 5407 708 5474 ut
736 5419 934 5471 supra,
971 5403 1241 5467 Martian,
1276 5402 1442 5474 ponit
1475 5420 1487 5457 :
1525 5403 1799 5473 Incipiunt
1825 5403 2009 5469 (luges-

363 5476 536 5532 liones
595 5473 868 5527 llebraicae
912 5477 1090 5544 partis
1116 5473 1371 5529 secnutlze
1402 5475 1539 5528 libri
1574 5474 1961 5529 Dabre-Jamin
1995 5490 2005 5529 :

364 5549 560 5632 hisque
599 5545 861 5632 similiter
919 5546 1175 5632 appendit
1237 5547 1503 5632 uetulum,
1537 5562 1726 5632 .quam
1774 5544 1934 5632 habes
1983 5563 2007 5632 ’ξ

367 5642 395 5674 κ
426 5616 518 5677 sic
547 5616 723 5677 habet
754 5630 918 5674 meus
971 5632 1080 5672 ms.
1132 5617 1499 5675 Ambrosian.
1532 5620 1783 5691 tantum,
1818 5617 2012 5692 Incipit

2186 2266 2346 2339 (Cap.
2380 2266 2500 2321 VII.
2562 2296 2626 2311 -—
2659 2266 2819 2322 Vers.
2849 2267 2928 2338 9.)
2979 2268 3252 2339 Fecitque
3281 2268 3374 2325 die
3403 2274 3613 2327 octava
3645 2272 3772 2328 col-

2114 2355 2345 2411 lectam.
2384 2378 2411 2405 »
2443 2356 2569 2410 llaec
2599 2361 2688 2411 est
2718 2356 2959 2412 collecta
2987 2373 3114 2428 quae
3164 2358 3221 2411 in
3282 2357 3427 2414 libro
3485 2360 3773 2417 Numero-

2115 2461 2246 2498 rum
2280 2445 2383 2515 [Αἰ.
2418 2444 2674 2515 Levitici]
2704 2444 3004 2500 scribitur.
3072 2447 3191 2501 Dies
3246 2457 3466 2503 octavus
3510 2451 3619 2505 erit
3676 2468 3774 2506 vo-

2114 2534 2193 2588 bis
2223 2533 2622 2588 cebeberrimus
2651 2539 2816 2606 atque
2844 2536 3223 2590 sanctissimus
3254 2538 3433 2607 (Num.
3469 2555 3626 2605 xxxx,
3655 2539 3773 2610 35).

2113 2622 2203 2676 Est
2231 2623 2381 2677 enim
2408 2630 2576 2677 certus
2606 2631 2766 2694 atque
2795 2623 3057 2689 collecta),
3092 2624 3328 2680 Duabus
3354 2625 3510 2681 enim
3539 2627 3776 2683 vicibus

2115 2710 2172 2764 in
2205 2726 2359 2765 anno
2391 2709 2476 2765 hac
2500 2709 2748 2765 collecta:
2770 2709 3215 2783 colligebantur,
3243 2712 3299 2768 id
3335 2718 3424 2769 est
3446 2714 3538 2770 die
3570 2721 3778 2772 octava

2115 2797 2370 2868 Paschae,
2405 2803 2461 2853 et
2491 2798 2584 2853 die
2615 2804 2815 2854 octavo
2846 2800 3405 2858 Tabernaculerum.
3463 2803 3530 2858 Et
3561 2809 3774 2860 notan-

2115 2888 2258 2942 dum
2290 2888 2441 2958 quod
2476 2887 2532 2941 in
2566 2904 2632 2942 ea
2663 2904 2787 2959 qua:
2820 2888 2878 2943 in
2929 2889 3151 2944 Pascha
3196 2889 3623 2962 celebrabatur,
3684 2894 3775 2948 di-

2118 2977 2271 3030 citur
2314 2993 2326 3030 :
2373 2975 2736 3033 Celebrabitis
2792 2978 3071 3033 collectam
3128 2979 3355 3035 Domino
3413 2981 3525 3036 Deo
3583 2987 3777 3039 nostro

2117 3066 2294 3135 (Deut.
2325 3083 2438 3132 xvr,
2465 3066 2518 3134 8)
2559 3083 2571 3133 ;
2630 3066 2691 3120 in
2723 3082 2790 3121 ea
2817 3083 2950 3122 vero
2982 3084 3106 3138 qum
3141 3068 3200 3122 in
3250 3068 3624 3126 solemnitate
3664 3073 3777 3128 Ta-

2118 3153 2589 3222 bernaculorum,
2625 3154 2975 3211 Celebrabilis
3003 3158 3285 3213 collectam
3316 3159 3480 3214 tobis.

2191 3261 2351 3332 (Cap.
2386 3261 2478 3315 Vl.
2515 3293 2580 3302 —
2639 3262 2801 3317 Vers.
2860 3264 2976 3332 42.)
3034 3286 3062 3313 ‹‹
3117 3268 3241 3320 Non
3300 3269 3525 3323 avertas
3557 3267 3772 3326 faciem

2121 3349 2336 3405 Christi
2382 3349 2466 3405 tui
2500 3369 2511 3418 ;
2546 3373 2571 3399 ››
2603 3350 2660 3405 id
2692 3356 2802 3421 est,
2836 3369 2951 3407 non
2982 3354 3256 3425 reprobes
3299 3356 3775 3426 deprecationem

2123 3455 2335 3494 meam.
2371 3439 2531 3495 Unde
2562 3444 2618 3495 et
2648 3439 2859 3495 dicitur
2891 3456 2903 3494 :
2939 3440 3183 3511 Suscepit
3224 3445 3424 3513 [aciem
3453 3449 3607 3500 luam
3638 3447 3775 3515 (Ha-

2043 3550 2084 3616 ρ
2126 3528 2267 3583 lach.
2302 3546 2339 3594 ι,
2373 3529 2450 3597 9).

2190 3635 2351 3707 (Cap.
2379 3634 2497 3690 VII.
2527 3667 2593 3677 —-
2616 3634 2779 3693 Vers.
2817 3639 2928 3706 10.)
2966 3656 2987 3686 ι
3009 3637 3291 3693 Laatantes
3319 3643 3495 3712 atque
3515 3643 3778 3713 gauden-

2121 3728 2209 3780 tes
2239 3740 2416 3796 super
2446 3724 2613 3780 bonis
2636 3743 2762 3798 qua:
2785 3726 2998 3782 fecerat
3026 3727 3313 3783 Dominus
3333 3729 3510 3785 David
3535 3736 3594 3786 et
3612 3731 3777 3787 Salo-

2122 3829 2257 3868 mon
2288 3818 2342 3868 et
2376 3812 2550 3869 Israel
2584 3814 2797 3886 populo
2830 3833 2956 3871 suo.
3005 3837 3032 3864 ››
3093 3816 3239 3881 Quia
3272 3817 3470 3886 David,
3524 3820 3773 3876 dimisso

2121 3907 2353 3973 peccato
2376 3902 2521 3957 Uria:
2554 3901 2755 3971 Ethaei,
2780 3920 3022 3976 regnum
3055 3906 3345 3961 concessit
3373 3906 3433 3961 in
3466 3909 3775 3981 sempiter-

2121 4008 2287 4046 num.
2318 3996 2382 4046 Et
2410 3990 2907 4064 Salomoni,quem
2930 3993 3021 4048 lex
3073 3994 3418 4065 prohibebat
3453 3996 3772 4055 Ecelesiam

2121 4080 2222 4135 Dei
2253 4080 2492 4147 intrare,
2527 4098 2641 4136 non
2664 4081 2853 4137 solum
2877 4083 3128 4149 veniam,
3179 4086 3278 4139 sed
3311 4084 3485 4140 etiam
3518 4103 3774 4159 regnum

2120 4170 2410 4226 concessit
2443 4187 2455 4224 :
2489 4175 2546 4226 et
2576 4170 2775 4237 Israel,
2801 4172 2900 4243 qui
2924 4176 3055 4243 post
3078 4172 3518 4229 multitudinem
3552 4191 3774 4247 prava-

2121 4257 2493 4325 ricationum,
2517 4250 2892 4330 templum‘in
2925 4276 3040 4334 quo
3063 4261 3371 4316 Dominum
3404 4262 3772 4334 invocarent,

2122 4347 2382 4417 requiem
2417 4351 2472 4401 et
2494 4346 2595 4402 Dei
2626 4346 2875 4418 gratiam
2907 4332 3267 4405 meruerunt.

2191 4456 2353 4527 (Cap.
2386 4455 2503 4511 VII.
2535 4487 2603 4494 —
2633 4454 2796 4511 Vers.
2831 4457 2911 4527 3.)
2943 4480 2971 4507 ‹‹
3013 4455 3285 4513 Civitates
3334 4475 3483 4532 quas
3530 4460 3775 4518 dederat

2125 4545 2318 4600 [liram
2365 4543 2659 4600 Salomoni
2719 4544 3040 4601 aediﬁcavit.
3074 4568 3101 4595 »
3145 4547 3257 4602 Eas
3302 4548 3587 4617 civitates,
3623 4567 3772 4622 quas

2116 4634 2383 4689 Salomon
2416 4633 2577 4689 dedit
2611 4633 2825 4705 Iliram,
2859 4639 2917 4690 et
2966 4634 3074 4690 istc
3127 4635 3314 4692 noluit
3360 4653 3459 4693 cas
3488 4638 3770 4710 recipere,

2120 4723 2220 4779 sed
2256 4722 2477 4777 vocavit
2506 4726 2719 4777 terram
2752 4722 2997 4791 Chahul,
3033 4724 3190 4796 ipsas
3215 4725 3359 4781 dicit
3383 4726 3578 4782 Hiram
3613 4728 3774 4784 Salo-

2122 4811 2279 4867 moni
2310 4811 2561 4867 dedisse.

2191 4901 2383 4971 (Vers.
2441 4900 2521 4972 6.)
2555 4922 2581 4950 ‹‹
2615 4900 2823 4956 Omnia
2856 4918 2982 4973 qua:
3029 4902 3209 4957 voluit
3251 4902 3545 4971 Salomon,
3593 4910 3769 4978 atque

2118 5066 2235 5129 tur,
2270 5080 2395 5134 quas
2430 5061 2605 5116 tradit
2662 5061 2863 5116 urbem
2925 5062 3399 5131 Bel/tmarcaboth,
3444 5064 3502 5119 id
3532 5068 3644 5130 est,
3675 5066 3765 5119 do~

2119 5152 2269 5188 mum
2316 5138 2721 5206 curruum,iet
2761 5138 2938 5206 Haser
2985 5135 3146 5201 Susa,
3205 5136 3359 5206 quod
3410 5139 3502 5191 est
3543 5152 3767 5191 001an-

2120 5208 2261 5261 ratio
2286 5221 2568 5277 equorum,
2602 5203 2917 5276 designari.

2117 5402 2184 5456 de
2210 5399 2446 5455 secunda
2473 5404 2645 5469 parte.
2696 5400 2877 5453 Antea
2922 5402 3062 5467 erat,
3115 5401 3173 5455 In
3218 5401 3425 5455 librum
3474 5400 3763 5456 secimdum

2121 5474 2594 5546 Paralipomenon.
2645 5470 2951 5546 Videﬂuau
2982 5473 3052 5526 de
3085 5472 3294 5543 prioris
3335 5475 3517 5546 partis
3559 5471 3761 5528 inseri-

2122 5545 2315 5619 ptione
2347 5543 2719 5598 adnotamus.
2755 5559 2770 5595 ι
2803 5542 2960 5597 Eon‘.
