4070 6166
259 292 410 367 1487

1189 298 1491 378 QUIES'I‘.
1540 300 1907 367 HEBRAIC.
1955 294 2035 363 IN
2082 297 2229 364 LIB.
2276 303 2327 365 Il
2373 300 2738 366 PARALIP.

3504 299 3658 367 1458

257 437 570 512 disposuit,
604 436 907 495 aediﬁcavit
936 438 993 494 in
1026 437 1354 496 Jerusalem
1409 443 1463 495 et
1489 438 1546 493 in
1606 436 1841 493 Libano.
1873 458 1893 485 ι
1933 436 1987 503 Α
2019 437 2400 493 secrabantur
2444 454 2655 494 manus
2714 436 2895 505 illius,
2959 434 3060 511 qui
3108 436 3377 495 sacerdos
3426 436 3657 494 futurus

258 527 443 584 Hicin
503 528 718 583 Libano
756 528 1043 601 templum
1105 529 1491 601 signiﬁcatur,
1541 528 1710 598 juxta
1758 525 1901 580 illud

268 615 620 674 Ezechielis:
658 640 685 667 «
724 617 915 689 Aperi,
950 620 1186 687 Libane,
1221 626 1417 690 portas
1448 623 1580 673 tuas
1622 617 1757 686 (Ima
1795 616 1901 670 Za-

258 708 410 763 char.
434 725 490 761 x1
527 708 603 778 1).
638 728 664 755 ››
694 707 754 762 In
790 706 1160 764 solemnitate
1212 707 1736 773 hebdomadarum,
1775 726 1801 754 ››
1842 703 1899 759 id

264 799 352 853 est
378 796 759 852 Pentecostes.

328 886 487 957 (Cap.
523 884 615 940 ΙΧ.
648 915 714 924 -
740 888 900 940 Vers.
933 884 1089 956 29.)«
1116 884 1357 956 Reliqua
1378 888 1570 939 autem
1593 899 1767 956 opera
1806 882 1904 937 Sa-

257 973 512 1030 lomonis
533 973 793 1045 priorum
816 977 872 1028 et
891 973 1366 1028 novissimorum.
1385 996 1411 1022 ››
1433 972 1719 1039 Priorum,
1745 975 1901 1026 ante-

254 1078 434 1135 quam
467 1065 879 1134 prazvaricatus
908 1067 1100 1129 esset;
1135 1061 1548 1133 posteriorum,
1582 1065 1899 1134 postquam

255 1151 669 1225 praevaricatus
699 1154 805 1206 est.
1512 1219 1523 1228 ο

326 1241 562 1312 (lbid.):
642 1240 704 1294 In
761 1239 983 1294 visione
1043 1256 1275 1311 quoque
1327 1239 1511 1294 Jaddo
1569 1237 1839 1293 videntis.
1872 1259 1900 1285 ››

254 1330 442 1386 Jaddo
476 1329 601 1401 ipse
631 1331 719 1383 est
758 1327 1088 1399 prophetes,
1113 1328 1211 1399 qui
1242 1327 1311 1382 ad
1349 1328 1713 1401 argueudum
1734 1326 1899 1381 Jero-

254 1418 428 1475 boam
470 1433 573 1489 pro
605 1415 771 1471 altari
803 1417 955 1488 quod
1016 1415 1248 1484 fecerat,
1284 1433 1319 1471 a
1367 1416 1481 1471 Deo
1532 1416 1751 1471 missus
1812 1418 1902 1469 est

252 1506 314 1562 in
346 1505 692 1562 Samariam.

326 1616 355 1644 ‹‹
385 1594 554 1650 Pater
582 1597 721 1648 tuus
751 1592 1070 1648 durissimo
1103 1593 1247 1664 jugo
1272 1609 1377 1647 nos
1400 1591 1687 1664 oppressit
1715 1609 1726 1646 :
1757 1614 1782 1640 ››
1834 1608 1898 1647 eo

252 1683 411 1756 quod
443 1682 645 1755 viginti
674 1687 924 1754 quatuor
944 1681 1132 1737 millia
1161 1699 1263 1753 per
1284 1682 1436 1737 vices
1460 1680 1766 1737 mensibus
1781 1680 1899 1735 sin-

249 1772 410 1846 gulis
440 1772 822 1828 morabantur
849 1787 984 1826 cum
1015 1787 1147 1842 rege
1179 1769 1239 1825 in
1268 1768 1614 1825 Jerusalem.

327 1861 511 1934 (Vers.
558 1860 633 1932 6.)
691 1884 718 1909 ‹‹
753 1860 889 1915 Iniit
954 1859 1266 1915 consilium
1330 1876 1463 1914 cum
1504 1858 1744 1915 senibus
1798 1858 1895 1930 qui

251 1954 539 2008 steterant
566 1965 760 2004 coram
793 1953 954 2019 patre
986 1950 1112 2020 ejus
1142 1947 1463 2015 Salomone,
1492 1970 1520 1995 »
1553 1947 1609 2002 id
1635 1952 1741 2018 est,
1766 1964 1900 2002 cum

250 2038 473 2096 Banaia
491 2038 609 2092 ﬁlio
638 2037 873 2108 Joiadae,
906 2041 963 2092 et
990 2036 1177 2092 Jahiel
1228 2036 1345 2091 ﬁlio
1400 2035 1742 2104 Achamoui,
1802 2036 1899 2107 qui

250 2128 371 2184 alio
403 2127 639 2183 nomine
668 2126 872 2181 Chilab
912 2130 1169 2181 vocatur.

327 2217 511 2288 (Vers.
544 2215 624 2287 8.)
660 2235 687 2264 ‹‹
726 2213 944 2270 Relicto
977 2213 1221 2269 consilio
1254 2230 1484 2281 senum,
1545 2229 1677 2268 cum
1732 2214 1898 2284 juve-

250 2306 432 2362 nibus
452 2309 699 2360 tractare
724 2303 918 2375 ccepit,
948 2325 974 2351 ››
1034 2303 1092 2357 id
1155 2307 1280 2358 est:
1324 2302 1647 2370 Adhuram,
1696 2301 1795 2374 qui
1840 2302 1899 2357 in

250 2393 639 2467 sequentibus
670 2391 965 2465 lapidatus
987 2390 1355 2446 describitur.

325 2482 515 2553 (Vers.
550 2480 664 2554 16.)
698 2504 724 2530 ‹‹
759 2480 926 2535 Nunc
956 2484 1151 2536 autem
1182 2480 1311 2535 vide
1331 2481 1572 2535 domum
1596 2483 1759 2535 tuam
1790 2480 1898 2535 Da-

243 2571 368 2626 vid.
395 2593 424 2621 »
454 2570 620 2625 Nunc
653 2573 845 2625 autem
879 2567 1072 2623 videat
1118 2569 1294 2638 Deus,
1345 2569 1484 2639 quia
1529 2569 1681 2640 quod
1732 2585 1837 2624 nos
1869 2586 1902 2624 a

248 2660 433 2716 domo
466 2657 645 2713 David
669 2657 1015 2729 recedimus,
1040 2659 1340 2729 peccatum
1364 2661 1452 2712 est
1473 2655 1728 2712 ﬁliorum
1751 2659 1898 2729 ejus,

252 2749 360 2822 qui
386 2764 496 2803 nos
526 2746 831 2818 abjiciunt.

326 2838 517 2909 (Vers.
561 2836 672 2907 18.)
706 2837 762 2891 In
785 2835 1007 2907 Regum
1042 2835 1141 2907 (III
1164 2836 1291 2903 Reg.
1326 2851 1425 2900 vu,
1484 2835 1594 2905 43)⁹
1641 2835 1896 2889 Huram:

242 2926 311 2982 in
343 2923 847 2997 Paralipomenon,
880 2923 1199 2979 Adhuram.
1234 2923 1490 2979 Huram:
1528 2924 1748 2980 Flavius
1802 2939 1897 2978 ex-

246 3017 457 3073 altatus
479 3033 497 3070 :
518 3015 699 3069 Ruina
731 3014 992 3069 erallam.

326 3104 489 3175 (Cap.
551 3102 645 3157 XI.
676 3134 705 3141 -υ
736 3132 745 3142 -
778 3100 939 3157 Vers.
997 3101 1077 3174 5.)
1123 3125 1149 3151 ‹‹
1185 3106 1251 3156 Et
1294 3102 1597 3157 aediﬁcavit
1636 3102 1896 3157 civitates

246 3198 541 3249 muratae.
570 3214 597 3241 ››
630 3197 815 3246 Causa
848 3190 980 3245 belli
1012 3190 1315 3246 aediﬁcavit
1336 3190 1615 3247 civitates.

324 3281 513 3351 (Vers.
579 3279 685 3351 l5.)-
721 3279 1120 3333 «Sacerdotes
1172 3278 1532 3332 excelsorum
1586 3281 1641 3331 et
1688 3278 1897 3332 deamo-

241 3387 416 3427 num.
456 3391 481 3419 »
508 3368 651 3435 Quia
680 3367 867 3423 sicubi
902 3367 1077 3422 ﬁebat
1107 3367 1321 3438 imago,
1355 3367 1647 3420 daemones
1678 3367 1897 3421 dabant

240 3474 553 3530 responsa,
588 3462 646 3511 et
676 3455 1186 3511 constituebantur
1215 3456 1298 3509 eis
1331 3455 1680 3509 sacerdotes.

319 3551 509 3615 (Vers.
547 3547 658 3616 18.)
690 3568 716 3595 ››
755 3544 924 3599 Duxit
956 3548 1150 3599 autem
1175 3544 1432 3598 Roboam
1504 3560 1738 3599 uxorem
1788 3547 1898 3598 Ma-

238 3636 404 3704 laad,
439 3635 619 3690 ﬁliam
650 3634 920 3700 Jerimut,
956 3632 1057 3687 ﬁlii
1091 3632 1289 3687 David.
1317 3652 1342 3683 υ
1378 3632 1488 3687 Iste
1507 3632 1759 3687 Jerimut
1784 3650 1895 3687 non

242 3723 548 3796 scribitur,
582 3738 771 3794 neque
799 3722 860 3776 in
893 3722 1142 3794 Regum,
1175 3738 1363 3793 neque
1394 3721 1451 3776 in
1514 3719 1896 3793 Paralipome-

243 3831 391 3880 non,
424 3814 565 3885 quia
594 3813 705 3867 luit
732 3812 803 3867 de
846 3810 980 3866 ﬁliis
1008 3811 1485 3867 concubinarum.

325 3904 512 3976 (Vers.
561 3901 676 3972 20.)
740 3900 1025 3971 «Accepit
1077 3899 1375 3955 Maacham
1428 3898 1606 3954 ﬁliam
1651 3900 1898 3955 Abessa-

244 3993 375 4059 lon,
399 4013 427 4042 »
451 3991 578 4046 Non
601 3993 691 4044 est
718 3988 829 4043 iste
851 3986 1176 4042 Abessalon
1201 3987 1355 4042 ﬁlius
1383 3986 1577 4054 David,
1602 3987 1699 4041 sed
1726 3985 1897 4054 alius,

246 4082 416 4154 quod
450 4078 512 4133 in
548 4078 773 4172 Regum
831 4074 1131 4131 volumine
1180 4075 1614 4131 demonstratur
1657 4075 1749 4146 (III
1774 4078 1898 4147 Reg.

254 4186 361 4238 xv,
392 4168 469 4239 2).

325 4258 486 4328 (Cap.
512 4255 643 4311 ΧΠ.
677 4287 743 4296 -
776 4254 941 4310 Vers.
974 4255 1088 4325 15.)
1115 4276 1142 4303 ‹‹
1176 4252 1403 4325 Scripta
1447 4257 1586 4308 sunt
1645 4252 1702 4307 in
1754 4253 1902 4308 libro

240 4346 492 4403 Semeia:
523 4343 822 4417 propheta:
853 4347 909 4398 ct
940 4343 1103 4398 Addo
1157 4341 1428 4397 videntis.
1461 4365 1488 4390 »
1526 4342 1687 4398 llunc
1742 4342 1903 4397 Addo

245 4433 530 4506 superius
558 4433 747 4489 Jaddo
778 4431 1119 4488 nominavit.

325 4523 487 4594 (Cap.
539 4522 679 4577 XIII.
748 4521 878 4578 Vera
916 4523 991 4593 4.)
1044 4544 1070 4571 (ί
1129 4521 1300 4577 Stetit
1349 4521 1493 4576 Abia
1533 4537 1709 4592 super
1738 4536 1902 4575 mon-

244 4619 374 4670 tem
403 4612 805 4667 Samaraim.»
855 4610 1017 4666 Multi
1076 4615 1289 4683 putant
1347 4610 1454 4666 hoc
1513 4611 1583 4666 de
1640 4609 1906 4666 Samaria

241 4702 502 4767 dictum,
537 4700 689 4772 quod
736 4716 852 4755 non
894 4704 1083 4772 potest
1112 4717 1259 4756 esse.
1295 4700 1426 4755 Fuit
1455 4698 1609 4756 enim
1644 4714 1813 4755 mons
1844 4700 1903 4753 in

245 4788 553 4862 Ephraim,
586 4788 742 4844 haud
779 4788 980 4861 procul
1010 4808 1044 4846 a
1073 4789 1358 4861 Carmelo,
1413 4789 1511 4843 ubi
1571 4789 1680 4842 fuit
1725 4786 1901 4843 Elias.

329 4877 515 4949 (Vers.
546 4878 675 4949 5.)«
716 4878 832 4951 Ipsi
891 4883 948 4934 et
1002 4878 1141 4935 ﬁliis
1202 4879 1329 4950 ejus
1396 4882 1635 4949 pactum
1682 4876 1903 4933 salis.»

245 4968 500 5023 Pactum
532 4965 674 5022 salis
696 4967 755 5021 in
800 4967 1159 5039 quibusdam
1183 4966 1325 5022 locis
1358 4982 1460 5038 pro
1502 4966 1627 5039 lege
1650 4965 1907 5038 ponitur,

248 5070 387 5129 qum
419 5054 687 5111 omnium
723 5055 1161 5112 condimentum
1192 5059 1298 5125 est,
1332 5061 1389 5109 et
1418 5055 1478 5109 in
1506 5055 1615 5109 hoc
1647 5055 1770 5110 loco
1805 5071 1908 5127 pro

251 5145 435 5202 domo
472 5143 670 5214 David,
696 5145 798 5216 qui
823 5142 1284 5200 universolsrael
1308 5142 1748 5198 condimentum
1775 5144 1904 5197 fuit.

342 5231 528 5301 (Vers.
558 5233 640 5302 7.)
673 5254 701 5282 ‹‹
736 5232 913 5290 Porro
946 5233 1201 5289 Roboam
1235 5235 1359 5287 erat
1400 5230 1567 5285 rudis
1626 5236 1683 5287 et
1708 5232 1711 5235 ’
1738 5232 1910 5287 corde

255 5319 500 5397 pavido.
528 5344 556 5371 n
592 5321 741 5385 Quia
770 5321 1007 5377 Semeiae
1040 5321 1332 5393 propheta:
1390 5320 1568 5376 verba
1624 5321 1909 5376 extimuit.

336 5408 527 5481 (Vers.
552 5410 636 5477 9.)
673 5431 693 5458 α
743 5411 802 5464 In
831 5413 1001 5465 tauro
1033 5415 1090 5465 et
1141 5408 1421 5465 arietibus
1463 5413 1683 5481 septem
1715 5433 1740 5459 ››
1775 5426 1911 5466 eon-

2015 531 2163 581 erat.
2192 526 2356 583 Hunc
2377 527 2535 582 enim
2565 543 2787 583 morem
2804 526 3113 583 Jcroboam
3133 530 3363 599 ceperat
3378 527 3448 585 ad
3473 541 3659 583 sacer-

2012 613 2176 669 dotes
2208 615 2499 671 idolorum
2538 617 2983 672 consecrandos.

2085 703 2268 772 (Vers.
2304 704 2417 775 l7.)
2449 726 2475 752 ››
2509 704 2579 760 Et
2630 709 2978 760 corruerunt
3034 704 3317 761 vulnerati
3369 722 3437 761 ex
3485 704 3660 762 Israel

2013 790 2444 864 quinquaginta
2471 793 2653 848 millia
2678 793 2932 848 virorum
2956 793 3213 849 fortium.
3241 816 3267 844 ι)
3289 794 3356 848 Hi
3380 794 3659 849 nimirum

2012 880 2111 952 qui
2145 882 2515 937 anteidolum
2541 886 2930 939 eurvaverunt
2951 900 3143 955 genua
3160 901 3286 939 sua.
3305 888 3656 956 Praeceptum

2013 969 2167 1024 enim
2200 976 2324 1026 erat
2352 972 2412 1026 in
2442 971 2587 1044 lege,
2625 977 2689 1027 ut
2721 972 2771 1027 si
2796 973 2926 1043 quis
2955 972 3176 1028 idolum
3207 973 3497 1041 adoraret,
3530 990 3658 1029 mo-

2010 1063 2254 1115 reretur.
2352 1064 2353 1067 “

2082 1147 2267 1217 (Vers.
2301 1149 2456 1216 19.)‹‹
2481 1149 2547 1204 Et
2570 1148 2720 1221 cepit
2737 1149 2928 1205 Bethel
2952 1154 3008 1205 et
3040 1150 3197 1205 ﬁlius
3220 1151 3373 1222 ejus.
3405 1172 3433 1200 ››
3459 1150 3655 1207 Bethel

2010 1235 2140 1308 ipsa
2199 1240 2289 1291 est
2327 1237 2385 1291 in
2468 1254 2585 1309 qua
2656 1242 2933 1309 posuerat
2995 1239 3303 1294 Jeroboam
3383 1238 3653 1295 vitulum.

2010 1325 2304 1468 gilghron
2337 1342 2571 1397 quoque
2601 1331 2659 1382 et
2690 1325 2840 1383 ﬁlias
2871 1328 3019 1397 ejus.
3046 1349 3075 1377 ››
3107 1328 3341 1400 Ephron
3394 1328 3524 1400 ipsa
3569 1331 3659 1384 est

2055 1429 2106 1468 lc
2153 1429 2267 1468 em.

2055 1429 2267 1481 lenem,

2081 1519 2439 1591 (Cap.XV.——
2461 1521 2625 1577 Vers.
2653 1522 3028 1593 1.)«Azarias
3050 1525 3247 1577 autem
3270 1520 3427 1578 ﬁlius
3449 1520 3653 1579 Odeth.

2010 1606 2194 1663 Odeth
2218 1607 2683 1680 ipsegestJaddo,
2719 1609 2819 1681 qui
2853 1611 2924 1665 ad
2958 1609 3265 1665 Jeroboam
3298 1609 3517 1667 missus
3547 1615 3654 1666 est.

2082 1714 2269 1782 (Vers.
2302 1716 2385 1783 5.)
2408 1739 2434 1765 ‹‹
2464 1719 2532 1770 In
2564 1719 2826 1788 tempore
2874 1715 2972 1772 illo
3013 1733 3129 1772 non
3182 1716 3292 1772 erit
3344 1734 3456 1789 pax
3502 1733 3661 1789 egre-

1934 1810 1981 1874 B
2011 1802 2195 1858 dienti
2229 1808 2284 1858 et
2316 1803 2687 1876 ingredienti.
2714 1827 2742 1854 ››
2775 1805 3041 1860 Tradunt
3068 1804 3178 1861 hoc
3227 1805 3661 1878 quinquaginta

2010 1892 2236 1947 duobus
2280 1893 2452 1948 annis
2503 1898 2634 1965 post
2667 1896 3026 1949 eversionem
3076 1893 3279 1966 templi
3328 1893 3655 1966 impletum.

2010 1978 2091 2034 ita
2123 1985 2187 2036 ut
2217 1980 2273 2034 in
2308 1980 2401 2036 his
2436 1981 2863 2054 quinquaginta
2892 1983 3126 2037 duobus
3156 1982 3345 2050 annis,
3378 1999 3484 2038 nec
3534 1983 3656 2038 avis

2008 2066 2308 2137 volaverit,
2342 2086 2445 2124 nec
2478 2070 2667 2125 bestia
2696 2069 3095 2141 pertransieril
3144 2086 3245 2141 per
3288 2070 3651 2139 Jerusalem;

2010 2161 2065 2212 et
2098 2157 2271 2213 Israel
2299 2158 2407 2212 fuit
2432 2158 2650 2229 absque
2669 2175 2770 2231 spe
2804 2159 2840 2225 ¹,
2875 2162 2930 2213 et
2961 2174 3164 2215 omnes
3193 2163 3395 2231 gentes
3427 2159 3483 2214 in
3516 2176 3655 2215 con-

2008 2246 2364 2302 turbatione.

2080 2334 2266 2403 (Vers.
2302 2336 2379 2406 8.)
2433 2356 2461 2386 ‹‹
2491 2336 2560 2390 Et
2603 2334 2909 2390 aediﬁcavit
2953 2334 3134 2390 altare
3183 2334 3434 2403 Domini,
3497 2337 3651 2409 quod

2010 2428 2134 2479 erat
2163 2429 2295 2480 ante
2325 2423 2635 2495 porticum.
2659 2446 2688 2473 ››
2718 2423 2892 2490 Illud,
2928 2422 3173 2491 scilicet,
3218 2425 3372 2495 quod
3438 2442 3472 2481 a
3498 2424 3655 2482 Salo-

2011 2529 2183 2568 mone
2213 2516 2613 2567 constructum
2646 2513 2852 2583 fuerat,
2877 2511 3188 2567 renovavit.

2084 2601 2274 2672 (Vers.
2322 2602 2429 2672 15.)
2465 2623 2493 2651 ‹‹
2516 2605 2578 2655 In
2610 2618 2780 2657 omne
2841 2600 2996 2657 enim
3046 2602 3218 2657 corde
3267 2618 3373 2658 suo
3418 2603 3655 2674 jurave-

2012 2695 2167 2745 runt.
2196 2692 2309 2747 »In
2343 2691 2532 2755 corde,
2588 2690 2644 2745 in
2695 2691 2942 2762 jejunio,
2992 2695 3049 2746 et
3089 2690 3148 2745 in
3209 2690 3543 2760 afﬂictione,
3594 2693 3653 2749 in

2009 2778 2328 2846 voluntate,
2362 2780 2420 2834 in
2444 2778 2829 2852 eleemosyna.

2081 2868 2265 2939 (Vers.
2301 2869 2413 2939 16.)
2449 2888 2471 2917 ι
2505 2869 2616 2924 Sed
2648 2873 2705 2923 et
2734 2868 3037 2924 Maacham
3068 2872 3315 2925 matrem
3345 2870 3460 2926 Asa
3477 2871 3649 2945 regis.

2011 2957 2234 3013 Idcirco
2266 2974 2381 3013 non
2414 2957 2563 3012 dixit
2591 2962 2842 3013 matrem
2875 2974 3066 3025 suam,
3101 2958 3240 3030 quia
3269 2974 3384 3014 non
3446 2960 3653 3016 ambu-

2008 3047 2111 3102 bat
2135 3047 2289 3103 viam
2322 3051 2564 3117 rectam,
2622 3046 2774 3102 sicut
2831 3046 2987 3102 ﬁlius
3035 3049 3180 3118 ejus.
3212 3069 3239 3097 ‹‹
3269 3048 3345 3102 Ex
3400 3054 3653 3121 angusto

2008 3135 2280 3207 deposuit
2308 3136 2591 3207 imperio;
2629 3157 2657 3185 ››
2688 3136 2796 3191 hoc
2826 3139 2935 3203 est,
2966 3135 3037 3190 de
3054 3135 3399 3191 sacerdotio.
3434 3159 3461 3187 ‹‹
3483 3142 3648 3193 Com-

2008 3224 2227 3280 minuit
2254 3224 2639 3280 simulacrum
2660 3223 2875 3296 Priapi,
2897 3229 2955 3279 et
2973 3225 3372 3281 combussitin
3396 3230 3650 3283 torrente

2005 3314 2226 3369 Cedron
2256 3333 2268 3370 :
2300 3335 2327 3362 ››
2360 3315 2540 3368 Aiunt
2569 3312 2991 3369 comminuisse
3021 3313 3203 3379 istud,
3235 3318 3293 3369 et
3348 3313 3500 3369 clam
3556 3332 3651 3371 vo-

2008 3402 2188 3458 luisse
2220 3402 2520 3473 projlcere,
2557 3402 2712 3473 quod
2744 3402 3028 3457 Dominus
3062 3407 3125 3456 ut
3168 3404 3536 3473 patefaceret,
3590 3404 3647 3459 in

2006 3493 2261 3545 torrente
2292 3490 2510 3545 Cedron
2554 3508 2622 3544 ex
2653 3507 2806 3561 aqua
2830 3490 2982 3561 ignis
3013 3490 3315 3560 processit.

2077 3597 2241 3668 (Cap.
2278 3596 2422 3650 XVI.
2456 3595 2706 3650 —Vers.
2742 3595 2854 3666 10.)
2886 3619 2913 3643 ‹‹
2946 3595 3133 3650 Jussit
3160 3613 3293 3650 eum
3325 3596 3380 3649 in
3407 3612 3645 3651 nervum

2008 3684 2161 3740 mitti
2194 3702 2261 3752 ;»
2297 3701 2362 3741 eo
2394 3684 2549 3756 quod
2592 3683 2821 3755 publice
2854 3699 2914 3738 se
2955 3683 3166 3755 arguit.

2080 3772 2264 3845 (Vers.
2309 3774 2413 3843 12.)
2447 3794 2474 3823 ‹‹
2507 3771 2700 3827 Doluit
2729 3773 2905 3844 pedes
2924 3774 3079 3839 Asa;
3116 3796 3137 3824 ι
3176 3772 3313 3845 quia
3340 3773 3651 3845 podagrico

2010 3862 2255 3918 humore
2309 3866 2613 3934 correptus
2665 3866 2772 3917 est.
2818 3861 3151 3918 Notandum
3212 3863 3366 3934 quod
3416 3862 3653 3935 regibus

2012 3968 2190 4007 causa
2222 3951 2553 4007 reverentiae
2612 3949 3026 4007 combusiones
3074 3949 3553 4008 vestimentorum
3600 3956 3657 4007 et

2014 4045 2346 4097 aromatum
2381 4040 2617 4096 ﬁebant.
2654 4040 2817 4095 Unde
2866 4026 3145 4109 dicitur,«
3179 4040 3250 4095 Et
3289 4040 3457 4111 juxta
3504 4057 3657 4097 com-

2018 4130 2321 4186 bustiones
2346 4131 2637 4201 majorum
2666 4129 2878 4186 facient
2898 4129 3023 4184 tibi.
3059 4151 3088 4178 »

2087 4237 2248 4309 (Cap.
2281 4236 2449 4292 XVII.
2487 4268 2553 4277 —
2584 4236 2728 4292 Vers
2752 4238 2843 4304 3.)
2876 4258 2903 4286 ‹‹
2939 4239 3006 4290 Et
3062 4233 3386 4291 ambulavit
3438 4234 3497 4291 in
3549 4235 3662 4293 viis

2016 4327 2196 4382 David
2230 4326 2472 4398 primis,
2508 4348 2534 4374 »
2568 4325 2625 4380 id
2656 4330 2763 4393 est,
2797 4329 3111 4396 antequam
3140 4328 3438 4396 peccasset
3458 4310 3655 4381 David.

2087 4415 2277 4488 (Vers.
2313 4416 2425 4485 16.)
2444 4438 2469 4463 ‹‹
2508 4414 2642 4470 Post
2672 4414 2850 4469 istum
2905 4429 3138 4486 quoque
3188 4413 3455 4469 Amasias
3502 4411 3660 4468 ﬁlius

2016 4505 2177 4560 Zaeri
2245 4509 2621 4559 consecratur
2667 4503 2949 4559 Domino:
2988 4525 3015 4552 ››
3074 4518 3140 4558 eo
3181 4503 3335 4574 quod
3386 4505 3542 4558 esset
3589 4502 3661 4557 de

2015 4593 2170 4649 tribu
2204 4593 2469 4649 lssachar
2497 4596 2554 4648 et
2582 4598 2737 4650 esset
2766 4593 2985 4648 doctor.

2058 4703 2245 4774 '(Cap.
2306 4699 2498 4755 XVIII.
2536 4732 2597 4740 —
2661 4699 2822 4755 Vers.
2890 4700 3004 4770 38.)
3054 4701 3289 4753 «Porro
3338 4714 3435 4753 rex
3482 4696 3672 4753 Israel

2016 4790 2209 4845 stabat
2238 4790 2296 4843 in
2330 4805 2507 4844 curru
2538 4804 2645 4843 suo
2678 4792 2879 4843 contra
2909 4790 3102 4861 Syros,
3158 4802 3347 4858 usque
3403 4786 3476 4841 ad
3533 4802 3662 4841 ves-

2018 4881 2319 4950 perum,et
2341 4881 2609 4932 mortuus
2631 4881 2719 4932 est
2742 4875 3039 4932 occidente
3062 4874 3201 4932 sole.
3233 4895 3260 4927 α
3281 4877 3527 4946 Accepto
3546 4874 3668 4929 vul-

2019 4983 2156 5023 nere
2188 4964 2439 5035 mortali,
2464 4964 2648 5037 jussit
2671 4982 2733 5020 se
2769 4965 2973 5031 teneri,
3006 4979 3077 5019 ne
3127 4962 3658 5036 deprehenderetur

2023 5057 2095 5111 ab
2125 5054 2419 5122 hostibus,
2453 5053 2605 5125 quod
2639 5051 2976 5108 vulneratus
3002 5057 3177 5119 esset,
3209 5057 3266 5107 et
3292 5050 3455 5108 illius
3484 5052 3657 5108 ruina

2020 5148 2077 5200 et
2114 5142 2388 5199 hostibus
2415 5141 2741 5209 victoriam,
2769 5146 2826 5197 et
2856 5139 3069 5213 populo
3129 5139 3450 5212 periculum
3518 5141 3669 5212 fuga:

2023 5224 2351 5299 incuteret,’
2391 5231 2697 5287 Occidente
2741 5230 2862 5286 sole
2906 5234 3172 5285 mortuus
3218 5232 3327 5296 est,
3376 5232 3441 5283 ut
3492 5228 3659 5285 docte

2027 5322 2367 5394 praesidium
2404 5322 2552 5392 fugae
2583 5336 2700 5375 suae
2732 5319 2986 5393 populus
3007 5318 3291 5382 haberet.

2096 5413 2259 5483 (Cap.
2302 5408 2476 5464 ΧΙΧ.-
2576 5409 2734 5463 Vers.
2787 5414 2863 5480 2.)
2903 5430 2925 5460 ιι
2959 5408 3110 5465 Jehu
3168 5409 3327 5464 ﬁlius
3383 5405 3612 5472 Anani;
3646 5426 3668 5454 ι

341 5616 359 5650 ¹
392 5613 760 5672 Ambrosian.
794 5614 991 5685 codex,
1022 5616 1207 5671 Fuerit
1235 5616 1440 5688 absque
1469 5617 1609 5688 ipsa.
1644 5614 1774 5671 Mox
1804 5631 2060 5688 quoque,
2088 5618 2152 5672 Et
2181 5615 2469 5685 dedicavit,
2503 5630 2605 5687 pro
2636 5614 2974 5687 aediﬁcavit.
