4084 6176
386 282 540 352 1459

1871 291 2293 360 APPENDIX.

3631 296 3781 362 1460

385 415 546 478 illius
577 421 847 480 videlicet
872 422 1186 497 propheta,
1221 425 1320 498 qui
1355 426 1425 482 ab
1454 427 1570 482 Asa
1621 443 1752 500 rege
1783 427 1936 484 Juda
1964 425 2023 482 in
2057 429 2112 496 Α
2141 429 2304 502 ginta
2333 429 2530 488 annis:
2565 435 2621 488 et
2669 431 2814 487 dicit
2857 429 3041 488 illium
3099 429 3228 503 ejus
3281 428 3597 488 Achaiam
3648 446 3781 486 cum

386 526 676 568 carcerem
713 514 931 569 missus
961 521 1067 570 est.

455 617 608 690 (Cap.
643 618 756 674 ΧΧ.
791 653 857 660 -
905 620 1064 676 Vers.
1120 623 1195 688 1.)
1257 621 1380 677 Filii
1424 623 1586 678 Moab
1645 627 1701 678 et
1752 623 1851 677 filii
1890 626 2025 679 Am-

385 721 541 768 mon,
604 711 661 762 et
711 725 843 763 cum
899 708 983 764 eis
1040 710 1110 763 de
1164 711 1538 765 Ammonilis.
1577 734 1603 759 »
1639 713 2023 780 Ammonitas,

385 793 673 852 Idumaeos
701 796 1103 871 vultintelligi,
1124 800 1261 870 quia
1286 801 1356 853 ob
1387 801 1764 855 reverentiam
1791 800 2025 856 fraterni

385 885 664 952 nominis,
701 886 976 942 nolebant
1007 890 1064 942 in
1091 889 1334 960 pristino
1371 888 1574 944 habitu
1608 907 1772 945 arma
1802 907 2027 946 movere

383 979 586 1030 contra
614 975 810 1042 Israel,
846 978 941 1032 sed
998 978 1496 1049 transfigurabant
1552 994 1614 1033 se
1660 980 1715 1032 in
1758 979 2024 1034 habitum

384 1063 872 1120 Ammonitarum.

456 1152 643 1222 (Vers.
671 1156 749 1220 2.)
786 1178 805 1202 ιι
834 1155 907 1208 De
941 1154 1031 1208 his
1062 1153 1203 1210 locis
1234 1173 1360 1226 quae
1391 1161 1552 1211 trans
1577 1173 1735 1211 mare
1783 1161 1921 1210 sunt
1953 1175 1966 1223 ;
1999 1180 2025 1204 ››

384 1256 545 1296 mare
577 1241 906 1297 Salinarum
929 1246 1036 1308 est,
1080 1243 1176 1299 ubi
1209 1244 1482 1299 Jordanis
1515 1244 1726 1298 iutluit.

450 1347 630 1418 (Vers.
654 1349 732 1419 5.)
759 1351 956 1404 «Ante
977 1349 1188 1405 atrium
1214 1367 1449 1406 novum.
1475 1351 1786 1405 »Antrium
1813 1369 2022 1406 novum

377 1439 560 1503 vocat,
593 1435 650 1490 id
691 1441 796 1502 est,
823 1437 1231 1510 atrium,quod
1255 1440 1544 1510 peccando
1567 1444 1732 1495 vetus
1752 1440 2022 1510 fecerant,

377 1528 436 1580 et
467 1524 800 1595 pmnitendo
833 1527 903 1580 ad
935 1527 1244 1598 pristinam
1293 1528 1600 1584 novitatem
1645 1529 2014 1584 reduxerant.

452 1615 638 1683 (Vers.
671 1616 746 1685 9.)
785 1615 1005 1670 Nomen
1065 1617 1219 1670 enim
1281 1622 1446 1672 tuum
1507 1616 1566 1671 in
1613 1619 1786 1673 domo
1842 1617 2024 1672 ista.»

379 1703 540 1768 Quod
574 1703 856 1774 scriptum
917 1705 1125 1759 eratin
1187 1706 1373 1760 fronte
1432 1705 1744 1778 pontiﬁcis,
1795 1706 1914 1761 sive
1965 1707 2022 1760 in

377 1791 723 1847 vestimento
757 1793 978 1864 Ephod,
1012 1794 1165 1864 quod
1195 1794 1253 1848 in
1314 1794 1697 1865 sequentibus
1730 1799 2018 1851 monstra-
2056 1800 2102 1864 Β

378 1881 496 1949 tur,
527 1880 681 1935 idem
708 1880 869 1937 locus
897 1881 1088 1937 Jeruel
1119 1887 1356 1938 vocatus
1385 1889 1476 1939 est
1504 1884 1578 1939 ab
1607 1900 1675 1940 ea
1704 1883 1818 1949 die,
1853 1884 1909 1939 id
1939 1889 2029 1940 est

381 1969 549 2023 timor
579 1970 700 2025 Dei.

449 2058 636 2129 (Vers.
670 2059 783 2130 '20.)
833 2061 1121 2132 «Egressi
1173 2065 1311 2116 sunt
1371 2077 1474 2134 per
1529 2061 1824 2118 desertum
1876 2063 2026 2118 The-

378 2161 508 2202 cue.
543 2169 570 2196 ››
604 2148 767 2203 Unde
788 2148 896 2203 fuit
927 2149 1231 2206 Thecuites
1257 2151 1492 2207 femina.

448 2253 634 2324 (Vers.
663 2255 777 2323 2i.)
824 2277 850 2304 ‹‹
886 2255 1257 2313 Confitemini
1306 2258 1573 2326 Domino,
1634 2259 1916 2329 quoniam
1969 2259 2026 2314 in

377 2346 662 2398 eternum
695 2343 1097 2402 misericordia
1127 2348 1276 2418 ejus.
1306 2372 1330 2394 ››
1355 2347 1574 2403 Idcirco
1622 2349 1784 2403 deest
1817 2350 2024 2417 bonus,

381 2430 519 2502 quia
550 2431 608 2486 in
636 2431 745 2488 hac
777 2450 836 2488 re
870 2449 984 2489 non
1015 2435 1526 2491 mansuetudinem
1551 2453 1741 2503 suam,
1771 2455 1887 2508 qua
1909 2454 2027 2491 om—

383 2537 486 2576 nes
515 2519 742 2587 tolerat,
776 2523 876 2577 sed
896 2523 1186 2593 judicium
1219 2525 1494 2580 exercuit.

453 2610 640 2681 (Vers.
678 2611 792 2680 275.)
825 2635 844 2660 ι
882 2615 1244 2668 Vocaverunt
1294 2613 1485 2670 locum
1531 2613 1697 2669 illum
1729 2613 1896 2670 vallis
1924 2619 2027 2670 Be-

381 2697 755 2754 nedictionis.
782 2721 810 2748 »
833 2699 1015 2756 Vallis
1053 2701 1502 2772 Benedictionis,
1539 2702 1663 2775 ipse
1695 2709 1784 2759 est
1809 2702 2024 2773 Jeruel,

382 2786 454 2843 de
483 2803 598 2858 quo
630 2804 810 2860 supra
839 2789 1060 2846 dictum
1094 2796 1206 2847 est.

449 2893 636 2965 (Vers.
685 2895 798 2967 3|.)
859 2897 1141 2954 «Nomen
1197 2899 1404 2954 matris
1452 2899 1579 2970 ejus
1639 2899 1858 2967 Azuba,
1907 2898 2029 2954 ﬁlia

380 2981 540 3038 Silai.
569 3005 597 3032 »
623 2984 762 3041 Silai
809 2985 1237 3058 interpretatur,
1272 2988 1490 3057 missus,
1532 2987 1656 3058 ipse
1703 2994 1793 3043 est
1843 2987 2028 3043 Anani

384 3071 716 3144 prophetes,
759 3074 914 3130 filius
941 3075 1151 3142 Jaddo,
1192 3077 1262 3131 de
1307 3094 1421 3147 quo
1481 3077 1752 3148 superius
1801 3077 2026 3132 dictum

2137 536 2380 592 regnare
2410 521 2699 592 ccepisset,
2736 521 2917 578 fuisse
2947 521 3332 593 quadraginta
3381 521 3647 575 duorum
3698 537 3784 574 an-

2137 626 2365 665 norum.
2400 611 2560 674 Quod
2595 611 2642 665 si
2687 611 2766 666 ita
2809 615 2916 680 est,
2967 611 3198 667 duobus
3255 613 3442 665 annis
3480 615 3786 680 antequam

2137 698 2261 769 ipse
2283 704 2456 755 natus
2486 705 2594 763 est,
2627 699 2756 770 ipse
2789 699 2951 753 illum
2986 698 3208 771 genuit.
3239 698 3399 764 Quod
3437 698 3551 752 nisi
3601 696 3782 752 solva-

2134 790 2233 841 tur
2262 804 2439 858 quam
2467 787 2543 842 sit
2573 787 2905 854 ridiculum,
2937 788 3113 843 etiam
3162 786 3412 858 simplex
3465 787 3657 842 lector
3695 787 3790 841 ad-

2134 877 2323 931 vertit.
2361 877 2487 948 lpse
2519 876 2675 931 enim
2703 877 2927 944 Joram,
2979 877 3076 948 qui
3112 877 3205 932 hic
3245 876 3647 948 quadraginta
3689 893 3784 930 an-

2137 962 2228 1018 nis
2273 963 2484 1020 vixisse
2538 965 2914 1034 describitur,
2959 971 3017 1020 et
3073 970 3200 1020 octo
3259 965 3430 1020 annis
3498 980 3792 1036 regnasse,

2135 1051 2273 1106 vixit
2335 1070 2521 1108 annos
2581 1055 2993 1126 quadraginta,
3042 1059 3100 1109 et
3160 1053 3419 1124 regnavit
3474 1053 3692 1124 viginti
3748 1061 3796 1107 et

2135 1145 2284 1196 octo.
2317 1143 2455 1197 Octo
2487 1142 2643 1197 enim
2680 1143 2840 1211 anni,
2873 1142 2969 1214 qui
3004 1142 3052 1196 ei
3087 1143 3144 1196 in
3197 1159 3374 1214 regno
3422 1141 3791 1205 tribuuntur,

2133 1229 2244 1301 ipsi
2278 1234 2417 1286 sunt
2447 1235 2761 1302 antequam
2805 1232 3010 1286 lratres
3061 1231 3366 1296 occiderel,
3400 1247 3538 1286 cum
3588 1231 3779 1285 adhuc

2134 1318 2472 1374 innocenter
2501 1320 2736 1375 viveret.
2772 1320 2988 1391 Viginti
3021 1336 3152 1374 vero
3193 1321 3351 1390 anni,
3415 1320 3643 1391 quibus
3703 1337 3787 1375 re-

2133 1408 2352 1479 gnavit,
2411 1408 2540 1464 ideo
2578 1427 2612 1464 a
2656 1425 2898 1463 numero
2949 1409 3077 1480 ejus
3117 1410 3482 1471 auferuntur,
3547 1411 3694 1478 quia
3740 1409 3792 1463 in

2135 1494 2416 1567 languore
2435 1501 2493 1551 et
2522 1497 2578 1550 in
2615 1496 2991 1551 tribulatione
3030 1495 3270 1551 deduxit
3299 1513 3436 1552 eos:
3493 1497 3628 1552 ideo
3672 1497 3795 1552 ﬁlio

2133 1584 2261 1656 ejus
2296 1585 2655 1652 tribuuntur,
2709 1585 2809 1656 qui
2861 1601 2975 1640 non
3028 1585 3284 1657 amplius
3347 1602 3529 1656 quam
3584 1586 3793 1659 viginti

2133 1673 2280 1728 duos
2332 1690 2516 1729 annos
2595 1674 2836 1738 habens,
2926 1690 3202 1746 regnasse
3278 1674 3645 1746 perhibetur,
3718 1693 3781 1730 ne

2133 1762 2206 1817 de
2237 1779 2617 1818 numerorum
2649 1779 2885 1818 summa
2913 1766 3300 1831 remanentes,
3337 1780 3598 1819 errorem
3624 1764 3794 1819 inda-

2137 1851 2256 1923 gini
2289 1855 2621 1922 temporum
2671 1851 2947 1906 facerent.
2979 1850 3261 1907 Achazias
3309 1853 3464 1907 enim
3519 1853 3671 1907 vixit
3719 1855 3792 1906 vi-

2135 1939 2282 2005 ginti
2316 1941 2507 1995 tribus
2535 1939 2724 2005 annis,
2759 1957 2874 1996 uno
2901 1944 3134 1995 tantum
3153 1957 3308 1996 anno
3342 1941 3627 2012 regnavit.
3671 1941 3791 1996 Col-

2138 2027 2274 2084 latio
2323 2029 2479 2084 enim
2520 2029 2785 2084 lectionis
2844 2027 2974 2084 libri
3027 2029 3248 2101 Regum
3300 2029 3434 2084 huic
3493 2031 3791 2085 solvenda

2136 2117 2444 2188 quaestioni
2470 2135 2745 2188 magnum
2772 2118 2989 2189 prebet
3015 2117 3327 2174 auxilium.

2207 2207 2365 2278 (Cap.
2419 2207 2584 2262 XXII.
2620 2239 2684 2248 —
2719 2205 2880 2262 Vers.
2937 2207 3015 2273 1.)
3065 2229 3084 2255 ι
3124 2206 3307 2277 Igitur
3355 2207 3588 2264 Azarias
3641 2207 3793 2262 filius

2135 2293 2332 2350 Joram
2386 2312 2484 2350 rex
2523 2296 2694 2350 Juda.
2731 2318 2758 2343 ››
2814 2295 2916 2350 Hic
2964 2295 3198 2350 Azarias
3265 2295 3436 2366 paulo
3513 2296 3791 2368 superius

2139 2383 2412 2439 Achazias
2453 2385 2791 2440 nominatus
2853 2389 2960 2440 est.
3011 2383 3294 2439 Achazias
3346 2384 3784 2456 interpretatur,

2134 2473 2546 2544 apprehendens
2605 2474 2931 2528 Domi-num:
2989 2473 3226 2528 Azarias
3273 2473 3612 2544 adjutorium
3689 2475 3789 2529 ου-

2137 2563 2296 2616 mini.
2331 2563 2398 2616 Et
2429 2562 2556 2617 ideo
2589 2565 2852 2616 mutatur
2881 2561 2932 2617 ei
2967 2578 3178 2616 nomen
3213 2561 3271 2616 in
3325 2561 3539 2618 melius
3580 2563 3638 2617 in
3691 2563 3793 2619 hoc

2136 2648 2283 2717 loco,
2306 2667 2371 2706 eo
2404 2651 2584 2722 quod,
2609 2651 2780 2721 juxta
2811 2655 3163 2722 praeceptum
3215 2650 3466 2717 Domini,
3519 2652 3594 2706 ad
3637 2652 3795 2706 infir-

2138 2755 2299 2794 mum
2330 2739 2689 2795 visitandum
2717 2739 3116 2794 descenderat.

2208 2827 2392 2899 (Vers.
2425 2829 2502 2898 8.)
2539 2850 2565 2878 ι(
2598 2829 2666 2882 Et
2695 2827 2846 2882 filios
2905 2830 3152 2882 fratrum
3201 2827 3481 2892 Achazias,
3524 2829 3623 2900 qui
3689 2832 3793 2885 mi.

2137 2915 2467 2973 nistrabant
2523 2918 2647 2971 ei.»
2697 2916 2872 2972 Filios
2916 2918 3161 2972 fratrum
3210 2916 3350 2972 dicit
3399 2919 3789 2974 consobrinos

2138 3009 2196 3061 et
2226 3005 2715 3078 consanguineos.

2212 3095 2372 3165 (Cap.
2425 3094 2612 3149 XXIII.
2658 3125 2726 3133 -—
2771 3093 2935 3149 Vers.
2981 3094 3061 3164 5.)
3109 3117 3136 3143 «
3171 3095 3239 3148 Et
3303 3094 3477 3148 tertia
3525 3110 3668 3165 pars
3738 3097 3794 3151 in

385 3165 493 3216 est.
528 3161 634 3226 Qui
689 3162 900 3217 idcirco
955 3163 1172 3220 missus
1223 3171 1460 3220 vocatus
1498 3169 1607 3233 est,
1633 3181 1700 3220 eo
1749 3165 1904 3236 quod
1958 3163 2021 3218 ad

2145 3161 2467 3257 porta-quae
2501 3181 2829 3254 appellatur
2856 3161 3264 3237 Fundamenti.
3293 3205 3320 3231 »
3353 3161 3541 3237 Porta.
3561 3183 3791 3239 Funda-

387 3251 612 3320 patrem
643 3249 926 3320 Josaphat
953 3266 1231 3321 generum
1255 3268 1452 3318 suum,
1474 3253 1542 3308 ad
1560 3253 2029 3324 prophetandum

393 3335 614 3392 missus
643 3343 750 3392 est.

471 3423 636 3496 (Vers
657 3427 770 3497 37.)
793 3450 821 3477 ι(
852 3428 1223 3500 Prophetavit
1253 3427 1471 3484 Eliezer
1501 3430 1658 3486 filius
1713 3431 1975 3487 Dodahu.
2005 3456 2032 3482 ››

396 3514 636 3570 Dodahu
663 3516 1011 3589 intelligitur
1039 3518 1196 3573 lilius
1257 3519 1527 3574 avunculi
1569 3523 1698 3590 ejus
1754 3521 2036 3593 Josaphat

395 3601 597 3660 fuisse.
1987 3624 1994 3628 '

463 3697 623 3766 (Cap.
656 3694 795 3750 XXI.
823 3727 887 3735 ——
932 3695 1093 3751 Vers.
1143 3697 1221 3767 2.)
1288 3715 1308 3743 ι
1336 3695 1552 3752 Omnes
1600 3697 1658 3752 hi
1719 3699 1822 3752 lilii
1866 3698 2032 3755 Josa-

390 3782 533 3855 phat
559 3784 711 3857 regis
738 3785 930 3852 Juda;
965 3808 988 3834 ›·
1028 3784 1166 3856 quia
1216 3787 1597 3840 imitabantur
1651 3803 1826 3858 opera
1879 3789 2031 3861 regis

385 3872 668 3943 Josaphal
703 3890 715 3927 :
752 3874 878 3929 ideo
910 3873 1244 3945 duplicatur
1275 3891 1410 3929 cuin
1462 3874 1716 3930 dicitur:
1761 3897 1782 3924 α
1816 3876 2031 3934 Omnes

386 3959 482 4015 isti
519 3960 621 4014 lilii
650 3961 952 4034 Josaphat.
983 3984 1010 4011 ››

457 4048 620 4120 (Vers
670 4051 748 4120 6.)
801 4072 827 4103 α
877 4050 1204 4105 Ambulavit
1257 4051 1457 4105 Joram
1511 4051 1566 4105 in
1627 4052 1735 4108 viis
1803 4070 2024 4127 regum,

386 4136 583 4203 Israel,
617 4137 770 4194 sicut
800 4145 996 4211 egerat
1016 4140 1228 4194 domus
1255 4139 1436 4194 Ahab.
1463 4139 1606 4194 Filia
1625 4141 1842 4213 quippe
1862 4144 2026 4199 Ahab

383 4234 507 4282 erat
556 4246 699 4284 uxor
745 4231 946 4300 ejus.»
999 4227 1223 4283 Athalia
1282 4234 1406 4283 erat
1466 4247 1606 4284 uxor
1670 4234 1820 4300 ejus,
1897 4250 2024 4303 quas

382 4332 499 4372 non
530 4317 714 4385 Ahab,
749 4319 847 4373 sed
879 4318 1036 4372 Amri
1065 4317 1185 4372 tilia
1205 4325 1348 4385 erat,
1382 4319 1483 4372 sed
1515 4317 1836 4374 imitatione
1868 4320 2025 4377 illius

382 4405 503 4460 filia
533 4413 730 4461 vocata
751 4412 858 4461 est.
879 4407 1040 4462 Unde
1057 4413 1114 4461 et
1138 4407 1193 4460 in
1221 4406 1439 4476 Regum
1465 4405 1680 4460 dicitur
1698 4408 1768 4461 de
1783 4408 1980 4464 Joram
2007 4427 2018 4466 :

2142 3271 2344 3338 menti,
2379 3277 2544 3342 porta
2572 3269 2907 3326 sanctuarii.
2941 3292 2967 3319 ‹‹
3006 3271 3074 3324 Et
3101 3286 3273 3325 omne
3313 3269 3651 3342 relinquum
3676 3271 3796 3326 vul-

2143 3377 2252 3434 gus
2281 3361 2543 3415 observet
2572 3358 2866 3413 custodias
2898 3357 3147 3422 Domini,
3180 3380 3207 3406 ››
3240 3358 3299 3412 id
3358 3363 3468 3424 est,
3519 3360 3796 3430 quamvis

2144 3449 2456 3505 necessarii
2487 3448 2598 3503 sint
2633 3447 2704 3502 ad
2736 3447 3099 3518 implendum
3130 3463 3298 3518 opus,
3330 3447 3384 3501 id
3414 3451 3524 3510 est,
3549 3450 3621 3502 ad
3654 3465 3794 3504 con-

2145 3539 2501 3593 ﬁrmandum
2560 3553 2796 3608 regem:
2853 3536 3162 3591 observent
3219 3541 3414 3590 tamen
3493 3537 3798 3592 custodias

2145 3627 2397 3696 Domini,
2456 3645 2528 3683 ne
2583 3626 2717 3697 quis
2773 3631 3101 3680 exterorum
3160 3624 3521 3696 ingrediatur
3599 3625 3795 3680 locum

2144 3733 2318 3789 quem
2351 3717 2571 3788 ingredi
2607 3731 2721 3770 non
2754 3714 2985 3780 debent,
3020 3713 3133 3769 nisi
3183 3713 3514 3768 sacerdotes
3574 3718 3632 3768 et
3694 3714 3796 3769 Le-

2142 3806 2290 3861 vitae.

2213 3894 2396 3965 (Vers.
2440 3895 2542 3964 11.)
2584 3917 2611 3944 ‹‹
2665 3894 3076 3964 lmposuerunt
3124 3907 3300 3962 super
3337 3907 3473 3945 eum
3521 3892 3798 3946 diadema

2141 3988 2198 4038 et
2253 3984 2734 4048 testimonium,»
2795 3980 3226 4036 Testimonium
3287 3987 3455 4034 erant
3493 3980 3795 4052 phylacte;

2140 4072 2246 4139 ria,
2276 4089 2341 4128 eo
2373 4073 2527 4144 quod
2588 4073 2645 4126 in
2699 4071 2814 4126 illis
2871 4072 3069 4125 decem
3129 4069 3303 4124 verba
3353 4067 3506 4139 legis
3554 4079 3794 4124 essent:

2145 4185 2163 4210 α
2201 4161 2488 4232 υηχιῑῳςιθ
2542 4179 2674 4217 eum
2732 4161 2936 4216 Joiada
2994 4159 3250 4230 pontifex
3305 4163 3361 4211 et
3416 4157 3518 4210 ﬁlii
3583 4159 3795 4227 ejus.»

2135 4250 2471 4305 Zachariam
2502 4249 2661 4314 dicit,
2694 4249 2792 4319 qui
2829 4247 3110 4320 propheta
3137 4252 3280 4317 erat,
3345 4262 3520 4317 quem
3583 4252 3796 4317 postea

2135 4339 2291 4394 idem
2320 4339 2458 4394 Joas
2488 4339 2797 4405 interfecit,
2831 4343 2894 4392 ut
2927 4338 2996 4391 ad
3046 4353 3326 4408 magnum
3388 4335 3797 4390 damnationis

2133 4429 2262 4499 ejus
2293 4427 2605 4499 pertineret
2635 4432 3016 4498 augmentum
3051 4428 3088 4490 ί,
3123 4441 3256 4479 eum
3288 4424 3642 4490 interﬁcere,
3689 4424 3792 4495 qui

380 4495 512 4550 Erat
540 4497 737 4566 quippe
767 4511 942 4567 gener
997 4495 1187 4550 domus
1245 4495 1394 4549 Alia!)
1440 4495 1530 4565 (ιν
1555 4495 1678 4566 Reg.
1735 4514 1855 4564 vm,
1908 4501 2018 4566 27).
2056 4532 2103 4595 Β
2135 4495 2197 4574 8'6
2226 4495 2508 4588 ill—regem
2539 4495 2799 4570 υηχετᾼι,

450 4601 633 4673 (Vers.
699 4602 810 4671 11.)
861 4603 1102 4672 Insuper
1173 4601 1398 4656 excelsa
1474 4602 1792 4657 fabricatus
1861 4611 2019 4660 est.»

375 4691 644 4763 Plerique
677 4696 884 4763 putant
906 4691 963 4745 in
996 4691 1168 4745 domo
1202 4690 1427 4745 Domini
1459 4689 1625 4745 illum
1657 4692 1884 4748 excelsa
1933 4694 2016 4750 fa-

375 4781 662 4836 bricatum
715 4781 916 4846 fuisse,
969 4797 1095 4850 qua:
1147 4779 1260 4834 sita
1304 4785 1392 4834 est
1451 4780 1507 4834 in
1568 4787 1762 4836 monte
1812 4783 2014 4853 Moria,

375 4872 529 4942 quod
562 4870 936 4926 manifestius
965 4870 1023 4923 in
1077 4868 1258 4938 gestis
1309 4869 1577 4925 Manasse
1619 4871 1772 4940 regis
1820 4877 2014 4928 osten-

373 4957 552 5015 ditur.

442 5048 625 5116 (Vers.
659 5051 770 5120 17.)
801 5072 827 5098 ‹‹
845 5049 957 5104 Nec
981 5045 1258 5102 remansit
1277 5045 1359 5100 eis
1384 5045 1539 5101 filius
1558 5047 1668 5102 nisi
1691 5047 1960 5106 Joachaz.
1985 5073 2010 5099 »

365 5135 634 5200 Joachaz,
670 5138 794 5208 ipse
815 5142 903 5192 est
936 5136 1236 5202 Achazias,
1252 5147 1415 5207 pater
1434 5136 1590 5203 Joas,
1613 5137 1769 5194 illius
1789 5137 2011 5205 Joram,

366 5226 536 5294 cujus
567 5242 731 5281 soror
767 5228 875 5281 fuit
905 5226 1202 5282 Jusabeth.
1237 5225 1514 5280 Josabeth
1548 5242 1678 5281 vero
1740 5245 1850 5282 non
1905 5230 2013 5284 fuit

366 5312 486 5367 lilia
521 5313 782 5378 Athalize,
819 5317 917 5370 sed
951 5316 1020 5370 de
1052 5313 1168 5369 alia
1218 5331 1392 5369 uxore
1453 5315 1710 5387 suscepit
1748 5334 1874 5372 eam
1908 5319 2006 5374 Jo-

363 5418 509 5456 ram.
555 5403 806 5464 Quaestio
838 5403 1000 5457 valde
1035 5404 1304 5473 perplexa
1335 5403 1616 5456 oboritur.
1653 5404 1798 5458 Dicit
1854 5407 2008 5462 enim

359 5506 638 5562 regnasse
671 5490 869 5545 Joram
902 5499 1027 5546 octo
1059 5491 1250 5555 annis,
1285 5496 1340 5545 et
1376 5491 1586 5546 vixisse
1613 5507 1745 5546 eum
1763 5497 2009 5565 quadra-

2203 4607 2389 4678 (Vers.
2427 4607 2512 4675 13)
2538 4626 2565 4653 ‹‹
2599 4605 2757 4659 Vidit
2789 4620 2979 4674 regem
3013 4607 3265 4658 stantem
3302 4618 3483 4672 super
3530 4603 3789 4672 gradum

2127 4711 2304 4750 suum
2331 4711 2343 4748 :
2380 4716 2406 4741 n
2427 4710 2605 4763 super
2625 4691 2964 4748 columnam
2986 4691 3276 4756 videlicet,
3303 4706 3481 4762 quam
3505 4688 3790 4744 Salomon

2127 4787 2551 4856 praeparaverat
2583 4781 2820 4853 regibus
2851 4785 2906 4836 in
2944 4779 3207 4836 basilica.

2196 4872 2385 4943 (Vers.
2430 4872 2541 4941 16.)
2574 4894 2602 4920 ι(
2638 4869 2863 4942 Pepigit
2891 4869 3098 4925 Joiada
3128 4869 3316 4924 fazdus
3346 4866 3499 4922 inter
3530 4884 3594 4922 se
3655 4866 3790 4921 uni-

2123 4976 2475 5030 versumque
2509 4959 2790 5030 populum
2821 4964 2878 5013 et
2907 4975 3120 5030 regem.
3148 4981 3171 5006 ›.
3209 4960 3279 5012 Se
3336 4957 3396 5011 in
3454 4955 3582 5010 loco
3642 4956 3790 5028 legis

2123 5056 2180 5106 et
2209 5051 2330 5116 Dei,
2364 5048 2579 5120 quippe
2608 5047 2707 5119 qui
2749 5047 3018 5102 minister
3075 5048 3175 5103 Dei
3229 5050 3379 5110 erat,
3443 5044 3783 5100 collocans:

2122 5145 2176 5194 et
2199 5141 2368 5209 cujus
2400 5154 2610 5192 nomen
2639 5137 3071 5208 interpretatur,
3097 5138 3394 5193 Dominum
3415 5149 3782 5206 cognoscens.

2121 5229 2190 5283 Et
2220 5225 2503 5299 populum
2535 5231 2593 5280 et
2623 5243 2815 5297 regem
2845 5244 2856 5282 :
2891 5232 2955 5280 ut
2985 5232 3042 5280 et
3073 5224 3324 5297 populus
3355 5227 3407 5278 et
3444 5239 3542 5277 rex
3572 5221 3774 5277 obedi-

2123 5321 2251 5372 rent
2283 5321 2394 5370 Deo
2424 5319 2480 5370 et
2510 5313 2620 5385 legi
2662 5315 2811 5384 ejus,
2844 5319 2900 5370 et
2932 5313 3183 5386 populus
3203 5329 3341 5385 erga
3364 5327 3561 5383 regem
3593 5308 3777 5365 fideli-

2125 5412 2210 5461 ter
2239 5408 2456 5475 ageret,
2490 5407 2546 5458 et
2576 5419 2673 5458 rex
2705 5403 2986 5474 pepulum
3047 5420 3179 5457 cum
3233 5400 3468 5471 justitia
3528 5403 3772 5468 regeret.

2191 5492 2375 5564 (Vers.
2399 5493 2528 5560 '18.)
2565 5511 2584 5539 ι
2622 5491 2742 5546 Sub
2777 5492 3053 5547 manibus
3084 5491 3455 5547 sacerdotum
3497 5493 3554 5542 et
3611 5486 3769 5542 Levi-

436 5639 451 5671 ί
489 5633 650 5690 Meus
684 5650 816 5688 eum
848 5630 1216 5688 Ambrosian.
1252 5649 1361 5688 ms.
1395 5631 1790 5690 detrimentum
1821 5653 1920 5708 pro
1953 5639 2241 5711 augmento
2273 5633 2521 5708 praefert.
