4084 6176
258 311 408 387 1461

1192 274 1495 394 oolns'r.
1542 304 1911 377 aneane.
1956 302 2036 369 IN
2081 298 2227 370 LIB.
2273 298 2329 370 ιι
2373 294 2736 369 pAaALIp.

3504 285 3659 357 1462

255 463 511 516 tarum.»
541 452 624 513 Ne
660 454 731 511 de
760 453 874 511 alia
923 452 1115 510 tribus
1155 452 1485 509 sacerdotes
1532 448 1754 514 ﬁerent,
1790 442 1902 499 nisi
1934 444 1988 510 Α
2089 445 2277 513 (Vers.
2309 442 2423 514 26.)
2470 465 2497 493 «
2530 438 2795 497 Insidiati
2849 439 2988 495 sunt
3023 433 3073 494 ei
3105 434 3281 493 Zebat
3310 430 3468 490 ﬁlius
3497 428 3660 488 Sem-

255 549 327 606 de
367 548 519 604 Levi.

330 637 510 711 (Vers.
546 636 658 707 19.)
690 657 717 684 ‹‹
753 631 1066 689 Constituit
1088 628 1617 702 quoquejanitores
1640 626 1697 680 in
1722 628 1905 697 portis

256 729 469 784 domus
504 722 750 790 Domini,
794 727 856 777 ut
888 738 997 776 non
1032 719 1432 789 ingrederetur
1471 714 1816 771 immundus
1846 713 1903 767 in

255 816 415 874 omni
451 831 512 870 re
536 832 549 882 ;
577 836 604 863 »
638 813 695 867 id
726 817 834 879 est,
870 814 934 866 ut
966 808 1301 865 nullatenus
1337 806 1456 862 ulla
1485 803 1787 861 occasione
1816 801 1905 855 in-

254 905 598 979 grederetur
626 902 686 956 in
718 902 959 957 domum
990 897 1223 954 Domini
1249 895 1463 968 aliquis
1490 895 1561 950 de
1592 888 1905 949 sacerdoti-

254 995 368 1051 bus
398 991 557 1048 Baal.
1769 998 1775 1003 -

328 1081 517 1151 (Vers.
565 1080 682 1147 2t.)
721 1100 749 1127 ‹‹
783 1078 850 1131 Et
901 1077 1043 1132 urbs
1082 1075 1336 1147 quievit;
1373 1095 1400 1121 ››
1432 1072 1551 1128 sive
1584 1069 1721 1142 quia
1749 1071 1906 1125 eate-

260 1187 374 1226 nus
403 1168 689 1224 idolorum
750 1166 1004 1221 cultibus
1048 1170 1309 1237 tempore
1354 1160 1596 1217 Athalim
1646 1158 1910 1230 inquieta

260 1263 403 1326 erat,
437 1258 558 1314 sive
588 1256 727 1329 quia
756 1259 887 1327 post
916 1253 1236 1309 tumultum
1270 1268 1383 1323 quo
1412 1267 1508 1305 rex
1548 1252 1762 1304 unctus
1799 1251 1908 1312 est,

260 1348 490 1405 Athalia
518 1345 842 1407 interfecta,
876 1342 1125 1415 singulis
1156 1342 1227 1396 ad
1259 1342 1464 1396 domos
1496 1355 1633 1395 suas
1665 1352 1907 1409 pergen-

259 1438 442 1504 tibus,
473 1435 667 1492 omnis
695 1432 1076 1489 tumultuatio
1102 1429 1455 1501 conquievit.

332 1527 491 1598 (Cap.
545 1522 734 1579 XXIV.
787 1553 855 1562 —
896 1526 1058 1576 Vers.
1123 1521 1198 1592 1.)
1253 1520 1381 1575 «Et
1437 1534 1649 1573 nomen
1705 1512 1911 1570 matris

258 1617 389 1687 ejus
439 1612 630 1678 Sebia,
675 1612 746 1667 de
794 1611 1097 1667 Bersabee.
1134 1632 1161 1659 ››
1194 1609 1411 1664 Idcirco
1461 1622 1674 1660 nomen
1728 1602 1912 1675 patris

258 1704 418 1760 illius
449 1720 564 1758 non
596 1700 893 1765 scribitur,
944 1700 1084 1772 quia
1131 1714 1245 1753 non
1279 1696 1389 1751 fuit
1420 1700 1534 1750 tam
1570 1694 1816 1755 celebre,
1850 1695 1916 1745 ut

2014 549 2148 587 maa
2172 530 2517 587 Amanitidis
2549 535 2605 584 et
2649 526 2929 585 Jozabatb
2980 524 3138 581 ﬁlius
3175 521 3469 581 Samarith
3502 520 3660 576 Moa-

2014 620 2235 678 bitidis.
2272 642 2299 669 »
2330 620 2548 674 Idcirco
2580 618 2736 673 enim
2768 634 2866 673 eos
2898 615 3039 671 dicit
3082 615 3232 669 filios
3261 609 3660 668 Amanitidum

2015 714 2072 766 et
2101 707 2506 776 Moabitidum,
2538 708 2610 763 ad
2652 705 3121 779 exaggerandum
3156 700 3437 757 malitiam
3478 700 3663 754 Israc-

2016 798 2276 861 litarum,
2335 797 2435 869 qui
2495 796 2697 851 ulcisci
2757 794 3072 850 noluerunt
3122 790 3483 847 sacerdotem
3546 786 3664 855 Dci,

2017 887 2170 959 quod
2204 885 2286 941 illi
2337 887 2596 943 fecerunt
2649 884 2749 956 qui
2780 883 2882 939 ﬁlii
2916 880 3378 954 alienigenarum
3408 879 3664 933 fuerunt.

2090 996 2277 1067 (Vers.
2309 994 2425 1065 27.)
2484 1016 2511 1043 ‹‹
2548 994 2721 1048 Porro
2766 990 2869 1046 ﬁlii
2920 991 3047 1061 ejus
3080 989 3094 1023 ¹
3137 992 3194 1044 et
3231 1002 3467 1043 summa
3496 999 3667 1056 pecu-

2018 1084 2128 1139 niae
2160 1083 2234 1155 (a)
2261 1101 2273 1152 ;
2302 1105 2327 1130 η
2357 1081 2509 1139 ﬁlios
2528 1083 2679 1154 ejus,
2702 1081 2856 1153 quod
2882 1078 3009 1153 Syri
3033 1077 3451 1134 interfecerunt
3471 1088 3668 1129 coram

2018 1190 2106 1244 eo,
2142 1173 2416 1229 facientes
2443 1172 2503 1226 in
2532 1187 2667 1227 eum
2696 1168 3089 1243 ignominiosa
3110 1165 3356 1238 judicia,
3392 1163 3511 1219 sive
3531 1159 3670 1233 quia

2018 1267 2218 1335 turpes
2258 1262 2315 1316 in
2349 1277 2484 1317 eum
2516 1277 2607 1317 res
2636 1261 2899 1332 egerunt,
2937 1257 3056 1312 sive
3088 1254 3226 1327 quia
3256 1253 3667 1308 interficientes

2021 1350 2174 1408 ﬁlios
2211 1351 2341 1422 ejus
2386 1348 2861 1421 improperabant
2907 1345 2958 1401 ei
3008 1343 3220 1411 scelus,
3274 1342 3428 1415 quod
3469 1340 3580 1395 iste
3609 1338 3669 1393 in

2020 1441 2360 1496 Zachariam
2393 1442 2843 1512 perpetraverat,
2874 1435 2935 1491 in
2974 1434 3250 1491 Hebraeo:
3286 1455 3314 1482 «
3345 1431 3415 1487 Et
3457 1428 3672 1484 funda—

2021 1533 2286 1585 mentum
2339 1530 2549 1584 domus
2599 1526 2721 1594 Dei,
2756 1548 2783 1574 ››
2832 1541 2899 1580 eo
2929 1523 3083 1596 quod
3116 1520 3359 1593 sanguis
3387 1516 3674 1574 Zachariae

2023 1634 2209 1690 usque
2233 1618 2303 1673 ad
2329 1618 2775 1673 fundamentum
2802 1612 3007 1685 templi
3029 1615 3084 1667 et
3107 1610 3307 1667 altaris
3328 1604 3674 1680 pervenerit.

2094 1723 2455 1795 (Cap..XXV.
2489 1754 2549 1762 —
2578 1726 2743 1777 Vera.
2767 1721 2802 1774 2
2831 1721 2846 1791 )
2871 1742 2898 1770 «
2925 1717 3199 1788 Fecitque
3222 1716 3443 1771 bonum
3464 1712 3525 1767 in
3547 1727 3680 1766 con-

259 1794 436 1893 801:1!“
457 1793 777 1893 ,Ρ9ίιῖξδῗθίο
811 1790 1068 1893 Οξωηξω
1274 1783 1910 1893 ῩΙΟῙῩῘΡΫῘΫᾙἪἾἿἚΡΡ
2024 1815 2224 1883 spectu
2249 1811 2495 1879 Domini,
2519 1783 2919 1866 verumtamen
2935 1823 3052 1862 non
3076 1783 3134 1860 in
3154 1804 3326 1859 corde
3351 1801 3626 1874 perfecto,
3649 1819 3677 1849 η

260 1887 364 1939 aut
390 1879 744 1947 celebritate,
779 1882 881 1933 aut
912 1874 1187 1949 potentia,
1236 1877 1336 1929 aut
1365 1871 1749 1945 generositate
1780 1868 1908 1924 illo-

260 1986 394 2027 rum
426 1971 512 2025 fit.

293 1989 394 2028 um
426 1989 512 2025 nt.

334 2062 522 2133 (Vers.
580 2057 660 2128 5.)
720 2079 747 2106 ‹‹
782 2053 1138 2125 Egredimini
1196 2053 1267 2107 ad
1326 2051 1587 2107 civitates
1641 2048 1812 2114 Juda,
1855 2050 1911 2101 et

262 2148 518 2219 colligite
534 2147 619 2206 .de
652 2145 919 2200 universo
954 2141 1126 2197 Israel
1160 2140 1463 2213 pecuniam
1495 2140 1567 2195 ad
1600 2140 1913 2194 sartatecta

261 2235 472 2309 templi
519 2234 620 2290 Dei
669 2233 845 2289 vestri
898 2249 1000 2303 per
1048 2230 1312 2303 singulos
1356 2246 1560 2284 annos.
1600 2252 1619 2277 η
1678 2228 1803 2281 Haec
1824 2228 1914 2280 est

262 2324 513 2399 pecunia
542 2338 719 2395 quam
769 2321 826 2375 in
876 2320 1001 2391 lege
1049 2319 1170 2375 dari
1214 2321 1561 2391 praeceptum
1596 2319 1703 2381 est,
1736 2328 1911 2385 quam

263 2416 326 2471 in
358 2411 827 2469 dinumeratione
874 2408 1061 2481 ipsius
1110 2424 1213 2480 per
1261 2404 1525 2478 singulos
1566 2419 1753 2459 annos
1779 2402 1916 2457 dare

264 2503 707 2565 consueverant,
742 2498 800 2552 id
833 2502 942 2564 est,
978 2495 1194 2569 singuli
1229 2494 1504 2550 dimidios
1534 2492 1729 2558 siclos,
1760 2490 1914 2563 quod

265 2611 302 2649 a
332 2592 560 2657 diebus,
611 2605 678 2644 ex
732 2603 847 2660 quo
898 2585 1126 2640 Athalia
1172 2601 1416 2657 regnare
1466 2581 1756 2654 cmpisset,
1800 2596 1916 2635 non

264 2681 567 2737 dederant.

346 2771 534 2841 (Vers.
571 2766 649 2837 7.)
686 2786 713 2815 ‹‹
745 2763 975 2819 Athalia
1005 2761 1160 2819 enim
1194 2760 1545 2833 impiissima
1574 2762 1633 2815 et
1661 2757 1762 2812 lilii
1795 2757 1921 2828 ejus

272 2858 694 2915 destruxerunt
718 2855 961 2909 domum
992 2851 1243 2907 Domini.
1282 2872 1301 2901 ι
1344 2848 1515 2905 Filios
1548 2849 1695 2919 ejus,
1732 2862 1925 2902 sacer-

271 2948 440 3004 dotes
490 2944 780 3000 idolorum
829 2942 987 3009 dicit,
1039 2940 1384 3013 plerumque
1445 2938 1603 2993 enim
1656 2938 1712 2991 in
1763 2952 1925 2990 sacro

271 3035 505 3108 eloquio
539 3033 640 3088 lilii
670 3048 785 3087 non
820 3030 1129 3097 nascendo,
1173 3029 1273 3085 sed
1306 3027 1590 3083 imitando
1622 3029 1923 3081 vocantur.

273 3127 693 3182 Destruxerant
739 3125 936 3177 autem
985 3120 1235 3173 domum
1285 3117 1407 3186 Dei,
1459 3116 1580 3171 sive
1623 3114 1926 3186 spoliando

270 3215 449 3271 istam
481 3210 863 3275 ornamentis,
892 3209 1032 3269 sive.
1056 3212 1122 3263 ut
1142 3208 1355 3274 ferunt,
1380 3209 1709 3261 terraemotu
1737 3203 1883 3259 facto
1909 3220 1922 3271 ;
1957 3179 1999 3245 (ἶ

271 3304 430 3360 sicut
481 3306 745 3373 tempore
803 3298 992 3353 Ozias:
1028 3301 1091 3351 ut
1146 3296 1300 3352 sicut
1354 3294 1453 3350 illo
1504 3295 1758 3349 intrante
1789 3309 1923 3347 cum

270 3390 599 3457 thuribulo,
626 3389 705 3443 ita
720 3388 893 3443 etiam
920 3384 1149 3440 Athalia
1169 3383 1325 3439 idola
1346 3383 1405 3438 in
1434 3384 1673 3438 domum
1696 3379 1926 3436 Domini

269 3480 506 3537 mittere
538 3477 782 3541 nitente,
816 3478 1185 3530 terrmmotus
1219 3474 1408 3528 factus
1440 3472 1535 3527 sit.

349 3570 539 3640 (Vers.
572 3567 684 3638 l6.)
738 3587 766 3615 «
799 3566 874 3619 Eo
923 3564 1079 3634 quod
1122 3562 1356 3618 fecisset
1386 3561 1607 3615 bonum
1638 3559 1695 3613 in
1728 3556 1928 3625 Israel,

276 3662 337 3714 et
387 3673 522 3712 cum
572 3655 689 3711 Deo
737 3659 795 3709 et
834 3669 967 3707 cum
1001 3652 1173 3707 domo
1204 3652 1352 3721 ejus.
1388 3672 1416 3698 ››
1448 3648 1591 3703 Cum
1626 3648 1762 3716 Deo,
1795 3645 1933 3717 quia

280 3744 461 3809 idola,
494 3760 621 3815 qua:
651 3743 721 3798 ad
756 3740 1225 3813 aspernationem
1262 3738 1355 3793 Dei
1390 3738 1540 3793 facta
1571 3743 1754 3801 erant,
1789 3734 1932 3789 sub-

275 3834 493 3899 vertit;
538 3848 669 3889 cum
719 3831 891 3886 domo
940 3830 1092 3901 ejus,
1141 3828 1281 3900 quia
1335 3828 1537 3882 ruinas
1566 3829 1624 3881 et
1647 3824 1936 3881 scissuras

280 3921 634 3979 instauravit
682 3920 739 3973 in
791 3918 991 3983 Israel,
1042 3917 1181 3989 quia
1228 3932 1471 3989 regnum
1514 3914 1723 3969 domus
1756 3910 1934 3967 David

277 4010 655 4076 instauravit,
682 4025 959 4064 amovens
988 4008 1119 4063 inde
1151 4005 1563 4068 idololatriam,
1589 4020 1714 4075 qua:
1738 4016 1935 4074 pecca-

278 4100 362 4158 tis
398 4100 633 4155 illorum
666 4098 966 4153 dominata
1005 4096 1214 4151 fuerat.

354 4192 543 4262 (Vers.
598 4187 714 4258 l7.)
779 4210 806 4238 «
841 4189 1158 4256 Postquam
1218 4183 1364 4239 obiit
1415 4182 1641 4249 Joiada,
1690 4179 1938 4253 ingressi

282 4283 429 4337 sunt
458 4276 760 4350 principes
788 4275 964 4341 Juda,
991 4279 1047 4329 et
1078 4275 1465 4329 adoraverunt
1493 4286 1707 4341 regem.
1747 4292 1774 4319 ››
1804 4270 1942 4323 Ado-

284 4369 564 4423 raverunt
615 4380 751 4420 eum
798 4368 862 4418 ut
892 4363 1068 4418 deum
1095 4379 1107 4417 :
1143 4366 1201 4417 et
1225 4359 1519 4432 acquievit
1544 4374 1745 4413 eorum
1776 4356 1941 4411 obse-

285 4454 445 4528 quiis
498 4453 801 4519 delinitus,
853 4456 918 4507 ut
959 4468 1022 4506 se
1078 4455 1145 4506 ut
1184 4451 1357 4505 deum
1416 4447 1527 4503 coli
1586 4446 1947 4520 permitteret

786 4496 970 4596 :Haac
1025 4539 1169 4595 dicit
1225 4543 1374 4593 Deus
1432 4538 1539 4608 [.41.
1583 4495 1887 4608 Eminus]
1923 4552 1935 4590 ε
1970 4540 2014 4606 D
2055 4533 2170 4572 non
2228 4509 2563 4585 acquievisti
2625 4505 2869 4563 consilio
2924 4519 3137 4558 meo.»
3195 4495 3449 4554 Consilio
3506 4498 3703 4550 autem

2085 4606 2092 4608 ⁴
2380 4601 2390 4608 ⁸
2600 4603 2608 4608 ·
2704 4596 2716 4608 ⁹
2930 4592 2943 4605 ⁸
3101 4587 3456 4608 -ς-α-ι.--..Α..-ι
3511 4578 3666 4608 ..-ηιξ

383 4542 549 4599 Vera.
608 4541 695 4596 20.

362 4542 549 4615 (Vera,
608 4542 721 4613 20.)
786 4560 808 4590 ι
840 4542 970 4596 Haec
1025 4542 1169 4595 dicit
1225 4543 1374 4593 Deus
1432 4542 1539 4608 [Αι.
1584 4542 1887 4608 Dominus]
1923 4552 1929 4590 ε

288 4635 481 4700 Quare
507 4629 987 4703 transgredimini
1021 4632 1371 4701 prmceptum
1406 4625 1686 4682 Domini?
1716 4648 1742 4673 ››
1776 4630 1855 4679 Ac
1882 4624 1929 4679 si

291 4726 492 4795 aperte
524 4720 719 4775 dicat:
776 4735 950 4789 quem
1001 4734 1102 4772 vos
1150 4717 1331 4772 Deum
1366 4716 1579 4771 habere
1608 4713 1937 4785 destitislis,

290 4812 355 4867 in
389 4813 617 4864 tantum
665 4811 728 4862 ut
778 4806 891 4861 tale
943 4808 1105 4861 nefas
1152 4805 1427 4869 feceritis,
1461 4804 1612 4875 quod
1643 4819 1943 4874 nunquam

2019 1901 2159 1973 quia
2190 1918 2295 1973 pro
2321 1899 2625 1973 praesentis
2656 1896 2850 1954 seaculi
2882 1894 3186 1968 dignitate,
3222 1907 3339 1947 non
3361 1907 3465 1963 pro
3487 1889 3686 1943 futura

2026 1990 2215 2062 patria
2241 1990 2563 2045 laborabat.

2094 2080 2280 2148 (Vers.
2313 2079 2393 2149 3.)
2426 2100 2454 2128 «
2485 2074 2789 2148 Jugulavit
2830 2089 3026 2129 servos
3074 2070 3173 2141 qui
3222 2068 3556 2124 occiderant
3584 2079 3682 2119 re-

2025 2182 2153 2239 gem
2186 2169 2412 2238 patr’em
2440 2182 2634 2227 suum.
2673 2187 2701 2213 ››
2732 2165 3077 2233 Quanquam
3109 2157 3194 2212 illi
3239 2155 3340 2212 Dei
3388 2154 3597 2209 timore
3626 2160 3687 2212 et

2025 2256 2083 2311 in
2114 2255 2337 2312 ultione
2377 2253 2664 2309 Zachariae
2709 2251 2878 2306 illum
2938 2246 3293 2305 occiderint:
3342 2247 3537 2299 tamen
3569 2240 3677 2313 [Αι.

2027 2345 2265 2416 idcirco]
2314 2344 2388 2399 ab
2440 2360 2506 2399 eo
2558 2340 2734 2397 occisi
2783 2342 2925 2395 sunt
2962 2333 3361 2408 judicialiter:
3397 2331 3536 2403 quia
3564 2346 3680 2385 non

2028 2452 2127 2492 ore
2193 2434 2509 2506 prophetae.
2568 2447 2673 2486 ncc
2741 2426 3014 2485 consultu
3065 2422 3293 2481 Domini
3346 2440 3360 2491 ;
3419 2420 3520 2476 sed
3575 2434 3684 2474 sua

2030 2522 2487 2598 praesumptione
2517 2520 2684 2575 illum
2717 2518 3074 2574 occiderunt.

2102 2631 2287 2703 (Vers.
2319 2632 2399 2697 7.)
2453 2649 2479 2681 α
2508 2628 2634 2684 Non
2679 2629 2769 2681 est
2816 2629 2968 2679 Deus
3002 2638 3136 2677 cum
3168 2616 3343 2675 Israel
3375 2619 3434 2673 et
3461 2614 3689 2672 cunctis

2033 2719 2171 2775 filiis
2213 2718 2507 2791 Ephraim.
2546 2739 2567 2765 ιι
2632 2715 2781 2781 Quia
2837 2728 2969 2769 cum
3033 2709 3165 2766 aliis
3220 2706 3494 2763 tribubus
3523 2708 3686 2759 erat:

2034 2827 2168 2866 cum
2222 2808 2376 2864 tribu
2422 2805 2699 2879 Ephraim
2749 2803 2904 2859 unde
2951 2816 3118 2874 reges
3163 2800 3351 2864 erant,
3395 2811 3510 2851 non
3542 2796 3688 2861 erat,

2037 2903 2273 2972 prepter
2317 2893 2851 2970 pravaricationem
2904 2889 3214 2947 Jeroboam
3260 2893 3317 2942 et
3348 2887 3690 2939 caeterorum

2037 3004 2237 3059 regum
2250 3029 2263 3041 .

2110 3076 2295 3149 (Vers.
2349 3075 2459 3145 l0.)
2511 3096 2538 3123 «
2569 3070 2869 3144 Separavit
2910 3069 3109 3139 itaque
3155 3064 3423 3121 Amasias
3475 3059 3691 3149 exerci-

2039 3146 2186 3233 tum,
2221 3164 2322 3237 qui
2353 3165 2588 3218 venerat
2617 3160 2688 3216 ad
2740 3175 2872 3215 eum
2918 3173 2987 3213 ex
3034 3153 3331 3228 Ephraim,
3364 3151 3504 3223 quia
3533 3146 3691 3204 idola

2037 3270 2237 3310 secum
2268 3251 2582 3307 habebant.
2623 3271 2648 3297 ι»
2683 3246 2947 3304 Amasias
2979 3246 3110 3317 post
3149 3241 3364 3297 caedem
3406 3239 3688 3293 Idumaeo-

2038 3360 2169 3398 rum
2202 3346 2257 3397 et
2304 3340 2513 3395 allatos
2558 3340 2698 3393 deos
2751 3334 3003 3396 ﬁliorum
3052 3331 3194 3398 Seir,
3228 3327 3435 3386 statuit
3464 3325 3601 3381 illos
3626 3323 3687 3379 in

2039 3434 2178 3489 deos
2207 3432 2341 3487 sibi.
2398 3431 2543 3486 Cum
2594 3427 2750 3483 enim
2794 3422 3296 3498 praecipitarentur
3341 3416 3442 3472 illa
3485 3415 3687 3471 decem

2042 3520 2247 3583 millia,
2277 3519 2377 3573 illa
2405 3516 2581 3583 idola,
2615 3532 2740 3587 qua:
2763 3529 2961 3567 secum
2993 3509 3307 3575 habebant,
3335 3517 3684 3576 responsum

2041 3609 2348 3672 dederunt,
2408 3606 2537 3661 ideo
2592 3602 2722 3658 illos
2776 3600 3131 3659 interfectos.
3191 3595 3329 3668 quia
3402 3594 3474 3648 de
3524 3589 3686 3646 cultu

2042 3713 2242 3753 eorum
2277 3693 2638 3767 negligentes
2670 3690 2938 3745 fuissent.
2985 3685 3206 3739 Videns
3235 3698 3373 3753 ergo
3404 3679 3502 3735 ille
3532 3676 3689 3767 idola

2044 3802 2327 3858 responsa
2364 3765 2535 3848 dare,
2586 3784 2643 3835 et
2688 3796 2722 3833 a
2760 3777 2931 3832 ruina
2977 3772 3144 3845 eripi,
3197 3771 3307 3826 hoc
3352 3782 3547 3825 errore
3594 3765 3696 3820 de-

2047 3879 2271 3947 ceptus,
2305 3870 2566 3928 adoravit
2596 3885 2681 3924 ea.

2118 3943 2300 4034 (Vers.
2343 3961 2455 4030 45.)
2509 3981 2536 4009 ‹‹
2566 3957 2721 4012 Misit
2768 3953 3109 4027 prephetam
3177 3949 3247 4005 ad
3292 3963 3448 4003 eum.
3484 3966 3512 3995 ››
3561 3943 3698 3998 Pro-

2048 4053 2223 4125 pheta
2270 4051 2365 4106 hic
2405 4049 2621 4105 Eliezcr
2668 4051 2775 4112 est,
2827 4042 2983 4098 ﬁlius
3022 4038 3287 4104 Dodahu,
3318 4035 3378 4091 id
3409 4038 3497 4091 est
3526 4049 3701 4088 avun-

2051 4124 2165 4197 culi
2191 4142 2344 4211 ejus,
2396 4140 2467 4193 de
2497 4153 2611 4208 quo
2652 4133 2922 4207 superius
2953 4130 3175 4185 dictum
3201 4131 3308 4183 est.
3352 4124 3703 4192 Cessavitque

2050 4209 2336 4303 propheta,
2370 4232 2425 4283 et
2479 4227 2624 4281 dixit
2668 4227 2741 4292 (II
2787 4222 2974 4278 Paral.
3018 4234 3180 4285 xvm,
3211 4216 3292 4286 6.)
3319 4211 3594 4303 Cessavit,
3629 4209 3701 4264 ad

2054 4301 2247 4376 minas
2287 4316 2475 4389 regis:
2506 4319 2564 4371 et
2595 4312 2760 4383 dixit,
2793 4312 2865 4366 ad
2898 4306 3211 4381 imperium
3242 4301 3493 4360 Domini.

2127 4425 2312 4496 (Vers.
2342 4424 2455 4494 46.)
2488 4444 2515 4472 υ
2549 4419 2697 4485 Quia
2729 4416 2913 4474 fecisti
2959 4415 3067 4471 hoc
3100 4409 3343 4473 malum,
3377 4410 3435 4496 et
3463 4407 3705 4475 insuper

2044 4606 2173 4676 ejus
2224 4601 2638 4673 acquiesceret,
2672 4596 2720 4652 si
2776 4611 2875 4649 eos
2930 4592 3063 4663 igne
3092 4587 3480 4649 combureret,
3511 4578 3703 4637 vesti-

2058 4697 2259 4749 menta
2279 4672 2690 4760 disrumperet,
2716 4683 2966 4739 cinerem
2990 4696 3164 4751 super
3180 4680 3355 4747 caput
3385 4672 3703 4744 spargeret,

2056 4788 2113 4839 et
2158 4786 2345 4835 totum
2407 4795 2467 4832 se.
2514 4755 2877 4847 poenitentiae
2915 4772 3127 4824 daret:
3189 4766 3298 4819 hoc
3350 4760 3562 4818 etenim
3622 4755 3707 4811 illi

294 4902 432 4957 ante
462 4898 519 4952 in
553 4896 718 4952 vobis
749 4897 965 4951 factum
999 4899 1106 4951 est.
1133 4896 1193 4949 Et
1230 4861 1547 4948 notandmn
1575 4893 1727 4963 quod
1754 4861 1865 4947 nbn
1891 4892 1947 4945 in
2058 4870 2371 4928 consulum
2408 4866 2717 4938 Ρνοῐδδθίθδ
2748 4861 3007 4915 dederat-

295 4987 414 5046 alio
444 4986 570 5041 loco
606 4985 918 5051 invenitur,
980 4986 1105 5041 Haec
1167 4984 1303 5038 dicit
1364 4985 1518 5045 Deus,
1562 4981 1671 5036 nisi
1707 4980 1794 5035 hic
1830 4985 1951 5034 tan-

297 5080 450 5133 tum.
500 5073 628 5130 Filii
683 5073 839 5129 enim
870 5073 1154 5129 Zachariae
1194 5090 1327 5128 cum
1360 5088 1426 5126 eo
1457 5070 1743 5125 interfecti
1778 5074 1951 5124 sunt:

302 5169 362 5222 et
390 5164 521 5219 ideo
554 5162 697 5218 dicit
725 5162 981 5219 filiorum
1013 5162 1229 5233 Joiadae
1261 5158 1601 5217 sacerdotis.

378 5289 395 5323 ¹
431 5288 538 5343 Pro
570 5286 686 5342 illis
742 5286 936 5342 verbis
989 5288 1293 5340 contextus
1333 5283 1502 5350 sacri,
1533 5286 1586 5337 et
1624 5299 1840 5337 summa
1862 5299 1962 5353 pc-

2134 4976 2317 5049 (Vers.
2356 4974 2465 5043 18.)
2498 4996 2523 5020 ‹‹
2560 4970 2825 5024 Carduus
2864 4962 3084 5029 Libani,
3124 4959 3223 5032 qui
3256 4962 3345 5013 est
3374 4957 3431 5009 in
3471 4954 3709 5019 Libano,

2066 5041 2170 5123 Hic
2201 5064 2482 5120 carduum
2517 5056 2715 5113 Libani
2748 5058 2935 5119 vocat,
2961 5052 3033 5106 ob
3059 5047 3507 5122 generositatem
3529 5041 3711 5105 illius,

2070 5155 2166 5228 qui
2202 5149 2468 5225 quamvis
2501 5146 2861 5219 negligenter
2880 5143 3094 5213 ageret,
3127 5135 3357 5208 magnis
3382 5136 3506 5189 erat
3524 5131 3715 5202 majo-

2074 5282 2345 5337 sexcenta
2383 5274 2497 5330 alia
2543 5272 2857 5342 depravata
2885 5264 3158 5342 retinent,
3204 5277 3330 5342 qua:
3358 5255 3715 5342 lectprinerul-

309 5362 511 5429 cunize,
561 5358 697 5413 editi
749 5363 917 5413 antea
966 5355 1098 5411 libri
1145 5327 1611 5429 ridiculam’rem
1648 5327 1967 5425 posuerant
2076 5327 2574 5408 dit-ocacbinnﬁum
2611 5327 2865 5409 movent,
2898 5336 3039 5392 dum
3073 5327 3375 5406 imperitos
3405 5327 3713 5386 delectant.

304 5426 555 5495 scilicet,
602 5434 655 5484 et
706 5429 1000 5484 multitudo
1046 5429 1375 5500 prophetiw.
1432 5426 1762 5496 Eodemque
1795 5427 1967 5481 modo

382 5574 405 5607 ³
435 5570 817 5643 Magnoque
848 5586 1037 5637 meus,
1071 5574 1249 5642 atque
1282 5536 1400 5624 una
1453 5566 1823 5624 Ambrosian.
1878 5584 1980 5641 pro
2032 5574 2083 5623 et
2135 5578 2350 5619 summa
2400 5555 2666 5631 pecunias,
2701 5567 2834 5608 cum
2864 5547 3114 5622 vulgatis
3146 5548 3319 5603 antea
3348 5540 3516 5600 libris
3545 5536 3721 5594 habet

319 5648 374 5702 et
407 5642 701 5700 multitudo
736 5644 1052 5716 prophetiae.
