4084 6176
368 253 524 330 14δᾷ

363 384 526 442 ribus
553 393 887 461 procreatus
913 407 926 446 :
963 389 1176 465 quippe
1203 391 1302 464 qui
1333 392 1403 448 de
1425 390 1599 450 Israel
1624 390 1845 448 semine
1867 394 2009 446 erat.
2043 393 2096 459 Α

437 477 621 546 (Vers.
655 480 770 552 24.)
802 504 829 529 ‹‹
863 480 1046 538 Omne
1085 499 1314 556 quoque
1345 499 1553 537 aurum
1593 486 1648 536 et
1677 484 2007 552 argentum,

1853 251 2273 348 APPENDIX.

3615 254 3770 330 “6%.

2197 388 2381 460 (Vers.
2441 389 2556 462 22.)
2608 410 2634 442 σι
2701 375 2947 464 Reliqua
2998 394 3192 448 autem
3243 405 3575 459 sermonem
3624 389 3770 447 Ozia

2125 479 2384 549 priorum
2417 484 2471 534 et
2521 479 2997 547 novissimorum,
3039 480 3242 536 scribit
3287 481 3473 536 Isaias
3525 479 3768 554 prophe-

364 571 420 622 et
450 569 722 624 universa
753 586 879 641 qua:
911 576 1138 642 reperta
1169 572 1386 625 suntin
1409 571 1580 626 domo
1605 569 1832 624 Domini
1859 568 2012 640 apud
2123 571 2201 622 ta.
2239 591 2266 617 »
2319 567 2497 624 Isaias
2545 573 2602 624 et
2648 571 2930 642 propheta
2977 570 3247 642 scripsit:
3299 592 3328 618 «
3365 570 3427 624 In
3475 587 3630 624 anno
3661 586 3769 641 quo

364 655 758 712 Obeb-Edom.
804 682 830 709 »
881 660 1046 731 Apud
1097 660 1467 714 Obed-Edom
1508 677 1520 714 :
1569 657 1708 730 quia
1737 659 1863 729 ejus
1912 657 2014 712 lilii

369 747 778 803 custodiebant
794 765 880 813 ea,
895 753 951 803 et
971 750 1042 803 ab
1061 765 1126 803 eo
1141 748 1550 820 descriptasibi
1573 747 2010 819 permanebant.

436 835 601 906 (Vers
631 838 746 906 2‘2.)
779 861 806 885 ‹‹
845 837 996 892 Vixit
1033 838 1299 892 Amasias
1337 837 1492 892 lilius
1530 837 1667 892 Joas
1701 854 1817 902 rex,
1851 840 2012 907 post—

367 941 544 996 quam
588 930 857 981 mortuus
899 931 987 982 est
1035 927 1172 981 Joas
1223 926 1380 982 filius
1426 926 1642 982 Johaaz
1683 943 1779 980 rex
1814 925 2011 991 Israel,

370 1012 918 1084 quindecim'annis.
949 1037 973 1062 η
1014 1016 1091 1069 Eo
1145 1020 1402 1087 tempore
1427 1015 1482 1070 in
1510 1022 1670 1070 utero
1695 1014 2016 1069 habebatur

367 1102 554 1172 Ozias,
589 1102 686 1174 qui
732 1109 934 1174 postea
981 1104 1244 1174 regnavit
1287 1104 1341 1158 in
1387 1103 1733 1159 Jerusalem.
1770 1103 1931 1158 Unde
1960 1105 2016 1156 et

367 1191 661 1256 scribitur,
699 1214 720 1242 ι
753 1192 1012 1247 Sedecim
1042 1210 1329 1248 annorum
1379 1198 1502 1248 erat
1541 1193 1729 1260 Ozias,
1761 1209 1892 1248 cum
1926 1207 2012 1246 re-

366 1296 545 1352 gnare
591 1280 878 1352 coepisset.
919 1303 947 1329 »
1007 1282 1086 1336 Ex
1126 1297 1199 1337 eo
1247 1287 1525 1354 tempore,
1580 1299 1695 1352 quo
1745 1279 2016 1336 discessit

366 1369 634 1424 Amasias
691 1387 725 1425 a
781 1369 1047 1436 Domino,
1108 1370 1422 1426 insurrexit
1475 1388 1651 1443 super
1708 1387 1841 1425 eum
1874 1387 2013 1424 con-

359 1457 580 1529 juratio
631 1459 688 1514 in
738 1459 1084 1515 Jerusalem.
1136 1460 1282 1524 Quia
1338 1477 1405 1515 ex
1451 1478 1517 1516 eo
1568 1465 1848 1532 tempore,
1900 1475 2015 1530 quo

367 1547 662 1620 propheta:
693 1547 1003 1604 consilium
1054 1566 1165 1604 non
1211 1548 1450 1617 audivit,
1487 1566 1672 1621 neque
1713 1549 1782 1603 ad
1815 1549 2015 1603 Domi».

367 1654 510 1693 num
541 1637 794 1693 converti
816 1637 1022 1704 voluit,
1047 1639 1390 1711 prmparatio
1413 1638 1832 1710 conjurationis
1857 1635 2016 1691 illius

368 1727 521 1782 facta
580 1731 687 1794 est,
722 1731 778 1782 et
804 1731 1046 1783 eatenus
1076 1727 1278 1793 dilata,
1310 1729 1491 1782 donec
1522 1728 1592 1782 ad
1642 1742 2014 1782 consumma-

370 1815 587 1871 tionem
620 1816 962 1888 perveniret.

441 1905 628 1976 (Vers.
661 1905 777 1976 28.)
807 1927 833 1955 ‹‹
868 1909 1364 1977 Ileportantesque
1398 1922 1576 1978 super
1618 1922 1822 1978 equos,
1851 1921 2021 1976 sepe-

374 1994 590 2051 lierunt
620 2010 776 2049 eum.
807 2018 832 2043 «
868 1995 990 2049 Non
1023 1994 1176 2050 enim
1210 1995 1334 2050 sine
1361 2012 1539 2050 causa
1559 1995 1860 2066 Scriptura
1880 1993 2023 2049 dicit

371 2101 504 2140 eum
524 2100 699 2155 super
715 2100 914 2155 equos,
933 2087 1158 2155 portatu
1171 2101 1224 2138 m
1243 2085 1371 2151 ;sed
1387 2083 1682 2156 colligitur
1704 2084 1831 2139 ideo
1854 2083 2021 2138 illum

372 2173 725 2246 portandum
756 2189 934 2244 super
965 2189 1144 2244 equos
1184 2173 1321 2244 quia
1369 2174 1505 2229 deos
1554 2173 1758 2240 Edom,
1813 2173 1911 2245 qui
1963 2173 2021 2226 in

371 2261 541 2333 equis
573 2261 976 2333 portabantur,
1007 2262 1349 2319 adoraverit.
1385 2263 1452 2317 Et
1493 2263 1710 2317 Idcirco
1743 2279 1857 2316 non
1891 2279 2021 2333 por-

371 2355 560 2407 tntum
610 2368 785 2422 super
849 2351 1164 2406 humeros:
1234 2352 1372 2422 quia
1433 2350 1763 2424 neglexerat
1810 2350 2022 2406 servire

373 2440 489 2496 Deo
522 2440 717 2507 Israel,
751 2441 922 2510 cujus
952 2439 1228 2512 mysteria
1265 2457 1441 2512 super
1488 2440 1765 2496 humeros
1794 2439 2022 2495 Chaati-

372 2534 564 2585 tarum
598 2530 811 2600 portari
843 2531 1119 2600 iusserat.

445 2619 604 2689 (Cap.
639 2618 829 2673 XXVI.
863 2649 931 2657 -—
976 2617 1132 2674 Vers.
1188 2619 1264 2690 1.)
1313 2618 1479 2675 Ozias
1523 2618 1581 2673 in
1625 2617 2023 2688 Paralipome-

375 2723 528 2776 non:
562 2706 619 2760 in
678 2706 924 2779 Regum,
973 2706 1213 2762 Azarias
1255 2706 1532 2762 scribitur
1579 2706 1736 2764 tilius
1779 2705 2024 2762 Amasias

376 2795 764 2867 (IVReg.x1v,
814 2795 928 2866 21.)
976 2795 1143 2850 Ozias
1191 2795 1346 2850 enim
1389 2797 1820 2867 interpretatur,
1854 2797 2026 2850 virtus

379 2886 494 2940 Dei.
532 2885 794 2952 Azarias,
842 2885 1119 2948 auxilium
1170 2887 1404 2942 Domini.
1457 2886 1677 2941 Idcirco
1723 2884 1880 2940 enim
1910 2884 2024 2938 vir-

375 2978 473 3029 tus
518 2973 750 3029 Domini
797 2979 1058 3039 vocatur,
1106 2973 1243 3044 quia
1293 2990 1506 3045 magna
1551 2975 1610 3028 in
1659 2990 1793 3028 eum
1840 2973 2026 3028 virtus

379 3061 610 3118 Domini
661 3067 896 3119 ostensa
945 3067 1033 3118 est
1083 3062 1454 3134 percussione
1501 3062 1693 3134 leprie,
1746 3065 1802 3117 et
1859 3066 2022 3118 terra:

381 3156 538 3207 motu
573 3153 742 3208 facto.

451 3241 639 3311 (Vers.
670 3242 750 3311 5.)
785 3264 810 3289 ‹‹
846 3241 1167 3312 Exquisivit
1197 3241 1378 3296 Deum
1411 3241 1466 3294 in
1491 3241 1698 3295 diebus
1720 3239 2026 3306 Zachariie,

383 3328 765 3400 intelligentis
815 3335 870 3385 et
918 3329 1167 3384 videntis
1216 3329 1420 3384 Deum.
1455 3351 1479 3376 ι›
1523 3329 1828 3384 Zacharias
1873 3328 2028 3384 ﬁlius

382 3419 689 3486 Zachariae,
725 3417 828 3473 lilii
857 3417 1092 3482 Joiadze,
1126 3418 1224 3488 qui
1259 3422 1389 3488 post
1427 3426 1668 3472 mortem
1713 3417 1893 3489 patris
1925 3434 2024 3472 na-

382 3511 499 3574 tus,
533 3507 885 3579 posthumus
936 3505 1116 3577 patris
1147 3521 1357 3561 nomen
1393 3507 1634 3563 sortitus
1665 3512 1771 3562 est.
1809 3505 2024 3562 Intelli-

379 3611 524 3668 gens
553 3596 708 3652 enim
737 3601 794 3652 et
821 3596 1023 3652 videns
1053 3596 1370 3652 dicebatur.
1404 3594 1760 3668 Intelligens,
1795 3599 2029 3668 propter

379 3685 802 3752 sacerdotium;
833 3685 1056 3749 videns,
1089 3690 1324 3756 propter
1353 3684 1740 3757 prophetiam.

448 3775 742 3845 (Vers.7.)
800 3775 1070 3830 «Contra
1128 3776 1368 3842 Arabes,
1428 3773 1530 3846 qui
1569 3773 1910 3829 habitabant
1964 3774 2021 3829 in

373 3863 646 3919 Gurbaal.
685 3887 712 3911 ››
746 3865 877 3934 Ipsa
925 3869 1013 3919 est
1062 3863 1297 3928 Gerara,
1351 3863 1405 3917 in
1447 3879 1565 3934 qua
1621 3861 2024 3934 peregrinatus

373 3957 463 4008 est
489 3951 803 4008 Abraham.

442 4042 626 4112 (Vers.
659 4045 740 4110 9.)
774 4065 802 4093 «
833 4042 1155 4098 fEdiﬁcavit
1185 4041 1352 4098 Ozias
1395 4048 1582 4098 turres
1615 4042 1672 4096 in
1695 4041 2020 4096 Jerusalem

371 4146 550 4201 super
580 4136 803 4203 portam
838 4131 1065 4202 Anguli,
1107 4136 1164 4186 et
1193 4148 1370 4203 super
1400 4135 1624 4203 portam
1661 4130 1862 4198 Vallis,
1898 4147 2022 4202 por-

370 4225 488 4276 tam
519 4220 808 4288 civitatis;
844 4236 877 4276 a
920 4224 1088 4292 porta
1126 4221 1424 4292 Ephraim,
1460 4237 1646 4292 usque
1679 4221 1746 4275 ad
1795 4223 2017 4291 portam

368 4310 581 4382 Anguli
611 4329 636 4377 ;Δ
675 4328 851 4382 quam
899 4310 1037 4367 Joas
1087 4328 1183 4366 rex
1227 4309 1401 4367 Israel
1461 4311 1846 4376 destruxerat,
1897 4310 2020 4380 ipse

369 4399 734 4456 instauravit.
768 4423 796 4448 »
828 4401 1059 4455 Portam
1091 4399 1245 4454 enim
1271 4398 1566 4471 Ephraim,
1587 4403 1812 4470 portam
1835 4398 2018 4454 Vallis

366 4489 648 4544 nominat.
689 4489 748 4544 In
781 4489 1119 4545 redilicando
1151 4487 1339 4544 noluit
1379 4489 1506 4557 ejus
1538 4504 1746 4543 nomen
1781 4504 2014 4559 ponere,
2047 4509 2124 4572 Ι),

365 4578 520 4648 quod
555 4578 611 4632 in
654 4578 1008 4634 destruendo
1042 4582 1333 4648 posuerat.
1367 4576 1480 4631 Nec
1511 4577 1841 4632 immerito:
1877 4577 2016 4648 quia

363 4664 460 4736 qui
503 4663 676 4720 idolis
709 4664 1071 4734 immolabat,
1125 4671 1180 4720 et
1220 4665 1509 4736 particeps
1552 4665 1610 4720 in
1661 4667 2013 4722 destruendo

363 4751 569 4819 fuerat,
601 4750 659 4806 in
692 4751 1070 4807 aedificatione
1101 4751 1332 4824 preprio
1365 4752 1600 4808 nomine
1653 4769 1764 4808 non
1799 4754 2013 4809 meruit

362 4841 711 4912 nuncupari,
759 4841 861 4896 sed
914 4840 1148 4896 nomine
1212 4840 1379 4896 vallis
1437 4846 1729 4910 censetur,
1780 4849 2013 4916 propter

360 4928 851 5000 humiliationem.
1655 4973 1658 4976 .

431 5018 612 5089 (Vers.
671 5021 785 5092 21.)
844 5020 906 5076 In
959 5020 1131 5076 domo
1189 5024 1478 5092 separata,
1523 5021 1694 5093 juxta
1748 5022 1902 5093 quod
1947 5021 2006 5078 in

362 5107 606 5163 Levitico
638 5109 934 5166 scribitur.

428 5303 503 5372 (ιι)
537 5305 902 5379 Ambrosian,
964 5309 1128 5378 Cujus
1184 5309 1493 5363 minisleria
1546 5325 1708 5379 super
1753 5311 2002 5366 humeros

356 5374 733 5453 Chaalitai‘um
764 5382 978 5446 portare
1008 5374 1149 5441 iussa
1181 5384 1382 5453 erant;
1414 5381 1504 5435 cui
1541 5374 1848 5453 postremis
1879 5387 2001 5436 tan—

353 5451 488 5521 tum»
511 5447 700 5521 verbis
733 5464 895 5521 meus
927 5466 1158 5521 quoque
1192 5452 1464 5506 concinit.

425 5518 497 5596 (b_)
530 5518 910 5596 Ambrosiam
935 5518 1043 5575 ms.
1064 5518 1300 5579 homine
1329 5523 1516 5591 Eded.;
1560 5528 1616 5579 et
1646 5523 1818 5596 paulo
1871 5528 1999 5595 post

351 5583 637 5649 deludam
667 5606 768 5663 pro
805 5590 966 5648 Juda.

2050 1770 2097 1834 B

2127 663 2395 712 mortuus
2427 662 2514 714 est
2545 675 2640 714 rex
2673 658 2860 723 Ozias,
2894 659 3010 714 vidi
3060 658 3374 716 Dominum
3407 660 3714 714 sedentem
3747 683 3770 707 »

2127 749 2338 816 (lsa.vx,
2366 749 2419 815 1)
2448 763 2459 800 :
2513 763 2578 802 eo
2607 763 2757 802 anno
2810 747 2975 802 illum
3009 753 3306 803 mortuum
3339 749 3521 804 fuisse
3552 749 3772 804 descri-

2123 835 2228 904 bit,
2263 853 2375 907 quo
2408 835 2568 907 lepra
2605 853 2921 908 percussus
2951 841 3057 892 est.

2197 926 2353 996 (Cap.
2401 925 2620 979 XXVII.
2654 924 2909 980 —Vers.
2961 926 3039 996 3.)
3098 947 3117 975 ι
3153 926 3218 980 Et
3271 926 3330 980 in
3382 943 3554 981 muro
3595 925 3778 998 Ophel

2126 1014 2312 1088 multa
2370 1014 2775 1069 construxit.»
2849 1015 2909 1069 In
2975 1031 3139 1070 muro
3196 1015 3397 1087 Ophel,
3451 1016 3560 1071 hoc
3599 1023 3689 1071 est
3723 1016 3775 1068 in

2125 1119 2294 1158 muro
2326 1104 2560 1171 nebulae,
2594 1104 2744 1174 quod
2782 1102 3127 1176 intelligitur
3177 1105 3389 1160 Sancta
3417 1111 3777 1160 sanctorum.

2125 1191 2410 1248 Dominus
2441 1193 2594 1247 enim
2627 1192 2788 1258 dixit,
2825 1198 2889 1248 ut
2918 1192 3207 1249 habitaret
3239 1195 3297 1248 in
3329 1193 3562 1250 nebula.

2198 1283 2374 1351 (Vers.
2409 1282 2486 1352 8.)
2520 1304 2545 1329 ‹‹
2579 1281 2757 1337 Filius
2789 1282 2991 1354 viginti
3035 1283 3294 1355 quinque
3336 1300 3627 1339 annorum
3661 1293 3786 1342 erat

2123 1369 2419 1438 Joatham,
2453 1387 2585 1424 cum
2650 1388 2894 1444 regnare
2941 1372 3229 1443 coepisset.
3267 1396 3294 1422 υ
3327 1373 3430 1428 ΙλΙίο
3460 1378 3517 1428 et
3546 1374 3784 1431 initium

2127 1459 2286 1530 regni
2320 1461 2446 1530 ejus
2476 1464 2533 1516 et
2578 1459 2910 1516 innocentia
2958 1460 3340 1517 describitur:
3389 1467 3454 1518 ut
3485 1470 3782 1519 monstra-

2127 1552 2214 1604 ret
2258 1565 2391 1604 eum
2441 1547 2500 1602 in
2551 1548 2885 1605 innocentia
2943 1565 3364 1620 perseverasse,
3425 1568 3543 1623 qua
3587 1554 3782 1625 caepiL

2199 1636 2359 1708 (Cap.
2420 1637 2619 1692 XXIII.
2655 1669 2720 1678 -—
2755 1641 2919 1693 Vers.
2976 1641 3058 1708 7.)
3115 1639 3360 1694 Masiam
3418 1640 3609 1696 filium
3667 1645 3785 1698 Mo-

2129 1725 2277 1794 loch,
2316 1750 2336 1777 ι
2375 1725 2433 1780 id
2466 1730 2556 1782 est
2587 1725 2776 1781 filium
2827 1725 2999 1782 idolis
3047 1729 3319 1795 Ammon,
3353 1730 3508 1800 quod
3538 1731 3784 1786 vocaba-

2134 1820 2230 1890 tur
2281 1814 2528 1884 Moloch,
2589 1815 2644 1870 id
2705 1821 2795 1872 est
2851 1833 2967 1872 rex.
3030 1817 3246 1872 Idcirco
3277 1818 3432 1873 enim
3467 1818 3628 1874 ﬁlius
3658 1821 3787 1891 ejus

2133 1903 2367 1971 dicitur,
2399 1904 2554 1974 quod
2607 1903 2689 1958 illi
2742 1921 2908 1960 sacra
2955 1905 3299 1961 instituebat
3329 1912 3388 1961 et
3417 1907 3632 1962 cultus.
3671 1907 3786 1964 Hoc

2132 1998 2189 2048 et
2227 1993 2285 2047 in
2312 1993 2564 2048 Jeremia
2594 1993 2774 2049 habes
2807 1995 2876 2050 de
2911 1994 3173 2061 lsmaele,
3209 1996 3310 2067 qui
3341 1996 3701 2051 describitur
3719 1998 3784 2051 de

2133 2098 2344 2154 genere
2375 2082 2551 2154 regio,
2585 2099 2720 2138 cum
2753 2101 2868 2139 non
2901 2084 2972 2139 de
3015 2100 3223 2156 genere
3253 2084 3413 2156 regio
3453 2086 3649 2152 fuerit,
3685 2087 3784 2141 sed

2134 2171 2204 2225 de
2236 2170 2403 2238 Gera,
2437 2187 2602 2227 servo
2633 2172 2876 2245 Egypto
2911 2173 3128 2242 (Jirem.
3161 2191 3273 2244 xu,
3321 2174 3345 2228 1
3378 2179 3568 2246 θάψω.

2203 2258 2387 2330 (Vers.
2418 2259 2498 2329 9.)
2532 2288 2557 2308 κς
2594 2261 2670 2315 Ea
2696 2265 3040 2332 tempestate
3069 2266 3194 2316 erat
3242 2261 3318 2316 ibi
3363 2262 3647 2333 propheta
3679 2280 3784 2320 no-

2136 2347 2294 2403 mine
2324 2348 2509 2404 Obeth
2544 2350 2638 2421 (b).
2677 2372 2702 2398 n
2753 2354 2884 2422 Ipse
2933 2355 3022 2405 est
3064 2355 3227 2422 pater
3266 2350 3504 2420 Azariaa,
3537 2351 3639 2424 qui
3677 2358 3787 2408 ,λεδ

2136 2435 2254 2508 regi
2288 2437 2670 2508 prophetavit.
2692 2438 2770 2494 Ad
2815 2439 3282 2511 prophetandum
3321 2441 3478 2496 enim
3499 2440 3558 2495 in
3583 2441 3785 2498 Sama-

2135 2522 2279 2580 riam
2351 2531 2606 2591 venerat,
2665 2527 2804 2598 quia
2863 2527 2933 2582 de
2989 2528 3144 2583 Juda
3198 2533 3341 2584 crat.
3400 2529 3618 2584 Idcirco
3669 2547 3784 2586 non

2135 2614 2310 2670 dixit:
2354 2617 2479 2672 Haec
2526 2617 2655 2670 dicit
2704 2618 3014 2684 Dominus;
3067 2618 3206 2689 quia
3235 2635 3349 2673 non
3400 2624 3568 2674 erant
3623 2620 3782 2692 digni

2135 2719 2402 2760 sermone
2434 2705 2750 2778 prophetae.
2787 2705 2974 2761 Iratus
3003 2705 3158 2762 enim
3209 2712 3334 2762 erat
3363 2708 3516 2764 Deus
3546 2708 3687 2766 illis.
3726 2714 3787 2765 In

2136 2791 2243 2848 hoc
2276 2792 2397 2848 solo
2434 2793 2558 2850 loco
2589 2795 2777 2850 Acbaz
2808 2801 3046 2850 vocatur
3100 2813 3197 2850 rex
3230 2796 3401 2852 Israel
3434 2813 3446 2850 :
3483 2814 3599 2853 non
3630 2800 3789 2870 quod

2136 2899 2312 2954 super
2343 2899 2574 2938 omnem
2628 2882 2804 2939 Israel
2856 2884 3200 2954 regnaverit,
3233 2886 3336 2941 sed
3383 2886 3524 2957 quia
3555 2895 3796 2944 secutus

2137 2971 2212 3026 sit
2243 2989 2418 3042 opera
2452 2989 2654 3044 regum
2708 2971 2916 3028 Israel:
2970 2972 3027 3026 in
3078 2977 3305 3028 tantum
3339 2978 3397 3030 et
3427 2974 3627 3032 nullus
3658 2983 3793 3033 ante

2135 3077 2268 3116 eum
2302 3062 2371 3116 de
2405 3061 2638 3133 regibus
2671 3062 2917 3134 nequior
2964 3061 3156 3117 fuerit.
3196 3063 3353 3118 Unde
3384 3069 3441 3118 et
3472 3064 3696 3120 dicitur
3723 3070 3794 3122 de

2053 3142 2096 3204 Ε
2133 3166 2221 3215 eo,
2255 3150 2410 3221 quod
2445 3151 2726 3206 nudasset
2757 3152 2969 3206 Judam
2997 3151 3297 3224 prazceptis
3335 3156 3393 3206 et
3425 3152 3643 3208 auxilio
3666 3154 3790 3224 Dei,

2140 3238 2290 3294 sicut
2320 3229 2605 3296 de‘Aaron
2639 3239 2936 3311 scribitur,
2969 3241 3124 3312 quod
3172 3240 3449 3296 nudasset
3482 3242 3794 3315 populum,

2138 3327 2309 3381 Auxit
2343 3333 2743 3400 contemptum
2777 3331 2845 3400 (c)
2868 3329 2993 3402 ipse
3013 3347 3111 3385 rex
3144 3329 3353 3385 Achaz.
3378 3330 3542 3397 Quod
3564 3330 3798 3388 videtur

2138 3417 2306 3487 quasi
2340 3417 2726 3488 superfluum.
2760 3419 2920 3483 Quod
2945 3417 3087 3473 dicit
3108 3417 3251 3489 ipse,
3275 3435 3453 3474 causa
3474 3419 3794 3476 notationis

2137 3505 2245 3562 hoc
2279 3505 2432 3560 facit.
2467 3507 2639 3562 Notat
2693 3506 2846 3562 enim
2897 3508 3025 3578 ejus
3058 3505 3367 3569 malitiam,
3399 3507 3552 3563 sicut
3581 3515 3642 3564 et
3669 3525 3792 3565 cre-

2139 3596 2241 3651 bro
2275 3595 2329 3650 in
2362 3595 2595 3650 laudem
2631 3594 2739 3650 hoc
2773 3597 2846 3667 (d)
2879 3612 3198 3668 pronomen
3234 3597 3368 3667 poni
3403 3597 3569 3652 solet.

2206 3683 2390 3752 (Vers.
2444 3686 2558 3755 27.)
2620 3707 2646 3734 ‹‹
2679 3685 2745 3740 Et
2804 3684 3161 3756 sepelierunt
3215 3701 3347 3739 eum
3405 3685 3463 3740 in
3495 3685 3788 3744 civitatem

2133 3772 2457 3828 Jerusalem
2485 3792 2498 3840 ;
2533 3797 2560 3822 «
2596 3774 2737 3845 quia
2769 3790 2880 3828 non
2904 3772 3262 3844 sepelierunt
3282 3790 3416 3829 eum
3441 3774 3499 3828 in
3523 3775 3790 3846 sepulcro

2135 3878 2360 3932 regum,
2394 3862 2490 3918 sed
2529 3862 2588 3916 in
2619 3861 2945 3917 Jerusalem
2979 3861 3212 3916 civitate
3239 3862 3296 3916 in
3321 3861 3432 3918 alio
3454 3862 3600 3919 loco.
3627 3866 3790 3930 Quod

2133 3966 2265 4006 vero
2296 3950 2467 4006 dicit:
2509 3973 2536 4000 ‹‹
2568 3951 2694 4006 Non
2743 3956 3085 4023 receperunt
3127 3967 3260 4006 eum
3303 3951 3358 4006 in
3392 3951 3665 4023 sepulcro
3700 3970 3787 4010 re-

2131 4056 2271 4111 gum
2326 4038 2525 4104 Israel,
2563 4062 2590 4088 »
2641 4044 2810 4096 sonat
2854 4039 2914 4094 in
2959 4040 3235 4096 Ilcbraao:
3287 4040 3444 4111 quod
3474 4042 3649 4112 quasi
3675 4043 3783 4114 ipsi

2131 4145 2263 4184 eum
2329 4146 2441 4183 non
2500 4131 2843 4200 receperint,
2902 4129 3003 4201 qui
3066 4129 3143 4184 ibi
3204 4129 3417 4200 sepulti
3467 4133 3782 4188 suntzsed

2131 4217 2408 4289 quoniam
2435 4217 2646 4274 melius
2667 4217 2910 4290 intelligi
2933 4217 3160 4284 debeat.
3187 4222 3287 4272 aut
3311 4219 3384 4273 ab
3405 4218 3658 4290 aedituis,
3683 4222 3784 4292 qui

2131 4308 2332 4362 eadem
2365 4306 2634 4379 sepulcra
2666 4307 3096 4376 custodiebant,
3152 4306 3510 4379 prohibitum
3539 4313 3650 4374 est,
3682 4316 3788 4366 aut

2127 4395 2239 4451 alio
2272 4395 2468 4468 aliquo
2499 4397 2696 4460 modo,
2739 4395 3036 4452 voluntate
3075 4399 3269 4452 tamen
3303 4396 3419 4451 Dei.

2195 4486 2354 4558 (Cap.
2407 4485 2600 4540 XXIX.
2634 4485 2884 4541 —Vers.
2935 4485 3012 4555 l.)
3067 4508 3087 4535 α
3124 4485 3345 4540 Nomen
3397 4486 3603 4544 matris
3653 4488 3781 4556 ejus

2126 4573 2286 4640 Abia,
2312 4597 2338 4622 ››
2368 4574 2486 4629 tilia
2506 4573 2793 4630 Zacharia:
2817 4573 3136 4646 posthumi.
3162 4572 3448 4629 Zachariae
3481 4574 3779 4646 prophetae

2123 4667 2180 4717 et
2209 4663 2553 4731 sacerdotis,
2588 4662 2688 4735 qui
2721 4680 2754 4718 a
2782 4667 2890 4719 Joa
2919 4679 3050 4735 rege
3079 4662 3419 4720 interfectus
3448 4668 3593 4719 erat.

2193 4752 2372 4819 (Vers.
2405 4753 2483 4823 3.)
2517 4775 2543 4800 ‹‹
2580 4754 2707 4824 Ipse
2757 4751 2816 4806 in
2869 4769 3022 4807 anno
3071 4757 3130 4808 et
3158 4768 3360 4808 mense
3392 4751 3580 4824 primo
3608 4756 3773 4827 regni

2120 4840 2234 4896 sui.
2272 4863 2297 4889 ››
2328 4842 2392 4895 In
2433 4841 2665 4896 Hebreae
2704 4839 2917 4912 lingua:
2969 4840 3265 4908 idiomate,
3315 4843 3493 4897 etiam
3543 4843 3777 4914 primus

2120 4931 2243 4986 dies
2274 4931 2437 5001 regni
2469 4931 2595 5000 ejus
2628 4930 2687 4985 in
2719 4929 2828 4985 hac
2859 4929 3246 5002 descriptione
3277 4930 3648 4987 subauditur.

2189 5019 2375 5088 (Vers.
2431 5019 2506 5090 5.)
2557 5043 2583 5068 «
2635 5019 2873 5075 Auferte
2922 5035 3156 5076 omnem
3206 5017 3647 5076 immunditiam
3699 5021 3768 5077 de

2117 5108 2470 5176 sanctuario,
2507 5129 2528 5159 ι
2565 5108 2621 5163 id
2645 5111 2754 5174 est,
2777 5107 2933 5164 idola
2950 5125 3072 5179 quae
3099 5107 3295 5166 Achab
3319 5112 3612 5181 posuerat,
3638 5125 3764 5181 quis

2185 5308 2254 5378 (c)
2287 5305 2552 5369 Martian,
2588 5304 2803 5378 aliique
2833 5304 2994 5378 editi,
3017 5310 3342 5378 peccatum;
3376 5303 3764 5378 renitentibus

2114 5375 2244 5434 ms.
2276 5397 2304 5433 e
2354 5379 2569 5446 quibus
2619 5375 2986 5431 Ambrosiam.
3020 5375 3193 5430 dux-it
3243 5382 3519 5448 przeterea
3567 5375 3760 5444 habet,

2110 5467 2211 5522 pro
2241 5452 2423 5522 auxit.

2180 5522 2258 5592 (d)
2289 5521 2463 5577 Addit
2492 5519 2884 5576 Ambrosiam.
2926 5520 3022 5575 hoc
3049 5517 3222 5576 modo.
