4070 6166
173 263 317 343 im

1081 259 1387 336 QUEST.
1435 254 1800 325 HEBRAIG.
1845 255 1922 321 IN
1970 253 2117 323 LIB.
2164 255 2214 318 Il
2262 254 2625 319 PARALIP.

3402 256 3425 318 1
3440 256 3558 320 466

172 399 229 460 in
256 398 486 457 modum
517 396 786 459 mulieris
818 398 1195 455 menstruataa
1225 397 1283 451 et
1313 392 1535 467 polluta
1564 396 1731 449 erant
1746 394 1802 448 et
1830 392 1885 459 Α
1918 393 1977 449 in
2008 391 2273 465 reliquiis
2304 410 2449 449 arcae
2481 392 2600 449 Noe
2641 391 2928 448 culturam
2950 393 3398 451 habuisse.Cum
3422 409 3558 467 ergo

173 488 514 564 polluebant.

241 581 411 650 (Vers.
444 578 530 648 6.)
559 600 572 627 ‹
638 580 987 634 Averterunt
1037 575 1214 631 iacies
1262 590 1401 630 suas
1451 590 1484 628 a
1537 574 1809 628 taberna-

171 666 291 723 culo
319 666 570 735 Domini,
600 671 657 721 et
687 666 1060 738 praebuerunt
1088 665 1351 719 dorsum.
1378 685 1405 712 ι»
1445 662 1607 727 Quod
1641 660 1810 734 plene

175 755 436 812 scribitur
464 756 523 810 in
554 753 836 823 Ezechiel,
870 753 969 809 ubi
1017 752 1250 822 dicitur,
1310 752 1526 822 Viginti
1573 750 1812 822 quinque

172 860 307 900 viros
325 844 582 901 habentes
636 844 799 900 dorsa
847 842 915 898 ad
964 843 1245 914 templum,
1301 844 1351 897 et
1409 840 1696 896 adorantes
1744 839 1813 895 ad

171 937 339 993 ortum
364 935 496 989 solis
521 933 732 1006 (Ezech.
767 949 892 1000 VIII,
931 932 1036 1003 l6).

242 1022 412 1095 (Vers.
446 1022 561 1094 21.)
593 1045 621 1071 ‹‹
658 1020 862 1078 Hircos
888 1026 1114 1093 septem
1148 1036 1251 1092 pro
1285 1024 1541 1092 peccato.
1602 1040 1629 1067 »
1662 1022 1809 1074 Con-

172 1117 262 1169 tra
288 1127 502 1169 morem
533 1111 593 1166 in
627 1111 735 1167 hoc
781 1110 905 1167 loco
965 1111 1184 1167 factum
1243 1113 1350 1165 est.
1412 1110 1472 1163 In
1534 1108 1813 1164 omnibus

175 1201 323 1257 enim
353 1199 494 1256 locis
524 1217 679 1255 unus
708 1215 812 1272 pro
843 1203 1075 1270 peccato
1107 1197 1304 1253 hircus
1348 1198 1541 1253 oll‘erri
1586 1198 1813 1253 solebat

177 1291 357 1360 (Levii.
415 1307 491 1359 ιν,
550 1290 779 1357 23;1Χ,
840 1306 1004 1355 xxm,
1063 1289 1171 1360 19).
1233 1288 1340 1343 Sed
1417 1288 1557 1360 quia
1630 1288 1816 1344 multa

178 1384 335 1436 erant
361 1383 618 1452 peccata,
656 1379 783 1434 ideo
817 1382 1041 1450 septem
1076 1376 1226 1432 hirci
1261 1377 1453 1433 oll‘erri
1485 1377 1818 1433 debuerunt

180 1468 388 1526 Idcirco
452 1467 573 1524 Gad
658 1466 931 1523 videntem
1013 1471 1197 1534 vocat,
1291 1466 1429 1538 quia
1510 1467 1817 1538 prophetia

178 1574 278 1629 per
303 1556 485 1612 visum
516 1556 565 1612 ei
597 1556 886 1612 veniebat.
922 1555 1046 1611 Mos
1076 1560 1201 1610 erat
1231 1554 1460 1619 Levitis,
1496 1560 1560 1610 ut
1602 1555 1682 1610 illi
1717 1557 1813 1611 de-

177 1646 464 1703 traherent
494 1644 677 1717 pelles
722 1644 1199 1700 bolocaustorum
1234 1662 1247 1712 ;
1282 1648 1339 1698 et
1390 1644 1814 1712 sacerdotibus,

180 1738 245 1790 ut
267 1734 490 1807 quando
516 1750 617 1806 pro
642 1738 876 1806 peccato
906 1734 1078 1788 ﬁebat
1101 1732 1817 1802 sacriﬁcium,saccrdotes

182 1822 564 1883 detraherent.
597 1828 663 1877 Et
691 1822 905 1878 idcirco
937 1822 1267 1878 sacerdotes
1317 1823 1374 1877 in
1407 1823 1515 1878 hoc
1568 1823 1691 1878 loco
1723 1823 1820 1878 dc-

182 1912 481 1968 trahebant
512 1910 694 1985 pelles
725 1929 737 1980 ;
764 1912 901 1983 quia
920 1928 1024 1984 pro
1055 1916 1287 1983 peccato
1311 1910 1669 1966 sacriﬁcium
1698 1917 1823 1967 erat

182 2002 253 2057 Et
279 2000 407 2073 quia
437 2002 808 2056 sacerdotum
842 2017 1125 2056 numerus
1157 2018 1272 2056 non
1304 2001 1429 2073 [ms.
1458 2000 1676 2071 minus]
1707 2000 1823 2061 suf-

184 2090 375 2147 ﬁciens
425 2093 548 2145 erat
596 2090 667 2145 ad
717 2089 826 2145 hoc
882 2089 1302 2161 peragendum,
1371 2088 1511 2160 quia
1560 2093 1822 2161 tempore

181 2178 363 2235 Achaz
391 2177 564 2251 regis,
599 2177 848 2251 dispersi
878 2178 1130 2234 necdum
1183 2177 1395 2233 reversi
1446 2181 1611 2232 erant
1639 2195 1658 2233 :
1689 2177 1820 2233 ideo

175 2268 447 2339 juverunt
487 2284 587 2324 eos
632 2267 840 2323 fratres
891 2283 1093 2322 eorum
1150 2266 1375 2334 Lev:taa,
1426 2265 1565 2339 quia
1613 2265 1822 2322 Levitis

184 2355 391 2412 rectius
421 2359 547 2413 erat
576 2356 646 2411 ad
680 2354 1137 2412 sacriﬁcandum
1170 2354 1277 2423 uti,
1329 2371 1506 2427 quam
1554 2355 1822 2411 sacerdo-

184 2444 336 2503 tibus
368 2460 380 2500 :
415 2462 481 2501 eo
515 2445 669 2518 quod
700 2449 961 2517 tempore
989 2443 1199 2510 Achaz,
1248 2447 1307 2499 et
1354 2442 1466 2516 ipsi
1512 2460 1820 2500 consense-

184 2539 361 2603 runt;
398 2535 614 2608 quippe
677 2533 814 2606 quia
860 2532 1157 2606 exemplar
1204 2533 1405 2589 altaris
1452 2532 1819 2604 Damasceni,

185 2623 327 2680 Uriaa
357 2622 614 2696 pontiﬁci
646 2622 898 2678 missum
926 2626 1034 2678 est.

253 2715 406 2784 (Cap.
442 2711 574 2767 XXX
629 2742 699 2752 -ο
727 2711 892 2767 Vers.
929 2710 1008 2783 l.)
1054 2732 1080 2761 «
1131 2709 1375 2782 Scripsit
1422 2726 1653 2781 quoque
1702 2710 1821 2782 epi-

182 2799 361 2858 stolas
383 2800 454 2855 ad
488 2799 768 2873 Ephraim
803 2804 860 2856 et
891 2800 1253 2855 Manasse.—
1277 2799 1421 2854 Cum
1453 2801 1610 2854 omni
1648 2798 1822 2855 Israel

181 2889 408 2963 publice
437 2888 697 2945 misisset
720 2888 979 2954 nuntios,
1012 2888 1279 2943 Manasse
1331 2892 1385 2942 et
1424 2887 1696 2960 Ephraim
1740 2887 1822 2943 las

180 2982 366 3034 tenter
396 2977 575 3043 misit,
608 2978 680 3033 ad
730 2992 829 3032 eos
888 2992 1036 3049 quos
1079 2976 1297 3032 sciebat
1353 2993 1695 3032 conversum
1752 2976 1822 3032 iri

182 3082 352 3138 posse
380 3081 485 3138 per
504 3064 901 3138 epistolas.llli
923 3065 1079 3121 enim
1109 3063 1479 3137 superbiores
1501 3069 1822 3137 crant,pro-

1918 487 2262 554 quereretur
2290 482 2395 556 [AL
2430 484 2809 555 quaereretur]
2840 484 3180 555 deprecans,
3213 500 3317 539 cur
3346 500 3408 540 se
3443 502 3558 541 non

1918 571 2259 642 adjuvisset,
2313 571 2415 643 qui
2459 572 2633 627 etiam
2688 571 2837 628 ﬁlios
2888 588 3027 628 suos
3069 574 3453 630 Adramelech
3507 580 3564 632 et

1920 660 2163 716 Sarasar
2194 660 2305 716 sibi
2336 660 2588 727 oll‘erret,
2622 662 2669 716 si
2702 662 2811 716 hoc
2842 661 2937 717 ille
2968 668 3162 718 ratum
3216 665 3563 733 duceret,illi

1929 748 2039 804 hoc
2067 750 2370 806 audientes
2400 756 2531 823 post
2559 755 2642 806 tot
2670 751 2886 818 clodes,
2939 752 3161 819 ruinas,
3212 758 3269 809 ct
3315 754 3564 826 ignomi-

1923 838 2072 906 nias,
2107 839 2381 895 timentes
2411 840 2575 895 abeo
2606 839 3024 896 interl‘ecerunt
3054 858 3209 897 cum.

1994 927 2178 997 (Vers.
2212 928 2326 996 3l.)
2358 951 2385 977 ‹‹
2423 933 2497 984 De
2528 933 2798 1001 portento
2843 932 2996 1000 quod
3048 931 3341 988 acciderat
3388 949 3566 1005 super

1922 1018 2159 1080 terram,
2198 1037 2218 1066 υ
2257 1016 2326 1072 de
2357 1017 2497 1074 solis
2530 1018 2717 1074 reditu
2750 1018 3056 1091 perlineas
3088 1020 3308 1076 decem.
3343 1022 3426 1076 Ad
3462 1022 3569 1078 hoc

1929 1122 2113 1159 unum
2145 1107 2487 1176 mysterium
2518 1107 2958 1179 inquirendum,
2993 1108 3165 1181 legati
3200 1110 3353 1180 regis
3383 1112 3570 1184 Baby-

1922 1194 2092 1250 Ioniae
2127 1200 2429 1252 venerunt.
2460 1219 2487 1246 «
2522 1198 2780 1269 Reliquit
2815 1215 2948 1254 eum
3013 1201 3159 1255 Deus
3207 1205 3272 1256 ut
3312 1205 3572 1258 tentare-

1924 1289 2020 1339 tur
2054 1303 2065 1352 ;
2104 1306 2132 1333 »
2167 1285 2305 1356 quia
2336 1303 2451 1341 non
2484 1288 2784 1359 prohibuit
2812 1288 2859 1344 ei
2897 1305 2996 1360 per
3018 1290 3355 1361 prsphetam
3381 1296 3571 1347 osten‘

1923 1374 2058 1429 dere
2085 1374 2397 1430 thesauros
2429 1393 2587 1446 suos,
2615 1378 2713 1432 sed
2748 1378 3057 1435 thesauros
3092 1380 3304 1435 domus
3336 1380 3569 1437 Domini

1926 1462 2082 1517 unde
2107 1469 2163 1517 et
2196 1468 2399 1534 postea
2429 1464 2500 1520 ab
2530 1467 2733 1521 eodem
2765 1467 3047 1539 propheta
3077 1469 3424 1541 objurgatus
3463 1475 3570 1527 est.

1997 1552 2183 1618 (Vers.
2219 1553 2335 1623 33.)
2369 1575 2396 1601 ‹‹
2430 1554 2498 1608 Et
2529 1555 2885 1626 sepelierunt
2916 1573 3049 1612 eum
3080 1573 3258 1629 super
3308 1559 3576 1630 sepulcra

1926 1638 2184 1694 ﬁliorum
2223 1639 2416 1696 David.
2452 1663 2480 1693 »
2515 1643 2586 1697 Et
2616 1643 2726 1699 hoc
2754 1646 3077 1699 notandum
3131 1647 3270 1717 quia
3294 1647 3579 1703 excelsius

1934 1728 2269 1800 sepulcrum
2304 1731 2527 1787 caeteris
2560 1731 2696 1788 ﬁliis
2726 1733 2906 1789 David
2938 1734 3146 1791 habuit
3166 1735 3581 1807 meritipraero-

1934 1816 2147 1889 gativa.

2005 1907 2166 1978 (Cap.
2207 1907 2448 1964 XXXIII.
2482 1941 2549 1949 —
2592 1910 2753 1965 Vers.
2786 1912 2864 1983 3.)
2923 1935 2951 1961 ‹‹
3012 1913 3079 1969 Et
3134 1912 3397 1968 adoravit
3455 1929 3578 1968 om-

1933 2011 2067 2050 nem
2108 1995 2378 2051 militiam
2428 1996 2575 2052 cmli.
2631 2019 2660 2048 »
2713 1999 3027 2054 Duodecim
3087 2000 3276 2072 signa,
3336 2018 3463 2072 quze
3520 2001 3578 2055 in

1931 2083 2167 2139 zodiaco
2198 2089 2358 2150 sunt,
2396 2090 2460 2140 ut
2488 2087 2749 2142 tradunt.

2003 2173 2190 2243 (Vers.
2225 2174 2305 2244 3.)
2340 2195 2368 2224 «
2396 2175 2715 2231 JEdiﬁcavit
2748 2178 2943 2231 autem
2976 2192 3043 2231 ea
3073 2180 3278 2233 cuncto
3300 2176 3601 2233 exercitui

1931 2259 2074 2326 caeli,
2110 2283 2138 2310 ν
2166 2262 2219 2316 id
2249 2266 2356 2329 est,
2401 2263 2510 2318 sub
2565 2263 2801 2320 nomine
2845 2264 3145 2320 stellarum
3192 2266 3575 2335 daemonibus,

1930 2351 1991 2404 in
2021 2349 2168 2404 valle
2199 2352 2491 2418 Benenon,
2527 2369 2659 2424 quas
2691 2352 2803 2409 alio
2826 2352 2949 2409 loco
2981 2354 3299 2410 Gebennon
3341 2355 3575 2423 dicitur,

1934 2437 1992 2493 id
2020 2442 2129 2506 est,
2164 2462 2191 2489 ‹‹
2224 2439 2392 2495 vallis
2440 2440 2698 2496 ﬁliorum
2739 2443 2964 2498 Ennon.
3021 2464 3049 2492 ››
3100 2445 3202 2499 Est
3250 2444 3403 2499 enim
3456 2443 3579 2499 haec

1932 2524 2090 2581 haud
2123 2527 2322 2599 procul
2338 2529 2410 2585 ab
2431 2529 2855 2597 Jerusalem,de
2877 2548 2993 2604 qua
3014 2531 3071 2587 in
3091 2532 3575 2605 Jeremia(lerem.

1932 2617 2177 2687 vn.-32),
2212 2618 2357 2673 etin
2399 2618 2621 2691 Regum
2675 2620 2827 2691 (Reg.
2879 2638 3018 2688 xxn,
3072 2622 3160 2692 10)
3215 2620 3363 2678 libro
3411 2622 3580 2694 plene

1933 2704 2235 2761 scribitur.
2269 2707 2357 2762 Ab
2383 2723 2452 2762 ea
2495 2707 2649 2763 enim
2699 2708 2920 2780 origine
2959 2708 3180 2781 accepit
3218 2726 3428 2766 nomen
3466 2714 3578 2767 Ge-

1932 2791 2144 2849 hcnna.

2004 2882 2185 2954 (Vers.
2219 2885 2333 2956 l0.)
2364 2908 2383 2934 ι
2422 2885 2789 2957 Locutusque
2820 2891 2909 2943 est
2942 2888 3224 2943 Dominus
3253 2887 3324 2943 ad
3364 2904 3498 2943 eum
3523 2890 3583 2943 et

1933 2972 2003 3027 ad
2039 2973 2319 3045 populum
2347 2975 2497 3045 ejus,
2530 2980 2587 3030 et
2612 2977 2906 3031 attendere
2940 2976 3254 3032 noluerunt
3295 2981 3352 3031 in
3400 2993 3579 3032 manu

1933 3061 2088 3116 Isaim
2129 3063 2440 3134 propheta).
2492 3087 2511 3113 ι
2562 3065 2831 3120 Tradunt
2870 3066 3091 3121 Hebraei
3135 3066 3410 3122 eumdem
3460 3067 3581 3121 Ma-

182 3137 311 3228 pter
339 3137 556 3227 regiam
587 3153 1094 3227 dignitatem,qute
1112 3152 1314 3208 eratin
1346 3154 1517 3209 domo
1548 3153 1821 3225 Ephraim
1855 3137 1897 3203 C
1937 3168 2151 3207 nassen
2183 3151 2370 3207 ﬁlium
2401 3153 2581 3209 fuisse
2612 3153 2743 3209 filiae
2780 3155 2939 3210 Isaiae
2971 3154 3067 3226 (α),
3110 3159 3166 3211 et
3195 3155 3323 3211 ideo
3373 3155 3432 3228 in
3474 3155 3583 3211 hoc

255 3242 437 3314 (Vers.
473 3243 588 3315 18.)
615 3265 644 3294 ‹‹
690 3244 901 3315 Magna
947 3242 1105 3298 enim
1151 3259 1286 3314 pars
1321 3241 1521 3314 populi
1573 3243 1828 3298 comedit

181 3332 510 3402 Phase,non
518 3333 687 3402 juxta
709 3333 861 3403 quod
889 3331 1175 3402 scriptum
1198 3334 1341 3385 est.»
1359 3330 1651 3403 Scriptum
1669 3331 1825 3387 enim

183 3424 329 3487 erat,
362 3424 430 3476 ut
457 3420 557 3492 qui
590 3420 778 3493 primo
810 3437 1011 3477 mense
1041 3437 1152 3476 non
1187 3424 1454 3491 poterant
1504 3421 1825 3475 comedere.

183 3510 446 3566 secundo
500 3510 888 3566 comederent.
950 3509 1124 3565 Venit
1149 3509 1303 3564 enim
1331 3508 1587 3580 plurima
1626 3508 1828 3563 multi-

178 3598 348 3665 tudo,
378 3615 503 3670 quze
536 3598 842 3670 puriﬁcata
872 3615 987 3654 non
1019 3601 1144 3653 erat
1186 3597 1244 3652 in
1297 3613 1498 3652 mense
1546 3599 1824 3666 secundo,

183 3692 243 3745 et
271 3686 411 3758 quia
440 3686 501 3742 in
531 3688 703 3743 tertio
736 3703 938 3743 mense
984 3686 1257 3742 illicitum
1306 3690 1429 3741 erat
1485 3685 1627 3742 illud
1663 3703 1828 3759 pera-

179 3792 339 3850 gere.
374 3776 432 3830 in
464 3776 719 3831 secundo
751 3781 1119 3849 peregerunt.
1171 3776 1280 3831 Pro
1322 3774 1414 3831 bis
1464 3776 1649 3831 oravit
1695 3776 1828 3831 Eze-

181 3864 370 3932 chias,
405 3881 579 3937 quem
610 3865 905 3921 exaudivit
952 3865 1257 3932 Dominus,
1303 3870 1361 3920 et
1419 3863 1684 3935 placatus
1742 3870 1833 3921 est

182 3953 404 4026 populo
446 3970 572 4009 suo.
624 3955 821 4020 Aiunt,
877 3954 1172 4010 neminem
1222 3953 1511 4026 pollutum
1573 3954 1832 4026 potuisse

181 4042 377 4100 Phase
435 4043 761 4110 comedere,
824 4044 967 4116 quin
1003 4042 1199 4099 statim
1236 4046 1641 4111 moreretur,et
1682 4043 1739 4097 in
1765 4060 1831 4098 eo

168 4131 476 4204 placatum
509 4132 822 4188 Dominum
855 4131 1423 4205 cognoverunt,quia
1455 4132 1825 4188 comedentes

165 4220 447 4277 exstincti
482 4236 596 4275 non
628 4226 787 4278 sunt.

240 4310 409 4382 (Cap.
444 4309 657 4375 XXXII.
690 4310 952 4367 —Vers.
1014 4310 1129 4381 21.)
1190 4332 1217 4358 ››
1279 4309 1683 4381 Reversusque
1738 4314 1828 4365 est

163 4415 309 4454 cum
344 4396 667 4470 ignominia
705 4399 764 4454 in
813 4404 1029 4454 terram
1086 4415 1276 4455 suam.
1314 4419 1342 4447 ››
1396 4398 1662 4454 Tradunt
1711 4402 1825 4454 He-

1936 3239 2083 3306 loco,
2120 3258 2459 3314 quanquam
2510 3244 2716 3299 matris
2766 3244 3079 3313 scribatur,
3143 3245 3327 3316 patris
3385 3227 3581 3300 tamen

1935 3328 2098 3384 illius
2130 3347 2241 3384 non
2286 3331 2562 3387 scribitur
2608 3333 2747 3404 quia
2790 3332 3069 3405 indignus
3116 3339 3240 3389 erat
3282 3334 3584 3405 prol‘amus

1938 3434 2032 3471 rex
2056 3422 2215 3474 tanto
2247 3436 2371 3474 avo.
2405 3422 2668 3477 'I‘radunt
2696 3422 2769 3493 (b)
2802 3422 3043 3487 Hebraei,
3079 3422 3293 3478 idcirco
3324 3423 3581 3479 occisum

1940 3507 2170 3573 Isaiam,
2206 3524 2271 3562 eo
2302 3510 2455 3579 quod
2481 3524 2579 3564 eos
2597 3510 2977 3581 appellaverit
3001 3510 3290 3581 principes
3308 3511 3585 3566 Sodomo-

1938 3611 2069 3649 rum
2097 3600 2155 3650 et
2185 3597 2540 3651 Gomorrhze.
2578 3603 2645 3653 Et
2693 3598 2831 3670 quia
2887 3598 3032 3653 dixit
3063 3615 3076 3652 :
3116 3599 3237 3653 Vidi
3293 3600 3585 3653 Dominum

1936 3684 2208 3740 sedentem
2234 3687 2358 3753 (lsa.
2392 3703 2469 3749 v1,
2503 3686 2555 3754 1)
2592 3704 2604 3753 ;
2639 3703 2773 3741 cum
2800 3702 2904 3757 per
2931 3691 3164 3758 Moysen
3189 3686 3401 3741 dixerit
3432 3688 3583 3742 :Non

1938 3775 2083 3829 enim
2115 3773 2316 3829 videbit
2343 3791 2431 3829 me
2479 3774 2635 3830 homo
2691 3784 2741 3830 et
2771 3777 2911 3831 vivet
2962 3776 3153 3847 (Exod.
3211 3792 3413 3840 xxxm,
3469 3776 3581 3846 20).

1940 3862 2011 3918 Et
2040 3861 2178 3933 quia
2202 3861 2347 3917 dixit
2380 3879 2391 3918 :
2430 3863 2598 3919 Addet
2628 3865 2767 3919 Deus
2814 3865 2884 3919 ad
2938 3865 3055 3920 dies
3106 3873 3224 3919 tuos
3275 3865 3587 3935 quindecim

1940 3967 2112 4007 annos
2141 3952 2228 4023 (IV
2259 3954 2388 4021 Reg.
2423 3970 2514 4023 xx,
2546 3954 2601 4022 6)
2629 3971 2650 4016 ,·
2680 3970 2748 4009 ex
2786 3954 2941 4025 quod
2997 3970 3100 4026 per
3131 3954 3361 4026 Moysen
3423 3953 3585 4009 dixe-

1940 4040 2018 4095 rit
2067 4043 2176 4096 :Et
2224 4054 2518 4097 numerum
2564 4043 2779 4098 dierum
2828 4047 3050 4099 tuorum
3094 4045 3344 4115 implebis
3393 4044 3587 4115 (Exod-

1940 4146 2098 4196 χχιιι,
2130 4131 2241 4202 26).
2275 4132 2344 4186 Et
2375 4132 2513 4202 quia
2543 4132 2755 4204 diyerit
2786 4148 2798 4186 :
2833 4133 3073 4201 Quzerite
3124 4135 3418 4189 Dominum
3454 4133 3584 4187 dum

1941 4220 2185 4275 inveniri
2207 4228 2378 4292 potest
2414 4240 2425 4285 ;
2458 4223 2704 4276 invoeate
2741 4238 2863 4277 eum
2921 4222 3053 4277 dum
3106 4239 3272 4294 prope
3330 4230 3407 4276 est
3460 4222 3583 4294 (Isa.

1941 4324 2028 4375 ιν,
2058 4309 2137 4381 6),
2170 4327 2305 4365 cum
2341 4310 2572 4365 dicatur
2606 4329 2617 4366 :
2649 4312 2779 4380 Quis
2808 4319 2889 4367 est
2917 4320 3027 4366 tam
3057 4314 3418 4383 propinquus,
3452 4328 3584 4383 quo-

1938 4399 2103 4454 modo
2164 4400 2428 4455 Dominus
2486 4401 2626 4456 Deus
2681 4410 2881 4468 noster,
2933 4400 3148 4472 quando
3195 4416 3320 4456 eum
3370 4402 3586 4457 invoca-

166 4486 319 4542 brmi
349 4486 437 4542 illi
485 4490 662 4559 caput
708 4491 767 4543 et
811 4488 1056 4543 barbam
1111 4503 1308 4542 rasam
1370 4487 1442 4542 ab
1503 4486 1705 4558 angelo
1764 4487 1822 4542 in
1858 4494 1901 4559 ι)
1935 4504 2059 4543 mus
2092 4489 2269 4559 (Deut.
2304 4505 2378 4552 ιν,
2412 4492 2489 4556 7).

160 4574 588 4648 ignominiam,
630 4579 687 4633 et
731 4576 840 4632 hoc
894 4576 1077 4631 fuisse
1125 4576 1279 4647 quod
1331 4591 1433 4647 per
1480 4576 1824 4648 prophetam

159 4664 399 4720 Isaiam
431 4665 655 4720 dictum
687 4670 778 4722 est
808 4685 821 4734 ;
857 4670 922 4720 In
949 4664 1040 4720 die
1066 4664 1333 4720 ittaradet
1358 4664 1636 4720 novacula
1665 4670 1827 4721 acuta

154 4753 448 4810 conducta
479 4755 539 4809 in
569 4770 696 4823 rege
722 4756 1075 4827 Assyriorum
1129 4762 1292 4826 caput
1345 4762 1400 4809 et
1431 4753 1678 4823 barbam,
1712 4759 1823 4823 etc,

147 4844 300 4917 (Isa,
331 4860 438 4911 vn,
469 4844 559 4899 20.
595 4845 778 4909 Quem
812 4860 945 4900 cum
988 4842 1192 4898 eadem
1254 4842 1579 4914 ignominia
1626 4858 1825 4915 perve—

2009 4576 2196 4649 (Vers.
2228 4577 2341 4649 l3.)
2378 4601 2397 4626 a
2433 4578 2500 4633 Et
2536 4577 2801 4651 cognovit
2832 4577 3134 4635 Manasses
3183 4580 3337 4652 quod
3386 4579 3586 4635 Domi-

1936 4683 2049 4721 nus
2080 4666 2205 4738 ipso
2238 4672 2327 4722 est
2368 4668 2542 4723 Deus.
2606 4690 2631 4716 n
2694 4672 2844 4723 Dum
2906 4669 3063 4723 enim
3122 4668 3182 4723 in
3232 4667 3589 4741 Babylonem

1935 4755 2147 4810 ductus
2170 4754 2401 4820 fuisset,
2435 4759 2492 4811 et
2538 4754 2595 4809 in
2641 4771 2776 4811 vase
2815 4772 2970 4811 aeneo
3012 4755 3298 4827 perforato
3346 4754 3585 4821 missus,

1936 4846 2174 4899 admoto
2219 4843 2364 4915 igni,
2416 4843 2707 4899 invocavit
2758 4842 2955 4899 omnia
3002 4843 3241 4899 nomina
3286 4842 3578 4899 idolorum

142 4932 328 4989 niese
361 4932 434 4989 ad
468 4931 756 5005 templum
797 4933 899 4989 Dei
948 4931 1040 4989 sui
1085 4930 1353 4999 Nesrath,
1409 4947 1582 5003 quem
1625 4932 1827 4989 dicunt
1936 4950 2062 5005 quis
2096 4932 2321 4989 colebat
2349 4952 2362 5002 ;
2386 4937 2443 4988 et
2472 4949 2605 4988 cum
2632 4948 2742 4987 non
2778 4933 2986 4988 fuisset
3018 4932 3088 4988 ab
3115 4933 3200 4988 eis
3246 4933 3581 5002 exauditus,

225 5147 315 5227 (α)
349 5147 693 5229 Abest/ilio;
725 5166 759 5204 a
786 5164 920 5229 meo
937 5165 1047 5204 ms.
1085 5146 1223 5229 Ksed.
1237 5146 1823 5229 graviusrnultptum

135 5218 976 5291 ips'c'cumrAmbrosianus.
1032 5218 1371 5290 vulgatiquc
1428 5220 1558 5275 libri
1613 5222 1825 5280 deinde

184 5307 410 5365 eccere
449 5290 723 5365 videntur
752 5293 811 5347 in
841 5290 1082 5365 vocibus
1107 5293 1407 5365 patriaac
1450 5295 1825 5365 matris,quas

184 5308 410 5346 eecare
449 5308 723 5348 Videntur
752 5310 811 5347 1n
841 5308 1082 5347 vocibus
1107 5308 1306 5362 patris,
1340 5308 1407 5346 ac
1450 5308 1823 5365 matres,quas

126 5308 244 5419 Eia
282 5360 552 5435 putarim
589 5364 997 5437 lranspositas,
1032 5378 1096 5418 ac
1127 5361 1438 5437 legendum
1468 5380 1498 5419 e
1531 5366 1823 5422 contrario

118 5433 485 5508 quanquam
544 5433 769 5508 ηοηιεη⁷
797 5438 995 5508 patris
1028 5433 1326 5503 scribatur,
1386 5438 1582 5508 matris
1643 5441 1825 5493 tamen

126 5504 336 5562 illius
369 5521 483 5562 non
513 5504 810 5564 scribitur;
845 5505 1138 5563 Nimirum
1185 5521 1299 5561 non
1326 5505 1662 5565 nominatur
1701 5512 1825 5567 Ma-

123 5576 365 5635 nassis
398 5581 610 5649 mater,
645 5595 774 5650 quae
804 5576 925 5636 ﬁlia
954 5577 1171 5634 dicitur
1199 5574 1382 5635 Isaiae.
1439 5581 1569 5651 quia
1602 5579 1822 5654 indigus

1933 5160 2053 5208 erat
2097 5149 2377 5223 profanus
2408 5164 2507 5223 rex
2556 5154 2706 5203 tanto
2753 5163 2873 5223 avo,
2926 5145 3148 5223 scilicet
3194 5146 3364 5202 Isaia.
3418 5146 3585 5223 Pater

1931 5241 2065 5278 vero
2097 5217 2225 5293 ejus
2267 5219 2545 5277 Ezechias
2588 5224 2713 5274 tum
2774 5219 2870 5274 hic
2918 5218 3274 5289 nominatur,
3331 5225 3457 5274 tum
3511 5217 3586 5273 IV

1934 5296 2179 5361 Regum,
2213 5309 2329 5347 xxi.

2004 5360 2078 5437 (b)
2110 5366 2316 5420 Confer
2354 5367 2664 5418 Auctorem
2695 5360 2824 5416 libri
2858 5360 2924 5416 de
2955 5362 3244 5437 Prophetis
3273 5361 3427 5437 ap_ud
3457 5360 3587 5437 Epi-

1932 5431 2242 5565 pii'anium,
2308 5440 2365 5489 S.
2428 5450 2662 5507 quoque
2721 5431 3140 5506 Augustinum,
3196 5451 3265 5491 ac
3312 5431 3583 5488 Theodo-

1933 5526 1992 5564 re
2023 5525 2144 5565 um.

1933 5525 2144 5565 retum.
