4070 6166
194 272 356 343 1469

1154 272 1575 340 EXPOSITIO
1619 226 2229 338 lN'l'itltLlNEARlS
2272 274 2480 338 LIBRI
2524 275 2686 339 JOB.

3454 278 3470 331 1
3487 266 3609 334 4'10

269 410 459 487 (Vere.
491 412 607 481 22.)
638 433 667 462 «
717 412 884 467 Anno
933 410 1121 483 primo
1163 410 1291 483 Cyri
1324 410 1402 483 (α)
1452 409 1606 484 regis
1649 410 1851 466 Persa-
1880 417 1933 484 Α
1964 410 2228 467 dixerat:
2268 413 2392 469 Haec
2456 411 2590 467 dicit
2656 411 2915 466 Dominus
2979 408 3182 465 ciu-isto
3240 425 3359 465 meo
3426 408 3603 482 Cyro:

194 519 355 569 rum,
388 502 460 558 ad
493 501 850 574 explendum
891 516 1221 558 sermonem
1270 499 1499 555 Domini
1556 516 1731 571 quem
1763 499 1846 556 lo-

194 597 373 650 cutus
404 591 597 647 fuerat
644 606 743 663 per
791 607 857 646 os
900 590 1187 657 Jeremize,
1233 588 1537 644 suscitavit
1570 590 1850 646 Dominus

197 681 477 755 spiritum
509 679 639 753 Cyri
671 678 824 751 regis
857 679 1186 744 Persarum,
1221 679 1322 749 qui
1346 678 1531 749 jussit
1552 679 1849 750 praedicari

197 772 263 827 in
299 769 571 826 universo
602 783 781 840 regno
813 784 940 839 suo,
992 768 1168 823 etiam
1219 783 1321 838 per
1366 766 1729 837 Scripturam
1760 768 1853 821 di-

197 877 343 917 cens
368 875 382 915 :
413 859 544 914 Hinc
576 857 719 913 dicit
736 858 919 930 Cyrus
942 874 1040 912 rex
1062 857 1369 911 Persarum
1394 873 1406 911 :
1431 855 1642 911 Umnia
1673 873 1856 928 regna

196 954 369 1005 terrae
401 948 561 1004 dedit
588 946 735 1002 mihi
775 946 1057 1002 Dominus
1085 945 1240 1001 Deus
1269 944 1418 1015 coeli,
1451 949 1509 1000 et
1546 945 1671 1016 ipse
1706 962 1854 1016 prie-

143 1074 161 1089 .
198 1038 363 1112 cepit
391 1036 533 1093 mihi
592 1040 658 1091 ut
713 1035 1065 1092 aedificarem
1133 1034 1182 1089 ei
1211 1034 1449 1089 domum
1518 1033 1578 1087 in
1611 1034 1854 1090 Jerusa-

196 1127 340 1184 lem.
379 1150 400 1176 ιι
457 1124 740 1180 Audierat
767 1123 925 1179 enim
992 1123 1360 1195 prophetiam
1428 1122 1611 1194 Isaiae,
1644 1123 1704 1179 in
1738 1141 1855 1194 qua

283 1286 362 1357 (a)
392 1287 537 1341 Tota
567 1284 769 1341 isthaec
791 1282 954 1357 sacri
980 1286 1173 1357 textus
1195 1282 1460 1353 pericope
1484 1287 1708 1357 septem
1741 1285 1859 1339 fere

201 1354 486 1414 versuum
517 1371 707 1428 usque
738 1355 807 1410 ad
840 1354 1092 1421 verba,et
1122 1356 1237 1428 ipse
1264 1355 1521 1428 praecepit
1550 1355 1714 1428 mihi,
1748 1360 1857 1410 etc.

204 1430 269 1485 in
305 1445 434 1484 meo
462 1445 572 1483 ms.
610 1424 758 1482 'non
790 1432 898 1493 est,
970 1424 1161 1497 neque
1225 1424 1282 1497 in
1354 1425 1735 1479 Ambrosiam)
1763 1443 1774 1481 :
1806 1432 1862 1482 et

203 1502 416 1557 abesse
445 1499 684 1571 quidem
717 1497 953 1571 rectius,
987 1496 1202 1551 nedum
1227 1496 1450 1567 absque
1481 1496 1861 1568 expositionis

203 1567 483 1629 subnexa:
514 1567 824 1640 dispendio
862 1574 1075 1640 potest.

282 1644 360 1715 (ὸ)
391 1642 517 1714 (Hic
564 1639 829 1715 addens:
868 1639 1220 1715 ’Exptzciunt
1250 1639 1584 1715 Question“
1633 1640 1694 1693 in
1723 1639 1864 1695 tibro

213 1709 631 1779 Ddbfellamin,
661 1710 913 1777 Vallars,
934 1709 1232 1767 submittit
1253 1714 1453 1765 notam
1477 1714 1865 1781 sequentem.)

1958 517 2115 573 cujus
2153 502 2485 572 apprehendi
2549 517 2779 555 manum
2808 500 2857 571 (1
2884 499 3038 555 Esdr.
3109 500 3167 570 ι).
3205 500 3375 555 Ezras
3414 498 3608 553 scriba

1961 590 2012 646 ei
2047 592 2165 645 haec
2193 589 2355 662 legit,
2424 596 2479 645 et
2509 590 2725 645 idcirco
2792 589 2937 644 dixit
2968 589 3077 643 sibi
3112 606 3144 643 a
3209 589 3454 644 Domino
3497 588 3607 643 hoc

1963 685 2318 751 preceptum
2350 680 2422 734 de
2451 678 2682 734 cunctis
2724 678 2961 749 regibus
3011 682 3319 732 terrarum.
3372 676 3441 731 Hi
3487 677 3602 731 duo

1965 785 2068 840 per
2094 768 2463 840 prophetiam
2530 772 2840 839 antequam
2912 771 3307 836 nascerentur,
3350 766 3601 837 propriis

1966 857 2307 911 nominibus
2337 857 2519 911 vocati
2554 863 2712 922 sunt,
2749 857 2803 910 id
2836 862 2925 911 est
2952 856 3139 911 losias
3171 861 3228 911 et
3274 856 3478 927 Cyrus.
3509 855 3610 910 Jo-

1966 945 2104 1012 sias,
2143 949 2208 1000 ut
2237 946 2562 1000 destrueret
2591 945 2767 1006 idola,
2810 949 2867 998 et
2896 943 3119 999 cultum
3155 944 3253 1000 Dei
3283 946 3604 999 renovaret.

1966 1035 2169 1107 Cyrus,
2200 1039 2266 1089 ut
2297 1033 2497 1089 ruinas
2514 1032 2715 1105 templi
2746 1033 3098 1088 instauraret
3120 1033 3216 1105 (ὁ).

1967 1283 2060 1338 Sic
2092 1284 2308 1338 habent
2341 1299 2528 1348 meus,
2562 1287 2737 1353 atque
2777 1282 3147 1337 Ambrosian.
3228 1299 3337 1336 ms.
3392 1283 3453 1337 In
3488 1299 3616 1337 meo

1970 1359 2167 1410 autem
2201 1356 2666 1424 subsequuntur,
2701 1355 2759 1407 in
2808 1354 3054 1408 [labaeuc
3103 1354 3417 1424 prophetam
3453 1355 3616 1422 Quae-

1970 1428 2188 1481 stiones.
2225 1423 2574 1496 Hieronymo
2622 1425 2912 1495 ascripta).
2971 1423 3219 1495 quarum
3253 1423 3359 1479 hoc
3389 1429 3476 1479 est
3505 1424 3616 1479 ini-

1972 1497 2120 1551 tium
2155 1514 2166 1551 :
2203 1498 2516 1567 Ubicunque
2547 1511 2681 1550 onus
2710 1496 2861 1550 verbi
2882 1497 3098 1550 Domini
3117 1496 3618 1564 ponitur,gravedo

1972 1569 2034 1622 in
2089 1568 2385 1638 prophetia
2450 1568 2580 1638 illa,
2620 1568 2892 1633 signatur.
2962 1567 3068 1621 Sed
3102 1567 3615 1638 Hieronymianum

1976 1636 2200 1693 nomen
2223 1637 2459 1693 mentiri
2526 1636 2762 1692 illarum
2828 1641 3152 1704 auctorem,
3193 1636 3337 1691 nihil
3368 1642 3457 1692 est
3513 1639 3621 1692 du-

1978 1709 2164 1766 bium.

204 2002 3600 2050 am

1507 2287 2328 2387 ADMONITIO

1000 2554 1071 2609 IN
1105 2553 1667 2617 SUBSEQUENTEM
1690 2548 2214 2607 EXPOSITIONEM
2249 2544 2830 2601 INTERLINEAREM

1558 2778 1738 2903 [Ν
1864 2726 2351 2904 JOBg

291 3287 497 3345 Nullos
526 3286 585 3343 in
615 3288 830 3345 Jobum
864 3287 1328 3345 Commentarios
1360 3289 1749 3361 Hieronymus
1780 3289 1972 3345 cudit:
2008 3290 2119 3346 nisi
2155 3290 2203 3346 si
2237 3291 2383 3347 forte
2421 3307 2555 3347 cum
2590 3292 2924 3360 Quaestiones
2979 3290 3268 3347 Hebraicas
3313 3290 3371 3345 in
3401 3288 3635 3345 univer-

216 3395 347 3436 sam
379 3378 741 3450 Scripturam
774 3378 1176 3445 meditaretur,
1209 3395 1354 3450 quas
1388 3382 1609 3448 tamen,
1641 3380 1896 3450 exceptis
1929 3396 2055 3451 quae
2088 3380 2144 3435 in
2177 3380 2448 3437 Genesim
2481 3387 2639 3447 sunt,
2672 3386 2896 3437 mutato
2936 3380 3201 3446 consilio,
3245 3384 3346 3436 aut
3397 3378 3630 3452 penitus

218 3466 557 3539 dereliquit,
591 3471 693 3523 aut
716 3466 878 3527 intra
904 3466 1255 3522 domesticos
1288 3467 1539 3540 parietes
1575 3468 1760 3540 perire
1791 3467 2022 3537 maluit,
2057 3469 2116 3523 in
2164 3469 2375 3525 Jobum
2402 3487 2633 3542 quoque
2679 3470 2814 3525 licia
2846 3471 3112 3541 quaedam
3160 3486 3225 3524 ac
3266 3466 3636 3541 subtegmina

216 3556 469 3613 texendo
500 3555 659 3629 operi
690 3556 1053 3628 praeparavit.
1086 3560 1207 3611 Hoc
1239 3562 1430 3612 ratum
1464 3561 1803 3629 certumque
1836 3562 1897 3613 ut
1926 3558 2023 3629 sit,
2055 3557 2243 3629 longis
2275 3559 2333 3613 in
2366 3564 2675 3630 utramque
2699 3562 2920 3630 partem
2945 3558 3444 3630 disputationibus
3463 3572 3629 3611 exsu-

231 3646 356 3702 lare
373 3645 586 3717 jussis,
619 3661 737 3700 una
766 3644 886 3700 haec
916 3645 1156 3700 demum
1189 3661 1366 3702 causa
1398 3645 1719 3718 praevaleat.
1753 3647 2067 3719 Nunquam
2119 3646 2407 3717 ejusmodi
2441 3646 2851 3702 Commentarii
2887 3650 2987 3701 aut
3038 3645 3304 3701 meminit
3355 3646 3633 3716 Hierony-

222 3751 362 3791 mus
388 3734 563 3790 verbo
591 3738 786 3800 tenus,
819 3736 921 3788 aut
950 3749 1102 3805 pone
1132 3738 1463 3789 secutorum
1497 3738 1825 3807 temporum
1858 3734 2192 3792 testimonia
2223 3752 2424 3790 eorum
2459 3736 2557 3807 qui
2589 3734 2852 3805 legerint,
2895 3738 2995 3789 aut
3041 3733 3293 3790 viderint
3322 3741 3636 3791 occurrunt

217 3822 366 3891 ulla,
397 3821 448 3878 si
479 3822 693 3878 Bedam
724 3821 1016 3894 excipias:
1053 3826 1155 3877 aut
1184 3822 1436 3894 denique
1467 3823 1794 3895 fragmenta
1859 3821 1980 3879 ulla
2009 3828 2109 3878 aut
2140 3822 2395 3893 reliquiae
2465 3827 2803 3894 supersunt,
2837 3838 2963 3894 quae
2993 3823 3192 3895 γνήσια
3258 3822 3379 3878 sint
3410 3840 3474 3879 ac
3506 3840 3635 3880 vere

218 3910 695 3984 Hieronymiana.
727 3910 956 3967 Criticis
974 3915 1168 3967 autem
1200 3912 1395 3984 magni
1422 3912 1677 3967 nominis
1699 3911 1979 3985 imposuit
2001 3911 2266 3968 falsaloci
2289 3912 2598 3983 cujusdam
2619 3912 3185 3968 Commentariorum
3208 3912 3267 3969 S.
3288 3912 3551 3968 Doctoris
3574 3912 3632 3967 in

221 3999 418 4056 Αωοεί
451 4017 579 4073 cap.
612 4016 646 4055 v
675 3998 867 4067 lectio,
902 4015 1031 4071 quae
1062 4000 1283 4055 dudum
1318 4001 1554 4069 ferebat,
1588 4001 1768 4057 Nahas
1798 4004 1856 4057 in
1886 4003 1981 4058 Job
2002 4002 2313 4074 appellatur
2334 4001 2635 4057 Leniat/ian
2655 4002 2719 4057 de
2738 4003 2894 4073 cujus
2908 4006 3133 4071 natura,
3155 4005 3207 4056 et
3228 4010 3435 4058 terrore
3454 4004 3636 4059 mutti-

215 4089 360 4161 plici
381 4089 601 4161 plenius
630 4090 746 4160 ipso
775 4089 1056 4144 volumine
1081 4088 1349 4157 diximus,
1373 4106 1509 4145 cum
1534 4090 1768 4162 penitus
1788 4090 2016 4147 diverso
2043 4108 2242 4157 sensu,
2264 4091 2525 4146 discimus
2546 4090 2842 4162 scripserit
2868 4090 2947 4145 ibi
2967 4092 3024 4146 S.
3050 4091 3219 4146 Pater
3239 4108 3341 4162 pro
3369 4091 3634 4163 diximus,

219 4176 725 4249 quemadmodum
758 4181 815 4233 et
846 4176 1222 4233 Martianaeus
1250 4194 1279 4233 e
1310 4179 1541 4235 duobus
1572 4195 1714 4235 mss.
1751 4180 2023 4247 restituit,
2058 4184 2115 4235 et
2144 4197 2250 4235 nos
2278 4198 2308 4236 e
2340 4178 2606 4252 pluribus
2636 4178 2787 4243 aliis,
2836 4183 3010 4251 atque
3058 4179 3128 4234 iis
3177 4196 3316 4235 sane
3345 4179 3636 4252 antiquis-

218 4263 416 4329 simis,
449 4281 565 4319 uno
594 4264 653 4320 S.
686 4264 887 4321 Crucis
918 4264 979 4321 in
1009 4264 1336 4322 Jerusalem
1367 4267 1439 4323 de
1469 4266 1620 4322 Urbe
1649 4268 1803 4323 circa
1832 4285 2051 4324 annum
2083 4267 2666 4342 septingentesimum
2700 4267 2933 4340 scripto,
2969 4268 3201 4324 duobus
3233 4267 3638 4325 Palatino-Va-

214 4352 433 4408 ticanis
461 4353 636 4426 paulo
667 4354 957 4427 sequioris
989 4354 1290 4427 temporis,
1323 4360 1497 4427 atque
1526 4356 1680 4425 aliis,
1725 4373 1871 4428 quos
1900 4357 1969 4412 ad
2004 4373 2137 4412 eum
2187 4356 2380 4412 locum
2426 4356 2820 4423 laudabimus,
2866 4373 2969 4428 pro
3017 4361 3171 4412 certo
3218 4356 3539 4412 asserimus
3581 4361 3639 4413 et

225 4441 671 4500 conﬁrmamus.
714 4442 1045 4500 Germanus
1074 4443 1183 4499 loci
1214 4446 1341 4517 ejus
1372 4462 1582 4501 sensus
1610 4445 1707 4501 hic
1737 4451 1861 4502 est:
1893 4463 1963 4502 ex
1990 4447 2117 4518 ipso
2147 4446 2279 4502 Jobi
2307 4445 2622 4514 volumine,
2666 4444 2771 4500 hoc
2818 4450 2905 4499 est
2953 4444 3140 4517 capite
3187 4445 3639 4517 quadragesimo

223 4532 284 4585 et
312 4532 599 4603 sequenti,
630 4549 805 4605 posse
835 4550 943 4589 nos
975 4534 1045 4589 de
1076 4537 1284 4589 natura
1311 4539 1647 4606 terroreque
1691 4534 2001 4607 multiplici
2054 4534 2365 4590 Leviatban
2415 4551 2481 4591 ac
2529 4534 2799 4591 Beemoth
2849 4532 3080 4606 plenius
3122 4532 3341 4606 aliquid
3394 4534 3636 4602 discere,

221 4618 468 4675 minime
492 4637 627 4675 vero
657 4620 904 4689 editum,
938 4623 1058 4678 sive
1088 4622 1496 4679 elucubratum
1531 4624 1634 4680 abs
1664 4624 2013 4697 Hieronymo
2043 4623 2102 4678 in
2132 4624 2237 4679 Job
2268 4623 2785 4679 Commentarium.

293 4706 425 4762 Hinc
453 4724 587 4764 cum
620 4710 702 4765 ita
731 4727 793 4766 se
823 4710 1103 4783 habeant,
1136 4729 1319 4768 unum
1354 4713 1643 4786 reliquum
1676 4719 1786 4784 est,
1821 4715 1891 4768 de
1923 4730 2124 4769 eorum
2177 4714 2277 4785 qui
2329 4715 2437 4768 sub
2485 4713 2821 4785 Hieronymi
2874 4712 3108 4767 nomine
3156 4711 3642 4767 circumferentur

214 4795 791 4854 Commentariorum
824 4799 882 4855 in
915 4816 1049 4856 cum
1081 4799 1299 4857 librum
1330 4807 1564 4859 auctore
1596 4801 1950 4874 perquirere.
1979 4804 2103 4868 Qua
2134 4803 2191 4857 in
2224 4819 2284 4858 re
2316 4803 2457 4857 illud
2491 4818 2621 4857 cum
2653 4802 2862 4874 primis
2906 4806 2993 4857 est
3035 4799 3637 4870 animadvertendum,

214 4884 515 4955 ejusmodi
548 4886 741 4959 operis
772 4892 1024 4960 quatuor
1050 4893 1473 4964 propemodum
1525 4908 1672 4959 esse,
1709 4897 1773 4947 ut
1835 4907 1940 4965 ego
1972 4892 2207 4964 quidem
2276 4892 2498 4964 opinor,
2535 4891 2709 4946 unius
2776 4889 3110 4963 scriptionis
3177 4887 3545 4960 exemplaria,
3580 4893 3643 4945 ut

213 4970 398 5045 vulgo
430 4977 624 5031 autem
658 4977 1021 5045 existimant,
1053 4979 1280 5036 diversa
1310 4986 1698 5054 syntagmata.
1733 4981 2019 5048 Primum,
2051 4983 2206 5053 quod
2241 4981 2826 5053 llicronymianorum
2859 4980 3109 5051 Oporum
3144 4983 3436 5051 postremo
3485 4982 3641 5034 tomo

217 5060 379 5117 inter
407 5062 662 5121 ascititia
692 5072 1030 5125 recensetur
1059 5069 1206 5142 (suis
1231 5071 1389 5126 enim
1422 5072 1885 5144 unumquodque
1916 5070 2070 5128 notis
2116 5071 2421 5145 designare
2472 5072 2742 5142 oportet),
2771 5073 3027 5126 Joannes
3073 5067 3390 5124 Sichardus
3438 5084 3470 5123 e
3508 5068 3639 5129 Fui-

220 5149 395 5205 densi
425 5150 781 5211 bibliotheca
811 5156 985 5224 eruit,
1015 5159 1388 5232 vulgavitque
1419 5160 1670 5215 Basilina:
1702 5178 1796 5216 an.
1825 5163 1981 5226 1527,
2016 5159 2278 5232 illudque
2326 5158 2572 5230 Pilippo,
2606 5158 2703 5229 qui
2760 5159 2817 5213 S.
2869 5157 3200 5228 Hieronymi
3257 5155 3504 5227 insignis
3535 5173 3640 5211 au-

215 5235 380 5292 ditor
408 5238 540 5303 fuit,
575 5258 681 5298 nec
715 5243 885 5317 plane
914 5245 1231 5315 immerito,
1267 5250 1597 5316 ascribitur,
1629 5252 1859 5305 tametsi
1895 5250 2100 5305 alienis
2133 5248 2424 5303 interdum
2460 5248 2831 5319 glossematis
2880 5245 3215 5317 interpolari
3266 5245 3641 5316 perspicuum

205 5325 310 5380 sit.
347 5325 635 5385 Alterum.
671 5332 718 5386 si
756 5334 925 5389 modo
957 5353 990 5390 a
1021 5337 1214 5408 priore
1245 5355 1431 5409 usque
1463 5340 1606 5394 adeo
1640 5339 1933 5393 diversum
1967 5343 2075 5404 est,
2114 5338 2167 5392 in
2208 5338 2369 5392 Beda:
2402 5338 2652 5409 Operum
2688 5334 3031 5391 collectione
3074 5339 3230 5389 tomo
3262 5332 3334 5388 1V
3352 5332 3646 5388 invenitur

212 5411 490 5471 Nectario
523 5418 783 5487 cuidam,
818 5427 918 5478 aut
949 5424 1230 5492 Vecterio,
1262 5425 1381 5480 sive
1412 5427 1629 5490 abbati,
1664 5426 1781 5483 sive
1824 5426 2095 5499 episcOpo
2147 5426 2515 5497 inscriptum,
2566 5424 2797 5479 auctius
2828 5423 3190 5491 Prmiationc,
3227 5421 3642 5492 nonnullisque

218 5500 284 5555 in
318 5500 445 5573 ipso
479 5521 653 5575 opere
693 5526 763 5565 ex
818 5511 984 5568 Beda:
1015 5512 1249 5584 ingenio
1280 5517 1662 5572 assumentis.
1695 5517 1954 5573 Tertium
1986 5514 2387 5571 Martianaeum
2417 5513 2804 5587 appellamus,
2838 5518 3043 5584 estque
3062 5512 3183 5568 haec
3216 5512 3343 5584 ipsa
3364 5527 3491 5582 quae
3512 5510 3646 5564 sub-

213 5589 502 5658 nectitur,
533 5594 914 5656 Intertinearis
942 5603 1245 5672 Expositio,
1280 5619 1456 5675 quam
1492 5604 1751 5676 primum
1784 5604 1881 5661 ille
1911 5621 1941 5661 e
1977 5602 2309 5662 Corbeiensi
2343 5603 2597 5675 quodam
2630 5617 2743 5658 ms.
2779 5598 2964 5659 edidit
3011 5605 3069 5656 et
3115 5600 3350 5659 laudato
3381 5595 3643 5665 Philippo
