4084 6176
528 338 677 402 1471
836 378 847 383 -
2015 340 2141 403 AP]

2198 338 2431 403 BNDlX.
3710 354 3811 420 tm

524 472 879 544 S._‘.-Doctoris
913 472 1093 529 nostri
1124 472 1411 546 discipulo
1442 476 1737 545 acceptam
1768 471 2091 529 certissime
2120 474 2294 530 refert
2318 492 2386 530 ex
2419 490 2485 531 eo
2534 476 2689 547 quod
2738 475 3017 537 librarius
3071 481 3255 539 codici
3298 484 3527 542 attexuit
3554 486 3813 559 bujusmodi

523 563 893 619 testimonio:
929 565 1055 620 lla’c
1086 565 1458 634 interpretatio
1504 566 1759 634 excerpta
1789 571 1865 619 est
1902 562 1965 616 de
1995 563 2340 633 Expositione
2385 564 2654 637 Philippi.
2706 568 2988 632 Quartum
3035 571 3288 645 denique
3337 578 3423 630 est
3451 574 3816 634 Meibomianum

524 653 594 709 de
627 653 860 708 nomine
893 653 1070 708 Marci
1102 654 1412 720 Meibomii,
1447 653 1503 708 in
1536 654 1705 723 cujus
1734 651 2090 707 bibliotheca
2137 653 2401 709 exstabat
2452 656 2702 727 Trajecti
2753 658 3121 733 Batavorum,
3174 664 3328 734 quod
3375 663 3469 720 ille
3507 683 3599 737 pro
3639 667 3818 739 genuino

526 742 856 814 Hieronymi
885 743 999 798 fetu
1032 742 1387 806 venditabat,
1420 746 1475 796 et
1498 742 1840 813 priusquam
1870 741 2163 813 specimen
2186 758 2255 796 ex
2304 759 2371 797 eo
2424 744 2482 799 in
2536 744 2743 817 vulgus
2788 749 3064 819 prodiret,
3117 768 3217 821 pro
3267 768 3533 824 germano
3560 754 3819 810 habebatur.

596 832 875 896 Diximus,
911 849 1021 886 non
1058 831 1175 885 haec
1205 831 1385 885 videri
1419 830 1589 885 nobis
1620 830 1911 885 variorum
1943 834 2250 885 auctorum
2283 830 2667 903 ὑπομνήματα,
2721 837 2821 891 sed
2873 854 2941 893 ex
2988 856 3104 894 uno
3153 856 3324 912 opere
3361 842 3513 896 varia
3538 844 3822 898 consemine-

519 925 711 977 torum
744 928 1029 993 excerpta,
1062 921 1161 991 qui
1195 938 1296 991 pro
1328 920 1512 975 lubito
1545 925 1645 975 aut
1674 919 1862 975 fusius
1892 919 2184 991 descripta
2215 921 2598 987 imminuunt,
2633 928 2736 978 aut
2765 941 2893 996 quas
2939 927 3131 982 sobrie
3174 929 3332 984 dicta
3382 929 3711 995 videbantur,
3736 947 3823 985 am-

519 1010 798 1082 plificant.
834 1012 912 1066 De
942 1012 1173 1065 duobus
1204 1027 1328 1081 quae
1352 1010 1538 1081 primo
1570 1010 1692 1064 loco
1724 1009 2124 1074 nominamus,
2156 1009 2299 1064 nihil
2332 1016 2423 1066 est
2448 1012 2715 1081 dubium,
2748 1014 2798 1068 si
2831 1014 3077 1071 invicem
3110 1018 3376 1073 conferas
3399 1036 3412 1073 :
3436 1018 3657 1073 totidem
3677 1035 3824 1089 nempe

518 1100 735 1155 nedum
769 1100 1088 1163 sententias,
1116 1100 1215 1155 sed
1250 1100 1365 1154 fere
1395 1103 1533 1154 sunt
1559 1098 1617 1152 in
1651 1103 1899 1168 utroque
1928 1099 2143 1166 verba;
2175 1116 2208 1152 a
2238 1100 2426 1170 capite
2477 1104 2673 1156 autem
2723 1120 2833 1157 xxx
2884 1105 2956 1159 ad
3004 1105 3180 1161 ﬁnem
3224 1123 3407 1176 usque
3455 1107 3640 1162 eadem
3668 1107 3826 1162 utrobi-

516 1204 629 1259 que
661 1192 717 1242 et
748 1189 940 1254 verba,
977 1204 1047 1243 ne
1079 1187 1350 1243 coronide
1382 1188 1618 1259 quidem
1652 1187 1863 1257 operis,
1899 1192 1963 1241 ut
1989 1185 2257 1242 Valesius
2288 1188 2387 1257 ait,
2422 1190 2831 1260 praetermissa.
2865 1192 3027 1255 Quod
3080 1193 3126 1249 si
3180 1193 3463 1266 ampliora
3506 1194 3754 1250 interdum
3788 1195 3825 1249 in

516 1276 697 1332 altero
729 1282 1041 1332 occurrunt
1072 1282 1434 1341 assumcnta,
1467 1278 1576 1331 hoc
1609 1276 1885 1331 nimirum
1922 1276 2087 1330 Bedaa
2118 1275 2353 1346 ingenio
2386 1277 2647 1332 dandum
2686 1284 2795 1346 est,
2829 1280 2922 1335 cui
2955 1281 3141 1337 multa
3167 1283 3545 1339 vetustiorum
3573 1284 3765 1355 scriptis
3784 1284 3829 1337 de

513 1384 619 1422 suo
647 1370 896 1421 attexere
930 1367 1189 1423 solemne
1221 1367 1366 1421 fuit:
1401 1366 1738 1436 falliturque
1768 1366 1910 1420 adeo
1944 1364 2247 1436 splendide
2278 1364 2595 1433 Victorius,
2628 1366 2727 1437 qui
2761 1369 2915 1439 quod
2948 1368 3220 1441 Philippo
3250 1371 3544 1442 tribuitur,
3577 1370 3715 1427 Beda
3745 1388 3829 1426 ma-

512 1454 621 1511 luit
650 1456 1143 1527 ascribere,atque
1174 1472 1204 1510 e
1234 1472 1531 1523 converso,
1571 1455 1723 1526 quod
1754 1455 1906 1508 Beda
1934 1452 2375 1521 consarcinavit,
2414 1454 2682 1526 Philippo
2708 1455 2932 1511 tribuit.
2988 1457 3245 1513 Tertium
3298 1459 3442 1530 ipsa,
3495 1476 3616 1531 quae
3643 1459 3829 1530 apponi-

510 1547 607 1599 tur
635 1544 880 1599 studiosi
913 1550 1071 1610 nota,
1106 1546 1152 1600 si
1187 1549 1390 1600 cratera
1420 1544 1689 1598 deessent
1717 1546 2083 1615 argumenta,
2138 1558 2167 1597 e
2198 1541 2449 1613 Philippi
2503 1543 2942 1599 commentariis
2974 1545 3222 1600 derivari
3289 1547 3611 1618 persuadet.
3641 1545 3767 1603 Idem
3789 1547 3828 1602 in
3917 1598 3926 1609 ,

509 1632 724 1696 Quarto
758 1634 1210 1705 deprehendisse
1236 1634 1381 1688 mihi
1412 1634 1572 1688 visus
1605 1650 1759 1702 sum,
1792 1632 2027 1687 tametsi
2061 1635 2247 1687 totum
2280 1632 2337 1685 in
2370 1647 2435 1686 eo
2469 1631 2640 1685 fuerit
2674 1634 3163 1690 consarcinatoris
3193 1635 3322 1706 ejus
3351 1636 3624 1691 studium.
3648 1641 3716 1701 ut,
3742 1652 3830 1689 mu~

506 1721 644 1775 tatis
676 1721 980 1793 paululum
1012 1723 1221 1788 verbis,
1254 1721 1479 1787 lateret,
1514 1721 1920 1783 Heumantius,
1955 1719 2055 1791 qui
2087 1719 2145 1774 in
2177 1720 2333 1774 Actis
2366 1720 2656 1775 Eruditor.
2692 1721 3002 1792 Lipsiens.,
3038 1740 3190 1778 anno
3226 1723 3358 1779 17H
3412 1728 3662 1797 excerpta
3701 1739 3755 1778 ex
3787 1740 3831 1779 eo

506 1811 771 1877 quadam
802 1810 1076 1883 vulgavit,
1111 1810 1410 1881 ingenium
1440 1810 1499 1864 in
1533 1826 1598 1863 eo
1631 1810 1853 1864 Rabani
1886 1808 2071 1863 Mauri
2105 1808 2216 1862 sibi
2248 1807 2408 1863 visus
2440 1812 2528 1863 est
2579 1808 3053 1881 deprehendisse,
3088 1815 3146 1865 et
3202 1827 3337 1866 cum
3400 1812 3601 1883 primis
3645 1810 3751 1882 styli
3788 1828 3830 1865 ac

507 1898 762 1953 methodi
795 1915 1088 1953 summam
1124 1898 1608 1961 convenientiam,
1643 1898 1795 1968 quod
1830 1896 2034 1952 multis
2068 1896 2124 1950 in
2160 1896 2350 1950 medio
2375 1896 2646 1952 adductis
2671 1896 2813 1953 locis
2835 1903 3082 1954 conatur
3102 1900 3429 1956 ostendere.
3451 1901 3674 1956 Minime
3691 1903 3830 1955 autem

502 1985 628 2058 ipse
658 1988 941 2042 dit‘fitetur
969 1987 1303 2059 scriptionis
1332 1985 1671 2055 exilitatem,
1704 1992 1768 2041 ut
1802 2003 1913 2040 non
1950 2001 2300 2057 magnopere
2330 1986 2401 2039 de
2433 1986 2655 2057 Repub.
2718 1985 3004 2042 litteraria
3035 1988 3381 2044 meriturum
3415 2006 3546 2046 eum
3597 1990 3702 2044 fore
3724 1988 3831 2042 dicat

503 2075 604 2146 qui
637 2075 799 2131 illam
831 2076 889 2131 in
922 2076 1107 2131 lucem
1141 2077 1424 2148 producat
1479 2076 1786 2147 integram,
1822 2075 2051 2146 plenam
2110 2074 2325 2146 quippe
2356 2074 2626 2141 indoctis,
2659 2079 2714 2129 et
2743 2075 3005 2132 ridiculis
3058 2078 3233 2133 etiam
3278 2078 3829 2150 interpretationibus:

503 2164 836 2237 rectiusque
865 2165 1050 2221 multo
1081 2165 1371 2220 facturum
1404 2164 1558 2236 quod
1593 2169 1649 2217 et
1679 2164 1846 2218 nobis
1880 2163 2117 2235 placuit,
2151 2164 2250 2233 qui
2276 2180 2343 2218 ex
2368 2162 2465 2218 illo
2504 2164 2892 2236 sterquilinio,
2925 2166 3081 2237 quod
3115 2166 3257 2222 utile
3304 2166 3614 2237 videretur,
3652 2166 3832 2238 collige-

500 2258 606 2323 ret,
641 2271 706 2309 ac
731 2271 995 2310 seorsum
1028 2255 1241 2322 ederet,
1274 2254 1328 2309 id
1366 2254 1519 2325 quod
1555 2270 1672 2308 una
1700 2252 1788 2307 vel
1819 2252 2001 2308 altera
2030 2250 2257 2325 pagella
2286 2251 2700 2323 comprehendi
2733 2254 2940 2325 potuit.

569 2370 674 2424 Sed
708 2375 847 2426 sunt
877 2376 1155 2442 praeterea
1186 2372 1302 2426 duo
1360 2388 1504 2425 mss.
1540 2370 1785 2440 codices,
1843 2368 1940 2441 qui
1979 2368 2407 2441 Uieronymitani
2468 2368 2726 2425 nominis
2756 2372 3198 2444 praerogativam
3230 2371 3342 2427 sibi
3399 2372 3704 2443 vendicent,
3730 2387 3835 2443 quos

509 2462 703 2514 tamen
736 2465 935 2532 utpote
966 2461 1112 2515 nihil
1148 2461 1297 2516 inter
1317 2476 1376 2515 se
1429 2459 1709 2527 diversos,
1741 2458 1826 2514 sic
1852 2476 2034 2512 unum
2093 2458 2366 2529 idemque
2392 2474 2527 2512 cum
2583 2458 2968 2515 Meibomiano
2999 2475 3126 2515 esse
3183 2460 3599 2516 contenderim.
3631 2459 3835 2515 Alterum

505 2547 927 2615 Romanurum,
952 2548 1199 2604 alterum
1226 2548 1645 2603 Duboisianum
1673 2545 1969 2618 exemplar
1984 2563 2149 2615 voco,
2176 2547 2329 2618 quod
2360 2546 2417 2600 in
2442 2544 2853 2602 bibliothecam
2881 2547 3301 2604 Duboisianam
3320 2566 3355 2604 a
3376 2548 3449 2603 cl.
3476 2549 3730 2621 Bignonio
3748 2546 3835 2601 illa-

495 2639 620 2690 tum
658 2639 827 2693 annis
859 2638 1067 2693 abhinc
1099 2639 1279 2694 ferme
1309 2638 1509 2693 decem
1539 2637 1694 2706 Ilajae
1727 2637 2071 2691 distractum
2105 2636 2373 2691 auctione
2411 2639 2519 2690 est.
2572 2636 2709 2707 Ejus
2754 2637 3171 2709 praestantiam,
3225 2642 3290 2693 ut
3337 2637 3723 2706 licitatoribus,
3744 2635 3835 2706 opi-

494 2741 620 2793 nor,
653 2728 1148 2795 commendarent,
1183 2727 1281 2798 qui
1314 2726 1653 2797 Catalogum
1683 2726 2026 2792 instruxere,
2060 2724 2314 2780 rationes
2346 2723 2428 2779 ibi
2460 2725 2749 2795 quasdam
2801 2726 3108 2792 adnetunt,
3145 2726 3517 2798 quibusjure
3546 2726 3707 2782 tribui
3728 2724 3832 2779 illud

494 2834 641 2888 opus
674 2816 1019 2889 Hieronymo
1053 2834 1224 2890 posse
1248 2816 1464 2872 dicant.
1501 2817 1649 2871 Sunt
1676 2832 1810 2870 vero
1841 2814 1952 2870 illae
1975 2831 2042 2869 ex
2073 2813 2257 2885 ipsius
2291 2812 2647 2868 continentia
2704 2812 2838 2868 libri
2868 2814 3081 2886 petitae,
3112 2819 3177 2869 ut
3231 2815 3503 2887 quamvis
3532 2831 3657 2870 cum
3692 2811 3833 2869 oculis

494 2924 780 2978 usurpare
813 2924 927 2962 non
958 2906 1207 2973 licuerit,
1240 2906 1444 2962 exinde
1475 2909 1671 2959 tamen
1701 2904 1876 2960 certis
1904 2903 2070 2974 quasi
2105 2902 2257 2958 notis
2288 2901 2585 2974 colligeret
2614 2900 2801 2970 liceat,
2863 2904 3133 2959 eumdem
3168 2903 3338 2975 plane
3388 2921 3518 2959 esse
3546 2920 3670 2959 cum
3696 2902 3834 2957 altero

491 2993 611 3050 sive
646 2995 926 3062 Romano,
960 3012 1131 3066 quem
1164 2994 1356 3049 Romae
1388 2993 1666 3047 arbitratu
1700 3006 1827 3047 meo
1861 2991 2145 3062 inspicere
2175 3007 2240 3045 ac
2267 2990 2630 3061 pervolutare
2663 2992 3016 3062 permissum
3039 2996 3144 3047 est.
3168 2991 3751 3063 Delineandusitaque
3772 2995 3834 3045 est

489 3083 691 3155 paucis
724 3084 1020 3140 Romanus
1050 3084 1159 3138 iste
1191 3100 1301 3139 ms.
1337 3082 1484 3137 liber
1512 3098 1686 3153 quem
1720 3079 2157 3152 perhumaniter
2186 3078 2353 3133 nobis
2384 3078 2685 3134 obtulitcl.
2705 3080 2995 3135 Vaticana:
3017 3080 3383 3136 Bibliotheca
3403 3086 3600 3138 custos
3618 3084 3833 3136 Assema-

490 3172 624 3227 nius
649 3189 661 3225 :
698 3176 762 3226 ut
791 3173 1005 3243 quibus
1035 3173 1398 3243 argumentis
1430 3187 1530 3225 seu
1552 3170 1746 3224 verius
1769 3168 1915 3223 fucis
1938 3168 2058 3222 haec
2081 3167 2191 3222 sibi
2213 3167 2497 3223 hactenus
2519 3168 2985 3239 comparaverint
3005 3169 3374 3242 dignitatem,
3402 3170 3463 3225 in
3488 3169 3685 3242 vulgus
3707 3166 3834 3239 prod-

486 3265 597 3314 eat.
633 3261 731 3313 Est
773 3259 919 3315 liber
947 3260 1054 3315 iste
1115 3260 1369 3331 quadrae,
1404 3275 1581 3329 quam
1640 3260 1868 3323 vocant,
1907 3256 2123 3323 formae,
2183 3254 2335 3309 foliis
2365 3270 2433 3309 ex
2487 3255 2751 3310 membra
2780 3262 3121 3328 compactus
3177 3258 3411 3313 circiter
3441 3259 3567 3327 430,
3622 3262 3673 3312 et
3698 3254 3831 3311 credo

482 3348 753 3419 equidem
785 3365 1002 3421 paucos
1033 3352 1165 3405 ante
1194 3349 1493 3404 inventam
1524 3343 2025 3417 Typographicam
2058 3347 2243 3399 artem
2275 3360 2460 3399 annos
2490 3349 2781 3413 exaratus,
2812 3347 2968 3417 quod
3014 3346 3367 3419 subelegans
3399 3347 3712 3403 litterarum
3732 3359 3834 3399 con-

484 3437 753 3493 formatio
784 3437 1059 3492 ostendit.
1095 3436 1263 3491 lnitia
1294 3435 1543 3507 priorem
1574 3432 1908 3505 Hieronymi
1940 3431 2339 3487 Praefationem
2372 3431 2429 3485 in
2463 3432 2699 3499 Jobum,
2733 3448 2803 3487 ex
2832 3431 3112 3489 Hebraica
3141 3434 3382 3490 veritate
3413 3434 3833 3507 interpretatum,

483 3525 759 3582 describit
787 3543 821 3580 a
851 3525 1058 3598 primis
1088 3524 1299 3592 verbis,
1337 3526 1504 3595 Cogor
1528 3539 1627 3596 per
1654 3522 1902 3591 singulos
1930 3522 2134 3576 divinae
2165 3520 2460 3592 Scriptum
2519 3521 2685 3576 libros
2715 3520 3163 3578 adversariorum
3220 3522 3559 3591 respondere
3582 3518 3833 3575 maledicti:

480 3617 551 3673 ad
610 3617 732 3671 haec
766 3632 987 3687 usque:
1045 3616 1225 3685 Eligat
1254 3614 1618 3684 unusquisque
1675 3611 1814 3681 quod
1846 3612 1958 3665 vult
2012 3614 2063 3664 et
2091 3610 2392 3665 studiosum
2444 3625 2532 3666 me
2558 3611 2736 3678 magis
2792 3627 2959 3681 quam
3013 3611 3337 3667 maliuolum
3367 3612 3579 3682 probet.
3609 3608 3701 3665 His
3721 3610 3833 3662 atte-

477 3706 562 3761 xit
590 3706 867 3761 continua
916 3705 1065 3761 serie
1094 3703 1269 3760 aliam
1317 3720 1385 3758 ex
1413 3702 1635 3772 integro
1670 3698 2001 3771 Hieronymi
2032 3698 2435 3754 Praefationem
2471 3698 2530 3753 in
2561 3699 2834 3754 eumdem
2863 3699 2994 3755 Jobi
3025 3697 3242 3757 librum
3265 3699 3730 3772 exSeptuagiuta,
3755 3694 3833 3749 ad-

477 3794 617 3850 ditis
674 3793 877 3862 obelis,
937 3798 993 3848 et
1050 3791 1364 3857 asterisc's,
1426 3806 1460 3844 a
1515 3804 1576 3843 se
1635 3787 2010 3842 restitutum:
2067 3785 2127 3840 Si
2154 3793 2338 3841 autem
2365 3786 2629 3855 ﬁscellam
2671 3788 2831 3851 iunco
2863 3796 3118 3851 tererem,
3153 3787 3225 3842 ad
3257 3788 3438 3843 tinem
3471 3802 3669 3859 usque,
3696 3783 3834 3850 magis

475 3884 613 3939 utile
641 3884 775 3955 quid
802 3900 871 3938 ea:
897 3884 1005 3938 otio
1038 3898 1157 3937 meo
1190 3880 1394 3935 Christi
1420 3878 1673 3934 Ecclesiis
1702 3880 2021 3931 eventurum
2050 3883 2223 3941 ratus,
2253 3892 2417 3947 quam
2445 3892 2514 3931 ea:
2543 3876 2783 3930 aliorum
2812 3878 3045 3945 negotio.
3080 3877 3162 3931 Ex
3190 3877 3467 3948 genuinis
3523 3877 3708 3947 itaque
3732 3871 3831 3926 Hie-

476 3971 699 4044 ronymi
734 3972 1181 4037 Prefationibus,
1217 3986 1343 4041 qua:
1376 3969 1503 4022 dua:
1526 3971 1664 4021 sunt
1704 3966 1762 4020 in
1791 3965 1918 4020 Jobi
1952 3964 2146 4035 ipsum
2178 3963 2415 4031 librum,
2442 3982 2553 4018 non
2579 3964 2742 4018 illum
2763 3965 3002 4035 quidem
3025 3965 3460 4021 Commentario
3491 3964 3833 4022 illustratum,

476 4062 811 4140 cujusmodi
850 4059 1080 4117 nullum
1111 4074 1240 4115 esse
1269 4057 1544 4123 diximus,
1580 4056 1675 4109 sed
1712 4054 1969 4126 primum
2002 4070 2070 4108 ex
2099 4053 2381 4109 Hebraica
2410 4052 2648 4109 veritate
2704 4069 3070 4121 conversum,
3104 4058 3232 4108 tum
3262 4054 3333 4109 ad
3389 4055 3650 4110 Gmcum
3680 4062 3832 4106 exem-

474 4133 603 4231 plar
630 4155 1029 4217 emendatum,
1062 4148 1337 4221 pleraque
1368 4144 1564 4201 omnia
1599 4142 2035 4199 consarcinator
2091 4141 2405 4213 descripsit
2462 4141 2705 4196 totidem
2735 4141 2949 4210 verbis,
2983 4157 3272 4213 suamque
3318 4141 3380 4197 in
3412 4158 3538 4199 rem
3564 4133 3835 4197 transtulit.

473 4228 613 4304 Eam
634 4246 767 4302 dem
801 4242 972 4315 plane
1005 4254 1134 4294 esse
1163 4234 1380 4291 codicis
1432 4231 1774 4289 Duboisiani
1812 4231 2073 4286 fraudem
2104 4230 2478 4301 perspicuum
2535 4232 2641 4284 est.
2702 4228 2847 4284 Nam
2880 4229 2978 4300 qui
3035 4245 3170 4285 cum
3202 4246 3305 4301 pro
3361 4246 3638 4302 germano
3664 4228 3716 4284 S.

474 4337 651 4393 ctoris
683 4310 1075 4390 fetu-student
1103 4325 1434 4392 obtrudere,
1485 4324 1543 4377 in
1602 4337 1667 4376 eo
1699 4318 1882 4389 aiunt",
1948 4317 2280 4391 Hieronymi
2312 4323 2552 4390 gustum
2607 4318 2840 4381 referre,
2875 4318 3031 4389 quod
3093 4322 3313 4374 Auctor
3338 4335 3499 4374 nunc
3553 4319 3623 4374 de
3650 4310 3835 4372 aemulis

474 4426 738 4497 queritur
765 4420 950 4478 labori
982 4435 1089 4473 suo
1147 4412 1479 4470 clanculum
1537 4409 2017 4466 detrahentibus:
2081 4424 2235 4497 nunc
2268 4407 2539 4497 antiquos
2598 4405 2968 4497 interpretes,
3025 4405 3837 4497 Aquilam,VSymmaehu_mtt

472 4491 925 4570 'l‘heodotionem
956 4509 1028 4563 de
1058 4503 1295 4561 nomine
1322 4502 1524 4558 laudat
1552 4517 1564 4554 :
1601 4498 1852 4570 denique
1884 4496 2169 4553 nonnulla
2228 4495 2444 4568 ingerit
2472 4496 2544 4549 de
2604 4494 3084 4565 interpretatione
3139 4512 3208 4551 ex
3262 4495 3567 4552 Hebraico.
3598 4491 3833 4567 Equidem

474 4604 597 4659 hinc
620 4600 856 4674 propria
884 4593 1218 4667 Hieronymi
1248 4592 1422 4648 verba
1448 4593 1587 4646 sunt
1614 4605 1627 4644 :
1665 4588 1831 4658 Cogor
1858 4603 1955 4659 per
1981 4587 2225 4656 singulos
2283 4586 2588 4655 Scriptura:
2616 4583 2784 4638 libros
2842 4583 3288 4641 adversariorum
3341 4584 3677 4657 respondere
3700 4579 3835 4636 malc-

472 4672 674 4749 dictis:
706 4672 804 4761 qui
860 4684 1373 4758 interpretationem
1427 4695 1628 4745 meam,
1687 4677 2163 4749 reprehensionem
2217 4675 2571 4746 Septuaginta
2629 4672 2992 4744 Interpretum
3047 4675 3453 4731 criminantur:
3511 4675 3664 4745 quasi
3686 4673 3837 4726 me!

472 4784 616 4856 apud
648 4782 876 4845 Grazcos,
904 4776 1124 4849 Aquila,
1155 4771 1512 4845 Symmachus
1539 4773 1591 4822 et
1621 4766 1920 4834 Theodotio,
1952 4766 2033 4821 vel
2064 4781 2143 4821 vei
2159 4765 2286 4819 bum
2314 4780 2342 4819 e
2373 4764 2527 4818 verbo
2556 4763 2639 4818 vel
2668 4778 2887 4856 sensum
2914 4778 2945 4816 e
2999 4779 3182 4829 sensu,
3217 4763 3303 4856 uel
3358 4778 3430 4819 ea;
3458 4767 3687 4834 utroque
3714 4772 3834 4856 foras

471 4843 716 4941 niistum,
774 4876 824 4924 et
864 4843 1070 4921 media:
1101 4843 1456 4933 temperatum
1510 4872 1679 4926 genus
1706 4855 2089 4911 translationis
2142 4854 2529 4924 expresserim.
2564 4852 2633 4941 Et
2692 4849 2869 4941 paulo
2900 4855 3034 4922 post
3095 4850 3194 4941 qui
3227 4848 3390 4907 locus
3448 4867 3586 4941 cum
3634 4866 3667 4941 a
3714 4843 3835 4901 Beda

473 4937 832 5025 laudaretur,
864 4954 1082 5010 mu‘ltos
1114 4953 1171 5006 in
1212 4966 1345 5005 eum
1377 4962 1631 5003 errorem
1663 4944 1916 5016 impulit,
1950 4948 2013 4999 ut
2042 4957 2381 5015 expressum
2414 4939 2673 5011 putarint
2694 4956 2762 4995 ex
2787 4939 3123 5012 Hieronymi
3145 4938 3575 4996 Commentario
3599 4956 3613 4995 :
3636 4937 3833 4992 demum

472 5069 603 5107 cum
636 5055 692 5105 et
724 5048 781 5103 in
812 5042 1167 5101 Duboisiano
1198 5039 1275 5096 sit
1305 5054 1415 5093 ms.
1450 5035 1711 5109 palmare
1742 5037 2153 5105 argumentum
2184 5049 2287 5103 pro
2318 5031 2510 5101 operis
2540 5028 2925 5103 germanitate
2953 5028 3037 5084 eis
3069 5028 3425 5101 suppeditat,
3484 5029 3587 5101 qui
3616 5036 3833 5099 prmon-

472 5143 637 5210 cepta
666 5137 767 5192 illa
797 5134 1068 5207 opinione
1100 5129 1462 5185 innituntur:
1499 5125 1758 5195 Obliquus
1786 5123 1934 5178 enim
1987 5124 2155 5178 etiam
2184 5121 2337 5194 apud
2366 5121 2611 5210 Hebraeos
2664 5121 2805 5210 totus
2831 5118 2987 5210 liber
3017 5117 3169 5191 (Job)
3217 5119 3404 5210 fertur
3429 5121 3481 5173 et
3791 5109 3832 5210 et

475 5199 619 5297 quod
650 5199 1091 5280 Griecirhetores
1119 5222 1312 5275 vocant
1343 5211 1848 5289 ἐσχηματισμένου
1883 5211 2122 5282 dumque
2174 5210 2329 5266 aliud
2363 5208 2628 5281 loquitur,
2686 5205 2844 5261 aliud
2871 5206 3031 5297 agit;
3062 5212 3122 5261 ut
3176 5207 3225 5261 si
3250 5205 3385 5297 velis
3411 5199 3834 5297 (isiquilliamnall

476 5285 842 5369 inura'nula-m
870 5313 1072 5367 strictis
1103 5318 1284 5365 tenere
1310 5285 1585 5369 manibus,
1644 5304 1846 5373 quanto
1874 5301 2073 5370 fortius
2123 5301 2385 5371 presseris
2413 5301 2563 5353 tanto
2610 5296 2778 5352 citius
2851 5293 3112 5350 elabitur.
3143 5297 3274 5350 Haec
3330 5290 3603 5363 αὐτολέξει
3631 5285 3833 5363 replicat

479 5402 921 5476 pseudonymus
954 5405 1174 5465 auctor,
1208 5398 1408 5467 sicque
1439 5391 1645 5447 nititur
1676 5388 1808 5444 ﬁdei
1844 5388 2127 5444 lectorum
2158 5389 2477 5461 imponere.

547 5508 680 5563 Jam
712 5511 767 5561 et
798 5522 931 5560 cum
965 5503 1352 5559 Meibomiano
1385 5516 1537 5555 unus
1568 5496 1813 5553 Romani
1846 5496 2063 5552 codicis
2107 5497 2473 5566 subsequens
2504 5493 2806 5547 contextus
2862 5492 2969 5546 est.
3003 5491 3334 5547 Succedunt
3391 5488 3658 5547 undecim
3687 5477 3831 5540 Tituli

479 5612 729 5671 quorum
763 5593 992 5668 primus
1018 5593 1082 5648 de
1109 5592 1264 5648 modo
1292 5587 1598 5661 exponendi
1628 5583 1866 5656 incipit:
1903 5585 2163 5653 Quaedam
2191 5584 2473 5648 Ilistorice,
2505 5582 2593 5636 hic
2621 5579 2897 5671 dicuntur,
2932 5587 2986 5635 et
3013 5579 3323 5650 Allegorice
3743 5574 3830 5671 etc:

480 5662 838 5753 Hostremus,
899 5683 1001 5756 qui
1046 5683 1115 5737 de
1173 5678 1379 5737 morali
1436 5674 1804 5747 expositione
1861 5677 1969 5740 est,
2028 5674 2321 5731 lnnumera
2380 5671 2539 5727 turba
2591 5670 3007 5740 cogitationum,
3070 5672 3231 5740 quasi
3279 5670 3519 5738 aneillze,
3571 5662 3833 5723 domina“
