  <div class='ocr_page' id='page_1' title='image "/cluster/home/n/w/nwhite01/storage/ocr_20150623/23/hvd.32044052772480/744.png"; bbox 0 0 4070 6166; ppageno 0'>
   <div class='ocr_carea' id='block_1_1' title="bbox 170 309 330 368">
    <p class='ocr_par' dir='ltr' id='par_1_1' title="bbox 170 309 330 368">
     <span class='ocr_line' id='line_1_1' title="bbox 170 309 330 368; baseline 0.006 -1"><span class='ocrx_word' id='word_1_1' title='bbox 170 310 197 367; x_wconf 75' lang='grc' dir='ltr'><strong>Ι</strong></span> <span class='ocrx_word' id='word_1_2' title='bbox 211 309 330 368; x_wconf 68' lang='grc'>4⁸73</span> 
     </span>
    </p>
   </div>
   <div class='ocr_carea' id='block_1_2' title="bbox 1123 300 2653 368">
    <p class='ocr_par' dir='ltr' id='par_1_2' title="bbox 1123 300 2653 368">
     <span class='ocr_line' id='line_1_2' title="bbox 1123 300 2653 368; baseline -0.004 -1"><span class='ocrx_word' id='word_1_3' title='bbox 1123 302 1538 368; x_wconf 81' lang='lat' dir='ltr'>EXPOSITIO</span> <span class='ocrx_word' id='word_1_4' title='bbox 1581 303 2193 366; x_wconf 80' lang='lat' dir='ltr'>INTERLINEARIS</span> <span class='ocrx_word' id='word_1_5' title='bbox 2239 301 2448 363; x_wconf 84' lang='lat' dir='ltr'><strong>LIBRI</strong></span> <span class='ocrx_word' id='word_1_6' title='bbox 2492 300 2653 363; x_wconf 87' lang='lat' dir='ltr'>JOB.</span> 
     </span>
    </p>
   </div>
   <div class='ocr_carea' id='block_1_3' title="bbox 3415 298 3570 365">
    <p class='ocr_par' dir='ltr' id='par_1_3' title="bbox 3415 298 3570 365">
     <span class='ocr_line' id='line_1_3' title="bbox 3415 298 3570 365; baseline -0.006 0"><span class='ocrx_word' id='word_1_7' title='bbox 3415 298 3570 365; x_wconf 69' lang='grc'>1474</span> 
     </span>
    </p>
   </div>
   <div class='ocr_carea' id='block_1_4' title="bbox 165 432 3570 511">
    <p class='ocr_par' dir='ltr' id='par_1_4' title="bbox 165 432 3570 511">
     <span class='ocr_line' id='line_1_4' title="bbox 165 432 3570 511; baseline -0.001 -15"><span class='ocrx_word' id='word_1_8' title='bbox 165 441 384 496; x_wconf 71' lang='lat' dir='ltr'>ratione</span> <span class='ocrx_word' id='word_1_9' title='bbox 411 438 651 509; x_wconf 77' lang='lat' dir='ltr'>absente,</span> <span class='ocrx_word' id='word_1_10' title='bbox 683 455 816 511; x_wconf 82' lang='lat' dir='ltr'>opus</span> <span class='ocrx_word' id='word_1_11' title='bbox 847 439 1123 503; x_wconf 83' lang='lat' dir='ltr'>deserunt,</span> <span class='ocrx_word' id='word_1_12' title='bbox 1155 442 1289 505; x_wconf 91' lang='lat' dir='ltr'>etc.,</span> <span class='ocrx_word' id='word_1_13' title='bbox 1345 454 1475 509; x_wconf 80' lang='lat' dir='ltr'>quae</span> <span class='ocrx_word' id='word_1_14' title='bbox 1531 437 1591 493; x_wconf 86' lang='lat' dir='ltr'>in</span> <span class='ocrx_word' id='word_1_15' title='bbox 1642 438 1938 509; x_wconf 82' lang='lat' dir='ltr'>Excerptis</span> <span class='ocrx_word' id='word_1_16' title='bbox 1984 436 2138 490; x_wconf 76' lang='lat' dir='ltr'>infra</span> <span class='ocrx_word' id='word_1_17' title='bbox 2190 434 2551 490; x_wconf 81' lang='lat' dir='ltr'>exhibemus.</span> <span class='ocrx_word' id='word_1_18' title='bbox 2606 433 2865 505; x_wconf 90' lang='lat' dir='ltr'>Denique</span> <span class='ocrx_word' id='word_1_19' title='bbox 2919 432 3042 504; x_wconf 89' lang='lat' dir='ltr'>ipse</span> <span class='ocrx_word' id='word_1_20' title='bbox 3099 434 3570 493; x_wconf 88' lang='lat' dir='ltr'>Commentarius</span> 
     </span>
    </p>
   </div>
   <div class='ocr_carea' id='block_1_5' title="bbox 168 524 1906 600">
    <p class='ocr_par' dir='ltr' id='par_1_5' title="bbox 168 524 1906 600">
     <span class='ocr_line' id='line_1_5' title="bbox 168 524 1906 600; baseline -0.002 -17"><span class='ocrx_word' id='word_1_21' title='bbox 168 527 384 600; x_wconf 80' lang='lat' dir='ltr'>triplex</span> <span class='ocrx_word' id='word_1_22' title='bbox 412 528 603 583; x_wconf 89' lang='lat' dir='ltr'>tribus</span> <span class='ocrx_word' id='word_1_23' title='bbox 636 528 837 583; x_wconf 85' lang='lat' dir='ltr'>itidem</span> <span class='ocrx_word' id='word_1_24' title='bbox 861 526 1152 584; x_wconf 83' lang='lat' dir='ltr'>columnis</span> <span class='ocrx_word' id='word_1_25' title='bbox 1184 526 1516 593; x_wconf 87' lang='lat' dir='ltr'>distinctus,</span> <span class='ocrx_word' id='word_1_26' title='bbox 1543 524 1624 581; x_wconf 88' lang='lat' dir='ltr'>sic</span> <span class='ocrx_word' id='word_1_27' title='bbox 1657 526 1861 597; x_wconf 83' lang='lat' dir='ltr'>incipit</span> <span class='ocrx_word' id='word_1_28' title='bbox 1894 544 1906 580; x_wconf 87' lang='lat'>:</span> 
     </span>
    </p>
   </div>
   <div class='ocr_carea' id='block_1_6' title="bbox 260 643 1235 714">
    <p class='ocr_par' dir='ltr' id='par_1_6' title="bbox 260 643 1235 714">
     <span class='ocr_line' id='line_1_6' title="bbox 260 643 1235 714; baseline -0.002 -10"><span class='ocrx_word' id='word_1_29' title='bbox 260 643 490 714; x_wconf 63' lang='lat' dir='ltr'>Timerm</span> <span class='ocrx_word' id='word_1_30' title='bbox 577 644 785 705; x_wconf 81' lang='lat' dir='ltr'>Deum.</span> <span class='ocrx_word' id='word_1_31' title='bbox 888 644 1235 705; x_wconf 87' lang='lat' dir='ltr'>Salomon:</span> 
     </span>
    </p>
   </div>
   <div class='ocr_carea' id='block_1_7' title="bbox 175 722 1238 802">
    <p class='ocr_par' dir='ltr' id='par_1_7' title="bbox 175 722 1238 802">
     <span class='ocr_line' id='line_1_7' title="bbox 175 722 1238 802; baseline -0.004 -18"><span class='ocrx_word' id='word_1_32' title='bbox 175 725 298 800; x_wconf 74' lang='lat' dir='ltr'>Qui</span> <span class='ocrx_word' id='word_1_33' title='bbox 348 725 511 784; x_wconf 84' lang='lat' dir='ltr'>timet</span> <span class='ocrx_word' id='word_1_34' title='bbox 570 725 756 786; x_wconf 84' lang='lat' dir='ltr'>Deum</span> <span class='ocrx_word' id='word_1_35' title='bbox 840 724 996 784; x_wconf 79' lang='lat' dir='ltr'>nihil</span> <span class='ocrx_word' id='word_1_36' title='bbox 1052 722 1238 802; x_wconf 73' lang='lat' dir='ltr'>negle-</span> 
     </span>
    </p>
   </div>
   <div class='ocr_carea' id='block_1_8' title="bbox 168 802 1238 885">
    <p class='ocr_par' dir='ltr' id='par_1_8' title="bbox 168 802 1238 885">
     <span class='ocr_line' id='line_1_8' title="bbox 168 802 1238 885; baseline -0.004 -20"><span class='ocrx_word' id='word_1_37' title='bbox 168 806 290 885; x_wconf 76' lang='lat' dir='ltr'>git.</span> <span class='ocrx_word' id='word_1_38' title='bbox 364 802 655 866; x_wconf 78' lang='lat' dir='ltr'>Recedens</span> <span class='ocrx_word' id='word_1_39' title='bbox 737 825 774 866; x_wconf 91' lang='lat' dir='ltr'>a</span> <span class='ocrx_word' id='word_1_40' title='bbox 842 803 1022 865; x_wconf 90' lang='lat' dir='ltr'>malo.</span> <span class='ocrx_word' id='word_1_41' title='bbox 1086 806 1238 885; x_wconf 87' lang='lat' dir='ltr'>ltem</span> 
     </span>
    </p>
   </div>
   <div class='ocr_carea' id='block_1_9' title="bbox 170 884 1238 961">
    <p class='ocr_par' dir='ltr' id='par_1_9' title="bbox 170 884 1238 961">
     <span class='ocr_line' id='line_1_9' title="bbox 170 884 1238 961; baseline -0.006 -14"><span class='ocrx_word' id='word_1_42' title='bbox 170 884 517 947; x_wconf 88' lang='lat' dir='ltr'>Salomon:</span> <span class='ocrx_word' id='word_1_43' title='bbox 574 886 693 961; x_wconf 81' lang='lat' dir='ltr'>Qui</span> <span class='ocrx_word' id='word_1_44' title='bbox 758 886 820 945; x_wconf 75' lang='lat' dir='ltr'>in</span> <span class='ocrx_word' id='word_1_45' title='bbox 887 904 999 943; x_wconf 82' lang='lat' dir='ltr'>uno</span> <span class='ocrx_word' id='word_1_46' title='bbox 1057 884 1238 961; x_wconf 68' lang='lat' dir='ltr'>oﬂen-</span> 
     </span>
    </p>
   </div>
   <div class='ocr_carea' id='block_1_10' title="bbox 174 963 1244 1046">
    <p class='ocr_par' dir='ltr' id='par_1_10' title="bbox 174 963 1244 1046">
     <span class='ocr_line' id='line_1_10' title="bbox 174 963 1244 1046; baseline -0.004 -21"><span class='ocrx_word' id='word_1_47' title='bbox 174 964 290 1038; x_wconf 83' lang='lat' dir='ltr'>dit,</span> <span class='ocrx_word' id='word_1_48' title='bbox 343 963 533 1024; x_wconf 85' lang='lat' dir='ltr'>multa</span> <span class='ocrx_word' id='word_1_49' title='bbox 593 966 743 1027; x_wconf 82' lang='lat' dir='ltr'>bona</span> <span class='ocrx_word' id='word_1_50' title='bbox 779 963 1244 1046; x_wconf 25' lang='lat' dir='ltr'>perdctslfrius</span> 
     </span>
    </p>
   </div>
   <div class='ocr_carea' id='block_1_11' title="bbox 176 1043 1243 1126">
    <p class='ocr_par' dir='ltr' id='par_1_11' title="bbox 176 1043 1243 1126">
     <span class='ocr_line' id='line_1_11' title="bbox 176 1043 1243 1126; baseline -0.003 -21"><span class='ocrx_word' id='word_1_51' title='bbox 176 1062 450 1125; x_wconf 82' lang='lat' dir='ltr'>persona</span> <span class='ocrx_word' id='word_1_52' title='bbox 562 1052 713 1126; x_wconf 88' lang='lat' dir='ltr'>apta</span> <span class='ocrx_word' id='word_1_53' title='bbox 780 1043 790 1046; x_wconf 62' lang='grc'>⁷</span> <span class='ocrx_word' id='word_1_54' title='bbox 843 1043 1243 1116; x_wconf 82' lang='lat' dir='ltr'>describitur,</span> 
     </span>
    </p>
   </div>
   <div class='ocr_carea' id='block_1_12' title="bbox 177 1125 1246 1204">
    <p class='ocr_par' dir='ltr' id='par_1_12' title="bbox 177 1125 1246 1204">
     <span class='ocr_line' id='line_1_12' title="bbox 177 1125 1246 1204; baseline -0.004 -19"><span class='ocrx_word' id='word_1_55' title='bbox 177 1144 372 1204; x_wconf 90' lang='lat' dir='ltr'>quam</span> <span class='ocrx_word' id='word_1_56' title='bbox 406 1140 619 1203; x_wconf 80' lang='lat' dir='ltr'>pugna</span> <span class='ocrx_word' id='word_1_57' title='bbox 662 1125 797 1202; x_wconf 82' lang='lat' dir='ltr'>ejus</span> <span class='ocrx_word' id='word_1_58' title='bbox 854 1126 1120 1196; x_wconf 78' lang='lat' dir='ltr'>dicatur,</span> <span class='ocrx_word' id='word_1_59' title='bbox 1175 1128 1246 1182; x_wconf 89' lang='lat' dir='ltr'>ut</span> 
     </span>
    </p>
   </div>
   <div class='ocr_carea' id='block_1_13' title="bbox 182 1203 1227 1283">
    <p class='ocr_par' dir='ltr' id='par_1_13' title="bbox 182 1203 1227 1283">
     <span class='ocr_line' id='line_1_13' title="bbox 182 1203 1227 1283; baseline -0.005 -18"><span class='ocrx_word' id='word_1_60' title='bbox 182 1203 324 1266; x_wconf 81' lang='lat' dir='ltr'>talis</span> <span class='ocrx_word' id='word_1_61' title='bbox 354 1221 534 1283; x_wconf 87' lang='lat' dir='ltr'>posse</span> <span class='ocrx_word' id='word_1_62' title='bbox 576 1208 773 1266; x_wconf 86' lang='lat' dir='ltr'>vicem</span> <span class='ocrx_word' id='word_1_63' title='bbox 832 1205 1092 1265; x_wconf 82' lang='lat' dir='ltr'>reddere</span> <span class='ocrx_word' id='word_1_64' title='bbox 1151 1203 1227 1261; x_wconf 91' lang='lat' dir='ltr'>vi-</span> 
     </span>
    </p>
   </div>
   <div class='ocr_carea' id='block_1_14' title="bbox 177 1283 1241 1353">
    <p class='ocr_par' dir='ltr' id='par_1_14' title="bbox 177 1283 1241 1353">
     <span class='ocr_line' id='line_1_14' title="bbox 177 1283 1241 1353; baseline -0.003 -8"><span class='ocrx_word' id='word_1_65' title='bbox 177 1286 429 1346; x_wconf 87' lang='lat' dir='ltr'>deatur.</span> <span class='ocrx_word' id='word_1_66' title='bbox 474 1285 734 1348; x_wconf 83' lang='lat' dir='ltr'>Necesse</span> <span class='ocrx_word' id='word_1_67' title='bbox 792 1291 908 1353; x_wconf 86' lang='lat' dir='ltr'>est,</span> <span class='ocrx_word' id='word_1_68' title='bbox 967 1290 1036 1344; x_wconf 92' lang='lat' dir='ltr'>ut</span> <span class='ocrx_word' id='word_1_69' title='bbox 1094 1283 1241 1342; x_wconf 91' lang='lat' dir='ltr'>sim-</span> 
     </span>
    </p>
   </div>
   <div class='ocr_carea' id='block_1_15' title="bbox 181 1363 1246 1445">
    <p class='ocr_par' dir='ltr' id='par_1_15' title="bbox 181 1363 1246 1445">
     <span class='ocr_line' id='line_1_15' title="bbox 181 1363 1246 1445; baseline -0.003 -20"><span class='ocrx_word' id='word_1_70' title='bbox 181 1365 524 1445; x_wconf 88' lang='lat' dir='ltr'>plicitatem</span> <span class='ocrx_word' id='word_1_71' title='bbox 584 1365 896 1428; x_wconf 70' lang='lat' dir='ltr'>columba:</span> <span class='ocrx_word' id='word_1_72' title='bbox 956 1365 1022 1425; x_wconf 87' lang='lat' dir='ltr'>in</span> <span class='ocrx_word' id='word_1_73' title='bbox 1077 1363 1246 1423; x_wconf 89' lang='lat' dir='ltr'>bono</span> 
     </span>
    </p>
   </div>
   <div class='ocr_carea' id='block_1_16' title="bbox 181 1446 1248 1540">
    <p class='ocr_par' dir='ltr' id='par_1_16' title="bbox 181 1446 1248 1540">
     <span class='ocr_line' id='line_1_16' title="bbox 181 1446 1248 1540; baseline -0.005 -34"><span class='ocrx_word' id='word_1_74' title='bbox 181 1447 418 1540; x_wconf 76' lang='lat' dir='ltr'>astutia</span> <span class='ocrx_word' id='word_1_75' title='bbox 482 1446 1119 1540; x_wconf 43' lang='lat' dir='ltr'>serpentishinstruat,</span> <span class='ocrx_word' id='word_1_76' title='bbox 1185 1448 1248 1503; x_wconf 92' lang='lat' dir='ltr'>et</span> 
     </span>
    </p>
   </div>
   <div class='ocr_carea' id='block_1_17' title="bbox 182 1526 1245 1606">
    <p class='ocr_par' dir='ltr' id='par_1_17' title="bbox 182 1526 1245 1606">
     <span class='ocr_line' id='line_1_17' title="bbox 182 1526 1245 1606; baseline -0.002 -21"><span class='ocrx_word' id='word_1_77' title='bbox 182 1527 478 1587; x_wconf 79' lang='lat' dir='ltr'>astutiam</span> <span class='ocrx_word' id='word_1_78' title='bbox 550 1526 917 1606; x_wconf 83' lang='lat' dir='ltr'>simplicitas</span> <span class='ocrx_word' id='word_1_79' title='bbox 1004 1530 1245 1602; x_wconf 89' lang='lat' dir='ltr'>tempe-</span> 
     </span>
    </p>
   </div>
   <div class='ocr_carea' id='block_1_18' title="bbox 182 1612 301 1668">
    <p class='ocr_par' dir='ltr' id='par_1_18' title="bbox 182 1612 301 1668">
     <span class='ocr_line' id='line_1_18' title="bbox 182 1612 301 1668; baseline -0.008 -1"><span class='ocrx_word' id='word_1_80' title='bbox 182 1612 301 1668; x_wconf 89' lang='lat' dir='ltr'>ret.</span> 
     </span>
    </p>
   </div>
   <div class='ocr_carea' id='block_1_19' title="bbox 250 2000 600 2051">
    <p class='ocr_par' dir='ltr' id='par_1_19' title="bbox 250 2000 600 2051">
     <span class='ocr_line' id='line_1_19' title="bbox 250 2000 600 2051; baseline -0.009 1"><span class='ocrx_word' id='word_1_81' title='bbox 250 2001 451 2051; x_wconf 87' lang='lat' dir='ltr'>Desinit</span> <span class='ocrx_word' id='word_1_82' title='bbox 480 2000 564 2049; x_wconf 86' lang='lat' dir='ltr'>his</span> <span class='ocrx_word' id='word_1_83' title='bbox 589 2015 600 2049; x_wconf 92' lang='lat'>:</span> 
     </span>
    </p>
   </div>
   <div class='ocr_carea' id='block_1_20' title="bbox 270 2078 1253 2162">
    <p class='ocr_par' dir='ltr' id='par_1_20' title="bbox 270 2078 1253 2162">
     <span class='ocr_line' id='line_1_20' title="bbox 270 2078 1253 2162; baseline -0.006 -20"><span class='ocrx_word' id='word_1_84' title='bbox 270 2080 578 2162; x_wconf 77' lang='lat' dir='ltr'>Numquid</span> <span class='ocrx_word' id='word_1_85' title='bbox 590 2159 602 2162; x_wconf 91' lang='lat'><em>_</em></span> <span class='ocrx_word' id='word_1_86' title='bbox 615 2099 749 2162; x_wconf 67' lang='lat' dir='ltr'>con}</span> <span class='ocrx_word' id='word_1_87' title='bbox 760 2097 986 2157; x_wconf 77' lang='lat' dir='ltr'>ungere</span> <span class='ocrx_word' id='word_1_88' title='bbox 1028 2078 1253 2162; x_wconf 77' lang='lat' dir='ltr'>valebis</span> 
     </span>
    </p>
   </div>
   <div class='ocr_carea' id='block_1_21' title="bbox 184 2159 1252 2229">
    <p class='ocr_par' dir='ltr' id='par_1_21' title="bbox 184 2159 1252 2229">
     <span class='ocr_line' id='line_1_21' title="bbox 184 2159 1252 2229; baseline -0.005 -7"><span class='ocrx_word' id='word_1_89' title='bbox 184 2159 467 2223; x_wconf 70' lang='lat' dir='ltr'>micantes</span> <span class='ocrx_word' id='word_1_90' title='bbox 494 2159 686 2221; x_wconf 79' lang='lat' dir='ltr'>stellas</span> <span class='ocrx_word' id='word_1_91' title='bbox 710 2159 742 2217; x_wconf 73' lang='grc' dir='ltr'><em>Ρ</em></span> <span class='ocrx_word' id='word_1_92' title='bbox 788 2163 1066 2229; x_wconf 83' lang='lat' dir='ltr'>Constat,</span> <span class='ocrx_word' id='word_1_93' title='bbox 1132 2159 1252 2218; x_wconf 92' lang='lat' dir='ltr'>hoc</span> 
     </span>
    </p>
   </div>
   <div class='ocr_carea' id='block_1_22' title="bbox 186 2238 1251 2317">
    <p class='ocr_par' dir='ltr' id='par_1_22' title="bbox 186 2238 1251 2317">
     <span class='ocr_line' id='line_1_22' title="bbox 186 2238 1251 2317; baseline -0.005 -15"><span class='ocrx_word' id='word_1_94' title='bbox 186 2243 433 2303; x_wconf 89' lang='lat' dir='ltr'>nullum</span> <span class='ocrx_word' id='word_1_95' title='bbox 496 2241 816 2301; x_wconf 87' lang='lat' dir='ltr'>hominem</span> <span class='ocrx_word' id='word_1_96' title='bbox 866 2257 1086 2317; x_wconf 84' lang='lat' dir='ltr'>posse;</span> <span class='ocrx_word' id='word_1_97' title='bbox 1141 2238 1251 2298; x_wconf 89' lang='lat' dir='ltr'>sed</span> 
     </span>
    </p>
   </div>
   <div class='ocr_carea' id='block_1_23' title="bbox 186 2321 1250 2396">
    <p class='ocr_par' dir='ltr' id='par_1_23' title="bbox 186 2321 1250 2396">
     <span class='ocr_line' id='line_1_23' title="bbox 186 2321 1250 2396; baseline -0.006 -13"><span class='ocrx_word' id='word_1_98' title='bbox 186 2340 332 2384; x_wconf 91' lang='lat' dir='ltr'>cum</span> <span class='ocrx_word' id='word_1_99' title='bbox 359 2321 478 2383; x_wconf 84' lang='lat' dir='ltr'>Job</span> <span class='ocrx_word' id='word_1_100' title='bbox 509 2321 585 2381; x_wconf 90' lang='lat' dir='ltr'>de</span> <span class='ocrx_word' id='word_1_101' title='bbox 642 2321 739 2381; x_wconf 86' lang='lat' dir='ltr'>his</span> <span class='ocrx_word' id='word_1_102' title='bbox 794 2321 1250 2396; x_wconf 77' lang='lat' dir='ltr'>interrogatur,</span> 
     </span>
    </p>
   </div>
   <div class='ocr_carea' id='block_1_24' title="bbox 196 2398 1259 2476">
    <p class='ocr_par' dir='ltr' id='par_1_24' title="bbox 196 2398 1259 2476">
     <span class='ocr_line' id='line_1_24' title="bbox 196 2398 1259 2476; baseline -0.005 -14"><span class='ocrx_word' id='word_1_103' title='bbox 196 2408 269 2463; x_wconf 88' lang='lat' dir='ltr'>ut</span> <span class='ocrx_word' id='word_1_104' title='bbox 325 2401 578 2462; x_wconf 90' lang='lat' dir='ltr'>humilis</span> <span class='ocrx_word' id='word_1_105' title='bbox 632 2402 709 2461; x_wconf 89' lang='lat' dir='ltr'>ad</span> <span class='ocrx_word' id='word_1_106' title='bbox 769 2418 913 2461; x_wconf 90' lang='lat' dir='ltr'>eum</span> <span class='ocrx_word' id='word_1_107' title='bbox 990 2398 1259 2476; x_wconf 72' lang='lat' dir='ltr'>refugiat</span> 
     </span>
    </p>
   </div>
   <div class='ocr_carea' id='block_1_25' title="bbox 198 2480 1258 2623">
    <p class='ocr_par' dir='ltr' id='par_1_25' title="bbox 198 2480 1258 2623">
     <span class='ocr_line' id='line_1_25' title="bbox 198 2480 1258 2623; baseline -0.005 -81"><span class='ocrx_word' id='word_1_108' title='bbox 198 2482 309 2623; x_wconf 53' lang='grc' dir='ltr'>ἶ]Πί</span> <span class='ocrx_word' id='word_1_109' title='bbox 339 2483 515 2543; x_wconf 84' lang='lat' dir='ltr'>solus</span> <span class='ocrx_word' id='word_1_110' title='bbox 558 2487 767 2560; x_wconf 88' lang='lat' dir='ltr'>posset</span> <span class='ocrx_word' id='word_1_111' title='bbox 805 2480 946 2553; x_wconf 91' lang='lat' dir='ltr'>hoc,</span> <span class='ocrx_word' id='word_1_112' title='bbox 980 2480 1258 2539; x_wconf 55' lang='lat' dir='ltr'>ostendi-</span> 
     </span>
     <span class='ocr_line' id='line_1_26' title="bbox 230 2582 325 2623; baseline -0.021 0"><span class='ocrx_word' id='word_1_113' title='bbox 230 2582 325 2623; x_wconf 91' lang='lat' dir='ltr'>ur.</span> 
     </span>
    </p>
   </div>
   <div class='ocr_carea' id='block_1_26' title="bbox 230 2582 325 2623">
    <p class='ocr_par' dir='ltr' id='par_1_26' title="bbox 230 2582 325 2623">
     <span class='ocr_line' id='line_1_27' title="bbox 230 2582 325 2623; baseline -0.021 0"><span class='ocrx_word' id='word_1_114' title='bbox 230 2582 325 2623; x_wconf 71' lang='grc' dir='ltr'>ΠΡ.</span> 
     </span>
    </p>
   </div>
   <div class='ocr_carea' id='block_1_27' title="bbox 1350 640 2409 699">
    <p class='ocr_par' dir='ltr' id='par_1_27' title="bbox 1350 640 2409 699">
     <span class='ocr_line' id='line_1_28' title="bbox 1350 640 2409 699; baseline -0.001 -10"><span class='ocrx_word' id='word_1_115' title='bbox 1350 641 1405 689; x_wconf 89' lang='lat' dir='ltr'>ld</span> <span class='ocrx_word' id='word_1_116' title='bbox 1430 646 1509 690; x_wconf 86' lang='lat' dir='ltr'>est</span> <span class='ocrx_word' id='word_1_117' title='bbox 1556 646 1693 690; x_wconf 83' lang='lat' dir='ltr'>terra</span> <span class='ocrx_word' id='word_1_118' title='bbox 1732 642 2034 699; x_wconf 83' lang='lat' dir='ltr'>Gentilium,</span> <span class='ocrx_word' id='word_1_119' title='bbox 2080 641 2145 688; x_wconf 83' lang='lat' dir='ltr'>ad</span> <span class='ocrx_word' id='word_1_120' title='bbox 2196 640 2409 689; x_wconf 82' lang='lat' dir='ltr'>laudem</span> 
     </span>
    </p>
   </div>
   <div class='ocr_carea' id='block_1_28' title="bbox 1347 703 2411 776">
    <p class='ocr_par' dir='ltr' id='par_1_28' title="bbox 1347 703 2411 776">
     <span class='ocr_line' id='line_1_29' title="bbox 1347 703 2411 776; baseline -0.002 -25"><span class='ocrx_word' id='word_1_121' title='bbox 1347 704 1446 776; x_wconf 56' lang='lat' dir='ltr'>dub</span> <span class='ocrx_word' id='word_1_122' title='bbox 1478 706 1565 776; x_wconf 89' lang='lat' dir='ltr'>qui</span> <span class='ocrx_word' id='word_1_123' title='bbox 1596 704 1769 776; x_wconf 62' lang='lat' dir='ltr'>bonus</span> <span class='ocrx_word' id='word_1_124' title='bbox 1800 705 1936 776; x_wconf 76' lang='lat' dir='ltr'>inter</span> <span class='ocrx_word' id='word_1_125' title='bbox 1967 703 2146 776; x_wconf 43' lang='lat' dir='ltr'>malos.</span> <span class='ocrx_word' id='word_1_126' title='bbox 2181 703 2293 774; x_wconf 49' lang='lat' dir='ltr'>fuit:</span> <span class='ocrx_word' id='word_1_127' title='bbox 2335 708 2411 776; x_wconf 43' lang='lat' dir='ltr'>‘ut</span> 
     </span>
    </p>
   </div>
   <div class='ocr_carea' id='block_1_29' title="bbox 1351 766 2412 815">
    <p class='ocr_par' dir='ltr' id='par_1_29' title="bbox 1351 766 2412 815">
     <span class='ocr_line' id='line_1_30' title="bbox 1351 766 2412 815; baseline -0.001 -1"><span class='ocrx_word' id='word_1_128' title='bbox 1351 769 1443 814; x_wconf 85' lang='lat' dir='ltr'>Lot</span> <span class='ocrx_word' id='word_1_129' title='bbox 1498 766 1551 814; x_wconf 89' lang='lat' dir='ltr'>in</span> <span class='ocrx_word' id='word_1_130' title='bbox 1609 767 1896 815; x_wconf 82' lang='lat' dir='ltr'>Sodomis:</span> <span class='ocrx_word' id='word_1_131' title='bbox 1957 767 2030 813; x_wconf 87' lang='lat' dir='ltr'>sic</span> <span class='ocrx_word' id='word_1_132' title='bbox 2079 766 2242 813; x_wconf 88' lang='lat' dir='ltr'>lilium</span> <span class='ocrx_word' id='word_1_133' title='bbox 2275 766 2412 813; x_wconf 89' lang='lat' dir='ltr'>inter</span> 
     </span>
    </p>
   </div>
   <div class='ocr_carea' id='block_1_30' title="bbox 1349 830 1803 891">
    <p class='ocr_par' dir='ltr' id='par_1_30' title="bbox 1349 830 1803 891">
     <span class='ocr_line' id='line_1_31' title="bbox 1349 830 1803 891; baseline 0.002 -15"><span class='ocrx_word' id='word_1_134' title='bbox 1349 830 1550 891; x_wconf 88' lang='lat' dir='ltr'>spinas,</span> <span class='ocrx_word' id='word_1_135' title='bbox 1584 830 1677 885; x_wconf 81' lang='lat' dir='ltr'>sic,</span> <span class='ocrx_word' id='word_1_136' title='bbox 1709 833 1803 877; x_wconf 84' lang='lat' dir='ltr'>etc.</span> 
     </span>
    </p>
   </div>
   <div class='ocr_carea' id='block_1_31' title="bbox 1350 889 2414 961">
    <p class='ocr_par' dir='ltr' id='par_1_31' title="bbox 1350 889 2414 961">
     <span class='ocr_line' id='line_1_32' title="bbox 1350 889 2414 961; baseline -0.005 -10"><span class='ocrx_word' id='word_1_137' title='bbox 1350 889 1415 951; x_wconf 84' lang='lat' dir='ltr'>In</span> <span class='ocrx_word' id='word_1_138' title='bbox 1451 898 1617 952; x_wconf 85' lang='lat' dir='ltr'>terra</span> <span class='ocrx_word' id='word_1_139' title='bbox 1648 896 1777 952; x_wconf 79' lang='lat' dir='ltr'>llus</span> <span class='ocrx_word' id='word_1_140' title='bbox 1834 889 2087 949; x_wconf 88' lang='lat' dir='ltr'>nomine</span> <span class='ocrx_word' id='word_1_141' title='bbox 2144 890 2287 961; x_wconf 81' lang='lat' dir='ltr'>Job,</span> <span class='ocrx_word' id='word_1_142' title='bbox 2350 894 2414 946; x_wconf 89' lang='lat' dir='ltr'>et</span> 
     </span>
    </p>
   </div>
   <div class='ocr_carea' id='block_1_32' title="bbox 1827 968 2413 1030">
    <p class='ocr_par' dir='ltr' id='par_1_32' title="bbox 1827 968 2413 1030">
     <span class='ocr_line' id='line_1_33' title="bbox 1827 968 2413 1030; baseline -0.007 -11"><span class='ocrx_word' id='word_1_143' title='bbox 1827 968 2177 1019; x_wconf 86' lang='lat' dir='ltr'>Mansuetudo</span> <span class='ocrx_word' id='word_1_144' title='bbox 2204 969 2413 1030; x_wconf 80' lang='lat' dir='ltr'>justitia</span> 
     </span>
    </p>
   </div>
   <div class='ocr_carea' id='block_1_33' title="bbox 1352 1032 2415 1110">
    <p class='ocr_par' dir='ltr' id='par_1_33' title="bbox 1352 1032 2415 1110">
     <span class='ocr_line' id='line_1_34' title="bbox 1352 1032 2415 1110; baseline -0.003 -18"><span class='ocrx_word' id='word_1_145' title='bbox 1352 1038 1487 1092; x_wconf 89' lang='lat' dir='ltr'>erat</span> <span class='ocrx_word' id='word_1_146' title='bbox 1571 1034 1665 1093; x_wconf 92' lang='lat' dir='ltr'>vir</span> <span class='ocrx_word' id='word_1_147' title='bbox 1774 1033 1880 1092; x_wconf 90' lang='lat' dir='ltr'>ille</span> <span class='ocrx_word' id='word_1_148' title='bbox 1995 1032 2260 1110; x_wconf 84' lang='lat' dir='ltr'>simplex</span> <span class='ocrx_word' id='word_1_149' title='bbox 2353 1038 2415 1090; x_wconf 90' lang='lat' dir='ltr'>et</span> 
     </span>
    </p>
   </div>
   <div class='ocr_carea' id='block_1_34' title="bbox 1356 1110 2414 1175">
    <p class='ocr_par' dir='ltr' id='par_1_34' title="bbox 1356 1110 2414 1175">
     <span class='ocr_line' id='line_1_35' title="bbox 1356 1110 2414 1175; baseline -0.002 -15"><span class='ocrx_word' id='word_1_150' title='bbox 1356 1112 1678 1175; x_wconf 73' lang='lat' dir='ltr'>principalis.</span> <span class='ocrx_word' id='word_1_151' title='bbox 1695 1113 1755 1162; x_wconf 89' lang='lat' dir='ltr'>Et</span> <span class='ocrx_word' id='word_1_152' title='bbox 1770 1113 1950 1160; x_wconf 88' lang='lat' dir='ltr'>timere</span> <span class='ocrx_word' id='word_1_153' title='bbox 1976 1112 2248 1171; x_wconf 88' lang='lat' dir='ltr'>Denm,est</span> <span class='ocrx_word' id='word_1_154' title='bbox 2268 1110 2414 1159; x_wconf 86' lang='lat' dir='ltr'>nulla</span> 
     </span>
    </p>
   </div>
   <div class='ocr_carea' id='block_1_35' title="bbox 1356 1177 2415 1245">
    <p class='ocr_par' dir='ltr' id='par_1_35' title="bbox 1356 1177 2415 1245">
     <span class='ocr_line' id='line_1_36' title="bbox 1356 1177 2415 1245; baseline -0.003 -10"><span class='ocrx_word' id='word_1_155' title='bbox 1356 1181 1562 1235; x_wconf 87' lang='lat' dir='ltr'>rectus</span> <span class='ocrx_word' id='word_1_156' title='bbox 1618 1195 1692 1235; x_wconf 88' lang='lat' dir='ltr'>ac</span> <span class='ocrx_word' id='word_1_157' title='bbox 1758 1177 1986 1236; x_wconf 90' lang='lat' dir='ltr'>timens</span> <span class='ocrx_word' id='word_1_158' title='bbox 2074 1177 2293 1245; x_wconf 87' lang='lat' dir='ltr'>Deum,</span> <span class='ocrx_word' id='word_1_159' title='bbox 2353 1180 2415 1233; x_wconf 86' lang='lat' dir='ltr'>et</span> 
     </span>
    </p>
   </div>
   <div class='ocr_carea' id='block_1_36' title="bbox 1355 1254 2217 1316">
    <p class='ocr_par' dir='ltr' id='par_1_36' title="bbox 1355 1254 2217 1316">
     <span class='ocr_line' id='line_1_37' title="bbox 1355 1254 2217 1316; baseline -0.001 -15"><span class='ocrx_word' id='word_1_160' title='bbox 1355 1269 1475 1316; x_wconf 67' lang='lat' dir='ltr'>qua)</span> <span class='ocrx_word' id='word_1_161' title='bbox 1507 1258 1631 1303; x_wconf 90' lang='lat' dir='ltr'>sunt</span> <span class='ocrx_word' id='word_1_162' title='bbox 1660 1254 1900 1304; x_wconf 79' lang='lat' dir='ltr'>iacienda</span> <span class='ocrx_word' id='word_1_163' title='bbox 1928 1254 2217 1316; x_wconf 64' lang='lat' dir='ltr'>praeterire.</span> 
     </span>
    </p>
   </div>
   <div class='ocr_carea' id='block_1_37' title="bbox 1355 1270 2414 1375">
    <p class='ocr_par' dir='ltr' id='par_1_37' title="bbox 1355 1270 2414 1375">
     <span class='ocr_line' id='line_1_38' title="bbox 1355 1270 2217 1316; baseline -0.001 -15"><span class='ocrx_word' id='word_1_164' title='bbox 1355 1271 1371 1301; x_wconf 70' lang='grc' dir='ltr'><strong>ί</strong></span> <span class='ocrx_word' id='word_1_165' title='bbox 1396 1270 1475 1303; x_wconf 67' lang='lat' dir='ltr'>ure</span> <span class='ocrx_word' id='word_1_166' title='bbox 1507 1270 1631 1303; x_wconf 77' lang='lat' dir='ltr'>sunt</span> <span class='ocrx_word' id='word_1_167' title='bbox 1660 1270 1900 1304; x_wconf 76' lang='lat' dir='ltr'>iacienda</span> <span class='ocrx_word' id='word_1_168' title='bbox 1928 1270 2217 1316; x_wconf 70' lang='lat' dir='ltr'>DI&#39;IDLBI&#39;H&#39;O.</span> 
     </span>
     <span class='ocr_line' id='line_1_39' title="bbox 1355 1270 2414 1375; baseline -0.004 -10"><span class='ocrx_word' id='word_1_169' title='bbox 1355 1270 1489 1375; x_wconf 49' lang='lat' dir='ltr'>(Silia</span> <span class='ocrx_word' id='word_1_170' title='bbox 1520 1317 1673 1365; x_wconf 86' lang='lat' dir='ltr'>malis</span> <span class='ocrx_word' id='word_1_171' title='bbox 1696 1318 1855 1365; x_wconf 86' lang='lat' dir='ltr'>mixta</span> <span class='ocrx_word' id='word_1_172' title='bbox 1892 1329 2003 1364; x_wconf 85' lang='lat' dir='ltr'>non</span> <span class='ocrx_word' id='word_1_173' title='bbox 2034 1318 2161 1363; x_wconf 86' lang='lat' dir='ltr'>sunt</span> <span class='ocrx_word' id='word_1_174' title='bbox 2194 1315 2414 1363; x_wconf 86' lang='lat' dir='ltr'>Domine</span> 
     </span>
    </p>
   </div>
   <div class='ocr_carea' id='block_1_38' title="bbox 1356 1380 2094 1452">
    <p class='ocr_par' dir='ltr' id='par_1_38' title="bbox 1356 1380 2094 1452">
     <span class='ocr_line' id='line_1_40' title="bbox 1356 1380 2094 1452; baseline -0.001 -13"><span class='ocrx_word' id='word_1_175' title='bbox 1356 1381 1653 1440; x_wconf 85' lang='lat' dir='ltr'>recedens</span> <span class='ocrx_word' id='word_1_176' title='bbox 1684 1399 1721 1440; x_wconf 89' lang='lat' dir='ltr'>a</span> <span class='ocrx_word' id='word_1_177' title='bbox 1754 1380 1942 1452; x_wconf 88' lang='lat' dir='ltr'>malo,</span> <span class='ocrx_word' id='word_1_178' title='bbox 1974 1386 2094 1438; x_wconf 89' lang='lat' dir='ltr'>etc.</span> 
     </span>
    </p>
   </div>
   <div class='ocr_carea' id='block_1_39' title="bbox 1358 1460 1768 1522">
    <p class='ocr_par' dir='ltr' id='par_1_39' title="bbox 1358 1460 1768 1522">
     <span class='ocr_line' id='line_1_41' title="bbox 1358 1460 1768 1522; baseline -0.005 -14"><span class='ocrx_word' id='word_1_179' title='bbox 1358 1462 1575 1522; x_wconf 85' lang='lat' dir='ltr'>accepta</span> <span class='ocrx_word' id='word_1_180' title='bbox 1605 1460 1768 1507; x_wconf 88' lang='lat' dir='ltr'>bona.</span> 
     </span>
    </p>
   </div>
   <div class='ocr_carea' id='block_1_40' title="bbox 1361 2086 2422 2167">
    <p class='ocr_par' dir='ltr' id='par_1_40' title="bbox 1361 2086 2422 2167">
     <span class='ocr_line' id='line_1_42' title="bbox 1361 2086 2422 2167; baseline -0.005 -18"><span class='ocrx_word' id='word_1_181' title='bbox 1361 2088 1677 2167; x_wconf 84' lang='lat' dir='ltr'>Numquid</span> <span class='ocrx_word' id='word_1_182' title='bbox 1723 2086 2106 2167; x_wconf 84' lang='lat' dir='ltr'>conjungere</span> <span class='ocrx_word' id='word_1_183' title='bbox 2188 2086 2422 2145; x_wconf 87' lang='lat' dir='ltr'>valebis</span> 
     </span>
    </p>
   </div>
   <div class='ocr_carea' id='block_1_41' title="bbox 1865 2165 2198 2227">
    <p class='ocr_par' dir='ltr' id='par_1_41' title="bbox 1865 2165 2198 2227">
     <span class='ocr_line' id='line_1_43' title="bbox 1865 2165 2198 2227; baseline -0.006 -12"><span class='ocrx_word' id='word_1_184' title='bbox 1865 2165 2070 2215; x_wconf 83' lang='lat' dir='ltr'>Scilicet</span> <span class='ocrx_word' id='word_1_185' title='bbox 2100 2178 2198 2227; x_wconf 86' lang='lat' dir='ltr'>ego</span> 
     </span>
    </p>
   </div>
   <div class='ocr_carea' id='block_1_42' title="bbox 1366 2227 2423 2290">
    <p class='ocr_par' dir='ltr' id='par_1_42' title="bbox 1366 2227 2423 2290">
     <span class='ocr_line' id='line_1_44' title="bbox 1366 2227 2423 2290; baseline -0.005 0"><span class='ocrx_word' id='word_1_186' title='bbox 1366 2231 1666 2290; x_wconf 84' lang='lat' dir='ltr'>micantes</span> <span class='ocrx_word' id='word_1_187' title='bbox 1704 2229 1916 2288; x_wconf 84' lang='lat' dir='ltr'>stellas</span> <span class='ocrx_word' id='word_1_188' title='bbox 1972 2227 2260 2287; x_wconf 86' lang='lat' dir='ltr'>Pleiadas</span> <span class='ocrx_word' id='word_1_189' title='bbox 2316 2232 2423 2286; x_wconf 89' lang='lat' dir='ltr'>aut</span> 
     </span>
    </p>
   </div>
   <div class='ocr_carea' id='block_1_43' title="bbox 1371 2307 2420 2388">
    <p class='ocr_par' dir='ltr' id='par_1_43' title="bbox 1371 2307 2420 2388">
     <span class='ocr_line' id='line_1_45' title="bbox 1371 2307 2420 2388; baseline -0.006 -18"><span class='ocrx_word' id='word_1_190' title='bbox 1371 2328 1591 2388; x_wconf 46' lang='lat' dir='ltr'>tyrum</span> <span class='ocrx_word' id='word_1_191' title='bbox 1655 2309 1867 2368; x_wconf 87' lang='lat' dir='ltr'>Acturi</span> <span class='ocrx_word' id='word_1_192' title='bbox 1926 2308 2159 2386; x_wconf 79' lang='lat' dir='ltr'>poteris</span> <span class='ocrx_word' id='word_1_193' title='bbox 2242 2307 2420 2388; x_wconf 85' lang='lat' dir='ltr'>dissi-</span> 
     </span>
    </p>
   </div>
   <div class='ocr_carea' id='block_1_44' title="bbox 1485 2386 2427 2445">
    <p class='ocr_par' dir='ltr' id='par_1_44' title="bbox 1485 2386 2427 2445">
     <span class='ocr_line' id='line_1_46' title="bbox 1485 2386 2427 2445; baseline -0.003 -8"><span class='ocrx_word' id='word_1_194' title='bbox 1485 2388 2019 2445; x_wconf 85' lang='lat' dir='ltr'>Moraliter.Quotidie</span> <span class='ocrx_word' id='word_1_195' title='bbox 2037 2388 2210 2436; x_wconf 82' lang='lat' dir='ltr'>elucet</span> <span class='ocrx_word' id='word_1_196' title='bbox 2224 2386 2427 2435; x_wconf 79' lang='lat' dir='ltr'>Lucifer</span> 
     </span>
    </p>
   </div>
   <div class='ocr_carea' id='block_1_45' title="bbox 1368 2451 2424 2531">
    <p class='ocr_par' dir='ltr' id='par_1_45' title="bbox 1368 2451 2424 2531">
     <span class='ocr_line' id='line_1_47' title="bbox 1368 2451 2424 2531; baseline -0.004 -19"><span class='ocrx_word' id='word_1_197' title='bbox 1368 2453 1566 2531; x_wconf 81' lang='lat' dir='ltr'>pare?</span> <span class='ocrx_word' id='word_1_198' title='bbox 1597 2451 1914 2528; x_wconf 89' lang='lat' dir='ltr'>Numquid</span> <span class='ocrx_word' id='word_1_199' title='bbox 1966 2452 2272 2529; x_wconf 88' lang='lat' dir='ltr'>produces</span> <span class='ocrx_word' id='word_1_200' title='bbox 2292 2455 2424 2531; x_wconf 81' lang='lat' dir='ltr'>_Lu-</span> 
     </span>
    </p>
   </div>
   <div class='ocr_carea' id='block_1_46' title="bbox 1366 2529 2427 2593">
    <p class='ocr_par' dir='ltr' id='par_1_46' title="bbox 1366 2529 2427 2593">
     <span class='ocr_line' id='line_1_48' title="bbox 1366 2529 2427 2593; baseline -0.003 -13"><span class='ocrx_word' id='word_1_201' title='bbox 1366 2529 1599 2591; x_wconf 86' lang='lat' dir='ltr'>bonis,et</span> <span class='ocrx_word' id='word_1_202' title='bbox 1611 2531 1850 2593; x_wconf 89' lang='lat' dir='ltr'>reprobis</span> <span class='ocrx_word' id='word_1_203' title='bbox 1863 2543 2141 2592; x_wconf 88' lang='lat' dir='ltr'>vesperum</span> <span class='ocrx_word' id='word_1_204' title='bbox 2164 2529 2307 2592; x_wconf 87' lang='lat' dir='ltr'>quod</span> <span class='ocrx_word' id='word_1_205' title='bbox 2321 2542 2427 2577; x_wconf 85' lang='lat' dir='ltr'>ser-</span> 
     </span>
    </p>
   </div>
   <div class='ocr_carea' id='block_1_47' title="bbox 1371 2594 2429 2671">
    <p class='ocr_par' dir='ltr' id='par_1_47' title="bbox 1371 2594 2429 2671">
     <span class='ocr_line' id='line_1_49' title="bbox 1371 2594 2429 2671; baseline -0.003 -17"><span class='ocrx_word' id='word_1_206' title='bbox 1371 2596 1628 2654; x_wconf 89' lang='lat' dir='ltr'>ciferum</span> <span class='ocrx_word' id='word_1_207' title='bbox 1687 2594 1751 2652; x_wconf 90' lang='lat' dir='ltr'>in</span> <span class='ocrx_word' id='word_1_208' title='bbox 1829 2599 2111 2671; x_wconf 90' lang='lat' dir='ltr'>tempore</span> <span class='ocrx_word' id='word_1_209' title='bbox 2167 2611 2309 2665; x_wconf 90' lang='lat' dir='ltr'>suo,</span> <span class='ocrx_word' id='word_1_210' title='bbox 2367 2597 2429 2652; x_wconf 91' lang='lat' dir='ltr'>et</span> 
     </span>
    </p>
   </div>
   <div class='ocr_carea' id='block_1_48' title="bbox 1370 2673 2085 2727">
    <p class='ocr_par' dir='ltr' id='par_1_48' title="bbox 1370 2673 2085 2727">
     <span class='ocr_line' id='line_1_50' title="bbox 1370 2673 2085 2727; baseline -0.004 -5"><span class='ocrx_word' id='word_1_211' title='bbox 1370 2687 1458 2722; x_wconf 90' lang='lat' dir='ltr'>mo</span> <span class='ocrx_word' id='word_1_212' title='bbox 1490 2673 1698 2721; x_wconf 87' lang='lat' dir='ltr'>Domini</span> <span class='ocrx_word' id='word_1_213' title='bbox 1721 2676 1958 2727; x_wconf 88' lang='lat' dir='ltr'>testatur,</span> <span class='ocrx_word' id='word_1_214' title='bbox 1991 2676 2085 2721; x_wconf 79' lang='lat' dir='ltr'>etc;</span> 
     </span>
    </p>
   </div>
   <div class='ocr_carea' id='block_1_49' title="bbox 1372 2735 2428 2816">
    <p class='ocr_par' dir='ltr' id='par_1_49' title="bbox 1372 2735 2428 2816">
     <span class='ocr_line' id='line_1_51' title="bbox 1372 2735 2428 2816; baseline -0.002 -21"><span class='ocrx_word' id='word_1_215' title='bbox 1372 2754 1697 2816; x_wconf 89' lang='lat' dir='ltr'>vesperum</span> <span class='ocrx_word' id='word_1_216' title='bbox 1786 2753 1974 2813; x_wconf 90' lang='lat' dir='ltr'>super</span> <span class='ocrx_word' id='word_1_217' title='bbox 2030 2735 2191 2794; x_wconf 88' lang='lat' dir='ltr'>ﬁlios</span> <span class='ocrx_word' id='word_1_218' title='bbox 2247 2740 2428 2816; x_wconf 68' lang='lat' dir='ltr'>terrm</span> 
     </span>
    </p>
   </div>
   <div class='ocr_carea' id='block_1_50' title="bbox 1372 2815 2428 2893">
    <p class='ocr_par' dir='ltr' id='par_1_50' title="bbox 1372 2815 2428 2893">
     <span class='ocr_line' id='line_1_52' title="bbox 1372 2815 2428 2893; baseline -0.005 -15"><span class='ocrx_word' id='word_1_219' title='bbox 1372 2815 1749 2893; x_wconf 86' lang='lat' dir='ltr'>consurgere</span> <span class='ocrx_word' id='word_1_220' title='bbox 1804 2816 1991 2876; x_wconf 90' lang='lat' dir='ltr'>facies</span> <span class='ocrx_word' id='word_1_221' title='bbox 2005 2816 2034 2873; x_wconf 74' lang='grc'>7</span> <span class='ocrx_word' id='word_1_222' title='bbox 2114 2815 2428 2892; x_wconf 89' lang='lat' dir='ltr'>Numquid</span> 
     </span>
    </p>
   </div>
   <div class='ocr_carea' id='block_1_51' title="bbox 1374 2894 2432 2972">
    <p class='ocr_par' dir='ltr' id='par_1_51' title="bbox 1374 2894 2432 2972">
     <span class='ocr_line' id='line_1_53' title="bbox 1374 2894 2432 2972; baseline -0.002 -16"><span class='ocrx_word' id='word_1_223' title='bbox 1374 2897 1531 2958; x_wconf 86' lang='lat' dir='ltr'>nosti</span> <span class='ocrx_word' id='word_1_224' title='bbox 1578 2895 1861 2956; x_wconf 89' lang='lat' dir='ltr'>ordinem</span> <span class='ocrx_word' id='word_1_225' title='bbox 1926 2894 2066 2955; x_wconf 73' lang='lat' dir='ltr'>coeli</span> <span class='ocrx_word' id='word_1_226' title='bbox 2118 2901 2181 2953; x_wconf 89' lang='lat' dir='ltr'>et</span> <span class='ocrx_word' id='word_1_227' title='bbox 2236 2912 2432 2972; x_wconf 85' lang='lat' dir='ltr'>pones</span> 
     </span>
    </p>
   </div>
   <div class='ocr_carea' id='block_1_52' title="bbox 2022 2975 2429 3023">
    <p class='ocr_par' dir='ltr' id='par_1_52' title="bbox 2022 2975 2429 3023">
     <span class='ocr_line' id='line_1_54' title="bbox 2022 2975 2429 3023; baseline 0 -2"><span class='ocrx_word' id='word_1_228' title='bbox 2022 2975 2080 3022; x_wconf 86' lang='lat' dir='ltr'>In</span> <span class='ocrx_word' id='word_1_229' title='bbox 2110 2975 2302 3023; x_wconf 88' lang='lat' dir='ltr'>nebula</span> <span class='ocrx_word' id='word_1_230' title='bbox 2333 2975 2429 3022; x_wconf 88' lang='lat' dir='ltr'>im-</span> 
     </span>
    </p>
   </div>
   <div class='ocr_carea' id='block_1_53' title="bbox 1374 3036 2423 3115">
    <p class='ocr_par' dir='ltr' id='par_1_53' title="bbox 1374 3036 2423 3115">
     <span class='ocr_line' id='line_1_55' title="bbox 1374 3036 2423 3115; baseline -0.003 -17"><span class='ocrx_word' id='word_1_231' title='bbox 1374 3038 1679 3098; x_wconf 85' lang='lat' dir='ltr'>rationem</span> <span class='ocrx_word' id='word_1_232' title='bbox 1713 3036 1849 3115; x_wconf 89' lang='lat' dir='ltr'>ejus</span> <span class='ocrx_word' id='word_1_233' title='bbox 1880 3037 1942 3096; x_wconf 89' lang='lat' dir='ltr'>in</span> <span class='ocrx_word' id='word_1_234' title='bbox 1987 3039 2204 3097; x_wconf 78' lang='lat' dir='ltr'>terra?</span> <span class='ocrx_word' id='word_1_235' title='bbox 2241 3042 2423 3096; x_wconf 81' lang='lat' dir='ltr'>Num-</span> 
     </span>
    </p>
   </div>
   <div class='ocr_carea' id='block_1_54' title="bbox 1376 3115 2434 3182">
    <p class='ocr_par' dir='ltr' id='par_1_54' title="bbox 1376 3115 2434 3182">
     <span class='ocr_line' id='line_1_56' title="bbox 1376 3115 2434 3182; baseline -0.001 -16"><span class='ocrx_word' id='word_1_236' title='bbox 1376 3118 1538 3182; x_wconf 84' lang='lat' dir='ltr'>plevit</span> <span class='ocrx_word' id='word_1_237' title='bbox 1562 3117 1778 3182; x_wconf 82' lang='lat' dir='ltr'>domum</span> <span class='ocrx_word' id='word_1_238' title='bbox 1798 3116 2022 3182; x_wconf 86' lang='lat' dir='ltr'>Domini,</span> <span class='ocrx_word' id='word_1_239' title='bbox 2039 3115 2089 3164; x_wconf 93' lang='lat' dir='ltr'>id</span> <span class='ocrx_word' id='word_1_240' title='bbox 2106 3120 2199 3182; x_wconf 79' lang='lat' dir='ltr'>est,</span> <span class='ocrx_word' id='word_1_241' title='bbox 2212 3116 2434 3182; x_wconf 70' lang='lat' dir='ltr'>Prophe-</span> 
     </span>
    </p>
   </div>
   <div class='ocr_carea' id='block_1_55' title="bbox 1375 3180 2432 3261">
    <p class='ocr_par' dir='ltr' id='par_1_55' title="bbox 1375 3180 2432 3261">
     <span class='ocr_line' id='line_1_57' title="bbox 1375 3180 2432 3261; baseline -0.002 -19"><span class='ocrx_word' id='word_1_242' title='bbox 1375 3180 1526 3261; x_wconf 88' lang='lat' dir='ltr'>quid</span> <span class='ocrx_word' id='word_1_243' title='bbox 1585 3180 1858 3261; x_wconf 76' lang='lat' dir='ltr'>elevahis</span> <span class='ocrx_word' id='word_1_244' title='bbox 1923 3180 1987 3238; x_wconf 87' lang='lat' dir='ltr'>in</span> <span class='ocrx_word' id='word_1_245' title='bbox 2045 3180 2275 3240; x_wconf 87' lang='lat' dir='ltr'>nebula</span> <span class='ocrx_word' id='word_1_246' title='bbox 2321 3198 2432 3240; x_wconf 87' lang='lat' dir='ltr'>v0-</span> 
     </span>
    </p>
   </div>
   <div class='ocr_carea' id='block_1_56' title="bbox 2520 639 3573 717">
    <p class='ocr_par' dir='ltr' id='par_1_56' title="bbox 2520 639 3573 717">
     <span class='ocr_line' id='line_1_58' title="bbox 2520 639 3573 717; baseline -0.001 -17"><span class='ocrx_word' id='word_1_247' title='bbox 2520 639 2866 717; x_wconf 85' lang='lat' dir='ltr'>Allegorice</span> <span class='ocrx_word' id='word_1_248' title='bbox 2935 639 3048 698; x_wconf 88' lang='lat' dir='ltr'>Job</span> <span class='ocrx_word' id='word_1_249' title='bbox 3107 641 3322 701; x_wconf 89' lang='lat' dir='ltr'>dolens</span> <span class='ocrx_word' id='word_1_250' title='bbox 3377 640 3573 701; x_wconf 84' lang='lat' dir='ltr'>inter-</span> 
     </span>
    </p>
   </div>
   <div class='ocr_carea' id='block_1_57' title="bbox 2522 721 3576 798">
    <p class='ocr_par' dir='ltr' id='par_1_57' title="bbox 2522 721 3576 798">
     <span class='ocr_line' id='line_1_59' title="bbox 2522 721 3576 798; baseline 0.006 -23"><span class='ocrx_word' id='word_1_251' title='bbox 2522 727 2804 797; x_wconf 86' lang='lat' dir='ltr'>pretatur</span> <span class='ocrx_word' id='word_1_252' title='bbox 2858 721 3039 779; x_wconf 87' lang='lat' dir='ltr'>Jesus</span> <span class='ocrx_word' id='word_1_253' title='bbox 3105 721 3406 795; x_wconf 73' lang='lat' dir='ltr'>Christus,</span> <span class='ocrx_word' id='word_1_254' title='bbox 3468 723 3576 798; x_wconf 88' lang='lat' dir='ltr'>qui</span> 
     </span>
    </p>
   </div>
   <div class='ocr_carea' id='block_1_58' title="bbox 2520 800 3573 877">
    <p class='ocr_par' dir='ltr' id='par_1_58' title="bbox 2520 800 3573 877">
     <span class='ocr_line' id='line_1_60' title="bbox 2520 800 3573 877; baseline 0.002 -18"><span class='ocrx_word' id='word_1_255' title='bbox 2520 800 2767 859; x_wconf 83' lang='lat' dir='ltr'>dolores</span> <span class='ocrx_word' id='word_1_256' title='bbox 2800 807 3043 858; x_wconf 86' lang='lat' dir='ltr'>nostros</span> <span class='ocrx_word' id='word_1_257' title='bbox 3075 803 3367 877; x_wconf 84' lang='lat' dir='ltr'>portavit.</span> <span class='ocrx_word' id='word_1_258' title='bbox 3419 800 3573 862; x_wconf 76' lang='lat' dir='ltr'>Has.</span> 
     </span>
    </p>
   </div>
   <div class='ocr_carea' id='block_1_59' title="bbox 2522 880 3579 957">
    <p class='ocr_par' dir='ltr' id='par_1_59' title="bbox 2522 880 3579 957">
     <span class='ocr_line' id='line_1_61' title="bbox 2522 880 3579 957; baseline 0.004 -20"><span class='ocrx_word' id='word_1_259' title='bbox 2522 880 2914 939; x_wconf 66' lang='lat' dir='ltr'>Consiliator.</span> <span class='ocrx_word' id='word_1_260' title='bbox 2949 883 3205 940; x_wconf 87' lang='lat' dir='ltr'>Terram</span> <span class='ocrx_word' id='word_1_261' title='bbox 3249 899 3397 957; x_wconf 88' lang='lat' dir='ltr'>ergo</span> <span class='ocrx_word' id='word_1_262' title='bbox 3448 884 3579 941; x_wconf 88' lang='lat' dir='ltr'>Hus</span> 
     </span>
    </p>
   </div>
   <div class='ocr_carea' id='block_1_60' title="bbox 2524 960 3581 1027">
    <p class='ocr_par' dir='ltr' id='par_1_60' title="bbox 2524 960 3581 1027">
     <span class='ocr_line' id='line_1_62' title="bbox 2524 960 3581 1027; baseline 0.004 -9"><span class='ocrx_word' id='word_1_263' title='bbox 2524 960 2785 1027; x_wconf 82' lang='lat' dir='ltr'>habitat,</span> <span class='ocrx_word' id='word_1_264' title='bbox 2879 967 2940 1019; x_wconf 87' lang='lat' dir='ltr'>et</span> <span class='ocrx_word' id='word_1_265' title='bbox 3032 963 3223 1021; x_wconf 87' lang='lat' dir='ltr'>corda</span> <span class='ocrx_word' id='word_1_266' title='bbox 3306 962 3581 1021; x_wconf 91' lang='lat' dir='ltr'>consiliis</span> 
     </span>
    </p>
   </div>
   <div class='ocr_carea' id='block_1_61' title="bbox 2514 1039 3576 1119">
    <p class='ocr_par' dir='ltr' id='par_1_61' title="bbox 2514 1039 3576 1119">
     <span class='ocr_line' id='line_1_63' title="bbox 2514 1039 3576 1119; baseline 0.003 -20"><span class='ocrx_word' id='word_1_267' title='bbox 2514 1040 2683 1117; x_wconf 80' lang='lat' dir='ltr'>juste</span> <span class='ocrx_word' id='word_1_268' title='bbox 2718 1039 2946 1099; x_wconf 80' lang='lat' dir='ltr'>dedita.</span> <span class='ocrx_word' id='word_1_269' title='bbox 2983 1042 3160 1101; x_wconf 90' lang='lat' dir='ltr'>Unde</span> <span class='ocrx_word' id='word_1_270' title='bbox 3216 1042 3576 1119; x_wconf 85' lang='lat' dir='ltr'>Sapientia:</span> 
     </span>
    </p>
   </div>
   <div class='ocr_carea' id='block_1_62' title="bbox 2526 1120 3579 1197">
    <p class='ocr_par' dir='ltr' id='par_1_62' title="bbox 2526 1120 3579 1197">
     <span class='ocr_line' id='line_1_64' title="bbox 2526 1120 3579 1197; baseline 0 -17"><span class='ocrx_word' id='word_1_271' title='bbox 2526 1120 2658 1197; x_wconf 80' lang='lat' dir='ltr'>Ego</span> <span class='ocrx_word' id='word_1_272' title='bbox 2718 1120 2779 1177; x_wconf 82' lang='lat' dir='ltr'>in</span> <span class='ocrx_word' id='word_1_273' title='bbox 2831 1121 3075 1179; x_wconf 79' lang='lat' dir='ltr'>concilio</span> <span class='ocrx_word' id='word_1_274' title='bbox 3122 1121 3347 1181; x_wconf 77' lang='lat' dir='ltr'>habito.</span> <span class='ocrx_word' id='word_1_275' title='bbox 3410 1120 3579 1182; x_wconf 83' lang='lat' dir='ltr'>Sim-</span> 
     </span>
    </p>
   </div>
   <div class='ocr_carea' id='block_1_63' title="bbox 2518 1200 3581 1280">
    <p class='ocr_par' dir='ltr' id='par_1_63' title="bbox 2518 1200 3581 1280">
     <span class='ocr_line' id='line_1_65' title="bbox 2518 1200 3581 1280; baseline 0.004 -23"><span class='ocrx_word' id='word_1_276' title='bbox 2518 1200 2985 1280; x_wconf 62' lang='lat' dir='ltr'>plexutrectus.</span> <span class='ocrx_word' id='word_1_277' title='bbox 3045 1203 3167 1260; x_wconf 90' lang='lat' dir='ltr'>Nos</span> <span class='ocrx_word' id='word_1_278' title='bbox 3230 1220 3340 1279; x_wconf 90' lang='lat' dir='ltr'>per</span> <span class='ocrx_word' id='word_1_279' title='bbox 3390 1202 3581 1280; x_wconf 88' lang='lat' dir='ltr'>justi-</span> 
     </span>
    </p>
   </div>
   <div class='ocr_carea' id='block_1_64' title="bbox 2523 1279 3584 1360">
    <p class='ocr_par' dir='ltr' id='par_1_64' title="bbox 2523 1279 3584 1360">
     <span class='ocr_line' id='line_1_66' title="bbox 2523 1279 3584 1360; baseline 0.003 -23"><span class='ocrx_word' id='word_1_280' title='bbox 2523 1279 2673 1338; x_wconf 84' lang='lat' dir='ltr'>tiam</span> <span class='ocrx_word' id='word_1_281' title='bbox 2743 1281 3180 1360; x_wconf 82' lang='lat' dir='ltr'>mansuetudin</span> <span class='ocrx_word' id='word_1_282' title='bbox 3224 1300 3281 1340; x_wconf 90' lang='lat' dir='ltr'>m</span> <span class='ocrx_word' id='word_1_283' title='bbox 3356 1290 3417 1342; x_wconf 91' lang='lat' dir='ltr'>et</span> <span class='ocrx_word' id='word_1_284' title='bbox 3473 1299 3584 1360; x_wconf 88' lang='lat' dir='ltr'>per</span> 
     </span>
    </p>
   </div>
   <div class='ocr_carea' id='block_1_65' title="bbox 2529 1356 3579 1437">
    <p class='ocr_par' dir='ltr' id='par_1_65' title="bbox 2529 1356 3579 1437">
     <span class='ocr_line' id='line_1_67' title="bbox 2529 1356 3579 1437; baseline 0.004 -20"><span class='ocrx_word' id='word_1_285' title='bbox 2529 1356 3067 1420; x_wconf 74' lang='lat' dir='ltr'>mansuetudinem</span> <span class='ocrx_word' id='word_1_286' title='bbox 3116 1362 3422 1437; x_wconf 80' lang='lat' dir='ltr'>justitiam</span> <span class='ocrx_word' id='word_1_287' title='bbox 3474 1356 3579 1421; x_wconf 66' lang='lat' dir='ltr'>re—</span> 
     </span>
    </p>
   </div>
   <div class='ocr_carea' id='block_1_66' title="bbox 2524 1439 3584 1520">
    <p class='ocr_par' dir='ltr' id='par_1_66' title="bbox 2524 1439 3584 1520">
     <span class='ocr_line' id='line_1_68' title="bbox 2524 1439 3584 1520; baseline 0.003 -22"><span class='ocrx_word' id='word_1_288' title='bbox 2524 1439 2905 1517; x_wconf 87' lang='lat' dir='ltr'>linquimus:</span> <span class='ocrx_word' id='word_1_289' title='bbox 2945 1443 3104 1499; x_wconf 90' lang='lat' dir='ltr'>Deus</span> <span class='ocrx_word' id='word_1_290' title='bbox 3154 1442 3343 1502; x_wconf 85' lang='lat' dir='ltr'>homo</span> <span class='ocrx_word' id='word_1_291' title='bbox 3403 1441 3584 1520; x_wconf 89' lang='lat' dir='ltr'>plene</span> 
     </span>
    </p>
   </div>
   <div class='ocr_carea' id='block_1_67' title="bbox 2526 1522 3585 1587">
    <p class='ocr_par' dir='ltr' id='par_1_67' title="bbox 2526 1522 3585 1587">
     <span class='ocr_line' id='line_1_69' title="bbox 2526 1522 3585 1587; baseline 0.002 -9"><span class='ocrx_word' id='word_1_292' title='bbox 2526 1527 2866 1587; x_wconf 65' lang='lat' dir='ltr'>utrum-lue</span> <span class='ocrx_word' id='word_1_293' title='bbox 2950 1522 3241 1579; x_wconf 80' lang='lat' dir='ltr'>servavit.</span> <span class='ocrx_word' id='word_1_294' title='bbox 3352 1522 3585 1582; x_wconf 78' lang='lat' dir='ltr'>Timens</span> 
     </span>
    </p>
   </div>
   <div class='ocr_carea' id='block_1_68' title="bbox 2528 1600 3582 1677">
    <p class='ocr_par' dir='ltr' id='par_1_68' title="bbox 2528 1600 3582 1677">
     <span class='ocr_line' id='line_1_70' title="bbox 2528 1600 3582 1677; baseline 0.002 -19"><span class='ocrx_word' id='word_1_295' title='bbox 2528 1600 2736 1658; x_wconf 86' lang='lat' dir='ltr'>Deum.</span> <span class='ocrx_word' id='word_1_296' title='bbox 2827 1601 3003 1660; x_wconf 90' lang='lat' dir='ltr'>Unde</span> <span class='ocrx_word' id='word_1_297' title='bbox 3097 1602 3356 1677; x_wconf 86' lang='lat' dir='ltr'>replevit</span> <span class='ocrx_word' id='word_1_298' title='bbox 3440 1620 3582 1661; x_wconf 90' lang='lat' dir='ltr'>eum</span> 
     </span>
    </p>
   </div>
   <div class='ocr_carea' id='block_1_69' title="bbox 2528 1678 3584 1756">
    <p class='ocr_par' dir='ltr' id='par_1_69' title="bbox 2528 1678 3584 1756">
     <span class='ocr_line' id='line_1_71' title="bbox 2528 1678 3584 1756; baseline 0.005 -21"><span class='ocrx_word' id='word_1_299' title='bbox 2528 1680 2748 1756; x_wconf 86' lang='lat' dir='ltr'>spiritu</span> <span class='ocrx_word' id='word_1_300' title='bbox 2776 1678 3015 1738; x_wconf 90' lang='lat' dir='ltr'>timoris</span> <span class='ocrx_word' id='word_1_301' title='bbox 3034 1680 3300 1739; x_wconf 90' lang='lat' dir='ltr'>Domini.</span> <span class='ocrx_word' id='word_1_302' title='bbox 3365 1684 3584 1740; x_wconf 78' lang='lat' dir='ltr'>Reces-</span> 
     </span>
    </p>
   </div>
   <div class='ocr_carea' id='block_1_70' title="bbox 2528 1760 3589 1838">
    <p class='ocr_par' dir='ltr' id='par_1_70' title="bbox 2528 1760 3589 1838">
     <span class='ocr_line' id='line_1_72' title="bbox 2528 1760 3589 1838; baseline 0.004 -22"><span class='ocrx_word' id='word_1_303' title='bbox 2528 1761 2608 1817; x_wconf 89' lang='lat' dir='ltr'>sit</span> <span class='ocrx_word' id='word_1_304' title='bbox 2634 1777 2887 1836; x_wconf 89' lang='lat' dir='ltr'>quoque</span> <span class='ocrx_word' id='word_1_305' title='bbox 2918 1777 2955 1817; x_wconf 86' lang='lat' dir='ltr'>a</span> <span class='ocrx_word' id='word_1_306' title='bbox 2990 1760 3176 1829; x_wconf 91' lang='lat' dir='ltr'>malo,</span> <span class='ocrx_word' id='word_1_307' title='bbox 3234 1778 3357 1819; x_wconf 92' lang='lat' dir='ltr'>non</span> <span class='ocrx_word' id='word_1_308' title='bbox 3417 1760 3589 1838; x_wconf 91' lang='lat' dir='ltr'>quod</span> 
     </span>
    </p>
   </div>
   <div class='ocr_carea' id='block_1_71' title="bbox 2530 1839 3593 1918">
    <p class='ocr_par' dir='ltr' id='par_1_71' title="bbox 2530 1839 3593 1918">
     <span class='ocr_line' id='line_1_73' title="bbox 2530 1839 3593 1918; baseline 0.003 -21"><span class='ocrx_word' id='word_1_309' title='bbox 2530 1839 2817 1897; x_wconf 81' lang='lat' dir='ltr'>faciendo</span> <span class='ocrx_word' id='word_1_310' title='bbox 2870 1840 3200 1916; x_wconf 89' lang='lat' dir='ltr'>contingit,</span> <span class='ocrx_word' id='word_1_311' title='bbox 3255 1840 3363 1899; x_wconf 89' lang='lat' dir='ltr'>sed</span> <span class='ocrx_word' id='word_1_312' title='bbox 3422 1840 3593 1918; x_wconf 89' lang='lat' dir='ltr'>quod</span> 
     </span>
    </p>
   </div>
   <div class='ocr_carea' id='block_1_72' title="bbox 2532 1919 3589 1998">
    <p class='ocr_par' dir='ltr' id='par_1_72' title="bbox 2532 1919 3589 1998">
     <span class='ocr_line' id='line_1_74' title="bbox 2532 1919 3589 1998; baseline 0.003 -20"><span class='ocrx_word' id='word_1_313' title='bbox 2532 1919 2853 1978; x_wconf 87' lang='lat' dir='ltr'>inveniens</span> <span class='ocrx_word' id='word_1_314' title='bbox 2871 1919 2929 1978; x_wconf 92' lang='lat' dir='ltr'>in</span> <span class='ocrx_word' id='word_1_315' title='bbox 2951 1919 3186 1979; x_wconf 89' lang='lat' dir='ltr'>mundo</span> <span class='ocrx_word' id='word_1_316' title='bbox 3209 1920 3589 1998; x_wconf 89' lang='lat' dir='ltr'>reprobavit.</span> 
     </span>
    </p>
   </div>
   <div class='ocr_carea' id='block_1_73' title="bbox 2530 2096 3641 2176">
    <p class='ocr_par' dir='ltr' id='par_1_73' title="bbox 2530 2096 3641 2176">
     <span class='ocr_line' id='line_1_75' title="bbox 2530 2096 3641 2176; baseline 0.004 -21"><span class='ocrx_word' id='word_1_317' title='bbox 2530 2096 2845 2176; x_wconf 76' lang='lat' dir='ltr'>Numquid</span> <span class='ocrx_word' id='word_1_318' title='bbox 2967 2099 3324 2176; x_wconf 75' lang='lat' dir='ltr'>conjungere</span> <span class='ocrx_word' id='word_1_319' title='bbox 3444 2101 3641 2161; x_wconf 44' lang='lat' dir='ltr'>vale»</span> 
     </span>
    </p>
   </div>
   <div class='ocr_carea' id='block_1_74' title="bbox 2534 2177 3593 2255">
    <p class='ocr_par' dir='ltr' id='par_1_74' title="bbox 2534 2177 3593 2255">
     <span class='ocr_line' id='line_1_76' title="bbox 2534 2177 3593 2255; baseline 0.005 -20"><span class='ocrx_word' id='word_1_320' title='bbox 2534 2177 2674 2236; x_wconf 75' lang='lat' dir='ltr'>bis?</span> <span class='ocrx_word' id='word_1_321' title='bbox 2702 2184 2820 2236; x_wconf 87' lang='lat' dir='ltr'>etc.</span> <span class='ocrx_word' id='word_1_322' title='bbox 2866 2188 2913 2236; x_wconf 85' lang='lat' dir='ltr'>.A</span> <span class='ocrx_word' id='word_1_323' title='bbox 2966 2178 3323 2255; x_wconf 86' lang='lat' dir='ltr'>pluralitate</span> <span class='ocrx_word' id='word_1_324' title='bbox 3355 2189 3593 2240; x_wconf 67' lang='lat' dir='ltr'>vocatae</span> 
     </span>
    </p>
   </div>
   <div class='ocr_carea' id='block_1_75' title="bbox 2533 2257 3595 2334">
    <p class='ocr_par' dir='ltr' id='par_1_75' title="bbox 2533 2257 3595 2334">
     <span class='ocr_line' id='line_1_77' title="bbox 2533 2257 3595 2334; baseline 0.005 -19"><span class='ocrx_word' id='word_1_325' title='bbox 2533 2263 2700 2321; x_wconf 81' lang='lat' dir='ltr'>sunt.</span> <span class='ocrx_word' id='word_1_326' title='bbox 2737 2257 2905 2334; x_wconf 89' lang='lat' dir='ltr'>quod</span> <span class='ocrx_word' id='word_1_327' title='bbox 2947 2263 3008 2316; x_wconf 84' lang='lat' dir='ltr'>et</span> <span class='ocrx_word' id='word_1_328' title='bbox 3064 2257 3182 2316; x_wconf 87' lang='lat' dir='ltr'>sibi</span> <span class='ocrx_word' id='word_1_329' title='bbox 3234 2258 3472 2331; x_wconf 70' lang='lat' dir='ltr'>vicinae,</span> <span class='ocrx_word' id='word_1_330' title='bbox 3534 2266 3595 2320; x_wconf 89' lang='lat' dir='ltr'>et</span> 
     </span>
    </p>
   </div>
   <div class='ocr_carea' id='block_1_76' title="bbox 2534 2336 3595 2401">
    <p class='ocr_par' dir='ltr' id='par_1_76' title="bbox 2534 2336 3595 2401">
     <span class='ocr_line' id='line_1_78' title="bbox 2534 2336 3595 2401; baseline 0.006 -7"><span class='ocrx_word' id='word_1_331' title='bbox 2534 2336 2748 2395; x_wconf 79' lang='lat' dir='ltr'>divisse</span> <span class='ocrx_word' id='word_1_332' title='bbox 2806 2344 2973 2396; x_wconf 88' lang='lat' dir='ltr'>sunt.</span> <span class='ocrx_word' id='word_1_333' title='bbox 3053 2341 3314 2397; x_wconf 82' lang='lat' dir='ltr'>Sanctus</span> <span class='ocrx_word' id='word_1_334' title='bbox 3380 2356 3595 2401; x_wconf 89' lang='lat' dir='ltr'>omnes</span> 
     </span>
    </p>
   </div>
   <div class='ocr_carea' id='block_1_77' title="bbox 2536 2416 3593 2497">
    <p class='ocr_par' dir='ltr' id='par_1_77' title="bbox 2536 2416 3593 2497">
     <span class='ocr_line' id='line_1_79' title="bbox 2536 2416 3593 2497; baseline 0.004 -20"><span class='ocrx_word' id='word_1_335' title='bbox 2536 2416 2887 2497; x_wconf 77' lang='lat' dir='ltr'>denuntiat,</span> <span class='ocrx_word' id='word_1_336' title='bbox 2923 2416 3033 2495; x_wconf 86' lang='lat' dir='ltr'>qui</span> <span class='ocrx_word' id='word_1_337' title='bbox 3065 2417 3228 2477; x_wconf 89' lang='lat' dir='ltr'>inter</span> <span class='ocrx_word' id='word_1_338' title='bbox 3254 2428 3593 2497; x_wconf 69' lang='lat' dir='ltr'>praesentes</span> 
     </span>
    </p>
   </div>
   <div class='ocr_carea' id='block_1_78' title="bbox 2536 2496 3593 2579">
    <p class='ocr_par' dir='ltr' id='par_1_78' title="bbox 2536 2496 3593 2579">
     <span class='ocr_line' id='line_1_80' title="bbox 2536 2496 3593 2579; baseline 0.006 -25"><span class='ocrx_word' id='word_1_339' title='bbox 2536 2496 2678 2579; x_wconf 77' lang='lat' dir='ltr'>vitae</span> <span class='ocrx_word' id='word_1_340' title='bbox 2706 2497 3009 2579; x_wconf 77' lang='lat' dir='ltr'>tenebras</span> <span class='ocrx_word' id='word_1_341' title='bbox 3071 2496 3341 2575; x_wconf 82' lang='lat' dir='ltr'>Spiritus</span> <span class='ocrx_word' id='word_1_342' title='bbox 3401 2498 3593 2579; x_wconf 86' lang='lat' dir='ltr'>septi-</span> 
     </span>
    </p>
   </div>
   <div class='ocr_carea' id='block_1_79' title="bbox 2538 2576 3598 2653">
    <p class='ocr_par' dir='ltr' id='par_1_79' title="bbox 2538 2576 3598 2653">
     <span class='ocr_line' id='line_1_81' title="bbox 2538 2576 3598 2653; baseline 0.005 -18"><span class='ocrx_word' id='word_1_343' title='bbox 2538 2576 2754 2637; x_wconf 87' lang='lat' dir='ltr'>formis</span> <span class='ocrx_word' id='word_1_344' title='bbox 2794 2578 3014 2653; x_wconf 75' lang='lat' dir='ltr'>gratiae</span> <span class='ocrx_word' id='word_1_345' title='bbox 3073 2596 3179 2637; x_wconf 88' lang='lat' dir='ltr'>eos</span> <span class='ocrx_word' id='word_1_346' title='bbox 3233 2576 3490 2640; x_wconf 71' lang='lat' dir='ltr'>lumine</span> <span class='ocrx_word' id='word_1_347' title='bbox 3526 2580 3598 2640; x_wconf 85' lang='lat' dir='ltr'>il-</span> 
     </span>
    </p>
   </div>
   <div class='ocr_carea' id='block_1_80' title="bbox 2539 2657 3594 2738">
    <p class='ocr_par' dir='ltr' id='par_1_80' title="bbox 2539 2657 3594 2738">
     <span class='ocr_line' id='line_1_82' title="bbox 2539 2657 3594 2738; baseline 0.005 -23"><span class='ocrx_word' id='word_1_348' title='bbox 2539 2657 2784 2727; x_wconf 89' lang='lat' dir='ltr'>lustrat,</span> <span class='ocrx_word' id='word_1_349' title='bbox 2822 2657 2930 2738; x_wconf 87' lang='lat' dir='ltr'>qui</span> <span class='ocrx_word' id='word_1_350' title='bbox 2959 2676 2996 2716; x_wconf 93' lang='lat' dir='ltr'>a</span> <span class='ocrx_word' id='word_1_351' title='bbox 3055 2658 3269 2718; x_wconf 90' lang='lat' dir='ltr'>mundi</span> <span class='ocrx_word' id='word_1_352' title='bbox 3326 2660 3594 2738; x_wconf 85' lang='lat' dir='ltr'>origine,</span> 
     </span>
    </p>
   </div>
   <div class='ocr_carea' id='block_1_81' title="bbox 2542 2737 3594 2815">
    <p class='ocr_par' dir='ltr' id='par_1_81' title="bbox 2542 2737 3594 2815">
     <span class='ocr_line' id='line_1_83' title="bbox 2542 2737 3594 2815; baseline 0.005 -20"><span class='ocrx_word' id='word_1_353' title='bbox 2542 2742 2737 2815; x_wconf 84' lang='lat' dir='ltr'>usque</span> <span class='ocrx_word' id='word_1_354' title='bbox 2769 2739 2845 2796; x_wconf 91' lang='lat' dir='ltr'>ad</span> <span class='ocrx_word' id='word_1_355' title='bbox 2880 2737 3014 2813; x_wconf 88' lang='lat' dir='ltr'>ejus</span> <span class='ocrx_word' id='word_1_356' title='bbox 3069 2737 3445 2813; x_wconf 78' lang='lat' dir='ltr'>terminum,</span> <span class='ocrx_word' id='word_1_357' title='bbox 3498 2741 3594 2800; x_wconf 91' lang='lat' dir='ltr'>di-</span> 
     </span>
    </p>
   </div>
   <div class='ocr_carea' id='block_1_82' title="bbox 2539 2817 3595 2898">
    <p class='ocr_par' dir='ltr' id='par_1_82' title="bbox 2539 2817 3595 2898">
     <span class='ocr_line' id='line_1_84' title="bbox 2539 2817 3595 2898; baseline 0.005 -23"><span class='ocrx_word' id='word_1_358' title='bbox 2539 2818 2732 2898; x_wconf 86' lang='lat' dir='ltr'>versis</span> <span class='ocrx_word' id='word_1_359' title='bbox 2799 2817 3186 2895; x_wconf 87' lang='lat' dir='ltr'>temporibus</span> <span class='ocrx_word' id='word_1_360' title='bbox 3238 2820 3428 2891; x_wconf 90' lang='lat' dir='ltr'>missi,</span> <span class='ocrx_word' id='word_1_361' title='bbox 3487 2821 3595 2898; x_wconf 90' lang='lat' dir='ltr'>qui</span> 
     </span>
    </p>
   </div>
   <div class='ocr_carea' id='block_1_83' title="bbox 2539 2897 3597 2977">
    <p class='ocr_par' dir='ltr' id='par_1_83' title="bbox 2539 2897 3597 2977">
     <span class='ocr_line' id='line_1_85' title="bbox 2539 2897 3597 2977; baseline 0.005 -22"><span class='ocrx_word' id='word_1_362' title='bbox 2539 2897 2836 2975; x_wconf 87' lang='lat' dir='ltr'>disjuncti</span> <span class='ocrx_word' id='word_1_363' title='bbox 2917 2904 3084 2969; x_wconf 88' lang='lat' dir='ltr'>sunt,</span> <span class='ocrx_word' id='word_1_364' title='bbox 3136 2906 3197 2959; x_wconf 91' lang='lat' dir='ltr'>et</span> <span class='ocrx_word' id='word_1_365' title='bbox 3279 2897 3597 2977; x_wconf 77' lang='lat' dir='ltr'>conjuncti</span> 
     </span>
    </p>
   </div>
   <div class='ocr_carea' id='block_1_84' title="bbox 2542 2978 3597 3055">
    <p class='ocr_par' dir='ltr' id='par_1_84' title="bbox 2542 2978 3597 3055">
     <span class='ocr_line' id='line_1_86' title="bbox 2542 2978 3597 3055; baseline 0.005 -19"><span class='ocrx_word' id='word_1_366' title='bbox 2542 2996 2652 3055; x_wconf 88' lang='lat' dir='ltr'>per</span> <span class='ocrx_word' id='word_1_367' title='bbox 2704 2978 3115 3037; x_wconf 87' lang='lat' dir='ltr'>intentionem</span> <span class='ocrx_word' id='word_1_368' title='bbox 3201 2982 3424 3039; x_wconf 90' lang='lat' dir='ltr'>mentis</span> <span class='ocrx_word' id='word_1_369' title='bbox 3479 2983 3597 3040; x_wconf 93' lang='lat' dir='ltr'>Do-</span> 
     </span>
    </p>
   </div>
   <div class='ocr_carea' id='block_1_85' title="bbox 2545 3058 3596 3137">
    <p class='ocr_par' dir='ltr' id='par_1_85' title="bbox 2545 3058 3596 3137">
     <span class='ocr_line' id='line_1_87' title="bbox 2545 3058 3596 3137; baseline 0.004 -22"><span class='ocrx_word' id='word_1_370' title='bbox 2545 3058 2782 3137; x_wconf 86' lang='lat' dir='ltr'>minum</span> <span class='ocrx_word' id='word_1_371' title='bbox 2813 3076 3003 3137; x_wconf 90' lang='lat' dir='ltr'>unum</span> <span class='ocrx_word' id='word_1_372' title='bbox 3064 3059 3427 3137; x_wconf 80' lang='lat' dir='ltr'>praedicant,</span> <span class='ocrx_word' id='word_1_373' title='bbox 3487 3070 3596 3120; x_wconf 90' lang='lat' dir='ltr'>etc.</span> 
     </span>
    </p>
   </div>
   <div class='ocr_carea' id='block_1_86' title="bbox 2544 3136 3556 3218">
    <p class='ocr_par' dir='ltr' id='par_1_86' title="bbox 2544 3136 3556 3218">
     <span class='ocr_line' id='line_1_88' title="bbox 2544 3136 3556 3218; baseline 0.002 -20"><span class='ocrx_word' id='word_1_374' title='bbox 2544 3136 2855 3218; x_wconf 82' lang='lat' dir='ltr'>Numquid</span> <span class='ocrx_word' id='word_1_375' title='bbox 2909 3138 3156 3203; x_wconf 81' lang='lat' dir='ltr'>elevabis</span> <span class='ocrx_word' id='word_1_376' title='bbox 3220 3140 3285 3199; x_wconf 83' lang='lat' dir='ltr'>in</span> <span class='ocrx_word' id='word_1_377' title='bbox 3340 3138 3556 3201; x_wconf 82' lang='lat' dir='ltr'>nebula</span> 
     </span>
    </p>
   </div>
   <div class='ocr_carea' id='block_1_87' title="bbox 1378 3258 2042 3323">
    <p class='ocr_par' dir='ltr' id='par_1_87' title="bbox 1378 3258 2042 3323">
     <span class='ocr_line' id='line_1_89' title="bbox 1378 3258 2042 3323; baseline -0.005 -14"><span class='ocrx_word' id='word_1_378' title='bbox 1378 3258 1477 3323; x_wconf 56' lang='lat' dir='ltr'>(as,</span> <span class='ocrx_word' id='word_1_379' title='bbox 1510 3263 1560 3309; x_wconf 90' lang='lat' dir='ltr'>et</span> <span class='ocrx_word' id='word_1_380' title='bbox 1591 3258 1920 3319; x_wconf 81' lang='lat' dir='ltr'>Sacerdotes,</span> <span class='ocrx_word' id='word_1_381' title='bbox 1950 3260 2042 3307; x_wconf 85' lang='lat' dir='ltr'>etc.</span> 
     </span>
    </p>
   </div>
   <div class='ocr_carea' id='block_1_88' title="bbox 1372 3329 1739 3399">
    <p class='ocr_par' dir='ltr' id='par_1_88' title="bbox 1372 3329 1739 3399">
     <span class='ocr_line' id='line_1_90' title="bbox 1372 3329 1739 3399; baseline -0.005 -17"><span class='ocrx_word' id='word_1_382' title='bbox 1372 3343 1506 3399; x_wconf 69' lang='lat' dir='ltr'>cem</span> <span class='ocrx_word' id='word_1_383' title='bbox 1541 3329 1739 3382; x_wconf 87' lang='lat' dir='ltr'>tuam.</span> 
     </span>
    </p>
   </div>
   <div class='ocr_carea' id='block_1_89' title="bbox 272 3444 3607 3523">
    <p class='ocr_par' dir='ltr' id='par_1_89' title="bbox 272 3444 3607 3523">
     <span class='ocr_line' id='line_1_91' title="bbox 272 3444 3607 3523; baseline 0.001 -19"><span class='ocrx_word' id='word_1_384' title='bbox 272 3447 486 3504; x_wconf 84' lang='lat' dir='ltr'>Verum</span> <span class='ocrx_word' id='word_1_385' title='bbox 506 3461 576 3501; x_wconf 82' lang='lat' dir='ltr'>ex</span> <span class='ocrx_word' id='word_1_386' title='bbox 604 3444 873 3501; x_wconf 88' lang='lat' dir='ltr'>universo</span> <span class='ocrx_word' id='word_1_387' title='bbox 904 3461 1076 3517; x_wconf 88' lang='lat' dir='ltr'>opere</span> <span class='ocrx_word' id='word_1_388' title='bbox 1109 3445 1388 3518; x_wconf 74' lang='lat' dir='ltr'>Excerpta</span> <span class='ocrx_word' id='word_1_389' title='bbox 1420 3450 1549 3517; x_wconf 87' lang='lat' dir='ltr'>post</span> <span class='ocrx_word' id='word_1_390' title='bbox 1579 3444 2015 3500; x_wconf 89' lang='lat' dir='ltr'>Interlinearem</span> <span class='ocrx_word' id='word_1_391' title='bbox 2048 3447 2475 3516; x_wconf 79' lang='lat' dir='ltr'>Expositionem</span> <span class='ocrx_word' id='word_1_392' title='bbox 2508 3447 2872 3511; x_wconf 82' lang='lat' dir='ltr'>exhibemus,</span> <span class='ocrx_word' id='word_1_393' title='bbox 2900 3465 3085 3520; x_wconf 90' lang='lat' dir='ltr'>eaque</span> <span class='ocrx_word' id='word_1_394' title='bbox 3116 3467 3295 3521; x_wconf 89' lang='lat' dir='ltr'>supra</span> <span class='ocrx_word' id='word_1_395' title='bbox 3338 3450 3607 3523; x_wconf 86' lang='lat' dir='ltr'>Lipsien-</span> 
     </span>
    </p>
   </div>
   <div class='ocr_carea' id='block_1_90' title="bbox 197 3533 3607 3610">
    <p class='ocr_par' dir='ltr' id='par_1_90' title="bbox 197 3533 3607 3610">
     <span class='ocr_line' id='line_1_92' title="bbox 197 3533 3607 3610; baseline 0.001 -18"><span class='ocrx_word' id='word_1_396' title='bbox 197 3553 327 3592; x_wconf 84' lang='lat' dir='ltr'>sem</span> <span class='ocrx_word' id='word_1_397' title='bbox 353 3533 666 3591; x_wconf 88' lang='lat' dir='ltr'>editionem</span> <span class='ocrx_word' id='word_1_398' title='bbox 700 3533 966 3589; x_wconf 89' lang='lat' dir='ltr'>nonnihil</span> <span class='ocrx_word' id='word_1_399' title='bbox 997 3534 1258 3589; x_wconf 84' lang='lat' dir='ltr'>auctiora</span> <span class='ocrx_word' id='word_1_400' title='bbox 1289 3553 1302 3600; x_wconf 90' lang='lat'><strong>;</strong></span> <span class='ocrx_word' id='word_1_401' title='bbox 1332 3552 1489 3589; x_wconf 89' lang='lat' dir='ltr'>nunc</span> <span class='ocrx_word' id='word_1_402' title='bbox 1520 3535 1754 3606; x_wconf 80' lang='lat' dir='ltr'>quando</span> <span class='ocrx_word' id='word_1_403' title='bbox 1786 3534 1904 3588; x_wconf 70' lang='lat' dir='ltr'>haec</span> <span class='ocrx_word' id='word_1_404' title='bbox 1936 3534 2062 3604; x_wconf 86' lang='lat' dir='ltr'>ipsa</span> <span class='ocrx_word' id='word_1_405' title='bbox 2092 3533 2447 3605; x_wconf 80' lang='lat' dir='ltr'>glossemata</span> <span class='ocrx_word' id='word_1_406' title='bbox 2477 3552 2544 3589; x_wconf 79' lang='lat' dir='ltr'>ex</span> <span class='ocrx_word' id='word_1_407' title='bbox 2578 3537 2823 3608; x_wconf 84' lang='lat' dir='ltr'>Philippi</span> <span class='ocrx_word' id='word_1_408' title='bbox 2856 3539 3301 3593; x_wconf 83' lang='lat' dir='ltr'>Commentariis</span> <span class='ocrx_word' id='word_1_409' title='bbox 3332 3541 3607 3610; x_wconf 87' lang='lat' dir='ltr'>primitus</span> 
     </span>
    </p>
   </div>
   <div class='ocr_carea' id='block_1_91' title="bbox 195 3622 3607 3694">
    <p class='ocr_par' dir='ltr' id='par_1_91' title="bbox 195 3622 3607 3694">
     <span class='ocr_line' id='line_1_93' title="bbox 195 3622 3607 3694; baseline 0.001 -14"><span class='ocrx_word' id='word_1_410' title='bbox 195 3622 447 3680; x_wconf 83' lang='lat' dir='ltr'>derivari</span> <span class='ocrx_word' id='word_1_411' title='bbox 481 3622 916 3689; x_wconf 86' lang='lat' dir='ltr'>constituimus,</span> <span class='ocrx_word' id='word_1_412' title='bbox 941 3623 1216 3694; x_wconf 84' lang='lat' dir='ltr'>quisnam</span> <span class='ocrx_word' id='word_1_413' title='bbox 1248 3640 1380 3678; x_wconf 90' lang='lat' dir='ltr'>vero</span> <span class='ocrx_word' id='word_1_414' title='bbox 1414 3623 1571 3678; x_wconf 88' lang='lat' dir='ltr'>omni</span> <span class='ocrx_word' id='word_1_415' title='bbox 1604 3627 1853 3693; x_wconf 80' lang='lat' dir='ltr'>exparte</span> <span class='ocrx_word' id='word_1_416' title='bbox 1894 3624 2184 3693; x_wconf 82' lang='lat' dir='ltr'>genuinus</span> <span class='ocrx_word' id='word_1_417' title='bbox 2214 3625 2340 3693; x_wconf 85' lang='lat' dir='ltr'>ejus</span> <span class='ocrx_word' id='word_1_418' title='bbox 2390 3626 2643 3679; x_wconf 87' lang='lat' dir='ltr'>auctoris</span> <span class='ocrx_word' id='word_1_419' title='bbox 2686 3626 2837 3679; x_wconf 78' lang='lat' dir='ltr'>fetus</span> <span class='ocrx_word' id='word_1_420' title='bbox 2894 3625 3200 3680; x_wconf 87' lang='lat' dir='ltr'>habendus</span> <span class='ocrx_word' id='word_1_421' title='bbox 3257 3626 3352 3691; x_wconf 92' lang='lat' dir='ltr'>sit,</span> <span class='ocrx_word' id='word_1_422' title='bbox 3416 3628 3607 3686; x_wconf 88' lang='lat' dir='ltr'>dicere</span> 
     </span>
    </p>
   </div>
   <div class='ocr_carea' id='block_1_92' title="bbox 194 3711 3607 3785">
    <p class='ocr_par' dir='ltr' id='par_1_92' title="bbox 194 3711 3607 3785">
     <span class='ocr_line' id='line_1_94' title="bbox 194 3711 3607 3785; baseline 0 -16"><span class='ocrx_word' id='word_1_423' title='bbox 194 3730 315 3769; x_wconf 85' lang='lat' dir='ltr'>non</span> <span class='ocrx_word' id='word_1_424' title='bbox 344 3717 433 3769; x_wconf 86' lang='lat' dir='ltr'>est</span> <span class='ocrx_word' id='word_1_425' title='bbox 461 3712 824 3784; x_wconf 80' lang='lat' dir='ltr'>expeditum,</span> <span class='ocrx_word' id='word_1_426' title='bbox 857 3728 1041 3784; x_wconf 88' lang='lat' dir='ltr'>pauca</span> <span class='ocrx_word' id='word_1_427' title='bbox 1072 3712 1341 3784; x_wconf 68' lang='lat' dir='ltr'>quaedam</span> <span class='ocrx_word' id='word_1_428' title='bbox 1374 3713 1788 3768; x_wconf 88' lang='lat' dir='ltr'>subnectemus</span> <span class='ocrx_word' id='word_1_429' title='bbox 1822 3712 2147 3785; x_wconf 76' lang='lat' dir='ltr'>fragmenta</span> <span class='ocrx_word' id='word_1_430' title='bbox 2175 3713 2303 3780; x_wconf 86' lang='lat' dir='ltr'>ejus</span> <span class='ocrx_word' id='word_1_431' title='bbox 2347 3712 2557 3783; x_wconf 78' lang='lat' dir='ltr'>operis,</span> <span class='ocrx_word' id='word_1_432' title='bbox 2594 3730 2720 3781; x_wconf 68' lang='lat' dir='ltr'>quae</span> <span class='ocrx_word' id='word_1_433' title='bbox 2751 3730 2819 3767; x_wconf 78' lang='lat' dir='ltr'>ex</span> <span class='ocrx_word' id='word_1_434' title='bbox 2866 3711 3277 3782; x_wconf 85' lang='lat' dir='ltr'>antiquissima</span> <span class='ocrx_word' id='word_1_435' title='bbox 3308 3717 3521 3769; x_wconf 88' lang='lat' dir='ltr'>Catena</span> <span class='ocrx_word' id='word_1_436' title='bbox 3549 3716 3607 3771; x_wconf 89' lang='lat' dir='ltr'>in</span> 
     </span>
    </p>
   </div>
   <div class='ocr_carea' id='block_1_93' title="bbox 198 3798 3611 3876">
    <p class='ocr_par' dir='ltr' id='par_1_93' title="bbox 198 3798 3611 3876">
     <span class='ocr_line' id='line_1_95' title="bbox 198 3798 3611 3876; baseline -0 -17"><span class='ocrx_word' id='word_1_437' title='bbox 198 3800 476 3859; x_wconf 87' lang='lat' dir='ltr'>Genesim</span> <span class='ocrx_word' id='word_1_438' title='bbox 510 3800 569 3856; x_wconf 91' lang='lat' dir='ltr'>in</span> <span class='ocrx_word' id='word_1_439' title='bbox 599 3801 985 3857; x_wconf 88' lang='lat' dir='ltr'>Ambrosiano</span> <span class='ocrx_word' id='word_1_440' title='bbox 1018 3818 1128 3871; x_wconf 87' lang='lat' dir='ltr'>ms,</span> <span class='ocrx_word' id='word_1_441' title='bbox 1155 3800 1350 3857; x_wconf 72' lang='lat' dir='ltr'>saeculi</span> <span class='ocrx_word' id='word_1_442' title='bbox 1382 3801 1612 3857; x_wconf 89' lang='lat' dir='ltr'>circiter</span> <span class='ocrx_word' id='word_1_443' title='bbox 1638 3800 1894 3874; x_wconf 90' lang='lat' dir='ltr'>septimi,</span> <span class='ocrx_word' id='word_1_444' title='bbox 1948 3801 2005 3855; x_wconf 66' lang='grc'>1³.</span> <span class='ocrx_word' id='word_1_445' title='bbox 2036 3798 2228 3855; x_wconf 88' lang='lat' dir='ltr'>littera</span> <span class='ocrx_word' id='word_1_446' title='bbox 2274 3805 2329 3855; x_wconf 88' lang='lat' dir='ltr'>et</span> <span class='ocrx_word' id='word_1_447' title='bbox 2376 3816 2540 3869; x_wconf 90' lang='lat' dir='ltr'>num,</span> <span class='ocrx_word' id='word_1_448' title='bbox 2572 3802 2643 3856; x_wconf 88' lang='lat'>60</span> <span class='ocrx_word' id='word_1_449' title='bbox 2699 3804 3036 3873; x_wconf 81' lang='lat' dir='ltr'>praenotato,</span> <span class='ocrx_word' id='word_1_450' title='bbox 3089 3802 3509 3873; x_wconf 84' lang='lat' dir='ltr'>expressimus,</span> <span class='ocrx_word' id='word_1_451' title='bbox 3543 3821 3611 3876; x_wconf 60' lang='lat' dir='ltr'>ut</span> 
     </span>
    </p>
   </div>
   <div class='ocr_carea' id='block_1_94' title="bbox 193 3890 1130 3964">
    <p class='ocr_par' dir='ltr' id='par_1_94' title="bbox 193 3890 1130 3964">
     <span class='ocr_line' id='line_1_96' title="bbox 193 3890 1130 3964; baseline -0.002 -16"><span class='ocrx_word' id='word_1_452' title='bbox 193 3890 460 3964; x_wconf 89' lang='lat' dir='ltr'>periculo</span> <span class='ocrx_word' id='word_1_453' title='bbox 493 3890 757 3946; x_wconf 87' lang='lat' dir='ltr'>faciendo</span> <span class='ocrx_word' id='word_1_454' title='bbox 790 3891 1130 3947; x_wconf 88' lang='lat' dir='ltr'>inserviant.</span> 
     </span>
    </p>
   </div>
   <div class='ocr_carea' id='block_1_95' title="bbox 273 3979 967 4049">
    <p class='ocr_par' dir='ltr' id='par_1_95' title="bbox 273 3979 967 4049">
     <span class='ocr_line' id='line_1_97' title="bbox 273 3979 967 4049; baseline -0.001 -15"><span class='ocrx_word' id='word_1_455' title='bbox 273 3981 336 4035; x_wconf 79' lang='lat' dir='ltr'>Et</span> <span class='ocrx_word' id='word_1_456' title='bbox 364 3979 506 4035; x_wconf 77' lang='lat' dir='ltr'>dicit</span> <span class='ocrx_word' id='word_1_457' title='bbox 537 3981 694 4043; x_wconf 75' lang='lat' dir='ltr'>Deus,</span> <span class='ocrx_word' id='word_1_458' title='bbox 722 3980 822 4049; x_wconf 85' lang='lat' dir='ltr'>ﬁat</span> <span class='ocrx_word' id='word_1_459' title='bbox 850 3981 967 4035; x_wconf 71' lang='lat' dir='ltr'>tum.</span> 
     </span>
    </p>
   </div>
   <div class='ocr_carea' id='block_1_96' title="bbox 274 4050 3603 4123">
    <p class='ocr_par' dir='ltr' id='par_1_96' title="bbox 274 4050 3603 4123">
     <span class='ocr_line' id='line_1_98' title="bbox 274 4050 3603 4123; baseline 0.001 -17"><span class='ocrx_word' id='word_1_460' title='bbox 274 4051 666 4106; x_wconf 84' lang='lat' dir='ltr'>PHILIPPUS.</span> <span class='ocrx_word' id='word_1_461' title='bbox 696 4051 852 4123; x_wconf 85' lang='lat' dir='ltr'>Deus</span> <span class='ocrx_word' id='word_1_462' title='bbox 883 4051 976 4106; x_wconf 90' lang='lat' dir='ltr'>hic</span> <span class='ocrx_word' id='word_1_463' title='bbox 1010 4050 1267 4123; x_wconf 88' lang='lat' dir='ltr'>loquitur</span> <span class='ocrx_word' id='word_1_464' title='bbox 1294 4067 1426 4106; x_wconf 91' lang='lat' dir='ltr'>cum</span> <span class='ocrx_word' id='word_1_465' title='bbox 1458 4050 1780 4106; x_wconf 72' lang='lat' dir='ltr'>efﬁcientia:</span> <span class='ocrx_word' id='word_1_466' title='bbox 1809 4051 1936 4121; x_wconf 88' lang='lat' dir='ltr'>ejus</span> <span class='ocrx_word' id='word_1_467' title='bbox 1968 4064 2061 4106; x_wconf 88' lang='lat' dir='ltr'>res</span> <span class='ocrx_word' id='word_1_468' title='bbox 2106 4050 2470 4122; x_wconf 85' lang='lat' dir='ltr'>intelligitur,</span> <span class='ocrx_word' id='word_1_469' title='bbox 2522 4051 3019 4121; x_wconf 86' lang='lat' dir='ltr'>quemadmodum</span> <span class='ocrx_word' id='word_1_470' title='bbox 3072 4053 3142 4106; x_wconf 87' lang='lat' dir='ltr'>ad</span> <span class='ocrx_word' id='word_1_471' title='bbox 3199 4055 3468 4107; x_wconf 88' lang='lat' dir='ltr'>sanctum</span> <span class='ocrx_word' id='word_1_472' title='bbox 3498 4054 3603 4109; x_wconf 84' lang='lat' dir='ltr'>Job</span> 
     </span>
    </p>
   </div>
   <div class='ocr_carea' id='block_1_97' title="bbox 202 4122 3605 4196">
    <p class='ocr_par' dir='ltr' id='par_1_97' title="bbox 202 4122 3605 4196">
     <span class='ocr_line' id='line_1_99' title="bbox 202 4122 3605 4196; baseline 0.001 -18"><span class='ocrx_word' id='word_1_473' title='bbox 202 4124 334 4196; x_wconf 88' lang='lat' dir='ltr'>ipse</span> <span class='ocrx_word' id='word_1_474' title='bbox 368 4123 647 4196; x_wconf 88' lang='lat' dir='ltr'>Dominus</span> <span class='ocrx_word' id='word_1_475' title='bbox 677 4122 821 4196; x_wconf 79' lang='lat' dir='ltr'>dixit</span> <span class='ocrx_word' id='word_1_476' title='bbox 852 4123 1005 4196; x_wconf 29' lang='lat' dir='ltr'>zelut</span> <span class='ocrx_word' id='word_1_477' title='bbox 1032 4132 1190 4193; x_wconf 79' lang='lat' dir='ltr'>putas</span> <span class='ocrx_word' id='word_1_478' title='bbox 1220 4139 1305 4177; x_wconf 83' lang='lat' dir='ltr'>me</span> <span class='ocrx_word' id='word_1_479' title='bbox 1341 4124 1508 4179; x_wconf 82' lang='lat' dir='ltr'>aliter</span> <span class='ocrx_word' id='word_1_480' title='bbox 1536 4124 1638 4178; x_wconf 75' lang='lat' dir='ltr'>tibi</span> <span class='ocrx_word' id='word_1_481' title='bbox 1666 4124 1926 4190; x_wconf 76' lang='lat' dir='ltr'>locutum,</span> <span class='ocrx_word' id='word_1_482' title='bbox 1957 4124 2070 4177; x_wconf 77' lang='lat' dir='ltr'>nisi</span> <span class='ocrx_word' id='word_1_483' title='bbox 2097 4131 2156 4177; x_wconf 84' lang='lat' dir='ltr'>ut</span> <span class='ocrx_word' id='word_1_484' title='bbox 2184 4122 2686 4194; x_wconf 74' lang='lat' dir='ltr'>appareresjustus.</span> <span class='ocrx_word' id='word_1_485' title='bbox 2724 4124 3007 4179; x_wconf 89' lang='lat' dir='ltr'>Locutum</span> <span class='ocrx_word' id='word_1_486' title='bbox 3053 4140 3114 4179; x_wconf 90' lang='lat' dir='ltr'>se</span> <span class='ocrx_word' id='word_1_487' title='bbox 3161 4124 3309 4179; x_wconf 80' lang='lat' dir='ltr'>dixit</span> <span class='ocrx_word' id='word_1_488' title='bbox 3357 4141 3459 4196; x_wconf 88' lang='lat' dir='ltr'>pro</span> <span class='ocrx_word' id='word_1_489' title='bbox 3507 4124 3605 4181; x_wconf 91' lang='lat' dir='ltr'>illa</span> 
     </span>
    </p>
   </div>
   <div class='ocr_carea' id='block_1_98' title="bbox 198 4192 1374 4264">
    <p class='ocr_par' dir='ltr' id='par_1_98' title="bbox 198 4192 1374 4264">
     <span class='ocr_line' id='line_1_100' title="bbox 198 4192 1374 4264; baseline 0 -15"><span class='ocrx_word' id='word_1_490' title='bbox 198 4192 606 4258; x_wconf 74' lang='lat' dir='ltr'>tribulatione,</span> <span class='ocrx_word' id='word_1_491' title='bbox 637 4210 754 4264; x_wconf 87' lang='lat' dir='ltr'>qua</span> <span class='ocrx_word' id='word_1_492' title='bbox 783 4192 914 4249; x_wconf 85' lang='lat' dir='ltr'>fecit</span> <span class='ocrx_word' id='word_1_493' title='bbox 941 4199 1005 4248; x_wconf 89' lang='lat' dir='ltr'>ut</span> <span class='ocrx_word' id='word_1_494' title='bbox 1034 4192 1374 4249; x_wconf 84' lang='lat' dir='ltr'>tentaretur.</span> 
     </span>
    </p>
   </div>
   <div class='ocr_carea' id='block_1_99' title="bbox 271 4265 2390 4336">
    <p class='ocr_par' dir='ltr' id='par_1_99' title="bbox 271 4265 2390 4336">
     <span class='ocr_line' id='line_1_101' title="bbox 271 4265 2390 4336; baseline -0.002 -15"><span class='ocrx_word' id='word_1_495' title='bbox 271 4265 429 4336; x_wconf 73' lang='lat' dir='ltr'>Nihil</span> <span class='ocrx_word' id='word_1_496' title='bbox 459 4267 519 4320; x_wconf 80' lang='lat' dir='ltr'>in</span> <span class='ocrx_word' id='word_1_497' title='bbox 547 4268 696 4320; x_wconf 86' lang='lat' dir='ltr'>terra</span> <span class='ocrx_word' id='word_1_498' title='bbox 724 4267 844 4320; x_wconf 78' lang='lat' dir='ltr'>sine</span> <span class='ocrx_word' id='word_1_499' title='bbox 874 4281 1040 4321; x_wconf 73' lang='lat' dir='ltr'>cuum</span> <span class='ocrx_word' id='word_1_500' title='bbox 1073 4266 1153 4336; x_wconf 81' lang='lat' dir='ltr'>ﬁt,</span> <span class='ocrx_word' id='word_1_501' title='bbox 1186 4269 1238 4321; x_wconf 83' lang='lat' dir='ltr'>et</span> <span class='ocrx_word' id='word_1_502' title='bbox 1265 4265 1329 4320; x_wconf 81' lang='lat' dir='ltr'>de</span> <span class='ocrx_word' id='word_1_503' title='bbox 1363 4266 1526 4321; x_wconf 87' lang='lat' dir='ltr'>humo</span> <span class='ocrx_word' id='word_1_504' title='bbox 1554 4281 1663 4321; x_wconf 86' lang='lat' dir='ltr'>non</span> <span class='ocrx_word' id='word_1_505' title='bbox 1683 4267 1863 4320; x_wconf 78' lang='lat' dir='ltr'>oritur</span> <span class='ocrx_word' id='word_1_506' title='bbox 1890 4265 2044 4320; x_wconf 86' lang='lat' dir='ltr'>dolor</span> <span class='ocrx_word' id='word_1_507' title='bbox 2073 4265 2209 4335; x_wconf 87' lang='lat' dir='ltr'>(Job.</span> <span class='ocrx_word' id='word_1_508' title='bbox 2241 4282 2294 4332; x_wconf 94' lang='lat' dir='ltr'>v,</span> <span class='ocrx_word' id='word_1_509' title='bbox 2315 4266 2390 4330; x_wconf 88' lang='lat'>6).</span> 
     </span>
    </p>
   </div>
   <div class='ocr_carea' id='block_1_100' title="bbox 279 4334 3608 4407">
    <p class='ocr_par' dir='ltr' id='par_1_100' title="bbox 279 4334 3608 4407">
     <span class='ocr_line' id='line_1_102' title="bbox 279 4334 3608 4407; baseline 0.001 -16"><span class='ocrx_word' id='word_1_510' title='bbox 279 4341 356 4391; x_wconf 90' lang='lat' dir='ltr'>De</span> <span class='ocrx_word' id='word_1_511' title='bbox 385 4335 585 4403; x_wconf 88' lang='lat' dir='ltr'>humo,</span> <span class='ocrx_word' id='word_1_512' title='bbox 620 4336 677 4392; x_wconf 91' lang='lat' dir='ltr'>id</span> <span class='ocrx_word' id='word_1_513' title='bbox 707 4340 797 4392; x_wconf 89' lang='lat' dir='ltr'>est</span> <span class='ocrx_word' id='word_1_514' title='bbox 826 4337 896 4392; x_wconf 87' lang='lat' dir='ltr'>de</span> <span class='ocrx_word' id='word_1_515' title='bbox 927 4334 1155 4404; x_wconf 82' lang='lat' dir='ltr'>natura,</span> <span class='ocrx_word' id='word_1_516' title='bbox 1189 4337 1351 4392; x_wconf 90' lang='lat' dir='ltr'>omni</span> <span class='ocrx_word' id='word_1_517' title='bbox 1380 4342 1546 4392; x_wconf 68' lang='lat' dir='ltr'>terra:</span> <span class='ocrx_word' id='word_1_518' title='bbox 1579 4352 1693 4391; x_wconf 90' lang='lat' dir='ltr'>non</span> <span class='ocrx_word' id='word_1_519' title='bbox 1725 4337 1836 4392; x_wconf 90' lang='lat' dir='ltr'>erit</span> <span class='ocrx_word' id='word_1_520' title='bbox 1862 4334 2108 4404; x_wconf 84' lang='lat' dir='ltr'>malum,</span> <span class='ocrx_word' id='word_1_521' title='bbox 2137 4354 2271 4391; x_wconf 90' lang='lat' dir='ltr'>cum</span> <span class='ocrx_word' id='word_1_522' title='bbox 2303 4336 2361 4390; x_wconf 92' lang='lat' dir='ltr'>in</span> <span class='ocrx_word' id='word_1_523' title='bbox 2395 4339 2547 4390; x_wconf 89' lang='lat' dir='ltr'>terra</span> <span class='ocrx_word' id='word_1_524' title='bbox 2568 4334 2711 4389; x_wconf 89' lang='lat' dir='ltr'>nihil</span> <span class='ocrx_word' id='word_1_525' title='bbox 2741 4336 2867 4391; x_wconf 89' lang='lat' dir='ltr'>sine</span> <span class='ocrx_word' id='word_1_526' title='bbox 2899 4336 3001 4392; x_wconf 90' lang='lat' dir='ltr'>Dei</span> <span class='ocrx_word' id='word_1_527' title='bbox 3028 4336 3264 4407; x_wconf 88' lang='lat' dir='ltr'>justitia</span> <span class='ocrx_word' id='word_1_528' title='bbox 3317 4337 3437 4392; x_wconf 79' lang='lat' dir='ltr'>ﬁat.</span> <span class='ocrx_word' id='word_1_529' title='bbox 3492 4339 3608 4394; x_wconf 84' lang='lat' dir='ltr'>lloc</span> 
     </span>
    </p>
   </div>
   <div class='ocr_carea' id='block_1_101' title="bbox 199 4407 3612 4479">
    <p class='ocr_par' dir='ltr' id='par_1_101' title="bbox 199 4407 3612 4479">
     <span class='ocr_line' id='line_1_103' title="bbox 199 4407 3612 4479; baseline 0.001 -16"><span class='ocrx_word' id='word_1_530' title='bbox 199 4408 423 4463; x_wconf 89' lang='lat' dir='ltr'>dicitur</span> <span class='ocrx_word' id='word_1_531' title='bbox 452 4409 606 4479; x_wconf 88' lang='lat' dir='ltr'>quod</span> <span class='ocrx_word' id='word_1_532' title='bbox 631 4424 801 4463; x_wconf 90' lang='lat' dir='ltr'>omne</span> <span class='ocrx_word' id='word_1_533' title='bbox 831 4407 1051 4463; x_wconf 86' lang='lat' dir='ltr'>malum</span> <span class='ocrx_word' id='word_1_534' title='bbox 1086 4409 1351 4463; x_wconf 88' lang='lat' dir='ltr'>naturale</span> <span class='ocrx_word' id='word_1_535' title='bbox 1378 4426 1491 4464; x_wconf 90' lang='lat' dir='ltr'>non</span> <span class='ocrx_word' id='word_1_536' title='bbox 1520 4408 1615 4474; x_wconf 91' lang='lat' dir='ltr'>sit,</span> <span class='ocrx_word' id='word_1_537' title='bbox 1649 4424 1823 4478; x_wconf 88' lang='lat' dir='ltr'>quem</span> <span class='ocrx_word' id='word_1_538' title='bbox 1856 4408 1951 4463; x_wconf 90' lang='lat' dir='ltr'>hic</span> <span class='ocrx_word' id='word_1_539' title='bbox 1998 4408 2256 4464; x_wconf 89' lang='lat' dir='ltr'>dolorem</span> <span class='ocrx_word' id='word_1_540' title='bbox 2312 4411 2496 4472; x_wconf 88' lang='lat' dir='ltr'>vocat,</span> <span class='ocrx_word' id='word_1_541' title='bbox 2552 4408 2651 4461; x_wconf 89' lang='lat' dir='ltr'>sed</span> <span class='ocrx_word' id='word_1_542' title='bbox 2685 4423 2858 4463; x_wconf 86' lang='lat' dir='ltr'>omne</span> <span class='ocrx_word' id='word_1_543' title='bbox 2920 4408 3139 4463; x_wconf 91' lang='lat' dir='ltr'>molum</span> <span class='ocrx_word' id='word_1_544' title='bbox 3199 4407 3467 4465; x_wconf 84' lang='lat' dir='ltr'>accidens</span> <span class='ocrx_word' id='word_1_545' title='bbox 3522 4414 3612 4466; x_wconf 88' lang='lat' dir='ltr'>est</span> 
     </span>
    </p>
   </div>
   <div class='ocr_carea' id='block_1_102' title="bbox 202 4479 3606 4551">
    <p class='ocr_par' dir='ltr' id='par_1_102' title="bbox 202 4479 3606 4551">
     <span class='ocr_line' id='line_1_104' title="bbox 202 4479 3606 4551; baseline 0.001 -17"><span class='ocrx_word' id='word_1_546' title='bbox 202 4483 428 4551; x_wconf 68' lang='lat' dir='ltr'>natura:</span> <span class='ocrx_word' id='word_1_547' title='bbox 455 4479 638 4551; x_wconf 64' lang='lat' dir='ltr'>bona).</span> <span class='ocrx_word' id='word_1_548' title='bbox 664 4479 738 4551; x_wconf 81' lang='lat' dir='ltr'>Et</span> <span class='ocrx_word' id='word_1_549' title='bbox 766 4483 856 4535; x_wconf 90' lang='lat' dir='ltr'>est</span> <span class='ocrx_word' id='word_1_550' title='bbox 886 4479 1044 4534; x_wconf 88' lang='lat' dir='ltr'>aliud</span> <span class='ocrx_word' id='word_1_551' title='bbox 1079 4479 1412 4551; x_wconf 35' lang='lat' dir='ltr'>malumLid</span> <span class='ocrx_word' id='word_1_552' title='bbox 1453 4484 1542 4534; x_wconf 86' lang='lat' dir='ltr'>est</span> <span class='ocrx_word' id='word_1_553' title='bbox 1573 4480 1860 4546; x_wconf 64' lang='lat' dir='ltr'>vindictae,</span> <span class='ocrx_word' id='word_1_554' title='bbox 1897 4496 2025 4551; x_wconf 74' lang='lat' dir='ltr'>quae</span> <span class='ocrx_word' id='word_1_555' title='bbox 2056 4484 2289 4551; x_wconf 87' lang='lat' dir='ltr'>propter</span> <span class='ocrx_word' id='word_1_556' title='bbox 2331 4483 2657 4551; x_wconf 9' lang='lat' dir='ltr'>peccatum;</span> <span class='ocrx_word' id='word_1_557' title='bbox 2692 4496 2726 4531; x_wconf 88' lang='lat' dir='ltr'>a</span> <span class='ocrx_word' id='word_1_558' title='bbox 2776 4479 2892 4551; x_wconf 85' lang='lat' dir='ltr'>Deo</span> <span class='ocrx_word' id='word_1_559' title='bbox 2955 4480 3200 4535; x_wconf 84' lang='lat' dir='ltr'>infertur</span> <span class='ocrx_word' id='word_1_560' title='bbox 3247 4480 3606 4537; x_wconf 90' lang='lat' dir='ltr'>hominibus.</span> 
     </span>
    </p>
   </div>
   <div class='ocr_carea' id='block_1_103' title="bbox 206 4544 3613 4622">
    <p class='ocr_par' dir='ltr' id='par_1_103' title="bbox 206 4544 3613 4622">
     <span class='ocr_line' id='line_1_105' title="bbox 206 4544 3613 4622; baseline 0 -16"><span class='ocrx_word' id='word_1_561' title='bbox 206 4550 429 4622; x_wconf 82' lang='lat' dir='ltr'>Malum</span> <span class='ocrx_word' id='word_1_562' title='bbox 454 4544 543 4606; x_wconf 73' lang='lat' dir='ltr'>est</span> <span class='ocrx_word' id='word_1_563' title='bbox 574 4550 812 4622; x_wconf 84' lang='lat' dir='ltr'>quidem</span> <span class='ocrx_word' id='word_1_564' title='bbox 844 4556 1173 4622; x_wconf 81' lang='lat' dir='ltr'>peccatum.</span> <span class='ocrx_word' id='word_1_565' title='bbox 1203 4544 1518 4606; x_wconf 87' lang='lat' dir='ltr'>sedlibero</span> <span class='ocrx_word' id='word_1_566' title='bbox 1546 4550 1784 4606; x_wconf 87' lang='lat' dir='ltr'>arbitrio</span> <span class='ocrx_word' id='word_1_567' title='bbox 1812 4544 2032 4606; x_wconf 78' lang='lat' dir='ltr'>malum</span> <span class='ocrx_word' id='word_1_568' title='bbox 2056 4544 2192 4617; x_wconf 54' lang='lat' dir='ltr'>&#39;est&#39;,</span> <span class='ocrx_word' id='word_1_569' title='bbox 2230 4544 2383 4622; x_wconf 77' lang='lat' dir='ltr'>quod</span> <span class='ocrx_word' id='word_1_570' title='bbox 2440 4549 2694 4622; x_wconf 85' lang='lat' dir='ltr'>hominis</span> <span class='ocrx_word' id='word_1_571' title='bbox 2743 4550 3048 4622; x_wconf 78' lang='lat' dir='ltr'>voluntate</span> <span class='ocrx_word' id='word_1_572' title='bbox 3107 4552 3509 4607; x_wconf 83' lang='lat' dir='ltr'>committitur.</span> <span class='ocrx_word' id='word_1_573' title='bbox 3546 4554 3613 4607; x_wconf 85' lang='lat' dir='ltr'>Et</span> 
     </span>
    </p>
   </div>
   <div class='ocr_carea' id='block_1_104' title="bbox 202 4620 3609 4695">
    <p class='ocr_par' dir='ltr' id='par_1_104' title="bbox 202 4620 3609 4695">
     <span class='ocr_line' id='line_1_106' title="bbox 202 4620 3609 4695; baseline 0.001 -18"><span class='ocrx_word' id='word_1_574' title='bbox 202 4620 434 4695; x_wconf 81' lang='lat' dir='ltr'>malum</span> <span class='ocrx_word' id='word_1_575' title='bbox 467 4625 555 4677; x_wconf 88' lang='lat' dir='ltr'>est</span> <span class='ocrx_word' id='word_1_576' title='bbox 585 4620 892 4695; x_wconf 75' lang='lat' dir='ltr'>retributio</span> <span class='ocrx_word' id='word_1_577' title='bbox 951 4620 1111 4689; x_wconf 87' lang='lat' dir='ltr'>mali,</span> <span class='ocrx_word' id='word_1_578' title='bbox 1162 4621 1335 4695; x_wconf 81' lang='lat' dir='ltr'>idest</span> <span class='ocrx_word' id='word_1_579' title='bbox 1354 4622 1870 4695; x_wconf 16' lang='lat' dir='ltr'>Apeccati._quando</span> <span class='ocrx_word' id='word_1_580' title='bbox 1918 4620 2460 4695; x_wconf 11' lang='lat' dir='ltr'>irrogatheminns</span> <span class='ocrx_word' id='word_1_581' title='bbox 2506 4620 2794 4695; x_wconf 81' lang='lat' dir='ltr'>supplicia</span> <span class='ocrx_word' id='word_1_582' title='bbox 2832 4623 3275 4695; x_wconf 49' lang='lat' dir='ltr'>peccatoribus,</span> <span class='ocrx_word' id='word_1_583' title='bbox 3314 4623 3430 4678; x_wconf 84' lang='lat' dir='ltr'>Hoc</span> <span class='ocrx_word' id='word_1_584' title='bbox 3473 4639 3609 4695; x_wconf 85' lang='lat' dir='ltr'>ergo</span> 
     </span>
    </p>
   </div>
   <div class='ocr_carea' id='block_1_105' title="bbox 198 4692 3610 4764">
    <p class='ocr_par' dir='ltr' id='par_1_105' title="bbox 198 4692 3610 4764">
     <span class='ocr_line' id='line_1_107' title="bbox 198 4692 3610 4764; baseline 0 -15"><span class='ocrx_word' id='word_1_585' title='bbox 198 4692 445 4758; x_wconf 87' lang='lat' dir='ltr'>dicitur,</span> <span class='ocrx_word' id='word_1_586' title='bbox 477 4694 631 4764; x_wconf 90' lang='lat' dir='ltr'>quod</span> <span class='ocrx_word' id='word_1_587' title='bbox 664 4692 809 4748; x_wconf 91' lang='lat' dir='ltr'>nihil</span> <span class='ocrx_word' id='word_1_588' title='bbox 839 4693 1049 4749; x_wconf 90' lang='lat' dir='ltr'>borum</span> <span class='ocrx_word' id='word_1_589' title='bbox 1082 4692 1472 4749; x_wconf 87' lang='lat' dir='ltr'>accidentium</span> <span class='ocrx_word' id='word_1_590' title='bbox 1506 4692 1793 4748; x_wconf 81' lang='lat' dir='ltr'>malorum</span> <span class='ocrx_word' id='word_1_591' title='bbox 1827 4693 1951 4749; x_wconf 90' lang='lat' dir='ltr'>sine</span> <span class='ocrx_word' id='word_1_592' title='bbox 1972 4692 2194 4761; x_wconf 88' lang='lat' dir='ltr'>judicio</span> <span class='ocrx_word' id='word_1_593' title='bbox 2228 4693 2327 4748; x_wconf 87' lang='lat' dir='ltr'>Dei</span> <span class='ocrx_word' id='word_1_594' title='bbox 2358 4693 2474 4747; x_wconf 77' lang='lat' dir='ltr'>ﬁat.</span> <span class='ocrx_word' id='word_1_595' title='bbox 2510 4692 2637 4747; x_wconf 82' lang='lat' dir='ltr'>Non</span> <span class='ocrx_word' id='word_1_596' title='bbox 2667 4693 2750 4748; x_wconf 87' lang='lat' dir='ltr'>ita</span> <span class='ocrx_word' id='word_1_597' title='bbox 2798 4692 3063 4748; x_wconf 82' lang='lat' dir='ltr'>naturale</span> <span class='ocrx_word' id='word_1_598' title='bbox 3121 4700 3209 4750; x_wconf 86' lang='lat' dir='ltr'>est</span> <span class='ocrx_word' id='word_1_599' title='bbox 3264 4694 3511 4759; x_wconf 78' lang='lat' dir='ltr'>homini,</span> <span class='ocrx_word' id='word_1_600' title='bbox 3542 4692 3610 4750; x_wconf 74' lang='lat' dir='ltr'>ut</span> 
     </span>
    </p>
   </div>
   <div class='ocr_carea' id='block_1_106' title="bbox 200 4764 3604 4838">
    <p class='ocr_par' dir='ltr' id='par_1_106' title="bbox 200 4764 3604 4838">
     <span class='ocr_line' id='line_1_108' title="bbox 200 4764 3604 4838; baseline -0 -17"><span class='ocrx_word' id='word_1_601' title='bbox 200 4782 240 4821; x_wconf 86' lang='lat' dir='ltr'>a</span> <span class='ocrx_word' id='word_1_602' title='bbox 272 4765 389 4838; x_wconf 74' lang='lat' dir='ltr'>Deo</span> <span class='ocrx_word' id='word_1_603' title='bbox 421 4769 679 4838; x_wconf 84' lang='lat' dir='ltr'>creatum</span> <span class='ocrx_word' id='word_1_604' title='bbox 712 4769 951 4835; x_wconf 89' lang='lat' dir='ltr'>putetur</span> <span class='ocrx_word' id='word_1_605' title='bbox 979 4781 999 4826; x_wconf 87' lang='lat'><strong><em>;</em></strong></span> <span class='ocrx_word' id='word_1_606' title='bbox 1030 4769 1086 4820; x_wconf 87' lang='lat' dir='ltr'>et</span> <span class='ocrx_word' id='word_1_607' title='bbox 1116 4765 1243 4820; x_wconf 91' lang='lat' dir='ltr'>ideo</span> <span class='ocrx_word' id='word_1_608' title='bbox 1274 4764 1490 4838; x_wconf 79' lang='lat' dir='ltr'>dicitur</span> <span class='ocrx_word' id='word_1_609' title='bbox 1516 4782 1532 4838; x_wconf 75' lang='lat'>_:</span> <span class='ocrx_word' id='word_1_610' title='bbox 1566 4768 1632 4819; x_wconf 87' lang='lat' dir='ltr'>Et</span> <span class='ocrx_word' id='word_1_611' title='bbox 1660 4765 1727 4819; x_wconf 84' lang='lat' dir='ltr'>de</span> <span class='ocrx_word' id='word_1_612' title='bbox 1755 4764 1918 4820; x_wconf 87' lang='lat' dir='ltr'>humo</span> <span class='ocrx_word' id='word_1_613' title='bbox 1942 4778 2047 4819; x_wconf 85' lang='lat' dir='ltr'>non</span> <span class='ocrx_word' id='word_1_614' title='bbox 2075 4769 2253 4820; x_wconf 79' lang='lat' dir='ltr'>oritur</span> <span class='ocrx_word' id='word_1_615' title='bbox 2282 4765 2454 4829; x_wconf 84' lang='lat' dir='ltr'>dolor,</span> <span class='ocrx_word' id='word_1_616' title='bbox 2509 4764 2564 4819; x_wconf 92' lang='lat' dir='ltr'>id</span> <span class='ocrx_word' id='word_1_617' title='bbox 2611 4769 2718 4831; x_wconf 81' lang='lat' dir='ltr'>est,</span> <span class='ocrx_word' id='word_1_618' title='bbox 2770 4781 2884 4820; x_wconf 90' lang='lat' dir='ltr'>non</span> <span class='ocrx_word' id='word_1_619' title='bbox 2936 4770 3178 4834; x_wconf 77' lang='lat' dir='ltr'>naturze,</span> <span class='ocrx_word' id='word_1_620' title='bbox 3235 4767 3334 4821; x_wconf 89' lang='lat' dir='ltr'>sed</span> <span class='ocrx_word' id='word_1_621' title='bbox 3399 4766 3604 4838; x_wconf 73' lang='lat' dir='ltr'>culpm.</span> 
     </span>
    </p>
   </div>
   <div class='ocr_carea' id='block_1_107' title="bbox 275 4835 2033 4906">
    <p class='ocr_par' dir='ltr' id='par_1_107' title="bbox 275 4835 2033 4906">
     <span class='ocr_line' id='line_1_109' title="bbox 275 4835 2033 4906; baseline -0.001 -16"><span class='ocrx_word' id='word_1_622' title='bbox 275 4836 443 4891; x_wconf 80' lang='lat' dir='ltr'>Homo</span> <span class='ocrx_word' id='word_1_623' title='bbox 470 4835 539 4891; x_wconf 86' lang='lat' dir='ltr'>ad</span> <span class='ocrx_word' id='word_1_624' title='bbox 564 4837 803 4891; x_wconf 84' lang='lat' dir='ltr'>laborem</span> <span class='ocrx_word' id='word_1_625' title='bbox 832 4838 1093 4901; x_wconf 72' lang='lat' dir='ltr'>nascitur,</span> <span class='ocrx_word' id='word_1_626' title='bbox 1124 4841 1175 4891; x_wconf 85' lang='lat' dir='ltr'>et</span> <span class='ocrx_word' id='word_1_627' title='bbox 1206 4838 1323 4890; x_wconf 77' lang='lat' dir='ltr'>aris</span> <span class='ocrx_word' id='word_1_628' title='bbox 1354 4836 1422 4890; x_wconf 84' lang='lat' dir='ltr'>ad</span> <span class='ocrx_word' id='word_1_629' title='bbox 1445 4836 1682 4891; x_wconf 82' lang='lat' dir='ltr'>volatum</span> <span class='ocrx_word' id='word_1_630' title='bbox 1708 4838 1841 4904; x_wconf 84' lang='lat' dir='ltr'>(Job.</span> <span class='ocrx_word' id='word_1_631' title='bbox 1876 4854 1929 4901; x_wconf 89' lang='lat' dir='ltr'>v,</span> <span class='ocrx_word' id='word_1_632' title='bbox 1955 4838 2033 4906; x_wconf 82' lang='lat'>7),</span> 
     </span>
    </p>
   </div>
   <div class='ocr_carea' id='block_1_108' title="bbox 276 4906 3605 4979">
    <p class='ocr_par' dir='ltr' id='par_1_108' title="bbox 276 4906 3605 4979">
     <span class='ocr_line' id='line_1_110' title="bbox 276 4906 3605 4979; baseline 0 -17"><span class='ocrx_word' id='word_1_633' title='bbox 276 4906 341 4962; x_wconf 91' lang='lat' dir='ltr'>1d</span> <span class='ocrx_word' id='word_1_634' title='bbox 375 4911 483 4971; x_wconf 91' lang='lat' dir='ltr'>est,</span> <span class='ocrx_word' id='word_1_635' title='bbox 517 4906 681 4962; x_wconf 88' lang='lat' dir='ltr'>labor</span> <span class='ocrx_word' id='word_1_636' title='bbox 710 4907 1006 4979; x_wconf 85' lang='lat' dir='ltr'>hominem</span> <span class='ocrx_word' id='word_1_637' title='bbox 1040 4912 1236 4963; x_wconf 88' lang='lat' dir='ltr'>manet</span> <span class='ocrx_word' id='word_1_638' title='bbox 1260 4907 1701 4979; x_wconf 13' lang='lat' dir='ltr'>(Fortegmonet),</span> <span class='ocrx_word' id='word_1_639' title='bbox 1724 4912 1789 4962; x_wconf 91' lang='lat' dir='ltr'>ut</span> <span class='ocrx_word' id='word_1_640' title='bbox 1813 4908 1885 4961; x_wconf 86' lang='lat' dir='ltr'>ab</span> <span class='ocrx_word' id='word_1_641' title='bbox 1916 4906 2189 4979; x_wconf 86' lang='lat' dir='ltr'>omnibus</span> <span class='ocrx_word' id='word_1_642' title='bbox 2220 4907 2376 4963; x_wconf 90' lang='lat' dir='ltr'>vitiis</span> <span class='ocrx_word' id='word_1_643' title='bbox 2407 4907 2728 4979; x_wconf 86' lang='lat' dir='ltr'>castigatus</span> <span class='ocrx_word' id='word_1_644' title='bbox 2757 4906 3007 4979; x_wconf 84' lang='lat' dir='ltr'>incedat.</span> <span class='ocrx_word' id='word_1_645' title='bbox 3034 4908 3099 4961; x_wconf 89' lang='lat' dir='ltr'>Et</span> <span class='ocrx_word' id='word_1_646' title='bbox 3130 4908 3193 4961; x_wconf 82' lang='lat' dir='ltr'>fit</span> <span class='ocrx_word' id='word_1_647' title='bbox 3224 4909 3293 4962; x_wconf 91' lang='lat' dir='ltr'>ad</span> <span class='ocrx_word' id='word_1_648' title='bbox 3327 4908 3446 4963; x_wconf 69' lang='lat' dir='ltr'>hmc</span> <span class='ocrx_word' id='word_1_649' title='bbox 3486 4911 3605 4979; x_wconf 81' lang='lat' dir='ltr'>tam</span> 
     </span>
    </p>
   </div>
   <div class='ocr_carea' id='block_1_109' title="bbox 198 4977 3608 5105">
    <p class='ocr_par' dir='ltr' id='par_1_109' title="bbox 198 4977 3608 5105">
     <span class='ocr_line' id='line_1_111' title="bbox 198 4977 3608 5105; baseline 0 -71"><span class='ocrx_word' id='word_1_650' title='bbox 198 4982 601 5105; x_wconf 50' lang='lat' dir='ltr'>egperrectus,</span> <span class='ocrx_word' id='word_1_651' title='bbox 638 4982 701 5034; x_wconf 89' lang='lat' dir='ltr'>ut</span> <span class='ocrx_word' id='word_1_652' title='bbox 723 4978 878 5035; x_wconf 87' lang='lat' dir='ltr'>velut</span> <span class='ocrx_word' id='word_1_653' title='bbox 908 4978 1049 5049; x_wconf 89' lang='lat' dir='ltr'>avis,</span> <span class='ocrx_word' id='word_1_654' title='bbox 1084 4995 1213 5050; x_wconf 65' lang='lat' dir='ltr'>quae</span> <span class='ocrx_word' id='word_1_655' title='bbox 1244 4977 1852 5034; x_wconf 86' lang='lat' dir='ltr'>naturalitervolatum</span> <span class='ocrx_word' id='word_1_656' title='bbox 1889 4978 2111 5050; x_wconf 85' lang='lat' dir='ltr'>arripit,</span> <span class='ocrx_word' id='word_1_657' title='bbox 2144 4977 2225 5032; x_wconf 86' lang='lat' dir='ltr'>ita</span> <span class='ocrx_word' id='word_1_658' title='bbox 2254 4984 2311 5033; x_wconf 91' lang='lat' dir='ltr'>et</span> <span class='ocrx_word' id='word_1_659' title='bbox 2339 4979 2432 5033; x_wconf 89' lang='lat' dir='ltr'>hic</span> <span class='ocrx_word' id='word_1_660' title='bbox 2492 4977 2590 5050; x_wconf 72' lang='lat' dir='ltr'>per</span> <span class='ocrx_word' id='word_1_661' title='bbox 2637 4995 2854 5049; x_wconf 89' lang='lat' dir='ltr'>agones</span> <span class='ocrx_word' id='word_1_662' title='bbox 2894 4978 3023 5033; x_wconf 73' lang='lat' dir='ltr'>vita:</span> <span class='ocrx_word' id='word_1_663' title='bbox 3083 4980 3383 5050; x_wconf 76' lang='lat' dir='ltr'>przesentis</span> <span class='ocrx_word' id='word_1_664' title='bbox 3421 4978 3608 5035; x_wconf 90' lang='lat' dir='ltr'>evolet</span> 
     </span>
     <span class='ocr_line' id='line_1_112' title="bbox 200 5065 589 5105; baseline 0 0"><span class='ocrx_word' id='word_1_665' title='bbox 200 5068 240 5105; x_wconf 84' lang='lat' dir='ltr'>a</span> <span class='ocrx_word' id='word_1_666' title='bbox 314 5065 589 5105; x_wconf 79' lang='lat' dir='ltr'>superna.</span> 
     </span>
    </p>
   </div>
   <div class='ocr_carea' id='block_1_110' title="bbox 200 5065 589 5121">
    <p class='ocr_par' dir='ltr' id='par_1_110' title="bbox 200 5065 589 5121">
     <span class='ocr_line' id='line_1_113' title="bbox 200 5065 589 5121; baseline 0 -15"><span class='ocrx_word' id='word_1_667' title='bbox 200 5065 278 5106; x_wconf 83' lang='lat' dir='ltr'>aa</span> <span class='ocrx_word' id='word_1_668' title='bbox 314 5065 589 5121; x_wconf 88' lang='lat' dir='ltr'>superna.</span> 
     </span>
    </p>
   </div>
   <div class='ocr_carea' id='block_1_111' title="bbox 280 5120 3010 5193">
    <p class='ocr_par' dir='ltr' id='par_1_111' title="bbox 280 5120 3010 5193">
     <span class='ocr_line' id='line_1_114' title="bbox 280 5120 3010 5193; baseline 0 -18"><span class='ocrx_word' id='word_1_669' title='bbox 280 5122 472 5193; x_wconf 75' lang='lat' dir='ltr'>Pereat</span> <span class='ocrx_word' id='word_1_670' title='bbox 499 5120 614 5177; x_wconf 83' lang='lat' dir='ltr'>dies</span> <span class='ocrx_word' id='word_1_671' title='bbox 645 5123 703 5176; x_wconf 81' lang='lat' dir='ltr'>in</span> <span class='ocrx_word' id='word_1_672' title='bbox 728 5137 839 5193; x_wconf 83' lang='lat' dir='ltr'>qua</span> <span class='ocrx_word' id='word_1_673' title='bbox 866 5124 1030 5193; x_wconf 73' lang='lat' dir='ltr'>natus</span> <span class='ocrx_word' id='word_1_674' title='bbox 1061 5138 1203 5193; x_wconf 58' lang='lat' dir='ltr'>sum,</span> <span class='ocrx_word' id='word_1_675' title='bbox 1238 5124 1289 5193; x_wconf 81' lang='lat' dir='ltr'>et</span> <span class='ocrx_word' id='word_1_676' title='bbox 1320 5136 1431 5175; x_wconf 70' lang='lat' dir='ltr'>nos:</span> <span class='ocrx_word' id='word_1_677' title='bbox 1460 5121 1517 5174; x_wconf 80' lang='lat' dir='ltr'>in</span> <span class='ocrx_word' id='word_1_678' title='bbox 1544 5137 1651 5192; x_wconf 85' lang='lat' dir='ltr'>qua</span> <span class='ocrx_word' id='word_1_679' title='bbox 1680 5120 1892 5175; x_wconf 79' lang='lat' dir='ltr'>dictum</span> <span class='ocrx_word' id='word_1_680' title='bbox 1921 5124 2019 5190; x_wconf 61' lang='lat' dir='ltr'>est,</span> <span class='ocrx_word' id='word_1_681' title='bbox 2052 5127 2332 5193; x_wconf 75' lang='lat' dir='ltr'>conceptus</span> <span class='ocrx_word' id='word_1_682' title='bbox 2362 5128 2440 5175; x_wconf 76' lang='lat' dir='ltr'>est</span> <span class='ocrx_word' id='word_1_683' title='bbox 2470 5120 2624 5176; x_wconf 82' lang='lat' dir='ltr'>homo</span> <span class='ocrx_word' id='word_1_684' title='bbox 2652 5121 2786 5191; x_wconf 88' lang='lat' dir='ltr'>(Job.</span> <span class='ocrx_word' id='word_1_685' title='bbox 2823 5138 2909 5188; x_wconf 86' lang='lat' dir='ltr'>In,</span> <span class='ocrx_word' id='word_1_686' title='bbox 2934 5122 3010 5191; x_wconf 85' lang='lat'>2).</span> 
     </span>
    </p>
   </div>
   <div class='ocr_carea' id='block_1_112' title="bbox 276 5191 1927 5262">
    <p class='ocr_par' dir='ltr' id='par_1_112' title="bbox 276 5191 1927 5262">
     <span class='ocr_line' id='line_1_115' title="bbox 276 5191 1927 5262; baseline 0 -15"><span class='ocrx_word' id='word_1_687' title='bbox 276 5192 349 5247; x_wconf 83' lang='lat' dir='ltr'>Et</span> <span class='ocrx_word' id='word_1_688' title='bbox 376 5192 654 5248; x_wconf 87' lang='lat' dir='ltr'>Jeremias</span> <span class='ocrx_word' id='word_1_689' title='bbox 683 5191 825 5247; x_wconf 86' lang='lat' dir='ltr'>dieit</span> <span class='ocrx_word' id='word_1_690' title='bbox 857 5209 869 5246; x_wconf 88' lang='lat'>:</span> <span class='ocrx_word' id='word_1_691' title='bbox 911 5192 1201 5249; x_wconf 72' lang='lat' dir='ltr'>Maledicta</span> <span class='ocrx_word' id='word_1_692' title='bbox 1229 5191 1342 5247; x_wconf 81' lang='lat' dir='ltr'>dies</span> <span class='ocrx_word' id='word_1_693' title='bbox 1374 5194 1429 5245; x_wconf 79' lang='lat' dir='ltr'>in</span> <span class='ocrx_word' id='word_1_694' title='bbox 1458 5191 1566 5262; x_wconf 77' lang='lat' dir='ltr'>qua</span> <span class='ocrx_word' id='word_1_695' title='bbox 1596 5195 1757 5247; x_wconf 80' lang='lat' dir='ltr'>natus</span> <span class='ocrx_word' id='word_1_696' title='bbox 1786 5209 1927 5247; x_wconf 82' lang='lat' dir='ltr'>sum.</span> 
     </span>
    </p>
   </div>
   <div class='ocr_carea' id='block_1_113' title="bbox 276 5262 3602 5336">
    <p class='ocr_par' dir='ltr' id='par_1_113' title="bbox 276 5262 3602 5336">
     <span class='ocr_line' id='line_1_116' title="bbox 276 5262 3602 5336; baseline 0.002 -20"><span class='ocrx_word' id='word_1_697' title='bbox 276 5263 526 5336; x_wconf 83' lang='lat' dir='ltr'>Quidam</span> <span class='ocrx_word' id='word_1_698' title='bbox 557 5264 761 5319; x_wconf 89' lang='lat' dir='ltr'>dicunt</span> <span class='ocrx_word' id='word_1_699' title='bbox 790 5269 1053 5336; x_wconf 85' lang='lat' dir='ltr'>tempora</span> <span class='ocrx_word' id='word_1_700' title='bbox 1085 5262 1405 5318; x_wconf 89' lang='lat' dir='ltr'>nativitatis</span> <span class='ocrx_word' id='word_1_701' title='bbox 1436 5262 1725 5327; x_wconf 68' lang='lat' dir='ltr'>humanm,</span> <span class='ocrx_word' id='word_1_702' title='bbox 1756 5281 1882 5336; x_wconf 77' lang='lat' dir='ltr'>quze</span> <span class='ocrx_word' id='word_1_703' title='bbox 1916 5263 2330 5336; x_wconf 59' lang='lat' dir='ltr'>praeterierunt,</span> <span class='ocrx_word' id='word_1_704' title='bbox 2356 5279 2481 5336; x_wconf 79' lang='lat' dir='ltr'>non</span> <span class='ocrx_word' id='word_1_705' title='bbox 2510 5280 2680 5335; x_wconf 86' lang='lat' dir='ltr'>posse</span> <span class='ocrx_word' id='word_1_706' title='bbox 2700 5263 2990 5336; x_wconf 86' lang='lat' dir='ltr'>maledici.</span> <span class='ocrx_word' id='word_1_707' title='bbox 3015 5263 3178 5319; x_wconf 83' lang='lat' dir='ltr'>Certe</span> <span class='ocrx_word' id='word_1_708' title='bbox 3208 5281 3277 5320; x_wconf 79' lang='lat' dir='ltr'>ex</span> <span class='ocrx_word' id='word_1_709' title='bbox 3306 5264 3602 5336; x_wconf 84' lang='lat' dir='ltr'>superﬂuo</span> 
     </span>
    </p>
   </div>
   <div class='ocr_carea' id='block_1_114' title="bbox 195 5333 3609 5406">
    <p class='ocr_par' dir='ltr' id='par_1_114' title="bbox 195 5333 3609 5406">
     <span class='ocr_line' id='line_1_117' title="bbox 195 5333 3609 5406; baseline 0.001 -16"><span class='ocrx_word' id='word_1_710' title='bbox 195 5333 660 5405; x_wconf 87' lang='lat' dir='ltr'>maledicuntur,</span> <span class='ocrx_word' id='word_1_711' title='bbox 696 5352 826 5405; x_wconf 72' lang='lat' dir='ltr'>quae</span> <span class='ocrx_word' id='word_1_712' title='bbox 856 5333 980 5391; x_wconf 85' lang='lat' dir='ltr'>suis</span> <span class='ocrx_word' id='word_1_713' title='bbox 1003 5336 1126 5405; x_wconf 84' lang='lat' dir='ltr'>jam</span> <span class='ocrx_word' id='word_1_714' title='bbox 1162 5339 1300 5389; x_wconf 90' lang='lat' dir='ltr'>sunt</span> <span class='ocrx_word' id='word_1_715' title='bbox 1331 5340 1567 5406; x_wconf 79' lang='lat' dir='ltr'>peracta</span> <span class='ocrx_word' id='word_1_716' title='bbox 1592 5333 2049 5390; x_wconf 78' lang='lat' dir='ltr'>transcursibus.</span> <span class='ocrx_word' id='word_1_717' title='bbox 2084 5335 2278 5389; x_wconf 87' lang='lat' dir='ltr'>Sancti</span> <span class='ocrx_word' id='word_1_718' title='bbox 2314 5334 2367 5389; x_wconf 90' lang='lat' dir='ltr'>hi</span> <span class='ocrx_word' id='word_1_719' title='bbox 2402 5333 2583 5389; x_wconf 78' lang='lat' dir='ltr'>inflati</span> <span class='ocrx_word' id='word_1_720' title='bbox 2626 5335 2829 5406; x_wconf 85' lang='lat' dir='ltr'>spiritu</span> <span class='ocrx_word' id='word_1_721' title='bbox 2886 5336 3200 5406; x_wconf 73' lang='lat' dir='ltr'>prophetia:</span> <span class='ocrx_word' id='word_1_722' title='bbox 3250 5333 3609 5393; x_wconf 78' lang='lat' dir='ltr'>maledicunt</span> 
     </span>
    </p>
   </div>
   <div class='ocr_carea' id='block_1_115' title="bbox 193 5406 3605 5490">
    <p class='ocr_par' dir='ltr' id='par_1_115' title="bbox 193 5406 3605 5490">
     <span class='ocr_line' id='line_1_118' title="bbox 193 5406 3605 5490; baseline 0.001 -29"><span class='ocrx_word' id='word_1_723' title='bbox 193 5406 361 5490; x_wconf 79' lang='lat' dir='ltr'>diem</span> <span class='ocrx_word' id='word_1_724' title='bbox 404 5406 1074 5490; x_wconf 45' lang='lat' dir='ltr'>nativitatis‘bumanazj</span> <span class='ocrx_word' id='word_1_725' title='bbox 1109 5407 1263 5490; x_wconf 74' lang='lat' dir='ltr'>quod</span> <span class='ocrx_word' id='word_1_726' title='bbox 1298 5406 1680 5490; x_wconf 38' lang='lat' dir='ltr'>quidem‘non</span> <span class='ocrx_word' id='word_1_727' title='bbox 1714 5407 1840 5462; x_wconf 91' lang='lat' dir='ltr'>sine</span> <span class='ocrx_word' id='word_1_728' title='bbox 1870 5406 2243 5490; x_wconf 71' lang='lat' dir='ltr'>tribulatione</span> <span class='ocrx_word' id='word_1_729' title='bbox 2276 5423 2382 5490; x_wconf 66' lang='lat' dir='ltr'>sua</span> <span class='ocrx_word' id='word_1_730' title='bbox 2405 5406 2624 5490; x_wconf 77' lang='lat' dir='ltr'>iaciunt</span> <span class='ocrx_word' id='word_1_731' title='bbox 2660 5425 2671 5471; x_wconf 84' lang='lat'>;</span> <span class='ocrx_word' id='word_1_732' title='bbox 2707 5407 2967 5488; x_wconf 76' lang='lat' dir='ltr'>sentiunt</span> <span class='ocrx_word' id='word_1_733' title='bbox 2998 5408 3211 5490; x_wconf 77' lang='lat' dir='ltr'>quippe</span> <span class='ocrx_word' id='word_1_734' title='bbox 3235 5408 3293 5489; x_wconf 78' lang='lat' dir='ltr'>in</span> <span class='ocrx_word' id='word_1_735' title='bbox 3326 5426 3406 5478; x_wconf 90' lang='lat' dir='ltr'>se,</span> <span class='ocrx_word' id='word_1_736' title='bbox 3440 5426 3605 5490; x_wconf 43' lang='lat' dir='ltr'>com:</span> 
     </span>
    </p>
   </div>
   <div class='ocr_carea' id='block_1_116' title="bbox 194 5476 3602 5551">
    <p class='ocr_par' dir='ltr' id='par_1_116' title="bbox 194 5476 3602 5551">
     <span class='ocr_line' id='line_1_119' title="bbox 194 5476 3602 5551; baseline 0.001 -19"><span class='ocrx_word' id='word_1_737' title='bbox 194 5477 478 5551; x_wconf 84' lang='lat' dir='ltr'>patiendo</span> <span class='ocrx_word' id='word_1_738' title='bbox 501 5478 694 5551; x_wconf 82' lang='lat' dir='ltr'>generi</span> <span class='ocrx_word' id='word_1_739' title='bbox 728 5478 1007 5551; x_wconf 78' lang='lat' dir='ltr'>humano,</span> <span class='ocrx_word' id='word_1_740' title='bbox 1035 5476 1266 5547; x_wconf 83' lang='lat' dir='ltr'>justitia</span> <span class='ocrx_word' id='word_1_741' title='bbox 1298 5476 1394 5531; x_wconf 86' lang='lat' dir='ltr'>Dei</span> <span class='ocrx_word' id='word_1_742' title='bbox 1427 5478 1773 5551; x_wconf 85' lang='lat' dir='ltr'>sententiam</span> <span class='ocrx_word' id='word_1_743' title='bbox 1801 5479 2005 5533; x_wconf 89' lang='lat' dir='ltr'>mortis</span> <span class='ocrx_word' id='word_1_744' title='bbox 2037 5477 2279 5551; x_wconf 81' lang='lat' dir='ltr'>illatam.</span> <span class='ocrx_word' id='word_1_745' title='bbox 2311 5476 2434 5551; x_wconf 82' lang='lat' dir='ltr'>Non</span> <span class='ocrx_word' id='word_1_746' title='bbox 2459 5478 2664 5551; x_wconf 79' lang='lat' dir='ltr'>itaque</span> <span class='ocrx_word' id='word_1_747' title='bbox 2722 5476 3031 5551; x_wconf 49' lang='lat' dir='ltr'>existimo;</span> <span class='ocrx_word' id='word_1_748' title='bbox 3066 5476 3219 5534; x_wconf 83' lang='lat' dir='ltr'>diem</span> <span class='ocrx_word' id='word_1_749' title='bbox 3268 5476 3467 5544; x_wconf 87' lang='lat' dir='ltr'>istum,</span> <span class='ocrx_word' id='word_1_750' title='bbox 3501 5480 3602 5551; x_wconf 91' lang='lat' dir='ltr'>qui</span> 
     </span>
    </p>
   </div>
   <div class='ocr_carea' id='block_1_117' title="bbox 191 5494 3608 5621">
    <p class='ocr_par' dir='ltr' id='par_1_117' title="bbox 191 5494 3608 5621">
     <span class='ocr_line' id='line_1_120' title="bbox 194 5494 3602 5604; baseline 0.001 -72"><span class='ocrx_word' id='word_1_751' title='bbox 194 5494 694 5604; x_wconf 52' lang='lat' dir='ltr'>pauenuocpeneri</span> <span class='ocrx_word' id='word_1_752' title='bbox 730 5494 1007 5548; x_wconf 79' lang='lat' dir='ltr'>humano,</span> <span class='ocrx_word' id='word_1_753' title='bbox 1035 5494 1266 5547; x_wconf 78' lang='lat' dir='ltr'>jusuua</span> <span class='ocrx_word' id='word_1_754' title='bbox 1298 5494 1394 5531; x_wconf 81' lang='lat' dir='ltr'>U81</span> <span class='ocrx_word' id='word_1_755' title='bbox 1427 5494 1773 5534; x_wconf 78' lang='lat' dir='ltr'>sententiam</span> <span class='ocrx_word' id='word_1_756' title='bbox 1801 5494 2005 5533; x_wconf 82' lang='lat' dir='ltr'>morus</span> <span class='ocrx_word' id='word_1_757' title='bbox 2037 5494 2279 5532; x_wconf 78' lang='lat' dir='ltr'>illatam.</span> <span class='ocrx_word' id='word_1_758' title='bbox 2313 5494 2434 5531; x_wconf 55' lang='grc' dir='ltr'>μοι]</span> <span class='ocrx_word' id='word_1_759' title='bbox 2471 5494 2664 5549; x_wconf 76' lang='lat' dir='ltr'>itaque</span> <span class='ocrx_word' id='word_1_760' title='bbox 2722 5494 3014 5542; x_wconf 76' lang='lat' dir='ltr'>eXlStlmO,</span> <span class='ocrx_word' id='word_1_761' title='bbox 3066 5494 3219 5534; x_wconf 83' lang='lat' dir='ltr'>mem</span> <span class='ocrx_word' id='word_1_762' title='bbox 3268 5494 3467 5544; x_wconf 81' lang='lat' dir='ltr'>istum,</span> <span class='ocrx_word' id='word_1_763' title='bbox 3501 5497 3602 5551; x_wconf 82' lang='lat' dir='ltr'>qui</span> 
     </span>
     <span class='ocr_line' id='line_1_121' title="bbox 191 5547 3608 5621; baseline -0 -16"><span class='ocrx_word' id='word_1_764' title='bbox 191 5548 430 5605; x_wconf 86' lang='lat' dir='ltr'>homini</span> <span class='ocrx_word' id='word_1_765' title='bbox 454 5550 477 5621; x_wconf 10' lang='lat' dir='ltr'>7i</span> <span class='ocrx_word' id='word_1_766' title='bbox 555 5550 944 5605; x_wconf 87' lang='lat' dir='ltr'>ministerium</span> <span class='ocrx_word' id='word_1_767' title='bbox 977 5550 1179 5621; x_wconf 86' lang='lat' dir='ltr'>datum</span> <span class='ocrx_word' id='word_1_768' title='bbox 1211 5553 1359 5617; x_wconf 87' lang='lat' dir='ltr'>cst,a</span> <span class='ocrx_word' id='word_1_769' title='bbox 1389 5550 1606 5604; x_wconf 87' lang='lat' dir='ltr'>sanctis</span> <span class='ocrx_word' id='word_1_770' title='bbox 1649 5555 1808 5606; x_wconf 87' lang='lat' dir='ltr'>tanta</span> <span class='ocrx_word' id='word_1_771' title='bbox 1838 5549 2229 5621; x_wconf 77' lang='lat' dir='ltr'>exsecratione</span> <span class='ocrx_word' id='word_1_772' title='bbox 2261 5547 2547 5621; x_wconf 81' lang='lat' dir='ltr'>maledici.</span> <span class='ocrx_word' id='word_1_773' title='bbox 2600 5549 2888 5621; x_wconf 61' lang='lat' dir='ltr'>Tropicdis</span> <span class='ocrx_word' id='word_1_774' title='bbox 2920 5566 3055 5621; x_wconf 85' lang='lat' dir='ltr'>ergo</span> <span class='ocrx_word' id='word_1_775' title='bbox 3103 5551 3256 5607; x_wconf 87' lang='lat' dir='ltr'>diem</span> <span class='ocrx_word' id='word_1_776' title='bbox 3310 5568 3443 5606; x_wconf 91' lang='lat' dir='ltr'>cum</span> <span class='ocrx_word' id='word_1_777' title='bbox 3502 5568 3608 5605; x_wconf 88' lang='lat' dir='ltr'>sua</span> 
     </span>
    </p>
   </div>
   <div class='ocr_carea' id='block_1_118' title="bbox 197 5619 3602 5693">
    <p class='ocr_par' dir='ltr' id='par_1_118' title="bbox 197 5619 3602 5693">
     <span class='ocr_line' id='line_1_122' title="bbox 197 5619 3602 5693; baseline -0 -17"><span class='ocrx_word' id='word_1_778' title='bbox 197 5624 377 5693; x_wconf 81' lang='lat' dir='ltr'>nocte</span> <span class='ocrx_word' id='word_1_779' title='bbox 406 5620 517 5676; x_wconf 90' lang='lat' dir='ltr'>dici</span> <span class='ocrx_word' id='word_1_780' title='bbox 550 5622 1076 5693; x_wconf 79' lang='lat' dir='ltr'>tuncnoverimus.</span> <span class='ocrx_word' id='word_1_781' title='bbox 1111 5620 1244 5693; x_wconf 83' lang='lat' dir='ltr'>Dies</span> <span class='ocrx_word' id='word_1_782' title='bbox 1274 5636 1526 5693; x_wconf 84' lang='lat' dir='ltr'>namque</span> <span class='ocrx_word' id='word_1_783' title='bbox 1548 5626 1602 5676; x_wconf 89' lang='lat' dir='ltr'>et</span> <span class='ocrx_word' id='word_1_784' title='bbox 1634 5638 1745 5677; x_wconf 77' lang='lat' dir='ltr'>nox</span> <span class='ocrx_word' id='word_1_785' title='bbox 1775 5619 2042 5693; x_wconf 80' lang='lat' dir='ltr'>diabolus</span> <span class='ocrx_word' id='word_1_786' title='bbox 2075 5624 2129 5693; x_wconf 80' lang='lat' dir='ltr'>et</span> <span class='ocrx_word' id='word_1_787' title='bbox 2163 5619 2493 5693; x_wconf 9' lang='lat' dir='ltr'>mortalitas,</span> <span class='ocrx_word' id='word_1_788' title='bbox 2520 5619 2768 5691; x_wconf 83' lang='lat' dir='ltr'>possunt</span> <span class='ocrx_word' id='word_1_789' title='bbox 2800 5619 3049 5691; x_wconf 70' lang='lat' dir='ltr'>intelligi</span> <span class='ocrx_word' id='word_1_790' title='bbox 3083 5639 3095 5676; x_wconf 88' lang='lat'>:</span> <span class='ocrx_word' id='word_1_791' title='bbox 3131 5640 3246 5677; x_wconf 89' lang='lat' dir='ltr'>non</span> <span class='ocrx_word' id='word_1_792' title='bbox 3276 5622 3428 5693; x_wconf 93' lang='lat' dir='ltr'>quod</span> <span class='ocrx_word' id='word_1_793' title='bbox 3460 5622 3602 5693; x_wconf 75' lang='lat' dir='ltr'>dies,</span> 
     </span>
    </p>
   </div>
   <div class='ocr_carea' id='block_1_119' title="bbox 190 5690 3603 5762">
    <p class='ocr_par' dir='ltr' id='par_1_119' title="bbox 190 5690 3603 5762">
     <span class='ocr_line' id='line_1_123' title="bbox 190 5690 3603 5762; baseline -0.001 -14"><span class='ocrx_word' id='word_1_794' title='bbox 190 5696 259 5749; x_wconf 88' lang='lat' dir='ltr'>et</span> <span class='ocrx_word' id='word_1_795' title='bbox 287 5691 490 5747; x_wconf 89' lang='lat' dir='ltr'>lumen</span> <span class='ocrx_word' id='word_1_796' title='bbox 522 5691 791 5748; x_wconf 86' lang='lat' dir='ltr'>diabolus</span> <span class='ocrx_word' id='word_1_797' title='bbox 822 5693 919 5762; x_wconf 87' lang='lat' dir='ltr'>sit,</span> <span class='ocrx_word' id='word_1_798' title='bbox 953 5691 1197 5747; x_wconf 87' lang='lat' dir='ltr'>resendo</span> <span class='ocrx_word' id='word_1_799' title='bbox 1229 5708 1263 5747; x_wconf 92' lang='lat' dir='ltr'>a</span> <span class='ocrx_word' id='word_1_800' title='bbox 1295 5690 1447 5746; x_wconf 29' lang='lat' dir='ltr'>vero’</span> <span class='ocrx_word' id='word_1_801' title='bbox 1468 5691 1707 5761; x_wconf 89' lang='lat' dir='ltr'>lumine,</span> <span class='ocrx_word' id='word_1_802' title='bbox 1741 5694 1841 5748; x_wconf 90' lang='lat' dir='ltr'>sed</span> <span class='ocrx_word' id='word_1_803' title='bbox 1878 5692 2032 5762; x_wconf 89' lang='lat' dir='ltr'>quod</span> <span class='ocrx_word' id='word_1_804' title='bbox 2064 5690 2187 5762; x_wconf 87' lang='lat' dir='ltr'>dies</span> <span class='ocrx_word' id='word_1_805' title='bbox 2220 5690 2392 5745; x_wconf 81' lang='lat' dir='ltr'>fuerit</span> <span class='ocrx_word' id='word_1_806' title='bbox 2422 5690 2764 5762; x_wconf 83' lang='lat' dir='ltr'>aliquando,</span> <span class='ocrx_word' id='word_1_807' title='bbox 2813 5710 2947 5748; x_wconf 91' lang='lat' dir='ltr'>cum</span> <span class='ocrx_word' id='word_1_808' title='bbox 2984 5693 3272 5748; x_wconf 90' lang='lat' dir='ltr'>habitaret</span> <span class='ocrx_word' id='word_1_809' title='bbox 3296 5690 3439 5762; x_wconf 76' lang='lat' dir='ltr'>eum</span> <span class='ocrx_word' id='word_1_810' title='bbox 3491 5691 3603 5762; x_wconf 84' lang='lat' dir='ltr'>Deo</span> 
     </span>
    </p>
   </div>
   <div class='ocr_carea' id='block_1_120' title="bbox 191 5760 3603 5840">
    <p class='ocr_par' dir='ltr' id='par_1_120' title="bbox 191 5760 3603 5840">
     <span class='ocr_line' id='line_1_124' title="bbox 191 5760 3603 5840; baseline -0.001 -20"><span class='ocrx_word' id='word_1_811' title='bbox 191 5768 420 5840; x_wconf 49' lang='lat' dir='ltr'>geterno</span> <span class='ocrx_word' id='word_1_812' title='bbox 450 5762 707 5840; x_wconf 83' lang='lat' dir='ltr'>lumine,</span> <span class='ocrx_word' id='word_1_813' title='bbox 730 5760 1147 5840; x_wconf 37' lang='lat' dir='ltr'>sicut&#39;Lucifer</span> <span class='ocrx_word' id='word_1_814' title='bbox 1177 5778 1246 5821; x_wconf 83' lang='lat' dir='ltr'>ex</span> <span class='ocrx_word' id='word_1_815' title='bbox 1274 5780 1483 5840; x_wconf 77' lang='lat' dir='ltr'>aurora</span> <span class='ocrx_word' id='word_1_816' title='bbox 1512 5760 1783 5840; x_wconf 69' lang='lat' dir='ltr'>diluculi,</span> <span class='ocrx_word' id='word_1_817' title='bbox 1810 5768 1867 5840; x_wconf 82' lang='lat' dir='ltr'>et</span> <span class='ocrx_word' id='word_1_818' title='bbox 1892 5760 2043 5840; x_wconf 77' lang='lat' dir='ltr'>lapis</span> <span class='ocrx_word' id='word_1_819' title='bbox 2074 5760 2656 5840; x_wconf 60' lang='lat' dir='ltr'>splendorerutilans</span> <span class='ocrx_word' id='word_1_820' title='bbox 2709 5765 2784 5840; x_wconf 16' lang='lat' dir='ltr'>in»</span> <span class='ocrx_word' id='word_1_821' title='bbox 2814 5764 3086 5840; x_wconf 80' lang='lat' dir='ltr'>paradiso</span> <span class='ocrx_word' id='word_1_822' title='bbox 3135 5764 3250 5822; x_wconf 91' lang='lat' dir='ltr'>Dei.</span> <span class='ocrx_word' id='word_1_823' title='bbox 3299 5761 3409 5840; x_wconf 67' lang='lat' dir='ltr'>vel</span> <span class='ocrx_word' id='word_1_824' title='bbox 3448 5760 3603 5840; x_wconf 79' lang='lat' dir='ltr'>quod</span> 
     </span>
    </p>
   </div>
   <div class='ocr_carea' id='block_1_121' title="bbox 189 5830 3601 5917">
    <p class='ocr_par' dir='ltr' id='par_1_121' title="bbox 189 5830 3601 5917">
     <span class='ocr_line' id='line_1_125' title="bbox 189 5830 3601 5917; baseline -0.004 -17"><span class='ocrx_word' id='word_1_825' title='bbox 189 5834 404 5917; x_wconf 82' lang='lat' dir='ltr'>impiis</span> <span class='ocrx_word' id='word_1_826' title='bbox 433 5838 668 5912; x_wconf 84' lang='lat' dir='ltr'>etpscca</span> <span class='ocrx_word' id='word_1_827' title='bbox 683 5830 942 5907; x_wconf 79' lang='lat' dir='ltr'>toribus,</span> <span class='ocrx_word' id='word_1_828' title='bbox 977 5835 1035 5894; x_wconf 86' lang='lat' dir='ltr'>in</span> <span class='ocrx_word' id='word_1_829' title='bbox 1061 5835 1171 5895; x_wconf 85' lang='lat' dir='ltr'>hac</span> <span class='ocrx_word' id='word_1_830' title='bbox 1191 5835 1574 5913; x_wconf 82' lang='lat' dir='ltr'>prosperitate</span> <span class='ocrx_word' id='word_1_831' title='bbox 1603 5839 1659 5893; x_wconf 86' lang='lat' dir='ltr'>et</span> <span class='ocrx_word' id='word_1_832' title='bbox 1692 5830 1973 5897; x_wconf 67' lang='lat' dir='ltr'>felicitate</span> <span class='ocrx_word' id='word_1_833' title='bbox 2012 5830 2193 5909; x_wconf 63' lang='lat' dir='ltr'>huius</span> <span class='ocrx_word' id='word_1_834' title='bbox 2239 5833 2435 5895; x_wconf 78' lang='lat' dir='ltr'>saeculi</span> <span class='ocrx_word' id='word_1_835' title='bbox 2485 5830 2912 5915; x_wconf 70' lang='lat' dir='ltr'>gaudentibus,</span> <span class='ocrx_word' id='word_1_836' title='bbox 2971 5836 3095 5894; x_wconf 86' lang='lat' dir='ltr'>dies</span> <span class='ocrx_word' id='word_1_837' title='bbox 3148 5851 3273 5893; x_wconf 85' lang='lat' dir='ltr'>esse</span> <span class='ocrx_word' id='word_1_838' title='bbox 3318 5830 3601 5902; x_wconf 72' lang='lat' dir='ltr'>videatur,</span> 
     </span>
    </p>
   </div>
  </div>
