4070 6166
268 273 430 339 1484

1219 272 1631 334 EXPOSITIO
1675 270 2283 333 INTERLINEARIS
2329 272 2535 333 LIBRI
2578 272 2744 335 JOB.

3523 273 3681 335 1482

276 413 533 467 tuarum
563 407 593 464 ?
682 407 1053 479 Recordare,
1136 406 1397 467 obsecro
1454 411 1537 477 ιθ,
1607 405 1746 481 quis
1804 424 1921 465 un-
1952 410 2005 475 Α
2040 405 2161 481 time
2194 406 2391 481 omnia,
2416 408 2475 452 ut
2494 403 2772 481 aliquoties
2790 402 2988 478 dix7i,iu
3020 406 3187 481 sancti
3206 406 3304 481 Job
3325 418 3389 454 ex
3410 405 3680 481 probatio-

276 499 406 536 rans
434 485 565 535 Abel
596 486 939 535 innocentem
972 487 1224 545 occisum,
1257 490 1309 534 et
1333 486 1506 547 justos
1527 485 1833 547 frequenter
1855 485 1926 533 af-

277 567 467 627 quam
540 550 840 610 innocens
909 550 1160 629 periit?
1249 555 1358 609 aut
1428 550 1681 629 quando
1746 549 1923 629 recti

274 629 464 678 ﬂictos.
726 627 1021 692 Operantes
1049 629 1381 692 iniquitatem
1412 628 1609 677 scimus
1642 627 1923 676 ancillante

270 692 461 753 deleti
520 693 707 771 sunt?
765 692 923 763 Quin
979 694 1188 771 potius
1247 692 1374 751 vidi
1441 710 1547 751 eos
1605 692 1713 770 qui
1769 709 1921 769 ope-

270 771 553 821 iracundia
582 770 853 833 deperisse
883 770 1019 822 sicut
1048 777 1096 821 te
1127 772 1376 819 vidimus.

269 842 499 895 rantur
552 832 976 914 iniquitatem,
1038 842 1101 895 et
1160 836 1471 894 semiuant
1528 832 1799 914 dolores,
1862 837 1924 914 et

1560 913 1752 974 repetit
1779 912 1922 974 quod

272 983 522 1037 metunt
542 994 687 1051 eos;
732 982 934 1037 stante
983 980 1112 1037 Deo
1141 977 1394 1055 perisse,
1456 981 1515 1035 et
1559 976 1779 1053 spiritu
1813 976 1920 1033 ira),

273 1058 427 1120 prius
456 1056 679 1105 dixerat.
1158 1057 1425 1104 Saevitiam
1459 1055 1713 1120 rapientis
1742 1060 1917 1103 osten-

270 1118 408 1198 ejus
447 1137 580 1180 esse
627 1124 1055 1198 consumptos.
1104 1120 1367 1196 Hugitus
1415 1118 1634 1191 leonis,
1691 1124 1750 1177 et
1801 1137 1919 1177 vox

272 1200 370 1259 dit,
402 1201 458 1248 in
489 1211 595 1262 quo
626 1202 864 1248 sanctum
890 1198 988 1247 Job
1020 1198 1278 1262 fallaciter
1309 1199 1545 1262 denotat.

522 1261 737 1310 Catulos
760 1262 1065 1323 rapaciores
1098 1261 1163 1309 ad
1184 1262 1417 1323 prmdam
1442 1260 1587 1317 dicit,
1615 1259 1664 1307 id
1688 1263 1769 1308 est
1788 1258 1922 1307 ﬁlios

272 1326 490 1385 leisure
548 1330 612 1383 et
676 1325 894 1384 dentes
951 1326 1301 1385 catulorum
1362 1325 1610 1384 leonum
1669 1323 1921 1382 contriti

278 1406 399 1467 ejus
427 1403 626 1467 similes
655 1404 732 1467 illi
761 1405 917 1455 dicit:

514 1465 853 1516 Velocitatem
893 1466 956 1513 ad
992 1466 1244 1526 prmdam,
1275 1468 1327 1514 et
1358 1464 1424 1513 ad
1454 1464 1792 1527 spoliandum
1827 1464 1922 1512 ho-

272 1535 490 1600 sunt;
580 1529 759 1607 tigris
841 1531 1025 1607 periit
1108 1548 1182 1589 eo
1264 1526 1646 1607 quodnon
1734 1526 1923 1587 habet

269 1609 445 1658 mines
473 1608 723 1667 ostendit,
754 1608 889 1658 ﬂlios
917 1608 1154 1657 similiter
1184 1609 1547 1668 interemptos.

272 1671 579 1750 praedam,
660 1679 722 1733 et
779 1672 970 1732 catuli
1054 1672 1347 1750 leonum7
1392 1669 1677 1748 dissipati
1743 1673 1915 1750 sunt.

273 1748 525 1801 Divinum
545 1756 805 1801 secretum
830 1764 895 1801 ex
916 1752 1241 1800 revelatione
1263 1748 1391 1798 mihi
1414 1753 1706 1804 ostensum,
1740 1748 1790 1796 id
1822 1751 1919 1806 est,

272 1818 474 1875 Porro
522 1815 600 1873 ad
681 1834 778 1874 me
847 1814 1084 1874 dictum
1163 1820 1255 1873 est
1314 1813 1572 1871 verbum
1650 1812 1917 1871 abscon-

272 1906 453 1943 causm
487 1906 766 1956 pcenarum
797 1898 1028 1943 tuarum.
1097 1894 1325 1943 latenter
1345 1892 1409 1941 ad
1440 1904 1596 1940 aures
1618 1890 1791 1940 cordis
1814 1890 1917 1956 mei

275 1954 505 2029 ditum,
608 1964 671 2016 et
771 1960 951 2035 quasi
1075 1956 1300 2016 furtive
1384 1956 1655 2035 suscepit
1750 1954 1919 2035 auris

272 2038 448 2086 virtus
474 2037 751 2086 sententiae
774 2032 1036 2099 pervenit.
1162 2036 1254 2084 IIic
1284 2035 1487 2099 asserit,
1516 2033 1657 2096 quod
1689 2046 1795 2099 non
1828 2032 1917 2099 aii-

275 2118 420 2161 mea
467 2118 657 2161 venas
712 2096 950 2160 susurri
1006 2099 1161 2176 ejus.
1223 2101 1287 2157 In
1351 2098 1610 2158 horrore
1665 2096 1919 2155 visionis

274 2193 441 2243 quam
453 2179 785 2243 phantasiam
797 2180 921 2229 vani
933 2179 1127 2243 somnii
1139 2177 1330 2226 viderit
1340 2178 1433 2226 sed
1448 2190 1624 2226 veram
1639 2176 1918 2243 visionem.

274 2239 624 2314 nocturnae,
671 2243 925 2321 quando
982 2242 1140 2302 solet
1192 2259 1382 2319 sopor
1432 2257 1746 2321 occupare
1804 2239 1918 2321 ho-

272 2324 340 2372 Et
352 2326 411 2375 ut
422 2318 832 2385 probabiliorem
844 2323 1201 2372 narrationem
1215 2318 1407 2370 somnii
1422 2320 1596 2376 faciat,
1612 2324 1820 2380 tempus
1835 2318 1921 2367 de-

275 2386 479 2446 mines
539 2404 553 2456 ;
640 2405 838 2464 pavor
919 2386 1118 2445 tenuit
1200 2390 1468 2464 meet
1509 2389 1821 2464 7tremor,7
1859 2389 1920 2441 et

274 2467 471 2528 signat.
489 2466 529 2514 N
538 2460 716 2513 imidm
729 2465 970 2515 territum
983 2479 1039 2514 se
1055 2465 1180 2513 dicit
1202 2462 1413 2511 insolita
1426 2462 1645 2513 visione.
1660 2460 1917 2528 Angelum

274 2525 493 2590 omnia
521 2546 663 2589 ossa
708 2547 847 2588 mea
898 2528 1229 2606 perterrita
1272 2532 1438 2586 sunt.
1490 2528 1567 2585 Et
1597 2543 1739 2606 cum
1790 2525 1916 2602 spi-

272 2608 394 2657 vult
412 2607 697 2658 ostendere
720 2608 857 2657 sicut
878 2605 1060 2657 Daniel
1091 2607 1156 2656 de
1187 2620 1241 2655 se
1272 2606 1431 2654 dicit:
1464 2607 1521 2653 In
1553 2605 1756 2653 visione
1779 2617 1921 2651 reso-

272 2672 438 2731 ritus
500 2689 599 2731 me
680 2677 988 2750 praesente
1065 2670 1379 2750 transiret,
1471 2668 1921 2750 inhorruerunt

274 2752 393 2826 luis
413 2752 494 2801 est
512 2747 791 2826 compages
813 2765 949 2800 mea.
963 2751 1270 2826 incognitus
1289 2749 1468 2826 vultus
1489 2748 1655 2821 magis
1676 2747 1919 2795 timorem

272 2814 393 2892 pili
449 2810 652 2875 carnis
705 2810 888 2875 mete.
962 2810 1145 2875 Stetit
1214 2813 1469 2891 quidam
1507 2810 1726 2892 eujus
1793 2828 1919 2892 non

272 2889 523 2943 incussit.
1093 2889 1309 2941 Occulta
1336 2892 1437 2940 ﬁde
1468 2890 1660 2938 vidisse
1690 2904 1745 2937 se
1777 2889 1919 2947 dicit,

275 2955 733 3035 cognoscebam
801 2956 1043 3017 vultum
1098 2975 1111 3026 ;
1188 2961 1398 3035 imago
1456 2973 1664 3035 coram
1726 2954 1924 3035 oculis

276 3033 441 3099 quem
471 3037 617 3099 prius
645 3049 755 3085 non
776 3036 1149 3099 cognoscebat,
1170 3040 1222 3084 et
1242 3034 1438 3084 blande
1459 3034 1556 3083 sibi
1577 3033 1837 3099 dicentem
1860 3033 1925 3081 is-

276 3096 544 3175 thd7quod
574 3096 867 3161 sequiturf
990 3161 1002 3173 7
1254 3160 1268 3175 7
1360 3160 1372 3173 θ
1542 3159 1580 3175 77
1631 3159 1642 3170 7
1671 3096 1921 3175 Cr‘e'atura

278 3159 456 3235 meis,
491 3168 554 3221 et
580 3159 795 3221 vocem
828 3161 1007 3239 quasi
1037 3179 1206 3219 aurae
1254 3160 1408 3219 lenis
1439 3159 1669 3239 audivi.
1722 3160 1918 3239 Num-

276 3242 533 3290 creatoris
552 3237 979 3303 comparari—non
1001 3244 1191 3302 potest,
1215 3241 1342 3301 quia
1364 3240 1597 3303 humana
1612 3237 1818 3303 justitia
1846 3239 1923 3288 di-

274 3305 428 3383 quid
492 3300 689 3365 homo
732 3304 871 3383 Dei
911 3300 1382 3383 comparatione
1448 3300 1918 3383 justiiicabitur,

279 3378 423 3433 vinas
455 3387 784 3446 comparata,
804 3378 1075 3445 injustitia'
1095 3386 1191 3431 est.
1259 3445 1266 3446 7
1418 3378 1747 3446 7De7dia7bolo
1780 3381 1921 3435 dicit.

276 3454 391 3507 aut
448 3444 685 3507 factore
741 3465 854 3525 suo
911 3446 1129 3525 purior
1183 3445 1302 3504 erit
1370 3444 1531 3525 vir?
1584 3444 1743 3525 Ecce
1817 3445 1923 3522 qui

276 3530 336 3576 et
366 3526 440 3596 de7
460 3526 542 3573 his
571 3527 669 3596 qui
692 3523 999 3575 ceciderunt
1028 3524 1092 3596 de
1123 3528 1439 3596 naturasua
1469 3524 1521 3571 in
1551 3523 1760 3596 vitium.

277 3588 675 3650 serviunt’ei
750 3608 873 3649 non
949 3594 1094 3648 sunt
1150 3588 1470 3657 stabiles;
1531 3594 1590 3647 et
1669 3588 1731 3643 in
1809 3590 1927 3646 An-

1432 3667 1503 3715 De
1532 3669 1727 3715 natura
1756 3666 1926 3715 homi-

283 3730 444 3809 gelis
499 3731 627 3791 suis
677 3730 907 3809 reperit
978 3730 1392 3808 pravitatem:
1444 3736 1682 3807 quanto
1731 3730 1929 3807 magis

284 3823 419 3859 num
451 3810 781 3873 intelligitur,
812 3811 939 3873 quia
961 3824 1025 3859 ex
1064 3810 1193 3872 ipsis
1230 3809 1545 3858 habitaculis
1573 3812 1769 3859 nostris
1801 3809 1929 3857 viles

283 3873 737 3922 demonstramur.

284 3936 354 3995 hi
438 3936 547 4014 qui
602 3936 893 3996 habitant
962 3935 1183 3994 domos
1255 3934 1505 3994 luteasl
1568 3936 1684 4006 Qui
1742 3941 1931 3995 terre-

1187 4014 1335 4063 Sicut
1358 4028 1390 4063 a
1418 4016 1562 4063 tinea
1591 4015 1929 4074 vestimenta,

278 4094 439 4137 num
526 4076 764 4138 habent
862 4076 1396 4149 fundamentum,
1484 4084 1931 4139 consumantur

278 4158 360 4205 ita
389 4171 420 4206 a
451 4161 617 4206 morte
650 4170 874 4206 corpora
903 4161 1306 4205 consumentur.

772 4232 807 4268 n
827 4232 984 4268 mane
1006 4222 1167 4267 totam
1192 4218 1469 4267 hominum
1487 4218 1646 4267 vitam
1670 4218 1931 4282 signiﬁcat

273 4280 457 4342 velut
495 4301 533 4342 a
582 4283 775 4343 tinea.
835 4285 922 4343 De
982 4301 1165 4341 mane
1216 4300 1413 4360 usque
1460 4282 1539 4341 ad
1598 4280 1927 4361 vesperum

275 4360 425 4424 quod
456 4362 509 4409 in
530 4365 803 4411 senectute
824 4361 1017 4411 deficit.
1050 4362 1121 4410 De
1142 4374 1251 4410 non
1288 4361 1627 4410 credentibus
1664 4362 1764 4409 hor.
1785 4361 1928 4423 dicit,

273 4424 701 4496 succidentur,
793 4431 851 4485 et
937 4425 1084 4502 quia
1168 4424 1376 4483 nullus
1459 4424 1777 4503 intelligit,
1862 4425 1925 4484 in

936 4504 1007 4579 De
1035 4503 1383 4579 Eredentibus
1414 4504 1679 4579 intelligit.

277 4572 592 4627 aeternum
652 4566 967 4645 peribunt.
1030 4568 1146 4639 Qui
1206 4573 1411 4627 autem
1501 4566 1723 4645 reliqui
1796 4567 1930 4627 fue-

438 4646 606 4695 sancti
638 4647 703 4695 ab
725 4646 920 4709 impiis.
1120 4646 1273 4696 Stulti
1298 4660 1403 4694 non
1436 4645 1692 4696 habentes
1723 4647 1934 4709 sapien-

278 4707 413 4767 rint
466 4707 830 4770 aulerentur
897 4728 973 4769 ex
1046 4709 1180 4783 eis;
1246 4710 1616 4785 morientur,
1694 4707 1931 4770 ct’non

277 4788 410 4835 tiam
447 4788 652 4839 timoris
684 4789 797 4837 Dei.

278 4852 344 4909 in
381 4853 712 4930 sapientia.

915 4978 1174 5037 CAPUT
1218 4978 1291 5036 V.

350 5106 638 5171 Hucusque
659 5108 725 5158 de
747 5108 831 5159 his
852 5108 1108 5171 loquitur,
1128 5122 1247 5169 qua:
1269 5110 1323 5157 in
1348 5108 1550 5157 somnis
1572 5108 1764 5157 vidisse
1786 5122 1841 5157 se
1864 5109 1938 5157 di-

368 5170 538 5249 V7oca
567 5190 717 5249 ergo
750 5173 799 5231 si
845 5170 939 5232 est
985 5173 1093 5249 qui
1130 5172 1238 5231 tibi
1289 5172 1685 5249 respondeat.
1741 5179 1801 5232 et
1858 5172 1937 5232 ad

284 5249 378 5307 cit,
400 5248 593 5314 dehinc
615 5248 855 5314 increpat
872 5248 1109 5314 sanctum
1141 5252 1257 5299 Job.
1285 5248 1580 5306 hominum,
1600 5251 1687 5299 vel
1718 5252 1934 5313 angelo—

284 5325 429 5376 rum,
458 5312 499 5360 si
522 5312 715 5376 aliquis
737 5312 920 5363 eorum
943 5314 1034 5362 tibi
1060 5312 1209 5363 aliter
1237 5314 1573 5376 respondeat.
1620 5312 1938 5363 Iracundum

283 5374 566 5454 aliquem
614 5374 990 5438 sanctorum
1052 5374 1435 5436 convertere.
1496 5378 1707 5436 Virum
1783 5380 1939 5438 stul-

281 5453 431 5511 dicit,
461 5455 556 5519 qui
588 5457 862 5506 maledixit
892 5458 997 5506 diei
1029 5471 1144 5516 suo,
1310 5457 1701 5519 pusillanimum
1724 5456 1943 5506 deuolat

284 5524 422 5597 tum
456 5517 753 5597 interﬁcit
806 5520 1154 5591 iracundia,
1202 5525 1262 5578 et
1312 5517 1652 5597 parvulum
1714 5522 1942 5581 occidit

284 5601 340 5646 et
370 5595 631 5648 invidum.
1078 5599 1175 5658 Qui
1198 5613 1251 5646 se
1284 5595 1434 5660 putat
1454 5599 1507 5646 in
1540 5599 1733 5649 saecula
1762 5602 1940 5649 ﬁxum.

284 5660 547 5723 invidia.
663 5663 796 5739 Ego
881 5662 1006 5723 vidi
1091 5662 1351 5722 stultum
1438 5662 1619 5722 ﬁrma
1701 5665 1941 5734 radice,

669 5741 1127 5817 pulchritudinem
1143 5742 1474 5817 transitoria;
1503 5741 1766 5817 felicitatis
1783 5742 1939 5817 dicit.

293 5806 359 5863 et
462 5802 786 5865 maledixit
888 5804 1339 5886 pulchritudini
1421 5805 1556 5886 ejus
1678 5805 1939 5868 statim.

620 5942 879 6009 PATBOL.
928 5941 1151 6008 XXIII.

1952 1776 1997 1838 B
2028 1774 2388 1843 Dominum,

2038 480 2157 514 nem
2192 468 2457 523 dicuntur,
2490 466 2705 529 publico
2737 468 2975 515 omnium
3015 466 3213 529 judicio
3261 466 3680 520 damnabuntur.

2032 533 2244 605 Longe
2277 532 2429 589 ﬁent
2462 531 2571 589 ﬁlii
2615 531 2751 608 ejus
2803 551 2841 591 a
2901 531 3122 603 salute,
3180 539 3582 592 conterentur
3609 531 3674 591 in

3160 611 3413 661 Laborem
3442 611 3676 661 hominis

2033 677 2236 749 porta,
2295 677 2357 731 et
2416 690 2541 730 non
2574 672 2694 731 erit
2746 672 2855 749 qui
2911 677 3112 733 eruat.
3165 674 3355 750 Cujus
3410 693 3672 735 messem

2032 751 2202 807 iniqui
2231 750 2477 799 diabolus
2506 750 2745 805 devorat,
2777 752 2867 813 qui
2898 757 3132 802 armatus
3161 758 3215 802 et
3242 754 3517 803 famelicus
3546 753 3673 802 dici-

2031 818 2119 862 tur
2148 814 2202 861 in
2230 814 2536 873 proditione
2568 814 2866 863 hominum.

2030 876 2355 937 famelicus
2403 877 2708 949 comedet,
2763 884 2824 937 et
2870 876 3073 954 ipsum
3122 879 3322 955 rapiet
3368 884 3671 953 armatus,

2032 956 2287 1005 Homines
2307 956 2431 1004 mali
2452 957 2718 1017 rapientes
2737 956 3015 1005 facultates
3045 957 3289 1007 aliorum.
3325 958 3545 1015 Quando
3569 962 3675 1007 stu-

2031 1025 2093 1078 et
2120 1019 2337 1079 bibent
2392 1019 2667 1079 sitientes
2724 1019 2971 1080 divitias
3024 1022 3180 1097 ejus.
3216 1021 3384 1081 Nihil
3413 1022 3477 1081 in
3508 1028 3675 1081 terra

2032 1100 2180 1146 dioso
2205 1098 2423 1147 tarditas
2442 1103 2505 1146 ad
2525 1098 2801 1160 prmmium
2826 1098 3049 1160 proﬁcit,
3070 1103 3122 1148 et
3141 1100 3408 1151 desidioso
3423 1102 3675 1151 velocitas

2031 1161 2095 1209 ad
2123 1161 2438 1223 supplicium
2454 1162 2657 1209 crescit.
2669 1160 2816 1223 Sinej
2828 1162 3018 1210 ustitia.
3034 1163 3227 1210 Natura
3240 1164 3515 1212 hominum
3531 1164 3675 1213 bona

2030 1224 2162 1283 sine
2232 1242 2421 1283 causa
2504 1224 2591 1297 ﬁt,
2655 1230 2716 1283 et
2793 1225 2869 1285 de
2954 1224 3146 1283 humo
3231 1246 3353 1286 non
3439 1228 3677 1287 orietur

2030 1304 2143 1361 fuit,
2178 1304 2267 1351 sed
2305 1302 2501 1351 malum
2534 1302 2740 1351 accidit.

2372 1365 2515 1414 Sicut
2544 1366 2655 1430 avis
2686 1380 2779 1430 per
2808 1368 3072 1423 naturam,
3103 1366 3177 1415 ita
3211 1371 3262 1416 et
3290 1367 3449 1417 homo
3473 1381 3569 1430 per
3598 1367 3674 1416 la-

2031 1427 2231 1487 dolor.
2294 1431 2498 1489 Homo
2556 1429 2635 1488 ad
2687 1427 2966 1488 laborem
3034 1430 3329 1504 nascitur,
3395 1427 3490 1492 et'
3540 1431 3673 1491 avis

2028 1508 2212 1556 borem
2242 1507 2307 1555 ad
2337 1520 2569 1570 superna
2598 1506 2926 1556 conscendit.

2458 1570 2597 1618 Nihil
2626 1570 2752 1617 mihi
2786 1570 3027 1617 tribuens
3053 1568 3118 1617 de
3145 1569 3350 1631 justitia
3380 1575 3433 1621 et
3460 1572 3671 1631 merito,

2031 1633 2113 1712 ad
2162 1631 2496 1712 _volatum.
2585 1632 3000 1712 Quamobrem
3086 1650 3203 1709 ego
3288 1635 3676 1712 deprecabor

2033 1711 2134 1759 hoc
2162 1710 2351 1775 loquar
2370 1716 2494 1761 ante
2514 1725 2653 1767 eum,
2678 1711 2817 1773 quod
2842 1710 3187 1759 humilitatem
3218 1710 3392 1762 meam
3415 1714 3514 1775 ipsi
3535 1726 3675 1762 com-

2477 1780 2540 1835 et
2621 1775 2700 1834 ad
2774 1777 2968 1834 Deum
3056 1792 3285 1851 ponam
3351 1776 3674 1853 eloquium

2030 1854 2185 1903 mend
2196 1858 2265 1901 at.
2289 1854 2579 1903 Etﬁcientia
2592 1854 2828 1902 omnium
2842 1865 3017 1901 rerum
3039 1853 3394 1905 inscrutabilis
3410 1861 3492 1905 est
3510 1855 3678 1905 homi-

2032 1936 2260 1976 meum.
2322 1917 2439 1986 Qui
2497 1918 2642 1977 facit
2693 1935 2922 1994 magna
2979 1922 3043 1976 et
3100 1917 3553 1991 inscrutabilia,
3616 1925 3677 1979 et

2029 1996 2203 2044 nibus.
3078 1998 3137 2043 ut
3165 1996 3390 2046 dicitur:
3424 1998 3563 2046 Plui!
3590 2010 3676 2051 su-

2033 2058 2342 2118 mirabilia
2398 2059 2637 2135 absque
2692 2075 2975 2138 nurnero.
3018 2057 3155 2138 Qui
3209 2060 3319 2119 dat
3388 2060 3671 2138 pluviam

2025 2152 2120 2201 per
2137 2137 2311 2198 justos
2329 2140 2377 2185 et
2397 2138 2615 2200 injustos
2634 2136 2840 2197 (Matth.
2872 2149 2918 2183 ν.
2950 2136 3050 2201 45),
3069 2136 3455 2201 abundantiam
3474 2140 3670 2189 doctri-

2030 2198 2216 2279 super
2286 2198 2510 2280 faciem
2585 2205 2925 2280 terrze,77et
2992 2198 3216 2280 irrigat
3282 2202 3463 2280 aquis
3535 2201 3675 2262 uni-

2031 2278 2370 2328 ua’ostendit.
2421 2342 2427 2343 7
2654 2342 2657 2343 7
2814 2278 3031 2343 Sanctos
3062 2278 3423 2343 in7regno,'ut
3443 2281 3671 2330 dicitur:

2032 2362 2230 2402 versa.
2320 2342 2433 2413 Qui
2519 2342 2695 2420 ponit
2768 2342 3078 2420 humiles7
3121 2340 3546 2415 in‘sublimi,
3610 2350 3674 2405 et

2030 2423 2172 2470 Beati
2192 2422 2283 2485 qui
2301 2420 2477 2482 lugent
2496 2418 2902 2487 ᾔυηείῐόἰᾱηξι),
2935 2424 3033 2469 etc.
3057 2418 3460 2487 Persecutorum
3482 2425 3674 2487 Marty-

2032 2484 2366 2545 moerentes
2436 2485 2619 2563 erigit
2687 2486 3006 2565 sospitate.
3074 2484 3199 2565 _Q7ui
3251 2486 3513 2565 dissipat
3565 2484 3673 2548 co-

2029 2579 2145 2613 rum
2167 2565 2375 2622 Christi,
2406 2578 2473 2612 ne
2488 2560 2692 2627 possint
2710 2560 2928 2626 implere
2949 2560 3091 2627 quod
3110 2560 3431 2621 desiderant,
3455 2566 3537 2615 vel
3556 2580 3669 2615 ma-

2029 2628 2366 2706 gitationes
2434 2628 2874 2705 malignorum,
2914 2707 2922 2708 7
2958 2646 3035 2708 ne
3107 2629 3345 2708 possint
3413 2629 3677 2708 implere

2031 2722 2131 2755 nus
2159 2720 2342 2756 eorum
2376 2714 2776 2769 persecutorum
2810 2707 3096 2758 Ecclesiam
3127 2707 3217 2755 Dei
3509 2707 3674 2759 siecu-

2033 2789 2256 2830 manus
2299 2789 2512 2850 eorum
2573 2770 2771 2850 quod
2813 2773 3113 2848 ceperint.
3178 2771 3294 2842 Qui
3326 2774 3675 2850 apprehen-

2031 2850 2222 2899 larium
2252 2848 2882 2907 calliditatem’signiﬁcat.
2974 2913 2978 2914 7
3075 2865 3172 2914 per
3192 2848 3383 2899 vocem
3402 2848 3673 2913 Evangelii

2032 2914 2125 2973 dit
2184 2914 2495 2990 sapientes
2548 2914 2611 2972 in
2684 2914 2914 2973 astutia
2968 2913 3272 2992 ipserum,
3345 2920 3407 2973 et
3467 2915 3673 2974 consi-

2033 2993 2086 3041 in
2118 2994 2387 3041 stultitiam
2437 2992 2763 3049 deputatam.
2979 2993 3149 3043 Judaei
3174 3008 3203 3041 a
3232 2993 3315 3041 die
3347 2993 3477 3056 legis
3509 2996 3562 3042 in
3594 2999 3671 3043 te-

2036 3056 2185 3115 lium
2232 3073 2568 3134 pravorum
2642 3056 2924 3133 dissipat.
2964 3059 3080 3115 Per
3135 3057 3295 3117 diem
3348 3058 3671 3117 incurrent

1950 3144 1991 3210 C
2034 3136 2224 3210 uehras
2245 3134 2477 3210 perﬁdiae
2497 3134 2816 3210 ceciderunt,
2834 3135 3313 3210 sictrihulationem
3328 3135 3668 3210 invenerunt,

2032 3200 2344 3270 tenebras,
2417 3206 2479 3258 et
2548 3198 2726 3277 quasi
2796 3199 2855 3256 in
2928 3206 3108 3259 nocte
3171 3200 3257 3259 sic
3330 3200 3680 3277 palpabunt

2033 3279 2168 3327 sicut
2198 3279 2343 3341 prius
2374 3278 3098 3341 prosperitatemhabebant.

2438 3339 2692 3395 Christus,
2715 3339 2805 3402 qui
2837 3353 2933 3402 pro
2966 3341 3119 3389 nobis
3150 3353 3349 3403 pauper
3377 3340 3546 3390 factus
3577 3343 3673 3402 est,

2038 3403 2318 3462 meridie.
2380 3406 2572 3462 Porro
2629 3403 2871 3462 salvum
2930 3404 3114 3464 faciet
3182 3422 3220 3463 a
3271 3404 3483 3481 gladio
3553 3405 3679 3465 oris

2036 3481 2288 3530 liberatus
2318 3484 2397 3529 est
2432 3482 2497 3530 de
2528 3481 2865 3542 blasphemiis
2892 3482 3221 3531 Iudaeorum.

2034 3563 2285 3613 eorum,
2386 3550 2448 3602 et
2530 3544 2605 3601 de
2693 3563 2881 3603 manu
2965 3546 3221 3604 violenti
3306 3561 3673 3622 pauperem.

2036 3624 2167 3685 Spes
2189 3622 2609 3671 Resurrectionis
2629 3622 2854 3679 Christo,
2884 3622 3215 3685 blasphemia
3234 3622 3542 3671 Judieorum
3561 3635 3647 3671 me
3664 3651 3675 3659 -

2034 3688 2113 3746 Et
2182 3686 2299 3745 erit
2368 3704 2565 3761 egeno
2608 3703 2796 3763 spes;
2876 3686 3174 3763 iniquitas
3244 3692 3454 3744 autem
3523 3703 3674 3745 con-

2036 3766 2136 3813 rito
2160 3765 2456 3814 obturetur.
2710 3767 2769 3812 ut
2789 3763 3005 3813 dicitur:
3032 3766 3186 3824 Quem
3214 3763 3386 3825 diligit
3410 3765 3675 3826 Dominus,

2036 3828 2245 3888 trahet
2287 3847 2357 3888 os
2407 3846 2611 3887 suum.
2677 3829 2902 3887 Beatus
2972 3827 3164 3888 homo
3232 3829 3338 3906 qui
3407 3828 3675 3906 corripi-

2035 3909 2271 3970 castigat,
2528 3907 2587 3954 Et
2607 3907 2707 3955 ista
2726 3907 2781 3954 in
2803 3910 3045 3956 sanctum
3065 3908 3165 3957 Job
3184 3908 3337 3970 quasi
3356 3908 3412 3956 in
3433 3907 3679 3970 praevari-

2039 3979 2140 4031 tur
2210 3990 2247 4030 a
2306 3973 2452 4031 Deo.
2529 3970 3026 4048 Increpationem
3091 3990 3240 4049 ergo
3305 3971 3550 4031 Domini
3603 3989 3681 4032 ne

2038 4055 2271 4099 catorem
2306 4054 2443 4099 recte
2485 4049 2753 4104 dicuntur,
2802 4050 2890 4112 qui
2922 4064 2952 4098 a
3000 4050 3222 4099 Domino
3262 4050 3504 4099 eruditur
3534 4054 3591 4099 ut
3619 4049 3679 4098 ﬂ-

2037 4114 2155 4163 lius.
2447 4115 2505 4161 nt
2533 4111 2755 4161 dicitur:
2789 4111 2893 4175 Ego
2924 4113 3166 4173 occidam,
3197 4114 3244 4161 et
3275 4114 3440 4162 vivere
3467 4113 3682 4175 faciam,

2038 4176 2355 4255 reprobes.
2429 4176 2587 4245 Quia
2653 4176 2787 4254 ipse
2857 4177 3147 4237 vulnerat
3212 4182 3274 4235 et
3343 4176 3677 4236 medetur:

3406 4256 3591 4304 Statim
3628 4255 3684 4304 in

2041 4317 2330 4395 percutit,
2402 4323 2464 4376 et
2529 4335 2753 4377 manus
2838 4316 2973 4395 ejus
3042 4317 3373 4378 sanabunt.
3448 4320 3517 4378 In
3576 4336 3686 4379 sex

2038 4397 2486 4457 subsequentibus
2516 4398 2658 4460 ipsas
2688 4410 2775 4444 sex
2806 4401 3084 4446 enumerat

2042 4461 2554 4521 tribulationibus
2626 4461 2916 4520 liberabit
2980 4466 3060 4532 te,
3136 4466 3199 4520 et
3267 4460 3329 4519 in
3416 4460 3686 4539 septima

2788 4539 3040 4588 audiendi
3069 4540 3291 4588 verbum
3325 4539 3435 4588 Dei.

2044 4622 2168 4662 non
2244 4607 2461 4679 tanget
2530 4608 2589 4662 te
2647 4603 2905 4663 malum.
2967 4605 3035 4662 In
3082 4604 3246 4663 fame
3288 4610 3464 4663 eruet
3509 4609 3565 4663 te
3609 4601 3687 4662 de

2042 4682 2246 4745 peccati
2430 4744 2436 4745 7
2704 4682 2769 4729 de
2798 4686 3060 4744 potestate
3091 4682 3274 4731 mortis
3621 4681 3688 4731 ab

2045 4744 2270 4814 morte,
2319 4748 2381 4823 et
2424 4744 2484 4802 in
2532 4744 2695 4804 bello
2730 4744 2806 4804 de
2854 4764 3041 4805 manu
3085 4745 3299 4823 gladii.
3345 4745 3420 4804 Et
3491 4763 3527 4804 a
3570 4745 3687 4805 fla-

2045 4826 2300 4873 etl'renata
2330 4822 2513 4884 lingua
3102 4822 3109 4823 7
3568 4824 3688 4872 vin-

2046 4888 2210 4965 gello
2256 4887 2485 4965 linguae
2546 4887 2969 4958 absconderis,
3030 4893 3093 4947 et
3147 4905 3270 4946 non
3317 4885 3565 4945 timebis
3593 4904 3693 4947 ca-

2046 4968 2241 5016 dictam
2274 4966 2557 5014 malorum.
2938 4968 3164 5015 Lanatus
3195 4965 3372 5025 fueris,
3405 4978 3522 5012 cum
3558 4966 3690 5016 alios

2051 5032 2393 5090 lamitatem
2458 5048 2596 5088 cum
2634 5030 2890 5089 venerit.
2944 5031 3011 5088 ln
3062 5030 3353 5089 vastitate
3408 5034 3470 5087 et
3526 5030 3692 5089 fame

2046 5110 2247 5219 viderlils
2269 5108 2513 5180 vastitate
2536 5108 2723 5167 deleri,
2746 5112 3058 5172 potestatem
3082 5108 3294 5167 diaboli,
3319 5108 3429 5156 sive
3458 5110 3693 5159 terreno-

2046 5187 2163 5219 rum
2235 5185 2496 5219 ominum.

2046 5187 2163 5221 rum
2197 5185 2496 5219 DOllIlUllH].

2049 5236 2300 5303 ridebis,
2375 5240 2436 5293 et
2507 5233 2734 5293 bestias
2819 5240 3000 5293 terris
3085 5251 3208 5293 non
3299 5232 3690 5294 formidabis.

2050 5330 2169 5363 cum
2202 5314 2407 5363 Sanctis
2437 5314 2686 5361 omnibus
2716 5327 2898 5374 pacem
2932 5327 3142 5375 semper
3171 5312 3408 5361 habebis.

2051 5379 2171 5439 Sed
2244 5396 2386 5435 cum
2434 5376 2745 5453 lapidibus
2788 5377 3117 5452 regionum
3176 5384 3432 5455 pactum
3494 5382 3697 5455 tuum,

2052 5458 2294 5505 homines
2323 5457 2451 5503 boni
2481 5455 2745 5503 immutati
2778 5470 2805 5503 a
2837 5457 3041 5504 hestiali
3074 5457 3198 5503 vita.
3362 5456 3433 5505 ab
3453 5454 3702 5505 omnibus

2051 5527 2111 5579 et
2156 5520 2368 5578 bestim
2431 5520 2705 5595 paciﬁczn
2768 5528 2953 5580 erunt
2997 5520 3129 5579 tibi.
3199 5520 3273 5579 Et
3317 5520 3487 5580 scies
3538 5513 3709 5595 quod

2053 5600 2224 5662 pmnis
2254 5588 2454 5662 corpus
2474 5602 2624 5646 tuum
2656 5597 2988 5662 liberabitur.
3311 5588 3720 5662 dignam—e15“?

2040 5648 2271 5740 pacem
2348 5648 2551 5721 habet
2616 5660 3101 5723 tabernaculum
3177 5648 3467 5730 tuum,”
3498 5658 3559 5717 εὶ
3594 5648 3734 5739 ἢεῖ·

2052 5743 2186 5792 hens
2215 5740 2397 5791 divina
2425 5741 2753 5793 visitatione.
3382 5798 3397 5799 η

2056 5789 2751 5887 ἶὰἶιὲτέρὸείθωνιήὺὶιῐῆ
2804 5824 2931 5868 non
2989 5799 3312 5885 peccabis.
3369 5797 3617 5862 Beas“
3642 5789 3777 5851 “tm‘

3340 5923 3510 5989 4'7
