4084 6176
347 352 507 417 “8‘1

957 490 1216 552 CAPUT
1259 490 1363 552 IX.

404 648 694 697 Notaverat
715 648 911 698 Baldad
935 652 1178 698 sanctum
1201 649 1466 712 Job,quod
1490 649 1589 698 sibi
1608 649 1674 698 de
1693 648 1992 711 sanctitate,

426 719 830 798 Respondens
910 720 1054 794 Job,
1141 720 1273 780 ait:
1319 720 1472 780 Fere
1525 719 1654 778 sico
1697 719 1865 798 quod
1909 719 1998 778 ita

345 800 398 847 et
423 797 734 849 innocentia
760 798 1111 860 blandiretur;
1131 803 1185 848 et
1205 799 1270 848 ab
1300 798 1402 848 hoc
1426 801 1500 847 ita
1521 798 1566 846 ei
1595 797 1694 847 Job
1716 798 1902 860 incipit
1919 812 1998 847 re-

344 862 449 929 sit,
494 863 664 941 quod
739 881 861 922 non
926 861 1376 940 justiﬁcabitur
1458 861 1650 922 homo
1694 862 1999 940 composi-

347 941 633 1004 spondere,
666 943 978 1005 suppositus
1009 942 1118 991 Deo
1143 941 1404 1004 justitiam
1435 941 1637 1003 recipit,
1670 942 1998 1003 compositus

347 1010 446 1064 tus
514 1008 668 1068 Deo.
721 1007 786 1068 Si
827 1005 1096 1066 voluerit
1139 1005 1517 1066 contendere
1559 1022 1701 1064 cum
1724 1022 1820 1076 eo,
1869 1023 1996 1065 non

348 1084 557 1133 amittit.
1017 1097 1114 1146 pro
1142 1085 1490 1134 universitate
1518 1082 1797 1133 hominum
1826 1084 1996 1147 ponit.

346 1148 578 1224 poterit
629 1147 1010 1226 respondere
1094 1147 1151 1207 ei
1236 1167 1429 1208 unum
1492 1148 1572 1207 de
1641 1147 1833 1206 mille.
1882 1149 1997 1208 Sa~

1465 1227 1586 1288 quis
1616 1230 1801 1276 contra
1821 1227 1994 1274 Domi-

347 1289 524 1368 piens
593 1289 781 1349 corde
843 1293 958 1364 est,
1017 1294 1078 1348 et
1123 1289 1302 1349 fortis
1361 1291 1606 1363 robore,
1643 1290 1782 1368 quis
1827 1289 2001 1350 resti-

347 1382 478 1445 n7um
491 1381 790 1444 agensmon
807 1369 905 1417 sibi
923 1368 1118 1445 bellum
1142 1369 1231 1445 irae
1249 1369 1365 1445 ejus
1378 1369 2001 1445 commovit‘278uperbi7e7t

349 1432 426 1511 tit
507 1433 564 1492 ei
647 1441 707 1492 et
791 1451 1012 1511 pacem
1101 1432 1364 1492 habuit?
1449 1433 1597 1504 Quis
1684 1432 2002 1492 transtulit

349 1510 502 1560 elatae
533 1512 742 1570 mentis,
775 1510 865 1574 qui
890 1512 1191 1561 nescientes
1211 1513 1391 1568 Deum,
1418 1525 1512 1575 pro
1531 1511 1840 1562 inﬁdelitate
1876 1511 1998 1575 sub-

352 1579 622 1650 montes,
708 1580 772 1635 et
841 1575 1198 1636 nescierunt
1281 1576 1366 1649 hi,
1422 1574 1615 1653 iquos
1697 1574 2004 1634 subvertit

350 1654 489 1702 versi
518 1658 661 1703 sunt.
1349 1653 1660 1704 Judasorum
1698 1654 1907 1716 plebem
1937 1654 2002 1704 de

349 1726 414 1784 in
498 1725 707 1785 furore
789 1743 926 1784 suo.
1013 1725 1130 1795 Qui
1213 1733 1568 1785 commovet
1651 1731 1880 1786 terram
1925 1725 2004 1786 de

391 1803 523 1852 atria
542 1817 654 1852 sua.
879 1803 1207 1862 Sacerdotes,
1240 1804 1321 1853 vel
1350 1804 1581 1854 Judices.

377 1884 491 1927 oco
575 1884 712 1939 suo,
801 1871 862 1926 et
943 1867 1254 1927 columnae
1338 1868 1473 1945 ejus
1534 1866 2080 1938 concutiuntur.B

537 1953 853 2003 adveniente
882 1957 1057 2003 nocte.
1692 1954 2008 2004 adveniente

351 2015 469 2096 Qui
527 2017 818 2096 praecipit
903 2017 1041 2090 soli,
1088 2022 1151 2077 et
1235 2035 1359 2078 non
1404 2018 1643 2088 oritur;
1691 2024 1754 2078 et
1795 2019 2009 2078 stellas

351 2095 455 2160 die.
732 2095 743 2096 “
794 2157 803 2160 _
973 2159 981 2160 7
1130 2159 1136 2160 7
1366 2159 1369 2160 7
1522 2098 1581 2145 In
1612 2096 1695 2146 his
1716 2097 2008 2160 potentiam

351 2158 590 2238 claudit
631 2157 827 2238 quasi
894 2159 1009 2219 sub
1093 2159 1442 2238 signaculo.
1530 2161 1648 2232 Qui
1719 2157 2006 2222 extendit

350 2237 614 2287 Creatoris
643 2237 894 2288 ostendit.

354 2302 547 2362 caelos
614 2301 860 2381 7solus,77
900 2306 962 2361 et
1045 2301 1335 2381 graditur
1375 2319 1564 2381 super
1610 2303 1838 2362 ﬂuctus
1884 2321 2011 2363 ma-

359 2381 418 2430 ln
432 2381 515 2429 his
528 2380 736 2430 stellam
756 2379 958 2430 indicat
971 2394 1182 2430 omnem
1198 2380 1306 2429 mili
1317 2381 1438 2430 tiam
1455 2379 1720 2432 astrorum
1739 2381 1805 2431 ad
1820 2383 1912 2431 Dei
1929 2396 2010 2431 re-

355 2445 463 2504 ris.
549 2445 666 2514 Qui
748 2444 899 2504 facit
999 2445 1358 2516 Arcturum,
1466 2451 1528 2505 et
1609 2445 1864 2518 Oriona,
1951 2449 2013 2505 et

390 2524 532 2588 imen7
549 2523 1119 2588 pertinere.lnterinres
1137 2523 1460 2586 Angelorum
1474 2524 1684 2574 choros.
1703 2525 1864 2573 Nullis
1896 2525 2010 2588 qui-

415 2586 632 2666 yadas,
747 2592 817 2666 et
915 2587 1244 2666 interiora
1292 2589 1548 2666 austri.
1663 2589 1779 2658 Qui
1863 2586 2013 2653 facit

360 2666 483 2714 dem
501 2669 642 2716 retro
665 2665 870 2716 smculis
892 2665 1205 2729 suspicabile
1227 2665 1342 2725 fuit,
1375 2667 1851 2726 uthomo,terra,et
1880 2668 2014 2721 cinis

369 2747 600 2806 magna
681 2736 743 2791 et
823 2729 1486 2808 incomprehensibilia
1569 2736 1630 2791 et
1672 2730 2012 2812 mirabilia,

363 2816 689 2881 Angelorum
711 2817 934 2867 coetibus
955 2821 1292 2880 aggregetur.
1307 2817 1630 2882 Nonvidebo
1653 2817 2015 2882 corporalibus

365 2899 634 2959 quorum
678 2899 804 2942 non
848 2887 941 2942 est
1007 2899 1328 2941 numerus.
1377 2881 1442 2941 Si
1484 2882 1724 2942 venerit
1757 2881 1844 2942 ad
1889 2899 2009 2956 me,

363 2960 1093 3037 oculis,quis7spiritus7estz7si
1111 2974 1245 3037 mea:
1261 2961 1562 3037 prmsentiae
1583 2974 1696 3037 non
1719 2975 1774 3010 se
1797 2962 2013 3024 praebet.

361 3042 488 3084 non
529 3023 797 3085 videbo:
885 3024 937 3083 si
979 3023 1201 3083 abierit
1263 3043 1386 3084 non
1451 3023 1811 3102 intelligam
1844 3043 2008 3085 eum.

361 3102 415 3152 Si
430 3103 606 3152 subito
623 3105 878 3167 provocat
891 3116 988 3152 nos
1010 3102 1074 3151 ad
1083 3102 1610 3164 judicium,creatura
1622 3104 2012 3157 contremiscet.

359 3174 426 3236 Si
470 3182 727 3253 repente
795 3173 1164 3252 interroget,
1231 3175 1371 3254 quis
1455 3175 1857 3254 respondebit
1907 3177 2014 3236 ei?

1652 3259 1745 3303 Per
1772 3254 1901 3303 iram
1930 3269 2014 3304 se-
2044 3234 2086 3300 C

358 3315 464 3396 vel
500 3315 641 3396 quis
683 3314 889 3375 dicere
956 3320 1183 3392 potest,
1232 3334 1343 3376 cur
1386 3316 1586 3396 facis?
1628 3319 1792 3376 Deus
1833 3317 2012 3396 cujus

358 3394 553 3444 veritas
583 3394 994 3459 demonstratur.
1435 3395 1535 3453 Qui
1557 3409 1710 3445 curas
1733 3394 2012 3459 praesentis

358 3459 644 3538 resistere
701 3458 810 3518 irae
894 3475 1078 3518 nemo
1149 3462 1379 3538 potest,
1410 3465 1505 3538 7et
1548 3459 1662 3519 sub
1707 3458 1834 3538 quo
1878 3479 2012 3521 cur-

358 3537 536 3587 saculi
569 3537 814 3596 tolerant,
846 3540 1137 3586 curvantur
1167 3535 1480 3588 deﬁciendo.

359 3609 588 3663 vantur
669 3601 778 3680 qui
859 3604 1116 3679 portant
1198 3600 1439 3662 orbem.
1527 3602 1808 3672 Quantus
1860 3621 2008 3680 ergo

1496 3681 1595 3740 Qui
1624 3682 1787 3732 verba
1814 3683 2009 3732 vermis

359 3761 499 3824 sum
543 3761 660 3824 ego
705 3741 819 3824 qui
868 3743 1298 3824 respondeam
1359 3743 1465 3804 ei?
1508 3751 1570 3804 et
1600 3744 1825 3824 loquar
1865 3765 2003 3806 ver-

359 3827 412 3873 et
440 3821 634 3872 cineris
676 3821 743 3872 ad
772 3821 954 3872 divina
973 3823 1187 3885 eloquia
1206 3823 1231 3869 (Ρ

359 3886 455 3947 bis
540 3887 694 3946 meis
777 3903 920 3946 cum
1003 3884 1122 3947 eoi?
1197 3884 1314 3957 Qui
1396 3885 1640 3946 etiamsi
1723 3887 2004 3949 habuero

1105 3979 1214 4014 non
1249 3965 1314 4014 de
1338 3979 1458 4015 mea
1481 3965 1688 4028 justitia
1717 3966 2003 4029 gloriabor,

357 4026 701 4108 quippiam
761 4104 776 4108 _
786 4026 1056 4108 justum,
1145 4047 1271 4108 non
1393 4026 1808 4108 respondebo,
1896 4026 2004 4092 sed

357 4104 450 4157 sed
473 4104 658 4158 meum
683 4104 920 4169 judicem
951 4106 1277 4170 deprecabor
1300 4110 1360 4156 ut
1389 4104 1649 4172 propitius
1670 4109 1754 4158 sit.

359 4197 565 4240 meum
644 4177 925 4258 judicem
997 4178 1431 4258 deprecabor..
1520 4181 1594 4238 Et
1679 4198 1820 4239 cum
1904 4181 2003 4241 in-

1195 4257 1267 4306 De
1297 4257 1475 4307 futuro
1511 4257 2002 4323 judicio7loquitur,

354 4327 690 4401 vocantem
769 4320 1119 4401 exaudierit
1203 4339 1323 4393 me,
1389 4320 1560 4401 non‘7
1601 4320 2001 4401 credo'quod

355 4401 410 4450 in
435 4414 539 4465 quo
570 4405 623 4451 et
650 4400 798 4451 electi
831 4400 1194 4464 trepidabunt.
1384 4400 1636 4465 Diabolus
1669 4400 1998 4465 intelligitur.

354 4464 622 4525 audierit
664 4483 880 4526 voccm
967 4481 1192 4524 meam.
1239 4465 1310 4525 In
1357 4464 1603 4524 turbine
1646 4464 1811 4524 enim
1845 4464 1994 4527 com

1327 4557 1489 4605 super
1507 4544 1728 4593 materia
1757 4544 2000 4595 diabolus

1839 361 1882 417 A
1895 351 2229 416 PPENDlX
2243 399 2256 414 .

2022 493 2079 558 A

3599 353 3763 417 1488

2852 489 2995 540 hunc
3023 487 3321 553 prob'ando,
3481 487 3637 553 illum
3656 503 3756 552 pu-

2109 550 2277 678 q7uo§i
2323 551 2568 611 locutus
2611 570 2774 628 sum,
2835 559 2897 614 et
2938 550 3335 615 innocentem
3379 557 3443 613 et
3485 550 3755 631 impium

2109 643 2228 678 men
2271 644 2321 678 Ο.

2104 643 2321 678 mendo.

2104 693 2237 773 ipse
2289 693 2641 773 consumit.
2717 696 2781 755 Si
2843 695 3144 773 ﬂagellat,
3219 694 3468 756 occidat
3535 692 3754 764 semel,

2198 772 2469 837 diabolum
2500 773 2672 822 ridere
2703 787 2814 822 non
2836 772 3084 837 patiatur.
3623 773 3756 822 Caro

2105 839 2168 894 et
2210 854 2334 895 non
2397 835 2472 895 de
2548 837 2748 914 poenis
2817 835 3220 898 innocentum
3292 837 3516 897 rideat.
3564 838 3760 897 Terra

2106 914 2151 979 ej
2163 928 2224 962 us
2244 914 2569 979 adversario,
3101 917 3414 979 sapientiam
3443 916 3758 979 obumbrat;

2105 978 2252 1037 data
2296 977 2389 1038 est
2469 981 2530 1039 in
2599 996 2844 1057 manus
2928 979 3126 1057 impii,
3162 977 3426 1040 _vultum
3465 978 3757 1057 judicum

2105 1069 2172 1105 ne
2217 1056 2724 1120 agnoscantjudices
2742 1062 2893 1107 terrae
2907 1056 3344 1108 veritatem.Deus
3355 1056 3500 1108 solus
3517 1058 3763 1107 adversa-

2106 1120 2240 1195 eius
2309 1121 2534 1199 Operit.
2624 1122 2803 1192 Quod
2887 1122 2937 1180 si
3039 1141 3164 1181 non
3248 1122 3376 1193 ille,
3422 1121 3564 1199 quis
3607 1139 3761 1198 ergo

2107 1200 2212 1248 rios
2240 1201 2422 1258 vincit,
2640 1261 2647 1262 7
2800 1202 2922 1250 Dies
2953 1200 3219 1250 felicitatis
3241 1214 3391 1262 meae,

2108 1268 2200 1322 est
2244 1263 2360 1339 [Αἱ.
2452 1261 2660 1340 esse]?
2703 1263 2844 1324 Dies
2929 1264 3051 1324 mei
3121 1264 3464 1325 velociores
3505 1263 3762 1322 fuerunt

2983 1343 3297 1393 meritorum
3327 1342 3761 1392 retributionem.

2109 1421 2402 1475 cursore;
2469 1404 2765 1482 fugerunt
2847 1410 2908 1466 et
2951 1425 3075 1466 non
3161 1406 3452 1466 viderunt
3493 1406 3760 1465 bonum.

2109 1483 2208 1540 Qui
2233 1496 2391 1546 poma
2403 1485 2718 1546 portat,aliis
2729 1485 2906 1533 cibum
2920 1485 3251 1544 vehit,etsibi
3263 1485 3428 1535 odore
3439 1489 3652 1534 tantum
3667 1484 3764 1533 uti~

2109 1547 2613 1626 Pertransierunt
2694 1548 2874 1626 quasi
2931 1567 3121 1608 naves
3181 1567 3372 1626 poma
3413 1553 3763 1626 portantes,

2109 1630 2214 1691 tur.
2279 1627 2358 1675 Ita
2386 1625 2608 1691 felicitas
2629 1625 2748 1676 mea
2775 1628 3011 1678 recessit.
3077 1625 3442 1691 Rep’rehendit
3461 1641 3516 1676 se
3550 1628 3766 1677 incaute

2111 1689 2271 1748 sicut
2313 1690 2527 1766 aquila
2608 1691 2826 1750 volans
2867 1691 2948 1751 ad
3032 1689 3259 1752 escam.
3295 1691 3449 1750 Cum
3505 1691 3762 1752 dixero:

2110 1767 2176 1817 de
2201 1769 2440 1818 obscuris
2467 1768 2633 1831 loqui.
3181 1771 3365 1819 Tristis
3393 1769 3766 1819 amaritudinis

2112 1833 2521 1909 Nequaquam
2631 1833 2721 1892 ita
2800 1831 3046 1911 loquar,
3135 1840 3456 1894 commuto
3540 1832 3766 1892 faciem

2110 1911 2274 1960 verba
2303 1911 2632 1974 depromam.
3288 1913 3553 1970 Quoniam
3583 1913 3768 1961 omnia

2119 1993 2345 2047 meam,
2432 1980 2494 2034 et
2535 1974 2752 2034 dolore
2835 1980 3154 2052 torqueor.
3228 1976 3508 2036 Verebar
3550 1976 3770 2036 omnia

2116 2053 2324 2102 incerta
2350 2054 2706 2103 servabuntur
2736 2053 2787 2102 in
2818 2053 3019 2103 futuro.

2117 2135 2311 2196 opera
2356 2135 2514 2188 mea,
2602 2116 2801 2177 sciens
2836 2195 2845 2196 7
2884 2117 3053 2194 quod
3097 2135 3222 2176 non
3307 2135 3600 2196 parceres
3657 2116 3766 2178 de-

2368 2196 2477 2246 Hoc
2498 2198 2593 2254 est,
2626 2196 2668 2245 si
2699 2196 2763 2244 ad
2800 2195 3015 2258 plenum
3039 2209 3124 2244 me
3153 2196 3478 2260 investigare
3511 2195 3767 2255 volueris,

2119 2258 2449 2338 linquenti.
2539 2260 2602 2318 Si
2687 2265 2897 2319 autem
2983 2265 3044 2320 et
3126 2260 3213 2320 sic
3296 2258 3528 2338 impius
3600 2277 3764 2331 sum,

2118 2337 2428 2387 immundus
2455 2337 2716 2387 inveniar.
3342 2337 3424 2388 vel
3444 2339 3772 2388 innocentia

2120 2419 2314 2479 quare
2423 2403 2654 2461 frustra
2757 2401 3095 2461 laboravi?
3205 2401 3271 2462 Si
3340 2400 3505 2462 lotus
3587 2403 3773 2463 fuero

2121 2481 2312 2539 nitore,
2332 2481 2415 2530 vel
2444 2480 2645 2543 gratiae.
2671 2480 2803 2537 Quia
2823 2480 3062 2543 quandiu
3092 2480 3192 2529 hac
3214 2482 3558 2542 corruptione
3590 2481 3771 2530 indui-

2122 2544 2301 2622 quasi
2363 2544 2542 2622 aquis
2603 2545 2782 2615 nivis,
2843 2549 2904 2604 et
2971 2544 3261 2604 fulserint
3338 2545 3512 2604 velut
3582 2563 3767 2605 mun-

2122 2638 2258 2683 mur,
2289 2636 2399 2673 non
2428 2623 2590 2686 plene
2618 2623 2806 2672 mundi
2835 2635 3037 2673 sumus.

2122 2687 2392 2748 dissimae
2431 2684 2663 2748 manus
2745 2705 2928 2758 meae,
3003 2693 3211 2746 tamen
3255 2684 3545 2775 sordibus
3587 2685 3775 2746 intin-

2897 2779 3090 2828 COI'leS
3116 2777 3298 2814 meum
3319 2772 3658 2814 immundum
3690 2779 3776 2815 me

2169 2847 2231 2889 es
2317 2847 2454 2900 me;
2542 2834 2603 2888 et
2670 2829 3203 2890 abominabuntur
3259 2846 3359 2888 me
3399 2828 3775 2889 vestimenta

2146 2908 2262 2957 ecit.
3084 2907 3169 2956 llle
3202 2908 3341 2956 Deus
3369 2910 3466 2967 est,
3489 2907 3775 2971 egobomo

2123 2989 2284 3032 mea.
2361 2973 2574 3049 Neque
2649 2970 2813 3030 enim
2867 2971 3022 3043 viro,
3071 2971 3180 3049 qui
3223 2971 3440 3030 similis
3484 2970 3610 3031 mei
3652 2977 3774 3045 est,

2393 3048 2398 3055 ’
2437 3112 2440 3113 7
2479 3048 2484 3049 7
2651 3051 2785 3108 Quia
2798 3050 2963 3112 judex
2989 3048 3183 3100 melior
3209 3053 3388 3109 esteo,
3407 3050 3775 3113 quijudican-

2124 3112 2538 3191 respondebo.
2612 3116 2828 3192 Neque
2897 3115 3004 3192 qui
3088 3131 3333 3174 mecum
3415 3115 3480 3172 in
3526 3112 3780 3190 judicio

2125 3192 2224 3241 dus
2252 3196 2352 3241 est.
2651 3254 2657 3255 7
2944 3193 3218 3242 Potentem
3249 3193 3414 3241 Deum
3447 3192 3568 3254 quis
3600 3197 3776 3255 potest

2125 3275 2202 3317 ex
2247 3273 2428 3334 aquo
2499 3254 2694 3344 possit
2745 3255 2968 3344 audiri.
3045 3258 3179 3317 Non
3244 3254 3776 3344 estﬁquinut’rum-

2122 3333 2342 3398 arguere
2374 3333 2526 3397 quasi
2557 3334 2797 3397 iniquum
2818 3337 2842 3382 ?
3336 3334 3467 3391 Quia
3495 3333 3585 3383 ille
3615 3335 3777 3384 homo

2122 3417 2244 3476 que
2345 3399 2552 3458 valeat
2652 3415 2937 3476 arguere.
3045 3408 3106 3458 et
3189 3415 3420 3474 ponere
3509 3415 3773 3458 manum

2122 3481 2176 3527 et
2205 3479 2342 3526 Deus
2358 3477 2620 3539 apparuit.
2643 3539 2649 3540 7
2726 3539 2735 3540 7
3024 3539 3031 3540 7
3153 3476 3360 3540 plagam
3380 3477 3771 3540 castigationis.

2120 3559 2298 3601 suam
2381 3540 2447 3600 in
2531 3539 2864 3600 ambobus.
2909 3539 3170 3600 Auferat
3241 3539 3279 3599 a
3363 3557 3461 3599 me
3517 3539 3766 3618 virgam

3401 3619 3553 3668 Tunc
3581 3624 3774 3682 potero

2119 3687 2417 3762 suam,7et
2446 3699 2642 3762 pavor
2687 3683 2822 3762 ejus
2877 3700 3003 3741 non
3049 3699 3148 3741 me
3222 3687 3477 3762 terreat.
3511 3684 3775 3762 Loquar

2115 3759 2466 3824 respondere;
2474 3761 2523 3826 si
2546 3761 2661 3826 haec
2681 3761 2787 3811 duo
2810 3775 2840 3808 a
2859 3774 2943 3810 me
2964 3774 3234 3821 amoveas,
3254 3759 3306 3810 id
3327 3759 3653 3826 e7st,manum
3676 3776 3774 3826 po-

2116 3831 2179 3885 et
2246 3844 2372 3886 non
2443 3824 2676 3884 timebo
2761 3843 2927 3893 eum,
3001 3842 3204 3902 neque
3269 3825 3433 3885 enim
3506 3824 3769 3904 possum

2115 3905 2319 3954 testatis
2350 3907 2420 3964 ,et
2448 3905 2646 3966 virgam
2667 3903 3048 3967 castigationis.

2116 3974 2399 4028 metuens
2441 3968 2841 4046 respondere.

2748 4100 3004 4163 CAPUT
3048 4103 3096 4162 X
3112 4145 3126 4160 .

2173 4200 2247 4247 De
2276 4198 2380 4246 hoc
2407 4197 2665 4247 versiculo
2694 4197 2891 4246 dictum
2923 4201 3004 4246 est
3036 4197 3301 4260 superius.
3505 4197 3610 4256 Qui
3637 4211 3776 4247 con-

2190 4262 2407 4321 Taedet
2473 4261 2750 4321 animam
2823 4278 3029 4320 meam
3087 4260 3231 4321 vita:
3305 4277 3512 4334 meae;
3559 4261 3777 4323 dimit-

2113 4344 2196 4415 tra
2225 4340 2661 4415 Deum_loquitur,
2683 4340 2938 4390 adversus
2956 4353 3013 4415 7se
3044 4339 3298 4415 loquitur.
3607 4342 3772 4415 Arna-

2111 4411 2239 4464 tam
2325 4404 2654 4464 adversum
2741 4421 2839 4463 me
2922 4403 3241 4482 eloquium
3278 4481 3281 4482 7
3324 4419 3562 4482 meum.
3648 4407 3777 4464 Lo-

2106 4483 2283 4532 ritudo
2297 4483 2486 4558 puniat
2496 4481 2757 4558 quidquid
2768 4483 2951 4558 lingua
2961 4481 3259 4558 per’7mentis
3265 4481 3529 4544 judicium
3545 4487 3772 4558 accusat

2111 4545 2313 4626 quar‘
2360 4547 2425 4606 in
2457 4545 2901 4626 amaritudine
2969 4545 3194 4626 animae
3242 4562 3478 4626 7mea73;
3553 4545 3770 4626 gcam

357 4610 790 4702 tere7t77me,77ct
835 4602 1783 4702 multiplicabit77vulnera77mea
1804 4608 2002 4702 etiam
2034 4602 2079 4667 D
2115 4602 2272 4702 11%
2297 4602 3538 4702 juéﬁtié—sdastiducia'hqcdicitvquia'oculuim

355 4686 501 4735 addit
527 4699 758 4749 pcenam.
952 4687 1062 4735 Prae
1091 4685 1321 4749 quadam
1375 4685 1692 4749 egritudine
1724 4686 1822 4736 hoc
1843 4689 1890 4736 ei
1919 4703 2006 4738 ac-

352 4749 484 4878 sine
527 4748 738 4810 causa.
815 4751 949 4811 Non
1035 4748 1322 4808 concedit
1388 4749 2003 4878 requiescergtspiri-

352 4829 454 4878 cidi
487 4864 499 4878 .
1840 4844 2003 4878 sunra

352 4829 499 4880 cidit.
1747 4829 1813 4878 Ut
1840 4844 2003 4882 supra

350 4845 499 4952 alarii
530 4911 764 4964 meum,
811 4895 873 4952 et
914 4890 1136 4968 implet
1181 4907 1281 4950 me
1323 4845 2002 4956 amaritudinileiss.upSi

350 4972 505 5036 dicit:
528 4972 692 5036 Cujus
722 4972 814 5021 ine
846 4971 1091 5036 resistere
1111 4982 1272 5036 nemo
1303 4973 1494 5036 potest.

349 5031 648 5097 fortitudo
747 5034 1073 5114 quaeritur,
1181 5031 1648 5114 robustissimus
1733 5040 1848 5114 est.
1935 5036 2002 5098 Si

1558 5113 1682 5177 quia
1699 5113 1798 5177 ille
1819 5115 2002 5165 omnia

349 5174 612 5256 aequitas
687 5176 935 5256 judicii,
981 5193 1164 5256 nemo
1250 5194 1364 5256 pro
1450 5193 1549 5235 me
1574 5174 1782 5236 audet
1824 5180 1998 5239 testi-

347 5255 514 5318 novit.
697 5255 703 5256 ⁷
1107 5255 1242 5313 Quia
1270 5255 1385 5304 sine
1405 5256 1744 5318 corruptione
1761 5269 1920 5306 nemo
1941 5260 1998 5308 in

350 5316 630 5376 monium
715 5318 941 5379 dicere.
1030 5318 1094 5380 Si
1169 5319 1518 5396 justiﬁcare
1560 5316 1660 5378 me
1709 5319 1991 5396 voluero,

346 5408 508 5446 carne
537 5396 686 5445 vivit.
1406 5399 1448 5445 si
1481 5411 1564 5447 me
1596 5399 1876 5447 innoxium
1905 5403 1994 5453 de-

347 5479 416 5520 os
462 5477 666 5519 meum
741 5460 1183 5521 condemnabit
1267 5479 1402 5533 me;
1451 5461 1500 5520 si
1592 5461 1992 5527 innocentem

346 5542 495 5604 puto.

345 5601 694 5676 ostendere,
784 5619 1047 5682 pravum
1133 5621 1245 5682 me
1317 5604 1792 5682 comprobabit;
1839 5610 1900 5665 et
1941 5601 1993 5663 si

697 5709 703 5713 .
787 5679 802 5681 ⁷
841 5679 966 5742 quia
992 5679 1080 5729 ille
1111 5681 1280 5742 magis
1299 5679 1466 5731 novit.

343 5746 612 5828 simplex
655 5745 860 5828 fuero,
931 5742 1049 5801 hoc
1116 5742 1344 5828 ipsum7
1392 5744 1710 5819 ignorabit
1779 5746 1991 5806 anima

561 5837 658 5889 pro
685 5821 970 5889 afﬂictione
990 5819 1268 5889 praesentis
1297 5818 1463 5882 plagas

341 5907 507 5965 mea,
538 5881 600 5952 εἰ
626 5885 882 5951 taedebit
965 5881 1062 5944 me
1149 5881 1289 5944 vitae
1376 5899 1553 5943 mese.
1643 5889 1851 5948 Unum
1883 5893 1976 5950 est

2369 4689 2512 4749 Noli

2115 4691 2282 4750 Deo:
2369 4689 2512 4749 Noli
2622 4706 2721 4747 me
2802 4689 3262 4748 condemnare:
3348 4687 3562 4747 indica
3604 4687 3775 4749 mihi

2113 4767 2307 4817 dicium
2330 4768 2570 4818 nondum
2590 4768 2959 4831 cognoscebat.
2992 4767 3101 4816 Hoc
3131 4767 3326 4831 est,qui
3348 4766 3450 4831 7hic
3478 4766 3552 4815 ita
3581 4769 3774 4831 punis,

2112 4849 2223 4890 cur
2305 4849 2404 4892 mc
2471 4832 2561 4891 ita
2623 4829 2908 4906 judices?
2962 4829 3279 4908 Numquid
3347 4829 3597 4890 bonum
3651 4830 3776 4891 tibi

2110 4910 2332 4960 ostende
2355 4910 2502 4969 mihi,
2522 4913 2582 4960 ut
2597 4910 2702 4959 illic
2721 4923 2940 4959 securus
2967 4910 3309 4959 vadam.Non
3321 4908 3605 4958 conﬁrmat
3617 4909 3773 4960 hunc

2109 4986 2346 5033 sensum,
2374 4974 2467 5023 sed
2499 4972 2830 5023 discutienda
2852 4978 2905 5021 et
2933 4971 3283 5036 subnegando
3305 4971 3560 5020 inﬁrmat.

2108 5037 2354 5098 videtur
2430 5037 2481 5097 si
2577 5036 2974 5096 calumnieris
3067 5034 3187 5110 me,
3289 5041 3353 5096 et
3435 5034 3772 5114 opprimas

3331 5114 3760 5174 Demoniorum,

2109 5197 2207 5258 me
2282 5197 2442 5258 opus
2551 5195 2807 5258 manum
2919 5183 3193 5249 tuarum,
3293 5183 3355 5238 et
3421 5177 3766 5238 consilium

2105 5257 2189 5305 vel
2218 5257 2506 5307 amicorum
2527 5257 2646 5306 Job.

2104 5319 2443 5398 impiorum
2514 5319 2823 5397 adjuves?
2907 5318 3226 5398 Numquid
3311 5317 3480 5379 oculi
3547 5319 3768 5398 carnis

3289 5399 3406 5446 Non
3437 5402 3584 5446 errat
3612 5397 3768 5460 judi-

2107 5461 2316 5541 [Vulg.
2364 5461 2594 5538 carnei]
2686 5460 2796 5520 tibi
2879 5466 3042 5530 sunt,
3132 5466 3243 5541 aut
3342 5461 3504 5521 sicut
3586 5462 3767 5522 videt

2101 5541 2238 5589 cium
2303 5544 2469 5601 tuum,
2506 5541 2643 5588 sicut
2697 5541 2918 5588 bonum.
2972 5540 3241 5602 Numquid
3288 5541 3405 5590 dies
3434 5541 3763 5590 aeternitatis

2101 5603 2316 5683 homo,
2387 5610 2448 5663 et
2530 5609 2596 5663 tu
2645 5603 2932 5683 videbis?
3025 5603 3346 5683 Numquid
3402 5603 3564 5663 sicut
3621 5604 3761 5664 dies

2101 5685 2205 5732 tum
2233 5682 2491 5732 ﬁniuntur
2514 5683 2650 5732 sicut
2678 5682 2953 5731 hominum
2977 5684 3000 5730 ?

2101 5745 2368 5808 hominis
2454 5746 2584 5807 dies
2669 5746 2784 5818 tui,
2874 5751 2936 5806 et
3017 5744 3168 5806 anni
3237 5745 3329 5805 tui
3398 5744 3561 5805 sicut
3629 5743 3758 5805 bu-

3053 5837 3262 5876 summo
3292 5823 3475 5876 studio
3504 5824 3748 5888 requiras

2096 5907 2281 5951 mana
2367 5895 2512 5952 sunt
2595 5893 2900 5971 tempore,
2990 5893 3057 5950 ut
3141 5907 3389 5970 quaras
3439 5886 3744 5967 iniquita-
