4084 6176
345 339 502 409 1489

345 492 553 538 causas,
590 477 784 543 quibus
813 478 878 532 de
907 493 991 532 me
1023 479 1279 533 ultionem
1308 482 1503 546 capias.

340 548 472 605 tem
532 561 758 624 meam,
821 549 883 605 et
966 551 1293 624 peccatum
1349 564 1553 607 meum
1642 546 1983 607 scruteris?

340 624 445 673 Cur
474 623 826 690 culpasqmeas
853 623 1165 690 verberibus
1193 627 1673 690 interrogas,quem
1688 639 1784 675 nec
1816 626 1985 690 prius-

343 699 505 775 quam
537 686 835 761 condideris
866 688 1112 763 ignoras?
1220 752 1230 763 .
1397 686 1422 690 ”
1496 686 1499 687 ⁷
1529 686 1573 763 “,
1808 686 1982 763 Parce.

340 751 420 810 lat
491 767 646 809 scies
689 769 838 810 cuia
883 751 1038 809 nihil
1082 769 1343 810 nmmum
1391 752 1669 810 fecerim.
1717 770 1860 810 cum
1905 757 1982 810 Sit

398 757 420 809 t
480 749 646 839 scies
689 750 1038 840 quiannihil
1082 752 1669 840 imp-ium‘fecerim,
1717 770 1860 840 cum
1905 753 1984 810 sit

341 828 586 885 Domine,
618 830 743 891 quia
781 828 926 877 nulla
957 830 1127 879 virtus
1158 828 1253 879 tibi
1288 830 1427 878 valet
1446 830 1680 879 obviare.
1782 832 1840 879 in
1871 844 1982 879 ma-

339 910 525 952 nemo
570 892 677 969 qui
720 892 798 952 de
860 910 1048 952 manu
1094 900 1201 953 tua
1270 894 1466 970 possit
1535 912 1770 953 eruere.
1851 896 1977 954 Ma-

336 972 498 1020 nibus
529 972 896 1033 operationem
921 971 1159 1021 divinam
1181 972 1543 1035 intelligimus,
1579 973 1705 1035 quia
1724 973 1884 1023 homo
1917 973 1981 1021 de

336 1052 456 1094 nus
523 1040 647 1093 tuae
709 1035 991 1094 fecerunt
1053 1054 1183 1107 me,
1236 1042 1297 1095 et
1361 1036 1832 1113 plasmaverunt
1884 1054 1982 1096 me

337 1113 464 1163 limo
479 1113 763 1175 plasmatus
776 1114 1071 1163 est.Contra
1084 1128 1175 1164 eos
1188 1114 1429 1177 dicit,qui
1443 1115 1627 1164 dicunt
1639 1115 1860 1165 alterum
1880 1116 1978 1163 Do-

340 1183 541 1257 totum
591 1177 686 1257 fin
738 1178 1040 1248 circuitu;
1120 1184 1181 1238 et
1260 1179 1346 1237 sic
1424 1185 1680 1257 repente
1760 1179 1981 1257 praeci-

336 1256 545 1305 minum
579 1256 1130 1320 Creatoremanimze,
1157 1258 1385 1306 alterum
1417 1256 1671 1320 corporis.

586 1317 1001 1383 Misericordiam
1046 1320 1311 1369 Creatoris
1342 1317 1527 1381 optat;
1540 1320 1778 1383 fragilem
1809 1318 1985 1369 carnis

334 1379 523 1461 pitasi
547 1399 646 1441 me
674 1382 704 1439 ’2
733 1383 1071 1455 Memento,
1104 1402 1341 1461 quasso,
1377 1379 1547 1461 quod
1580 1379 1740 1444 sicut
1783 1384 1983 1443 lutum

334 1460 614 1508 materiam
650 1461 959 1509 ostendens.

332 1522 555 1583 feceris
622 1541 754 1603 ymo,
829 1530 891 1584 et
957 1524 1051 1603 in,
1092 1524 1415 1603 pulverem
1508 1524 1767 1584 reduces
1859 1542 1981 1582 me.

332 1603 391 1651 In
405 1603 503 1651 hac
514 1602 859 1652 similitudine
870 1602 1267 1667 ostendit’,quod
1279 1605 1333 1652 in
1345 1604 1629 1653 visceribus
1641 1608 1869 1653 matrum
1882 1616 1989 1652 cre-

332 1668 554 1726 Nonne
636 1666 794 1726 sicut
877 1666 973 1726 lac
1020 1666 1284 1727 mulsisti
1348 1686 1469 1741 me,
1537 1673 1599 1726 et
1662 1668 1823 1727 sicut
1880 1686 1985 1727 ca-

332 1745 568 1794 utionem
578 1744 812 1794 hominis
823 1744 1072 1794 divinitas
1085 1752 1350 1809 operatur.
1361 1747 1519 1794 Foras
1540 1759 1622 1794 me
1638 1747 1701 1795 ad
1717 1760 1811 1808 pro
1819 1747 1983 1795 batio-

330 1826 507 1867 seum
583 1827 680 1868 me
765 1809 1171 1884 coagulasti?
1273 1810 1441 1869 Pelle
1524 1814 1586 1868 ct
1685 1810 1983 1869 carnibus

328 1900 453 1936 nem
471 1887 787 1951 deseris.sed
810 1892 988 1937 tamen
1001 1889 1146 1937 intus
1160 1901 1226 1936 ne
1241 1902 1455 1951 peream
1470 1888 1759 1937 virtutibus
1790 1890 1981 1937 astrin-

329 1950 569 2010 vestisti
656 1969 774 2022 me,
864 1959 925 2010 et
1009 1950 1257 2011 ossibus
1335 1959 1396 2011 et
1484 1953 1691 2011 nervis
1734 1971 1983 2029 compe-

332 2029 507 2093 gendo
528 2030 785 2079 custodis.
814 2030 868 2078 Id
884 2034 964 2079 est
984 2032 1358 2093 animamque;
1372 2030 1463 2079 dat
1475 2030 1637 2079 vitam
1652 2030 1980 2080 hominibus.

328 2093 477 2171 gisti
530 2112 651 2152 me.
727 2093 930 2153 Vitam
1005 2101 1067 2154 et
1141 2094 1635 2154 misericordiam
1710 2094 1983 2154 tribuisti

643 2172 721 2220 Ob
750 2171 852 2221 hoc
877 2173 1052 2222 visitat
1100 2174 1261 2233 Deus,
1292 2179 1351 2221 ut
1377 2173 1620 2221 visitatos
1653 2174 1981 2235 protectione

332 2233 510 2307 mihi,
602 2241 662 2294 et
746 2236 1021 2295 visitatio
1109 2244 1217 2296 tua
1300 2233 1979 2314 custodivit‘spiritum

330 2314 616 2363 custodiat.
646 2314 771 2371 Quae
822 2314 953 2363 mihi
982 2316 1048 2364 ab
1074 2316 1225 2365 initio
1258 2315 1545 2374 contulisti,
1569 2316 1662 2363 sed
1696 2317 1867 2365 celare
1896 2330 1981 2365 me

330 2394 565 2435 meum.
614 2377 787 2437 Licet
832 2378 967 2437 haec
1014 2380 1174 2438 celes
1226 2378 1289 2437 in
1361 2379 1547 2438 corde
1592 2384 1720 2453 tuo,
1771 2386 1980 2439 tamen

330 2455 795 2520 earvideris,idum
824 2470 909 2506 me
939 2458 1011 2506 ita
1066 2471 1451 2520 usquequaque
1484 2458 1869 2508 conterendum
1903 2473 1980 2507 re-

329 2519 498 2599 scio,
549 2519 699 2599 quia
762 2519 1192 2580 universorum
1259 2519 1636 2581 memineris.
1705 2522 1769 2582 Si
1830 2540 1976 2599 pec-

327 2597 607 2662 linquis.Si
619 2599 891 2661 quondam
905 2599 1121 2662 aliquod
1134 2600 1380 2649 delictum
1395 2600 1708 2658 commisi,te
1722 2597 1978 2650 ultionem

330 2661 492 2733 cavi,
558 2667 620 2721 et
678 2662 757 2741 ad
821 2662 1041 2722 horam
1106 2664 1441 2741 pepercisti
1504 2664 1679 2734 mihi,
1746 2682 1856 2723 cur
1899 2664 1979 2724 ab

328 2753 443 2805 non
462 2740 909 2805 quassisti,debuit
928 2740 1262 2804 indulgentia
1283 2742 1412 2805 perd
1422 2743 1650 2792 urare.Si
1664 2742 1870 2805 culpam
1886 2756 1975 2793 ve-

326 2803 661 2885 iniquitate
731 2823 867 2885 mea
934 2803 1237 2865 mundum
1284 2803 1407 2865 _me
1469 2825 1603 2865 esse
1672 2803 1797 2865 non
1863 2826 1977 2885 pa-

328 2884 422 2932 nia
460 2882 694 2941 abstulit,
732 2897 827 2931 cur
854 2884 993 2932 hanc
1023 2898 1053 2932 a
1080 2886 1336 2933 memoria
1362 2898 1474 2934 non
1504 2885 1761 2935 detersit?

612 2945 664 2993 Si
689 2946 867 3008 justus
898 2960 1037 3004 sum,
1067 2947 1207 2996 idem
1238 2951 1319 2996 est
1348 2951 1603 3010 tanquam
1625 2948 1820 3010 impius
1840 2961 1974 3005 sum,

332 3006 529 3068 teris?
597 3006 702 3088 Et
758 3010 809 3070 si
880 3010 1111 3088 impius
1179 3012 1380 3085 fuero,
1452 3006 1544 3070 vae
1608 3006 1762 3071 mihi
1833 3019 1971 3070 est:

329 3088 458 3150 quia
485 3087 697 3152 pondus
730 3087 1033 3151 poenarum,
1061 3103 1179 3152 qui»
1210 3090 1374 3152 impio
1404 3089 1686 3151 debentur,
1719 3091 1972 3139 sustineo.

332 3157 396 3211 et
477 3151 527 3210 si
602 3150 835 3229 justus,
910 3172 1033 3212 non
1078 3150 1328 3214 levabo
1399 3160 1591 3231 caput
1659 3160 1975 3214 saturatus

1283 344 1701 413 EXPOSI'I‘IO
1745 327 2357 412 INTERLINEARIS
2403 345 2610 411 LIBRI
2652 340 2821 411 JOB.

2017 1855 2064 1919 B

3598 339 3751 410 i490

2014 487 2070 551 Α
2100 483 2175 553 ita
2204 482 2542 553 aggrediatur
2571 489 2813 532 sanctum
2841 479 2959 542 Job,
2989 478 3142 546 quasi
3174 490 3392 545 magna,
3446 481 3499 532 et
3526 480 3753 545 grandia

2102 544 2171 592 sit
2202 543 2466 593 dicturus.

2091 606 2229 668 Tibi
2313 609 2429 668 soli
2474 608 2774 668 tacebunt
2857 606 3142 668 homines
3170 607 3200 665 ?
3260 612 3323 668 et
3366 624 3510 668 cum
3557 612 3747 668 caete-

3377 686 3513 735 Ergo
3544 686 3745 735 calum-

3420 700 3513 750 rgo
3544 700 3745 736 calum-

2093 766 2196 807 ros
2277 748 2562 821 irriseris,
2654 769 2691 809 a
2733 750 2907 810 nullo
2980 748 3408 810 confutaberis
3433 748 3471 809 7'
3522 750 3745 811 Dixisti

2093 828 2315 892 nia‘toris
2342 828 2456 877 haec
2486 829 2648 879 verba
2686 834 2828 887 sunt,
2877 843 2985 877 non
3042 830 3320 878 veritatem
3375 832 3428 878 et
3477 829 3741 892 justitiam

2093 890 2321 951 enim:
2395 894 2597 953 Purus
2668 901 2762 953 est
2830 910 3034 953 sermo
3108 910 3308 967 meus,
3365 898 3428 952 et
3470 890 3745 953 mundus

2132 971 2486 1035 rosequentis.
2520 1034 2527 1035 ί
2800 1033 2813 1035 ᾼ
3375 972 3434 1019 In
3468 970 3743 1035 loquendo

2132 984 2486 1033 rosequenus.
3376 984 3434 1019 ω
3470 984 3743 1035 loquendo

2095 984 2817 1115 [)Vulg.mundussum]
2864 1034 2927 1094 in
2971 1039 3308 1115 conspectu
3356 1041 3486 1095 tuo.
3537 1041 3744 1115 Atque

2092 1126 2275 1177 vocem
2309 1113 2402 1162 Dei
2432 1114 2602 1161 voluit
2620 1113 2939 1172 indicare,ac
2959 1114 3002 1162 si
3023 1113 3166 1163 dicat
3187 1128 3198 1162 :
3223 1114 3500 1176 imperitiae
3523 1119 3629 1164 tum
3645 1113 3743 1177 po-

2094 1175 2200 1223 tius
2229 1189 2391 1237 quam
2422 1189 2595 1238 paenae
2626 1178 2935 1237 compatior.
3300 1175 3314 1176 ί
3582 1175 3739 1227 Vocis

2095 1239 2357 1318 utinam,
2420 1240 2583 1298 Deus
2665 1239 3029 1318 loqueretur
3112 1244 3341 1318 tecum,
3427 1244 3490 1299 et
3601 1258 3745 1318 ape-

2094 1330 2204 1366 sum
2235 1317 2636 1380 intelligentiam
2664 1316 2829 1367 daret.
2899 1317 3083 1367 Cordis
3112 1316 3228 1380 ejus
3263 1318 3443 1368 addita
3460 1322 3512 1368 et
3540 1316 3745 1369 remota

2094 1380 2247 1440 riret
2286 1381 2457 1441 labia
2497 1400 2612 1441 sua
2654 1382 2789 1451 tibi,
2837 1389 2907 1443 ut
2948 1384 3305 1442 ostenderet
3348 1382 3460 1441 tibi
3504 1388 3745 1443 secreta

2090 1460 2309 1524 judicia.
2331 1461 2386 1509 in
2484 1462 2680 1523 quibus
2714 1460 2796 1511 lex
2810 1459 3279 1524 ejusmultiplexet
3302 1460 3752 1513 inscrutabiliust

2095 1523 2443 1599 sapientiae,
2488 1530 2550 1583 et
2600 1524 2770 1602 quod
2832 1523 3161 1601 multiplex
3203 1529 3367 1603 esset
3400 1524 3515 1585 lex
3556 1525 3739 1603 ejus!

2158 1607 2262 1651 Hoc
2293 1603 2574 1664 intelliges,
2609 1604 2651 1652 si
2675 1603 2878 1665 judicia
2907 1603 3026 1666 ejus
3055 1602 3370 1666 intenderis.

2095 1665 2174 1724 Et
2212 1666 2595 1743 intelligeres
2637 1664 2807 1745 quod
2879 1664 3077 1727 multo
3146 1665 3390 1726 minora
3440 1664 3742 1793 Sexitgaris

3479 1758 3559 1793 1011
3614 1758 3742 1793 ιυνι-

3479 1744 3586 1793 icut
3614 1745 3747 1793 invi-

2097 1824 2135 1865 a
2176 1807 2328 1877 Deo,
2362 1826 2553 1884 quam
2586 1813 2929 1867 mereretur
2958 1807 3260 1884 iniquitas
3290 1812 3422 1867 tua.
3456 1808 3742 1867 Forsitan

2094 1886 2263 1934 sibilis
2292 1889 2373 1936 est
2400 1888 2561 1946 Deus,
2591 1887 2664 1936 ita
2709 1891 2763 1936 et
2792 1886 3371 1949 incomprehensibilis.

2092 1950 2357 2027 vestigia
2439 1951 2549 2010 Dei
2630 1948 3145 2029 comprehendes,
3234 1956 3297 2012 et
3382 1966 3580 2029 usque
3664 1948 3747 2029 ad

3296 2028 3575 2078 Credimus
3602 2028 3747 2090 quod

2094 2090 2439 2171 perfectum
2510 2092 3006 2169 omnipotentem
3053 2092 3325 2171 reperies
3354 2092 3382 2148 ?
3414 2090 3746 2171 iExcelsior

2095 2168 2293 2231 ubique
2328 2175 2407 2219 est
2440 2171 2597 2227 Deus,
2630 2168 2851 2219 et’intra
2872 2184 2995 2219 eum
3017 2168 3215 2228 omnia,
3238 2184 3358 2232 quae
3379 2170 3445 2217 ab
3476 2183 3538 2218 eo
3567 2173 3745 2232 creata

2092 2245 2230 2289 sum,
2262 2233 2627 2281 continentur.
2867 2233 2958 2281 His
2987 2234 3163 2282 verbis
3192 2231 3320 2281 dicit
3346 2232 3513 2279 Deum
3543 2231 3743 2294 ubique

2092 2300 2184 2356 est
2228 2296 2412 2367 caelo,
2461 2301 2523 2355 et
2565 2294 2717 2372 quid
2768 2296 2955 2355 facies
2983 2297 3011 2354 ?
3052 2294 3431 2356 Profundior
3471 2294 3739 2365 inferno,

2092 2387 2227 2436 esse,
2260 2380 2315 2425 et
2336 2378 2579 2424 sanctum
2600 2374 2698 2423 Job
2721 2375 3061 2438 arguit,quod
3078 2388 3264 2437 pcenas
3285 2374 3475 2423 merito
3490 2374 3739 2435 patiatur,

2093 2440 2366 2516 et_unde
2409 2438 2814 2515 cognosces?
2872 2438 3145 2516 Longior
3213 2443 3380 2498 terra
3441 2454 3743 2516 mensura

2091 2523 2143 2568 et
2164 2513 2376 2583 judicia
2405 2513 2514 2583 quij
2533 2516 2952 2583 reprehenderit.
2985 2513 3130 2583 Sicut
3154 2516 3415 2583 mundum
3436 2515 3490 2564 in
3522 2515 3743 2583 diluvio,

2090 2579 2251 2659 ejus,
2297 2588 2359 2643 et
2401 2579 2604 2641 altior
2633 2580 2810 2640 mari.
2862 2581 2928 2643 Si
2970 2580 3347 2642 subverterit
3374 2579 3609 2652 omnia,
3642 2580 3742 2640 vel

2090 2668 2144 2712 et
2178 2661 2449 2725 Egyptios
2479 2660 2579 2708 sub
2609 2659 2779 2722 aquis.
2861 2722 2871 2725 _
3091 2722 3102 2725 _
3440 2720 3479 2725 υ
3608 2698 3611 2701 λ

2086 2726 2152 2786 in
2224 2719 2421 2786 unum
2492 2719 2926 2797 coarctaverit,
3000 2722 3141 2802 quis
3196 2720 3585 2849 contrachicet
3626 2719 3740 2780 ei?

3487 2814 3549 2849 OC
3577 2813 3739 2849 εεῐιειι

3487 2814 3549 2849 OC
3577 2813 3739 2850 sensu

2088 2870 2226 2946 Ipse
2271 2866 2444 2946 enim,
2508 2864 2683 2946 novit
2751 2864 3076 2924 hominum
3110 2864 3491 2946 vanitatem,
3539 2869 3602 2923 et
3642 2864 3737 2946 vi-

2086 2942 2233 3006 dicit,
2255 2945 2564 3010 quodDeus
2587 2944 2773 3005 iniqua
2794 2948 3013 3007 agentes
3034 2944 3442 3010 animadvertat,
3458 2942 3735 3010 et_punjat.

2088 3005 2283 3071 dens'
2334 3008 2752 3086 iniquitatem,
2828 3005 3035 3067 nonne
3117 3006 3542 3086 considerat?
3625 3005 3734 3065 Vir

2086 3090 2299 3139 Vanitas
2325 3086 2612 3137 obumbrat
3236 3088 3402 3136 Omne
3422 3085 3731 3148 iniquorum

2085 3171 2283 3214 vanus
2352 3152 2415 3210 in
2499 3148 2855 3227 superbiam
2926 3148 3207 3226 erigitur,
3282 3156 3343 3209 et
3424 3155 3727 3227 tanquam

1113 3232 1296 3281 Bestiae
1325 3216 1666 3282 ferocissimas
1704 3234 1972 3283 hominem
2006 3216 2047 3281 C
2086 3247 2257 3295 genus
2278 3230 2392 3279 vult
2412 3216 2938 3295 intelligi,quo_d_non
2960 3216 3177 3277 estloro
3196 3216 3491 3291 disciplinas
3517 3216 3730 3295 suetgm

335 3291 679 3375 afﬂictione
710 3298 813 3375 et”
846 3293 1113 3353 miseria.
1182 3298 1260 3355 Et
1320 3302 1577 3375 propter
1618 3297 1973 3374 superbiam

329 3370 591 3437 humilem
618 3371 897 3422 assimilas.
1039 3435 1046 3437 ξ
1321 3370 1339 3375 ”
1384 3370 1587 3424 veteres
1615 3370 1803 3437 pcenas
1829 3377 1983 3425 novis

334 3434 516 3516 quasi
576 3434 841 3495 leaenam
912 3435 1123 3512 capies
1186 3454 1325 3507 me;
1392 3434 1801 3516 reversusque
1865 3440 1981 3499 mi-

342 3513 588 3589 adjicies.
982 3516 1266 3589 Dimmittis
1296 3517 1629 3589 adversarios
1658 3513 1863 3575 saevire,
1893 3518 1985 3580 qui

343 3577 630 3637 rabiliter
712 3595 812 3637 me
895 3579 1157 3649 crucias,
1262 3586 1323 3639 et
1403 3580 1716 3641 instauras
1799 3577 1985 3641 testes

344 3657 526 3705 testati
558 3656 686 3705 sunt
714 3670 798 3706 me
829 3656 1050 3719 dignum
1083 3671 1382 3721 pinnarum.
1552 3660 1859 3709 vindictam.

345 3738 519 3779 meos
581 3726 799 3780 contra
846 3738 964 3780 me.
1030 3722 1109 3780 Et
1170 3721 1550 3799 multiplicas
1610 3723 1765 3782 iram
1812 3729 1984 3783 tuam

1062 3800 1278 3863 maligni
1322 3801 1686 3851 crudelitatem
1718 3806 1985 3851 exercent.

343 3859 709 3951 adversum
748 3879 869 3949 me,
932 3868 1004 3950 et
1070 3859 1293 3951 ‘pc'en‘ae
1366 3864 1636 3951 militant
1731 3866 1793 3951 in
1863 3884 1984 3925 me.

343 3940 455 3988 Hoc
477 3939 587 4002 jam
617 3943 668 3988 et
697 3940 753 3988 in
776 3940 1038 4003 principio
1054 3939 1211 3991 dixit:
1237 3947 1408 4000 Quare
1431 3958 1538 3993 non
1572 3945 1625 3992 in
1657 3944 1813 3993 vulva
1843 3959 1983 3993 mor—

340 4004 548 4131 ?uare
630 4003 710 4129 de
794 4004 981 4064 vulva
1024 4006 1295 4066 eduxisti
1342 4026 1438 4067 me
1467 4008 1495 4066 ?
1540 4008 1655 4078 Qui
1746 4008 1986 4069 utinam

370 4096 473 4131 uus
503 4095 619 4130 sum

370 4096 473 4131 uus
503 4095 619 4130 sum

343 4151 755 4223 consumptus
826 4164 1049 4218 essem,
1124 4166 1200 4207 ne
1272 4148 1491 4208 oculus
1560 4168 1659 4209 me
1728 4150 1986 4209 videret.

343 4225 418 4273 De
449 4223 551 4272 hoc
579 4228 631 4272 et
661 4225 810 4286 prius
823 4224 955 4274 dixit
981 4241 991 4273 :
1018 4226 1164 4276 Sicut
1183 4227 1484 4276 abortivum
1498 4228 1867 4279 absconditum
1884 4243 1991 4278 non

345 4286 622 4347 Fuissem
698 4288 879 4364 quasi
946 4308 1068 4349 non
1142 4309 1365 4359 essem,
1440 4290 1518 4351 de
1574 4298 1753 4352 utero
1798 4300 1995 4353 trans-

348 4366 691 4433 subsisterem
922 4430 931 4433 _
1010 4369 1129 4417 Dies
1158 4369 1281 4418 vita:
1312 4383 1461 4428 meas,
1489 4372 1582 4433 qui
1612 4384 1758 4421 nunc
1778 4373 1831 4420 in
1846 4372 1993 4420 brevi

347 4429 513 4512 latus
551 4429 661 4512 _ad
735 4430 1070 4512 tumulum.
1139 4433 1457 4511 Numquid
1502 4429 1626 4494 non
1714 4436 1995 4512 paucitas

350 4506 609 4577 praeteriti
629 4511 773 4565 sunt,
790 4509 999 4577 absque;
1012 4512 1283 4577 tormentis
1312 4506 1419 4560 non
1452 4506 1995 4577 transigofRequiem

349 4570 921 4654 dierum__meoruni
969 4574 1222 4634 finietur
1264 4575 1435 4635 brevi
1466 4578 1495 4633 ?
1550 4570 1803 4637 Dimitte
1832 4570 1997 4654 .ergo
2031 4587 2076 4651 D
2109 4576 2333 4654 dianus
2416 4572 2627 4654 fulgor

348 4649 524 4699 tribue
552 4649 702 4698 mihi.
718 4713 729 4717 _
768 4652 957 4701 merita
978 4654 1423 4712 delictorum,sive
1445 4654 1679 4703 dolorem
1697 4649 1993 4717 pcenarufn.

336 4731 469 4787 me,
518 4718 589 4772 ut
670 4713 969 4792 plangam
1044 4717 1369 4795 paululum
1430 4713 1712 4779 dolorem
1761 4739 1995 4791 meum,

1623 4799 1773 4855 Quod
1801 4804 1996 4848 terram

348 4859 691 4932 antequam
738 4856 963 4916 vadam
1039 4865 1099 4917 et
1153 4876 1275 4917 non
1323 4864 1600 4918 revertar
1642 4862 1720 4921 ad
1766 4868 1994 4922 terram

346 4932 644 5004 inferorum
676 4933 1017 4999 descripserit
1045 4937 1174 4985 nulli
1205 4937 1427 4986 dubium
1463 4942 1577 5004 est;
1612 4953 1720 4989 non
1751 4942 1894 5004 quod
1932 4941 1997 4990 ad

345 4996 771 5089 tenebrosam,
852 4996 922 5058 ret
1006 5006 1289 5089 Opertam
1370 5002 1595 5089 ‘m_orti_s
1705 4996 1995 5089 caligine,

346 5078 544 5124 terram
578 5077 940 5143 tenebrosam,
972 5077 1066 5143 qui
1098 5079 1304 5142 culpam
1354 5079 1529 5135 deﬂet,
1562 5081 1731 5130 iturus
1760 5077 1874 5143 est';
1908 5084 2000 5133 sed

346 5144 582 5211 terram
658 5140 921 5201 miseriae
988 5140 1055 5202 et
1125 5140 1547 5213 tenebrarum,
1626 5145 1732 5203 ubi
1776 5140 2003 5206 umbra

349 5218 496 5280 quod
523 5217 588 5286 ad
616 5218 755 5268 hanc
789 5220 974 5286 procul
1004 5222 1281 5286 dubio,qui
1314 5222 1569 5284 plangere
1599 5223 1999 5286 negligit,vadit.

352 5281 597 5363 mortis,
643 5289 707 5342 et
750 5281 960 5345 nullus
1003 5285 1180 5357 ordo,
1207 5281 1289 5345 'et
1317 5281 2004 5363 sem'piternusvhorror

351 5360 741 5422 inhabitans.

996 5465 1250 5526 CAPUT
1281 5464 1360 5525 XI

668 5540 771 5606 iste
829 5542 1082 5592 conviciis
1112 5543 1274 5606 ccepit
1302 5542 1448 5605 loqui
1482 5543 1547 5591 ad
1577 5542 1691 5592 Job.

434 5601 844 5689 Respondens
934 5612 1143 5689 autem
1196 5601 1467 5689 'Sopiiar
1549 5608 2001 5689 Naamathites,

353 5678 427 5747 ᾼρ
456 5680 500 5747 si
522 5678 1035 5747 dixisset.Numquid
1062 5689 1233 5747 potest
1247 5678 1324 5732 vir
1338 5685 1596 5733 verbosus
1620 5686 1828 5736 laudem
1844 5678 1999 5737 lialie;

352 5742 561 5806 dixit:
646 5742 973 5826 Numquid
1045 5742 1153 5826 qui
1218 5748 1415 5806 multa
1488 5747 1787 5825 loquitur,
1881 5771 2004 5812 non

357 5835 430 5879 re,
461 5836 583 5872 eum
616 5823 684 5873 sit
713 5826 767 5874 in
798 5823 1094 5876 offensione
1124 5827 1302 5875 nimim
1334 5823 1669 5875 verbositatis
1690 5830 1911 5879 otiosus.

354 5885 673 5960 exaudiet,
761 5895 869 5951 aut
952 5890 1045 5951 vir
1128 5888 1429 5951 verbosus
1504 5889 2007 5968 justiﬁcabitur?

2092 3292 2601 3375 pullumqonagri
2644 3310 2709 3351 se
2752 3292 3019 3375 liberum
3072 3297 3290 3353 natum
3362 3296 3562 3370 putat.
3634 3292 3730 3353 Tu

2341 3372 2541 3422 durasti
2568 3375 2625 3419 ut
2654 3384 2765 3420 non
2796 3371 3105 3434 pmniteres.

2093 3442 2301 3498 autem
2376 3434 2645 3495 ﬁrmasti
2714 3432 2822 3495 cor
2894 3439 3095 3507 tuum,
3151 3438 3212 3494 et
3254 3432 3609 3512 expandisti
3651 3432 3732 3493 ad

2092 3517 2223 3565 falsa
2253 3515 2562 3564 meritorum
2592 3527 2769 3575 opera.

2092 3583 2291 3640 Deum
2339 3596 2561 3637 manus
2622 3583 2782 3635 tuas.
2830 3576 2894 3636 Si
2963 3576 3358 3653 iniquitatem
3430 3593 3572 3652 quae
3644 3580 3737 3633 est

3285 3656 3525 3702 sanctam
3558 3653 3738 3715 utique

2094 3720 2155 3779 in
2205 3737 2392 3779 manu
2442 3722 2569 3789 tua,
2619 3716 2949 3776 abstuleris
2992 3734 3030 3775 a
3085 3723 3163 3787 te,
3240 3722 3301 3775 et
3371 3735 3495 3775 non
3568 3733 3742 3774 man-

2096 3798 2379 3863 possidens
2410 3795 2811 3855 conscientiam,
2862 3795 3079 3844 liberam
3117 3795 3180 3844 ad
3213 3794 3612 3857 deprecandum
3643 3793 3741 3843 eri-

2096 3862 2173 3910 gis
2198 3861 2389 3910 faciem
2420 3863 2584 3907 tuam.

2096 3877 2173 3926 gis
2198 3872 2389 3926 faelem
2420 3872 2584 3926 tuam.

2098 3919 2247 3985 serit
2313 3924 2375 3983 in
2457 3919 2866 3981 tabernaculo
2965 3925 3073 3979 tuo
3164 3919 3490 3985 iniustitia.
3578 3919 3740 3979 Tum

2099 4005 2306 4065 levare
2378 4002 2613 4081 puteris
2680 4000 2903 4081 faciem
2969 4007 3141 4061 tuam
3186 3999 3423 4079 absque
3469 3999 3735 4081 macula,

2099 4086 2211 4134 Eris
2239 4078 2418 4154 utique
2442 4080 2938 4154 baciid‘uciaﬂrmus
2951 4085 3071 4130 ante
3097 4078 3355 4154 Deum,_et
3384 4078 3745 4154 stabilis.\'itaa

2100 4154 2162 4209 et
2245 4143 2365 4207 eris
2446 4144 2687 4205 stabilis
2770 4148 2831 4203 et
2916 4162 3037 4203 non
3123 4143 3393 4204 timebis.
3480 4143 3746 4203 Miseria

2100 4226 2402 4291 prmsentis,
2436 4224 2561 4291 quia
2577 4225 2784 4291 quanto
2808 4222 2927 4285 quis
2947 4220 3177 4291 amplius
3197 4222 3434 4272 cmlestia
3462 4220 3746 4279 desiderat,

2106 4286 2359 4372 quoque
2401 4286 2914 4372 oblivisceri3,_et_
2957 4286 3136 4372 quasi
3196 4303 3529 4372 aquarum.
3605 4302 3747 4372 qum

2103 4364 2491 4438 tanto'plenius
2515 4371 2725 4415 terrena
2753 4364 3098 4438 obliviscitur.
3165 4366 3257 4438 __ln
3287 4364 3748 4438 consummatione

2106 4427 2566 4510 praeterierunt,
2643 4428 3090 4510 recordaberis.
3165 4430 3242 4489 Et
3312 4427 3749 4510 quasi_tneri_-

2108 4504 2345 4561 laborum
2378 4516 2593 4559 tuorum
2624 4508 2716 4557 tibi
2748 4508 2802 4555 in
2833 4508 3251 4557 consolationem
3273 4504 3349 4557 sol
3363 4506 3584 4569 justitias
3605 4504 3751 4553 Chri-

2734 4578 3071 4649 consurget
3180 4571 3293 4631 tibi
3375 4570 3455 4630 ad
3540 4586 3752 4649 vespe-

2108 4660 2222 4704 stus
2252 4648 2539 4703 adveniet.’
2594 4719 2601 4722 Α
2653 4654 2772 4711 post
2800 4648 3019 4700 mortem
3050 4664 3339 4722 consurges
3366 4648 3718 4722 ingloriarn.‘

2104 4736 2265 4789 ram,
2312 4722 2374 4776 et
2417 4733 2557 4775 cum
2589 4719 2646 4773 te
2677 4722 3118 4793 consumptum
3149 4713 3487 4792 putaveris,
3508 4792 3513 4793 γ
3536 4713 3754 4793 orieris

2750 4794 2875 4856 quia
2900 4790 3020 4856 post
3048 4790 3256 4856 plagam
3287 4792 3517 4855 reparari
3534 4790 3753 4856 poteris.

2107 4866 2176 4920 ut
2221 4857 2483 4919 Lucifer.
2553 4857 2627 4915 Et
2709 4853 2970 4916 habebis
3050 4853 3364 4916 fiduciam
3430 4853 3755 4933 proposita

2324 4936 2457 4994 Quia
2510 4935 2689 4995 justus
2738 4935 2875 4984 sicut
2928 4936 3008 4985 leo
3047 4935 3376 4985 confidenter
3405 4931 3658 4989 ambulat,
3688 4931 3755 4980 ad

2108 5000 2221 5061 tibi
2289 5018 2419 5078 spe,
2485 5005 2546 5057 et
2614 4998 2895 5058 defossus
2965 5017 3220 5060 securus
3289 4997 3608 5059 dormiens
3652 5013 3753 5055 re-

2109 5080 2311 5129 nullius
2368 5078 2587 5140 pavebit
2615 5090 2911 5140 occursum.

2390 5140 2520 5208 Quia
2550 5143 2709 5208 tanto
2729 5139 2953 5208 quisque
2981 5154 3012 5208 _a
3041 5153 3095 5188 se
3122 5139 3333 5208 plenius
3386 5149 3638 5208 pavorem
3660 5135 3754 5208 qui

2111 5216 2176 5253 ex
2205 5196 2510 5265 mundo'est
2539 5201 2718 5263 adjicit
2747 5196 2949 5265 quanto
2978 5202 3030 5249 in
3062 5196 3350 5265 semetipso
3371 5196 3550 5250 verius
3568 5196 3756 5249 mundi

2111 5264 2598 5327 concupiscentiam
2628 5264 2811 5312 vincit.

2116 5326 2419 5406 quiesces.
2506 5328 2584 5385 Et
2684 5345 2807 5386 non
2893 5326 3029 5406 erit,
3111 5326 3219 5406 qui
3305 5331 3363 5406 te
3447 5328 3759 5406 exterreat

2121 5404 2422 5470 ilypocritae
2441 5405 2824 5470 intercessores
2837 5405 3003 5455 videri
3031 5419 3126 5467 pro
3139 5404 3446 5454 hominibus
3474 5405 3758 5470 appetunt.

2114 5465 2643 5548 etnprecabuntur
2710 5469 2935 5529 faciem
3019 5465 3193 5529 tuam
3280 5465 3755 5547 quamp‘lurimi.

2113 5550 2443 5598 Intentiones
2476 5548 2767 5596 carnalium
2798 5548 3201 5597 desideriorum.

2114 5612 2293 5673 Oculi
2337 5618 2546 5671 autem
2592 5611 2930 5738 impiorum
2998 5612 3309 5677 deﬁcient.
3358 5616 3419 5671 et
3461 5608 3759 5693 effugium

2718 5704 2779 5739 oc
2810 5695 2906 5739 est.
2937 5692 3218 5739 nrmsentis
3249 5691 3371 5739 vita:
3400 5689 3573 5738 honor
3604 5690 3654 5735 et
3684 5683 3759 5731 d1-

3514 5702 3573 5736 Ol'
3604 5700 3654 5735 ϐῑ
3684 5700 3765 5731 αι-

2680 5695 2779 5739 boc
2810 5695 2906 5751 est,
2937 5695 3218 5755 praesentis
3249 5695 3371 5739 vita:
3402 5695 3573 5738 honor
3604 5695 3654 5735 et
3684 5695 3765 5758 qi-

2114 5752 2343 5835 peribit
2426 5751 2504 5811 ab
2590 5752 2698 5827 eis,
2787 5760 2848 5814 et
2930 5776 3071 5835 spes
3115 5773 3331 5817 eorum
3375 5749 3765 5813 abominatio

2123 5832 2285 5881 vitim.

2116 5896 2371 5958 animae.
