4084 6176
278 362 433 434 1492
1213 366 1632 432 EXPOSITIO
1678 362 1929 432 INTERl

2043 365 2281 430 'EARIS
2326 367 2535 431 LIBRI
2577 366 2739 432 JOB.
3520 354 3674 429 1494

271 504 402 572 mihi
426 500 955 572 veniet_i_a_salutem,
987 516 1107 553 cum
1133 504 1247 552 vias
1270 517 1411 553 ineas
1446 505 1787 567 castigatione
1811 519 1911 566 pu-
1946 512 1994 572 Α
2026 504 2125 551 mei
2149 499 3357 572 acceperunt,utcomplementistliterminum
3382 514 3491 551 non
3517 514 3671 572 eaco-

271 567 501 644 τίβοδιδε
530 564 827 642 τθάάίάθ,¹“θ·
943 564 950 567 ⁷
1165 635 1175 647 ,
1333 628 1345 640 ,
1582 564 1593 567 ⁷
1812 564 1823 566 ⁷
1895 564 2325 647 ,”ιθι·ωἱῃυε
2367 566 2518 647 ejus
2604 564 2712 645 qui
2768 567 3075 646 praeteriri
3159 586 3284 628 non
3343 570 3669 647 poterunt.

271 632 407 691 vias
490 648 659 690 meas
742 632 806 689 in
890 635 1227 708 conspectu
1293 632 1427 707 ejus
1484 648 1767 708 arguam,
1856 636 1915 689 et
2023 646 2169 695 dant.
2205 632 2435 709 Flagella
2462 646 2581 695 vitae
2605 632 2883 709 praesentis
2907 647 3178 697 subtrahe.

1227 709 1326 788 V9?
1356 713 1532 758 autem
1563 707 1652 784 Qui
1683 709 1917 788 estisnuf
2025 709 2267 769 Recede
2305 707 2650 786 paululum
2708 711 2787 770 ab
2844 729 2941 783 eo,
2994 717 3063 771 ut
3119 710 3489 788 requiescat,
3552 707 3667 768 do-

1274 775 1408 832 Non
1485 775 1649 831 enim
1712 775 1916 831 veniet
2148 789 2288 836 Bona
2319 775 2515 849 quietis
2544 793 2759 838 aeternae
2791 775 3033 840 ostende.

2021 869 2136 910 nec
2184 858 2402 929 optata
2448 854 2660 912 veniat
2713 852 2870 913 sicut
2921 852 3288 913 mercenarii
3318 852 3450 912 dies
3506 850 3667 928 ejus.

2023 931 2192 978 Homo
2223 931 2553 992 migrationis
2575 932 2639 981 de
2672 932 2881 981 smculo.
3109 932 3173 980 de
3204 932 3455 993 praesenti
3477 930 3605 979 vita.

2019 994 2285 1071 Lignum
2330 994 2521 1054 habet
2577 1014 2773 1073 spem,
2837 1001 2899 1055 et
2955 996 3005 1055 si
3063 996 3392 1073 praecisum
3454 993 3663 1065 fuerit,

2024 1094 2118 1144 per
2146 1082 2589 1131 resurrectionem
2622 1097 2816 1145 corpus
2850 1084 3135 1131 reviviscit.

2770 1163 2946 1211 Sancti
2977 1162 3247 1211 auditores
3286 1162 3375 1224 qui
3406 1163 3668 1211 bonorum

2796 1226 3041 1288 exempla
3072 1229 3368 1288 sequuntur
3465 1228 3523 1273 In
3546 1240 3669 1287 pec-

2022 1305 2269 1346 rursum
2328 1286 2597 1359 virescit,
2658 1293 2718 1347 et
2775 1286 2969 1348 ramii
3008 1286 3161 1366 ejus
3202 1286 3561 1366 pullulant.’
3599 1289 3668 1348 Si

2021 1366 2151 1414 catis
2172 1366 2338 1415 Adam
2370 1372 2679 1415 senescente
2701 1366 2843 1429 ligno
2867 1372 2921 1417 et
2943 1368 3089 1430 omni
3112 1368 3255 1417 bono
3277 1372 3500 1425 naturis,
3525 1367 3669 1430 quod

1980 1431 2292 1488 senuerit
2348 1430 2408 1488 in
2469 1436 2634 1490 terra
2690 1432 2867 1490 radix
2927 1429 3083 1507 ejus,
3163 1436 3224 1489 et
3279 1431 3343 1489 in
3413 1429 3669 1508 pulvere

2020 1508 2213 1585 habuit
2221 1523 2251 1557 a
2268 1508 2551 1585 viriditate,
2566 1514 2915 1585 praemortuo,
2931 1511 2997 1559 ad
3018 1510 3239 1584 odorem
3268 1524 3419 1585 aqua:
3441 1511 3669 1585 b‘asptis-

2020 1578 2343 1631 emortuus
2426 1573 2612 1632 fuerit
2692 1579 2949 1633 truncus
3028 1574 3182 1650 ejus,
3271 1573 3350 1632 ad
3408 1574 3669 1633 odorem

2021 1651 2176 1698 matis
2191 1664 2400 1699 rursum
2415 1651 2723 1715 frondescit,
2740 1653 2889 1715 quasi
2903 1666 3020 1700 cum
3038 1653 3268 1715 primum
3285 1652 3581 1715 plantatum
3594 1655 3674 1701 est

2022 1732 2203 1790 aqua:
2256 1714 2653 1793 germinabit,
2714 1714 2776 1774 et
2860 1714 3053 1775 faciet
3130 1714 3401 1786 comam,
3490 1715 3672 1793 quasi

2022 1792 2074 1840 in
2107 1791 2371 1854 paradiso.
3299 1795 3468 1843 Homo
3498 1791 3674 1843 malus

1942 1874 2164 1942 Bcum
2235 1855 2565 1942 primum“
2600 1856 2966 1942 plantatum.
3012 1864 3144 1942 est.
3213 1860 3435 1942 _Homo
3522 1875 3671 1942 vero

2020 1935 2269 1997 prtesenti
2300 1935 2421 1983 vita:
2452 1936 2770 1991 subtractus,
2799 1936 2913 1984 sine
2936 1934 3100 1985 dubio
3130 1937 3185 1985 in
3212 1937 3484 1986 interitum
3507 1938 3669 1987 vadit.

2021 2016 2163 2057 cum
2223 2005 2508 2058 mortuus
2564 1999 2770 2074 fuerit,
2832 2005 2894 2059 et
2950 2001 3224 2059 nudatus
3278 2006 3467 2078 atque
3515 2018 3670 2061 con-

2021 2083 2332 2155 sumptus,
2393 2078 2520 2150 ubi,
2584 2097 2817 2155 quaeso,
2882 2079 3021 2138 est?
3077 2081 3428 2153 Quomodo,
3485 2081 3535 2141 si
3568 2099 3669 2141 re-

2208 2156 2439 2205 Mundus
2470 2158 2599 2205 mari
2630 2161 2986 2219 comparatur.

2023 2219 2249 2278 cedant
2304 2238 2485 2297 aquae
2518 2221 2594 2279 de
2653 2221 2828 2288 mari,
2869 2228 2930 2281 et
2989 2221 3214 2283 fluvius
3264 2222 3671 2282 vacuefactus

2424 2299 2693 2365 Subducta
2724 2300 2904 2349 anima
2933 2314 3159 2365 vacuum
3186 2304 3427 2350 remanet
3456 2315 3671 2365 corpus.

2023 2366 2314 2421 arescat:
2366 2362 2453 2420 sic
2513 2362 2704 2422 homo
2769 2380 2910 2422 cum
2971 2364 3318 2436 dormierit,
3388 2383 3513 2425 non
3552 2362 3670 2425 'rc-

2163 2441 2389 2490 Aereum
2422 2440 2613 2490 ccelum
2644 2443 2937 2503 periturum
2968 2442 3112 2498 dicit.
3144 2448 3195 2493 et
3225 2448 3353 2493 tunc
3373 2444 3671 2494 humanum

2023 2510 2258 2579 surget.
2320 2506 2527 2564 Donec
2612 2511 2920 2566 atteratur
3003 2507 3259 2580 caelum,
3344 2526 3469 2567 non
3540 2509 3670 2569 evi-

2024 2596 2217 2647 corpus
2248 2588 2666 2633 resurrecturum
2699 2585 2954 2647 praedicit.
3538 2588 3673 2646 Quia

2026 2646 2249 2722 gilabit
2308 2666 2419 2707 nec
2478 2646 2812 2724 consurget
2876 2648 2953 2708 de
3010 2668 3232 2709 somno
3318 2668 3453 2710 suo.
3524 2653 3673 2722 Quis

2024 2738 2183 2773 nemo
2216 2730 2338 2775 ante
2370 2726 2660 2776 adventum
2690 2728 2880 2777 Christi
2912 2728 3155 2777 ascendit
3184 2730 3237 2777 in
3259 2730 3470 2779 ccelum.

2028 2788 2179 2847 mihi
2239 2790 2357 2849 hoc
2406 2790 2642 2851 tribuat
2698 2798 2766 2850 ut
2816 2791 3060 2851 inferno
3119 2798 3411 2871 protegas
3463 2813 3579 2865 me,
3612 2799 3674 2853 et

2886 2871 3151 2920 Districtio
3180 2886 3340 2933 super
3370 2877 3673 2934 peccatores

2638 2932 2836 2992 donec
2896 2939 3173 2994 transeat
3246 2932 3419 2995 furor
3505 2942 3668 3009 tuus,

2026 3009 2203 3057 Donec
2223 3011 2458 3058 Christus
2479 3010 2707 3060 redimat
2726 3026 2841 3071 nos,
2857 3013 3080 3062 obsecro
3096 3018 3153 3062 ut
3169 3015 3467 3064 aministris
3481 3016 3677 3064 infero-

268 3092 431 3141 rebua
459 3090 730 3156 vilissimis
759 3098 1129 3156 sercomparat,
1196 3074 1215 3093 ι
1278 3074 1287 3075 7
1484 3074 1493 3075 ί
1748 3074 1766 3093 ι
2025 3078 2086 3131 et
2143 3074 2752 3156 constituas
2812 3082 3056 3154 tempus
3114 3077 3179 3136 in
3261 3096 3388 3156 quo
3474 3097 3676 3139 I‘CCOP-

271 3155 551 3216 οειθηάίε
610 3152 979 3232 potentiam'
1016 3163 1213 3228 tuam,
1263 3162 1325 3217 οι
1354 3157 1651 3235 stipulam
1686 3156 1913 3215 Siccam
2024 3152 2556 3235 riumdefendasnme.‘
2609 3222 2619 3235 ‘
2674 3152 3007 3235 lniirmorum
3030 3157 3083 3204 in
3105 3152 3501 3235 se'sententiam
3524 3173 3672 3208 assu-

556 3215 1636 3312 Amarissimoscruciat‘us,amaritildines
1666 3236 1911 3284 nounina-
1945 3247 1986 3312 ρ
2025 3215 2190 3312 ἀεζξίε
2275 3218 2452 3312 mei?
2511 3220 2748 3305 l’utane
2790 3224 3094 3312 .mort‘uus
3141 3220 3355 3312 homo
3414 3241 3675 3312 rursum

271 3298 684 3374 persequeris.
747 3299 980 3357 Scribis
1050 3300 1214 3357 enim
1291 3306 1508 3359 contra
1563 3318 1659 3359 me
1736 3318 1910 3358 ama-
1947 3296 1986 3312 “
2026 3296 2138 3370 αξη·
2175 3363 2185 3374 ι
2224 3359 2252 3374 η
2359 3296 2880 3374 ριιουίιεεηιίιιξεὲδὶίυ
2903 3299 3231 3374 ὺθ¹¹οε,ιξάτιῑ›
3263 3301 3493 3351 incertos
3513 3302 3675 3374 bal)th

268 3359 364 3446 vit,
397 3359 649 3446 quasDeo
682 3378 1021 3438 permittente
1040 3378 1352 3427 sustinebat.
1388 3378 1701 3446 Prodelictis
1726 3379 1917 3446 juven-
2025 3359 2196 3446 Vivat
2224 3359 2252 3415 Ῡ
2324 3360 2606 3446 ,(ξιΙΠ-Οζίβ
2666 3359 2947 3446 ήάίθῦιξβΔ
2990 3362 3218 3446 quibus
3304 3383 3465 3446 ηιξηβ
3553 3365 3671 3425 mi-

270 3440 600 3519 ritudines,
685 3446 747 3499 et
822 3459 1188 3500 consumere
1264 3461 1361 3500 mc
1446 3444 1537 3500 vis
1649 3440 1919 3519 peccatis

2043 3440 2368 3519 aventus‘,.sic
2391 3440 2441 3487 iu
2466 3440 2627 3488 dubio
2648 3445 2728 3489 est
2752 3441 2894 3503 quali
2919 3440 3023 3491 ﬁne
3064 3442 3343 3493 claudatur
3371 3444 3524 3493 labor
3550 3446 3676 3494 vita)

270 3518 474 3583 tutisiet
490 3500 802 3583 ignorantiis
823 3520 1216 3581 deprecatur.ln
1228 3534 1392 3570 nervo
1407 3520 1593 3581 pedem
1617 3500 1921 3583 plonere,est

2043 3500 2331 3574 taurzeseutis.
2598 3565 2611 3583 ‘
2770 3500 2783 3503 “
2951 3566 2964 3579 .
3098 3566 3109 3578 .

273 3563 1923 3660 saanéssgaia""aasi“satagit"i;."‘.35;;.;"i;é:
2030 3563 2776 3660 [itﬁffépuiclqﬂoyfc
2828 3566 3455 3660 νεὶιᾎίθεηίτηωυιθςίς)
3517 3588 3679 3629 mea-

273 3640 587 3710 o'mnesvias
616 3640 855 3709 hominis
874 3640 995 3711 forti
1027 3640 1361 3711 districtione
1393 3662 1630 3724 alligare.
1654 3664 1784 3720 Quia
1819 3640 1926 3710 sin-
2034 3640 2283 3724 Pﬁ’icf’f‘fj?
2315 3646 2588 3724 (ἱυωγξυυί
2611 3643 2760 3724 ίθξίθο
2891 3645 3205 3706 Ῐωὶδίθίίοηθ
3229 3647 3618 3724 ωξίίξάδίονιέξῖλτ

274 3725 419 3784 dem
506 3743 736 3791 meum.
828 3732 890 3785 et
972 3726 1314 3785 observasti
1398 3745 1616 3785 omnes
1674 3726 1927 3786 semitas

277 3804 405 3867 gula
420 3818 648 3867 quaeque
673 3804 879 3852 minuta
898 3805 1126 3855 hominis
1155 3820 1318 3867 Opera
1336 3805 1617 3867 diligenter
1639 3805 1895 3867 explorat.

281 3886 475 3939 meas,
563 3873 625 3927 et
691 3868 952 3945 vestigia
1039 3871 1265 3946 pedum
1358 3888 1638 3929 meorum
1724 3871 1927 3929 consi-

556 3948 786 4008 Longam
811 3948 979 4009 plaga:
1007 3948 1399 3998 tribulationem
1419 3964 1471 3997 se
1494 3948 1689 3997 habere
1714 3948 1929 4006 iudicat,

282 4008 541 4090 derasti.
628 4010 745 4079 Qui
816 4008 1020 4088 quasi
1115 4013 1379 4090 putredo
1473 4012 1935 4071 consumendus

286 4100 449 4150 quem
480 4088 732 4139 diuturna
756 4089 982 4151 putredo
1014 4088 1435 4152 consumpserat.

287 4169 451 4233 sum,
512 4158 574 4212 et
630 4154 808 4231 quasi
867 4154 1307 4215 vestimentum
1357 4155 1527 4233 quod
1588 4154 1938 4215 comeditur

270 772 405 851 ipse
460 773 577 831 erit
642 772 931 832 Salva'or
1004 789 1181 832 acus.

270 850 357 901 me
378 856 651 914 tamquam
678 850 808 912 justi
832 864 1053 914 arguere
1085 852 1417 914 praesumatis
1437 852 1462 897 ‘?

269 916 334 975 in
392 913 729 992 conspectu
810 915 944 992 ejus
1000 913 1203 974 omnis
1260 914 1609 992 hypocrita.
1689 913 1913 973 Audite

582 995 716 1051 Qula
746 1006 852 1040 non
887 994 1251 1056 intelligebant
1275 995 1416 1056 quod
1443 994 1573 1057 justi
1594 993 1911 1055 afﬂigantur,

272 1074 624 1117 sermonem
687 1074 916 1129 meum,
976 1064 1036 1116 et
1090 1059 1426 1135 aenigmata
1473 1058 1773 1135 percipite
1805 1074 1914 1116 au-

270 1136 391 1185 ideo
413 1136 695 1197 aenigmata
726 1136 815 1183 ait.
844 1136 1004 1185 Vobis
1024 1136 1158 1194 dico,
1183 1150 1295 1186 non
1326 1137 1495 1186 habeo
1519 1137 1660 1185 unde
1692 1136 1914 1185 debeam

270 1200 445 1259 ribus
491 1199 734 1259 vestris.
811 1200 876 1259 Si
936 1200 1108 1259 fuero
1157 1200 1500 1277 judicatus,
1560 1200 1687 1259 scio
1745 1199 1913 1277 quod

273 1278 650 1328 condemnari:
686 1290 793 1326 non
824 1278 887 1341 de
918 1278 1008 1327 Dei
1035 1278 1239 1341 judicio
1266 1280 1369 1328 hoc
1393 1279 1537 1327 dicit.

812 1340 905 1389 [lic
926 1340 1108 1416 sermo
1140 1355 1244 1416 non
1277 1342 1581 1416 arrogantia
1609 1342 1915 1416 deputetur,

275 1402 474 1482 justus
519 1402 833 1482 inveniar.
921 1404 1036 1473 Qui
1095 1412 1188 1464 est
1244 1406 1351 1482 qui
1401 1402 1642 1482 judicet
1688 1402 1717 1482 ἶ
1742 1402 1905 1482 Vulg.

339 1482 374 1548 d_
386 1482 448 1548 de
463 1481 654 1548 ﬁducia
666 1482 821 1530 boum
843 1484 1197 1548 conscientiae.
1212 1481 1381 1542 Quare
1400 1481 1546 1548 prius
1564 1497 1672 1533 non
1690 1481 1806 1531 sum
1821 1481 1913 1531 au-

261 1545 603 1623 judicetur]
691 1546 985 1625 mecum?
1066 1548 1343 1619 veniat;
1401 1545 1625 1625 'q'iare
1700 1553 1912 1606 tacens

270 1625 429 1681 ditus,
454 1629 506 1675 et
534 1625 577 1673 si
607 1638 729 1672 reus
760 1624 997 1682 fuissem,
1019 1630 1145 1675 tunc
1172 1624 1512 1675 consumerer
1533 1630 1555 1673 ?

705 1688 891 1735 Totum
924 1687 1053 1737 illud
1089 1692 1183 1745 est,
1215 1690 1357 1751 quod
1390 1704 1419 1736 a
1444 1690 1547 1737 Deo
1570 1692 1782 1751 sanctus
1816 1687 1912 1735 Job

269 1752 656 1809 consumor?
709 1752 845 1809 Duo
905 1755 1149 1810 tantum
1232 1750 1311 1811 ne
1370 1752 1561 1811 facias
1620 1750 1790 1819 mihi,
1854 1757 1914 1809 et

273 1828 526 1902 postulat,
552 1832 608 1902 unt
639 1828 786 1902 prius
808 1829 1016 1902 auferat
1036 1831 1101 1879 ab
1122 1830 1213 1879 illo
1236 1832 1471 1902 plagam,
1512 1830 1707 1902 deinde
1726 1832 1910 1891 poten-

270 1898 419 1952 tunc
475 1910 513 1951 a
567 1892 723 1951 facie
809 1899 918 1951 tua
997 1912 1121 1953 non
1195 1894 1567 1954 abscondar.

269 1972 397 2021 tiam
429 1970 682 2035 divinam,
714 1984 873 2035 quam
906 1972 1167 2022 sustinere
1197 1986 1305 2021 non
1339 1975 1528 2035 potuit.

268 2040 446 2095 tuam
503 2034 688 2111 longe
749 2034 844 2093 fac
899 2054 935 2093 a
993 2054 1112 2107 me,
1174 2043 1235 2095 et
1291 2034 1560 2095 farmido
1622 2040 1728 2094 tua
1786 2052 1911 2093 non

722 2112 879 2169 Quasi
900 2127 959 2161 ex
987 2128 1145 2178 (equo
1174 2116 1417 2164 cominus
1448 2115 1652 2178 positus
1672 2114 1813 2178 dicat
1842 2112 1910 2178 ei,

270 2193 370 2236 me
401 2177 763 2257 terreat.__E.
795 2195 949 2236 voca
990 2176 1106 2251 me,
1171 2184 1233 2238 et
1292 2176 1682 2257 respondebo
1744 2176 1905 2257 tibi!

268 2254 620 2319 quamobrem
641 2253 840 2303 illatam
864 2256 963 2305 sibi
984 2259 1245 2306 sustineat
1262 2253 1631 2306 tentationem.
1758 2254 1913 2304 lnhls

269 2318 380 2379 aut
406 2324 578 2399 certe
607 2318 850 2395 loquar,
903 2326 964 2379 et
992 2326 1071 2399 tu
1122 2323 1429 2399 responde
1477 2321 1652 2380 mihi.
1702 2320 1912 2390 Quan-

269 2397 582 2447 nominibus
603 2399 859 2446 scelerum
890 2402 942 2447 et
970 2397 1277 2449 delictorum
1311 2416 1340 2449 a
1372 2402 1526 2449 beato
1568 2400 1665 2448 Joh
1695 2402 1913 2460 peccata

268 2467 368 2522 tas
420 2460 622 2540 habeo
681 2460 1065 2538 iniquitates,
1126 2470 1187 2523 et
1242 2464 1498 2535 scelera,
1536 2469 1597 2522 et
1654 2467 1915 2540 peccata

268 2539 493 2604 grandia
505 2542 556 2588 et
567 2540 1130 2604 parvasigniﬁeantur,
1148 2556 1267 2604 quae.
1281 2544 1379 2592 sibi
1402 2544 1465 2591 ad
1488 2539 1911 2603 cognoscendam

265 2602 440 2666 plagae
470 2615 684 2667 causam
717 2602 1033 2667 deprecatur
1062 2602 1291 2653 ostendi.
1485 2606 1601 2653 Scio
1634 2605 1757 2667 quia
1779 2616 1913 2667 prae-

273 2665 435 2738 mea,
498 2672 559 2724 et
633 2665 861 2725 delicta
919 2668 1180 2728 ostende
1257 2669 1429 2727 mihi.
1511 2665 1912 2728 Cur'faciem

268 2744 444 2795 sentia
467 2748 560 2810 tua
587 2744 818 2810 visitatio
832 2751 884 2794 et
911 2747 1151 2795 custodia
1174 2752 1269 2805 est,
1285 2762 1441 2810 quam
1461 2762 1491 2795 a
1512 2761 1593 2795 me
1612 2745 1913 2799 abscondis.
1946 2782 1953 2799 ,

268 2815 444 2869 tuam
503 2806 854 2880 abscondis,
918 2816 979 2868 et
1054 2806 1377 2870 arbitraris
1436 2830 1531 2870 me
1590 2810 1911 2869 inimicum

271 2888 401 2937 dum
432 2900 517 2935 me
552 2887 623 2934 ita
652 2888 829 2948 puniri
863 2888 1140 2949 permittis.

557 2949 841 3011 Perpendit
870 2952 1011 3012 apud
1041 2965 1095 2999 se
1125 2950 1253 3014 quid
1281 2955 1419 3000 esset
1438 2951 1631 3014 ipseai
1656 2952 1841 3006 Deum,
1866 2953 1917 2998 et

270 3010 781 3093 tuum?‘_Contra
867 3010 1093 3073 solium
1141 3010 1345 3093 'quod
1432 3010 1614 3075 vento
1676 3014 1916 3093 rapitur

1658 1895 1908 1953 Manum

2024 2929 2372 2990 abscondas
2433 2949 2548 3002 me,

2034 3704 2303 3786 Yo_cabis
2405 3723 2546 3786 ine,
2641 3711 2701 3764 ct
2803 3724 2919 3782 ego
2972 3704 3415 3786 irespondebo
3518 3711 3681 3782 tibi;

2038 3784 2171 3841 Quia
2184 3796 2339 3857 nemo
2354 3783 2548 3832 salvari
2565 3788 2739 3846 potest
2755 3786 2869 3832 sine
2886 3786 2985 3833 hac
2996 3783 3232 3857 dextera,
3250 3788 3303 3837 id
3320 3792 3416 3857 est,
3432 3789 3559 3839 Filio
3574 3790 3684 3838 Dei.

2040 3850 2215 3926 operi
2266 3866 2569 3928 manuum
2633 3855 2879 3907 tuarum
2970 3850 3251 3928 porriges
3309 3852 3680 3923 dexteram:

2255 3926 2475 3993 Singula
2506 3940 2665 3989 opera
2696 3940 2791 3988 pro
2823 3926 3171 3979 retributione
3194 3931 3388 3993 signes.
3517 3932 3689 3982 Poeni-

2045 3996 2110 4050 tu
2172 3990 2420 4067 quidem
2508 4009 2752 4067 gressus
2838 4010 3008 4051 meos
3089 3990 3522 4069 dinumerasti,
3582 3995 3691 4056 sed

2046 4069 2282 4118 tentibus
2302 4073 2517 4131 peccata
2538 4069 2759 4117 reluxas.
2820 4071 2953 4127 Quia
2970 4077 3185 4133 peccata
3203 4073 3499 4133 hominum,
3519 4076 3560 4124 si
3584 4088 3693 4125 non

2050 4133 2257 4216 parcis
2342 4133 2636 4216 peccatis
2678 4134 2881 4216 ‘meis.
2988 4136 3262 4214 Signasti
3344 4139 3525 4216 quasi
3632 4139 3697 4198 in

292 4250 330 4291 a
362 4232 553 4291 tinea.

888 4423 1147 4483 CAPUT
1194 4424 1353 4482 XIV.

385 4551 690 4600 Humanum
722 4567 889 4613 genus
920 4553 1047 4601 dicit
1072 4553 1126 4601 in
1158 4553 1323 4603 Adam
1357 4555 1647 4617 perditum.

376 4616 576 4675 llomo
628 4624 809 4675 natus
840 4617 914 4674 de
976 4618 1257 4687 muliere,
1309 4616 1485 4678 brevi
1532 4620 1745 4678 vivens
1795 4626 1946 4677 tem-
1978 4616 2022 4678 D

482 4699 534 4743 et
562 4694 820 4756 repletum
851 4696 1031 4743 multis
1051 4696 1295 4745 miseriis.
1564 4700 1670 4747 Hoc
1699 4698 1815 4746 loco
1837 4698 1938 4745 fra-

296 4774 474 4835 pore,
536 4758 880 4835 replebitur
948 4760 1157 4819 multis
1234 4760 1517 4820 miseriis.
1580 4762 1768 4832 Quasi
1828 4762 1940 4820 llos

297 4835 553 4900 gilitatem
577 4836 797 4886 humani
827 4839 1036 4900 generis
1058 4838 1417 4900 intelligimus.
1810 4840 1942 4896 Quia

297 4899 656 4979 egredietur
703 4907 765 4959 et
821 4902 1183 4971 conteritur,
1234 4899 1306 4960 et
1356 4902 1516 4979 fugit
1574 4902 1744 4962 velut
1804 4922 1941 4962 um-

299 4978 539 5041 quotidie
554 4979 857 5037 crescimus,
874 4984 965 5029 aut
987 4981 1269 5041 peremnia
1283 4978 1549 5029 momenta
1566 4981 1941 5031 decrescimus.

298 5042 435 5111 bra,
471 5046 533 5121 et
589 5061 911 5121 nunquam
972 5044 1034 5102 in
1087 5044 1307 5104 eodem
1366 5050 1531 5103 statu
1595 5054 1940 5121 permanet.

300 5120 475 5183 Super
491 5119 782 5170 humanum
804 5136 973 5183 genus
993 5123 1177 5171 oculos
1199 5123 1554 5171 miserationis
1566 5119 1791 5183 aperuit.
1818 5130 1871 5173 ut
1890 5126 1945 5173 il-

303 5185 390 5263 Et
432 5183 693 5261 dignum
770 5186 945 5245 ducis
1020 5204 1208 5263 super
1288 5185 1648 5261 hujusmodi
1704 5188 1947 5263 aperire

306 5261 396 5310 lud
418 5263 473 5326 in
494 5263 699 5312 Christo
725 5261 1194 5326 repararet.Sancti
1221 5264 1555 5325 judicabant.
1591 5261 1855 5315 utdicitur
1883 5266 1947 5315 ad

303 5325 522 5387 oculos
597 5325 794 5397 tuos,
846 5335 907 5387 et
990 5328 1301 5388 adducere
1377 5347 1520 5387 eum
1607 5334 1812 5388 tecum
1886 5332 1949 5389 in

304 5405 587 5466 Apostolos
602 5420 612 5453 :
638 5406 888 5455 Sedebitis
898 5420 1049 5464 super
1060 5407 1203 5455 sedes
1212 5407 1503 5465 iudicante:
1516 5408 1776 5456 duodecim
1791 5408 1953 5457 tribus

305 5466 690 5531 Itrqel(Matth.
706 5483 822 5526 xvu,
837 5472 934 5531 28).
951 5472 1449 5520 Reconciliationem
1464 5476 1696 5519 nostram
1721 5474 1951 5521 futuram

303 5530 641 5622 juqiclu‘m.
702 5534 859 5622 Quis.
904 5530 1151 5622 potest.
1191 5535 1403 5622 facere
1487 5535 1793 5595 mundum
1878 5537 1955 5595 dc

313 5611 370 5675 in
390 5609 616 5666 Christo,
641 5609 975 5673 prophetavit
998 5614 1049 5660 in
1074 5613 1285 5675 spiritu.

310 5673 641 5755 immundo
695 5682 1069 5752 conceptum
1105 5673 1413 5755 'semine?
1472 5695 1677 5735 nonne
1728 5685 1791 5736 tu
1850 5679 1957 5755 qui

311 5753 484 5816 solus
543 5756 662 5814 es?
714 5756 935 5816 Brcves
993 5756 1123 5814 dies
1183 5754 1451 5813 hominis
1510 5763 1677 5826 sunt,
1740 5753 1959 5818 nurne-

1259 5834 1559 5883 Mensuram
1589 5835 1709 5883 ﬁnis
1739 5839 1818 5885 sui
1850 5839 1963 5888 dies

320 5914 428 5957 rus
488 5897 798 5958 mensium
850 5896 986 5977 ejus
1042 5896 1209 5977 apud
1270 5902 1329 5958 te
1385 5902 1497 5957 est.

1579 5901 1969 5962 Constituisti

2050 4212 2253 4280 fuerint
2273 4212 2588 4280 pmnitentia
2608 4211 2797 4269 deleta,
2813 4213 2864 4261 in
2882 4211 3405 4280 secretojudicioque
3426 4230 3702 4267 reservan-

2051 4275 2299 4370 sacculo
2380 4276 2619 4370 delicta‘
2666 4294 2852 4349 mea;
2908 4278 3015 4337 sed
3047 4275 3697 4370 “curasti‘oiniquita-

2060 4359 2165 4403 tur.
2478 4356 2547 4421 Ut
2571 4354 2883 4421 plerumque
2914 4358 3177 4421 sanctide
3208 4358 3326 4409 loco
3352 4354 3572 4421 justitiaa
3606 4361 3704 4409 im-

2063 4424 2469 4513 temlneam.
2531 4419 2706 4478 Mons
2761 4420 2942 4513 cadet
2999 4419 3544 4513 deﬂuens‘flfulg.
3578 4442 3705 4513 lca-

2055 4499 2367 4566 mutentur._
2461 4559 2472 4566 _
2514 4560 2525 4566 η
2868 4500 3219 4551 transferatur
3248 4502 3314 4551 ad
3341 4499 3702 4566 iniquitatem.

2058 4562 2211 4621 deus
2242 4559 2554 4637 destruit],
2618 4566 2679 4619 et
2735 4579 2954 4621 saxum
3017 4559 3532 4627 transferetur-de
3564 4567 3703 4627 loco

2275 4639 2411 4705 Duri
2432 4638 2589 4705 corde
2620 4640 2867 4703 malignis
2899 4642 3169 4705 spiritibus
3199 4645 3377 4694 subtili
3410 4646 3706 4694 tentatione

2048 4720 2218 4784 suo._
2264 4702 2529 4779 Lapides
2587 4702 2892 4765 excavaut
2926 4702 2941 4705 “
2975 4725 3178 4784 aquae,
3242 4715 3303 4768 et
3382 4709 3698 4769 alluvione

2049 4780 2407 4851 decipiuntur.
2866 4847 2877 4851 _
2918 4780 3068 4851 Justo
3095 4787 3297 4849 judicio
3324 4801 3445 4836 eum
3476 4789 3568 4851 qui
3601 4788 3699 4836 sibi

2052 4844 2354 4929 paulatim
2392 4850 2557 4929 terra
2597 4847 3008 4929 consumitur.
3044 4844 3122 4910 Et
3177 4844 3510 4910 hominem.
3553 4869 3704 4929 ergo

2053 4923 2331 4971 videbatur
2362 4928 2500 4972 stare
2534 4924 2587 4971 in
2620 4926 2954 4991 rectitudine,
2980 4930 3171 4991 tentari
3202 4931 3480 4991 permittis.

2826 4988 2961 5045 Quia
2993 4990 3169 5055 brevis
3200 4988 3279 5040 est
3310 4993 3417 5041 vita
3447 5005 3709 5055 praesens.

2055 5048 2335 5107 similiter
2404 5048 2643 5125 perdes.
2713 5051 3041 5113 ltoborasti
3123 5074 3265 5114 eum
3350 5048 3705 5134 paululum,

2131 5143 2486 5215 ln_gaudium,
2519 5145 2629 5215 sive
2662 5145 2716 5193 in
2746 5149 3087 5215 supplicium.
3172 5151 3301 5200 Cum
3334 5151 3450 5213 ejus
3480 5153 3708 5215 speciem

2062 5212 2127 5267 ut
2194 5207 2256 5265 in
2318 5214 2690 5285 perpetuum
2753 5207 3144 5287 petrausiret.
3202 5207 3570 5275 lmmutabis
3626 5216 3714 5277 fa-

2058 5287 2537 5356 morteatterisﬁtd
2563 5302 2624 5335 ca
2646 5302 2841 5356 quisse
2864 5291 3184 5356 adepturum
3207 5298 3374 5356 putat.
3392 5295 3508 5344 Non
3528 5295 3629 5345 hoc
3655 5296 3720 5346 de

2062 5350 2257 5414 carnali
2291 5350 2594 5414 nobilitate,
2624 5350 2727 5414 sed;
2748 5351 2811 5399 de
2842 5350 3085 5414 spiritali.

2063 5413 2221 5494 ciem
2255 5412 2413 5488 ejus,
2446 5420 2507 5494 et
2542 5412 2635 5487 [In
2681 5412 2849 5491 Vulg.
2872 5412 3063 5494 abest]
3114 5439 3237 5479 non
3270 5420 3517 5481 emittes
3548 5439 3716 5481 eum.

2064 5492 2310 5561 Nondum
2343 5492 2652 5561 intelligitur
2682 5494 2802 5555 quis
2835 5497 3025 5545 nobilis
3052 5492 3141 5546 vel
3188 5500 3439 5561 ignobilis
3469 5505 3642 5549 exstat
3667 5501 3723 5547 in

2066 5554 2313 5615 operibus
2345 5560 2395 5601 et
2427 5554 2711 5602 moribus.’
3210 5554 3237 5561 ν
3296 5562 3496 5611 dictum
3528 5562 3722 5611 ίηιειιί.

2067 5618 2207 5701 Sive
2280 5616 2517 5701 nobiles
2604 5618 2993 5701 fueriutfilii
3052 5622 3209 5699 ejus,
3270 5626 3399 5685 sive
3482 5624 3721 5701 ignobi-

2104 5697 2256 5753 imus,
2281 5710 2400 5757 quze
2418 5698 2583 5765 prima
2598 5702 2680 5765 est
2698 5699 2962 5748 nobilitas.
2982 5697 3115 5752 Dum
3136 5704 3349 5763 ignorat
3369 5697 3547 5753 utrum
3561 5716 3728 5765 opera

2096 5779 2389 5842 cs,.nou
2488 5761 2815 5837 intelliget.
2907 5761 3198 5825 Attamen
3310 5786 3457 5827 caro
3561 5761 3725 5842 ejus,

2073 5840 2189 5907 ejus
2202 5839 2582 5907 approbantur,
2600 5853 2673 5907 an
2687 5842 2844 5907 etiam
2859 5857 2950 5905 rep
2960 5846 3230 5895 robentur.
3246 5846 3379 5903 Quia
3394 5848 3551 5892 nemo
3570 5839 3729 5907 digne

2073 5903 2224 5964 dum
2282 5902 2453 5980 vivit,
2514 5903 2799 5979 dolebit;
2871 5902 2933 5967 et
3015 5909 3225 5970 anima
3272 5902 3479 5968 illius
3536 5902 3727 5988 super
