4084 6176
377 287 406 350 ι
416 290 533 352 495

371 491 707 632 gztmetipso
739 553 998 632 lugebit.

977 717 1232 779 CAPUT
1276 719 1403 778 XV.

453 821 905 902 Respondeas
951 829 1160 882 autem
1247 825 1506 902 Eliphaz
1587 825 2014 901 Themanites,

555 901 804 968 Sanctum
833 901 932 968 Job
961 903 1238 968 redarguit
1267 905 1318 952 in
1350 901 1604 967 superbia
1633 919 1768 954 vana
1797 906 2022 968 loquen-

373 961 569 1048 dixit:
659 965 979 1042 Numquid
1063 961 1311 1044 sapiens
1381 961 1784 1047 respondebit
1839 961 2019 1048 quasi

373 1045 499 1091 tem.
1485 1045 1500 1047 ἡ
1769 1045 2019 1098 Animum

370 1105 894 1194 ventum-lifulg.
954 1107 1353 1194 inventum]
1427 1110 1712 1188 loquens,
1785 1117 1844 1172 et
1900 1113 2014 1171 im-

373 1185 488 1254 ejus
503 1185 671 1254 voluit
685 1185 938 1243 iudicare,
955 1187 1309 1254 quiadversus
1325 1185 1487 1238 Deum
1505 1185 1758 1253 tanquam
1776 1204 2021 1254 comqua-

370 1247 477 1297 lem
508 1249 658 1295 irasci
690 1247 1106 1310 praesumpserit.

532 1310 651 1358 felle
685 1309 993 1360 iracundim.

366 1371 566 1452 plebit
647 1373 872 1434 ardore
955 1374 1354 1435 stomachum
1469 1379 1706 1438 suum?
1792 1378 2020 1456 Arguis

1720 1456 1810 1505 His
1841 1457 2018 1507 verbis

364 1514 573 1596 verbis
628 1532 772 1596 eum
831 1515 939 1592 qui
995 1535 1121 1576 non
1170 1522 1264 1596 est
1319 1517 1578 1596 aequalis
1620 1519 1745 1591 tui;
1807 1526 1868 1580 et
1924 1521 2017 1580 lo-

366 1594 675 1670 increpatur
704 1594 1012 1670 beatusgob
1042 1596 1108 1644 ab
1138 1595 1372 1658 Eliphaz.
1586 1597 1815 1670 Tantum
1849 1598 2018 1670 elatus

368 1658 578 1737 queris
635 1659 802 1736 quod
874 1658 990 1718 tibi
1045 1677 1170 1718 non
1247 1659 1520 1738 expedit.
1580 1661 1893 1731 Quantum
1951 1664 2015 1722 in

369 1751 443 1797 es,
476 1740 533 1786 ut
553 1737 742 1786 timore
774 1737 971 1804 divino
987 1738 1056 1786 sis
1080 1751 1300 1804 vacuus.
1335 1737 1343 1738 “
1403 1743 1456 1787 et
1485 1738 1788 1804 dedigneris
1810 1743 2015 1804 precari

369 1807 431 1882 te
487 1807 599 1882 est,
659 1801 1019 1882 evacuﬁastiA
1055 1802 1379 1882 timorem,
1429 1807 1491 1861 et
1549 1801 1744 1882 tulisti
1804 1801 1840 1882 p

370 1879 674 1992 Dorlninuttn.
835 1879 1058 1938 Quando
1088 1894 1148 1929 ex
1180 1880 1318 1929 mala
1335 1880 1418 1928 via
1444 1881 1741 1942 concipitur
1759 1879 1902 1945 quod
1919 1899 2014 1948 per

370 1956 431 1991 os
477 1955 602 1992 οαιιι
631 1955 707 1990 ur.

369 1956 431 1991 os
458 1955 707 2006 loquitur.

369 2004 580 2066 coram
640 2007 788 2066 Deo.
849 2004 1073 2065 Docuit
1145 2004 1444 2082 iniquitas
1516 2009 1626 2065 tua
1681 2023 1750 2066 os
1807 2013 2006 2082 tuum,

714 2084 1399 2160 Diasphemantium_l)eum
1430 2084 1720 2160 discipulus
1751 2099 1824 2135 es.

369 2153 432 2209 et
490 2146 756 2208 imitaris
812 2146 1092 2226 linguam
1171 2148 1771 2276 blasphemantiuigii.
1811 2153 2012 2278 ,ἱρου-

1749 2242 1820 2277 ΘΓΙ
1851 2243 1881 2278 Β.
1909 2243 2012 2278 881'-

1749 2242 1881 2278 ενιιο
1909 2243 2014 2278 881'-

375 2289 697 2351 demnabit
776 2294 837 2348 te
920 2306 988 2350 os
1063 2296 1236 2350 tuum
1299 2296 1360 2349 et
1435 2307 1558 2348 non
1623 2309 1762 2369 ego.
1825 2293 2016 2352 Labia

375 2381 600 2419 monum
629 2371 846 2418 tuorum
867 2369 1107 2433 recipies.
1149 2429 1183 2433 Α-
1217 2431 1226 2433 _
1297 2369 1396 2427 Qui
1416 2371 1626 2417 terrena
1648 2372 1802 2433 sapis,
1827 2385 1922 2420 cur
1951 2372 2014 2420 de

374 2438 486 2492 tua
568 2429 1037 2511 respondebunt
1095 2429 1253 2511 tibi.
1368 2429 1723 2510 Numquid'
1778 2435 2016 2511 primus

376 2511 591 2576 internis
618 2510 886 2574 loqueris?
1077 2510 1212 2560 Ante
1235 2523 1422 2558 omnes
1443 2515 1712 2576 creaturas
1731 2510 2016 2576 angelicas.

377 2575 570 2634 homo
600 2579 668 2633 tu
729 2578 913 2632 natus
969 2591 1053 2645 es,
1113 2579 1174 2633 et
1221 2579 1366 2633 ante
1424 2574 1614 2634 colles
1661 2574 2017 2637 formatus?

378 2652 1420 2717 VehementerincrepavitsanctumJob,
1437 2653 1579 2714 quod
1595 2667 1649 2703 se
1663 2658 1875 2717 putaret
1895 2670 2020 2704 con-

380 2715 700 2794 Numquid
785 2715 1110 2775 consilium
1197 2716 1304 2776 Dei
1389 2715 1679 2789 audistif
1729 2725 1789 2778 et
1871 2721 2021 2779 infe-

381 2795 558 2862 sllium
572 2796 664 2844 Dei
682 2795 894 2862 habere,
907 2798 961 2844 et
972 2794 1201 2862 inferior
1211 2807 1279 2862 eo_
1289 2794 1355 2843 sit
1375 2795 1556 2862 divina
1567 2797 1841 2862 sapientia.
1857 2799 2021 2862 Magis

378 2859 509 2919 rior
589 2865 652 2919 te
733 2859 851 2919 erit
932 2857 1068 2934 ejus
1149 2859 1456 2935 sapientia
1502 2860 1531 2917 ‘I
1613 2857 1772 2930 Quid
1858 2857 2022 2921 nosti

380 2942 602 3015 noverat
616 2939 787 3015 ipsum
807 2937 1088 3015 Christum,
1106 2942 1158 2986 et
1169 2939 1526 3015 mysteriap‘e‘r
1535 2939 1777 3014 spiritum
1791 2941 2019 3015 videbat.

380 3003 550 3081 quod
617 3001 1059 3082 ignoremus“?
1100 3001 1250 3082 quid
1332 3002 1628 3082 intelligis
1687 3003 1853 3082 quod
1911 3023 2018 3064 ne-

647 3079 868 3131 Multum
890 3081 944 3128 hi
961 3079 1216 3130 differunt
1235 3081 1290 3128 in
1312 3081 1530 3145 scientia
1549 3079 1903 3145 quam‘patres
1923 3085 2021 3142 tui,

381 3143 655 3204 sciamus
688 3145 716 3200 ?
787 3149 849 3203 et
917 3161 1094 3202 senes
1122 3151 1237 3241 tant“
1284 3143 1528 3221 antiqui
1564 3143 1749 3234 sunt:
1781 3146 1844 3204 in
1904 3166 2015 3206 no~
2050 3179 2092 3241 ρ

378 3235 607 3284 quorum
638 3234 814 3270 mores
843 3235 1052 3284 pravos,
1084 3225 1141 3269 ut
1170 3222 1307 3270 filius
1336 3235 1533 3283 pravus
1562 3223 1799 3272 imitaris.

377 3285 494 3358 bis,
554 3285 752 3343 multo
800 3284 1168 3344 vetustiores
1216 3303 1405 3362 quam
1438 3290 1647 3362 patres
1675 3287 1786 3346 tui.
1823 3289 2018 3348 Num-

901 3363 954 3412 Bi
984 3362 1366 3429 professionem
1396 3363 1518 3412 ﬁdei
1549 3365 1855 3426 corrigeres,
1884 3366 2018 3429 jam-

421 3425 524 3484 uid
583 3425 821 3502 grande
877 3431 972 3485 est
1028 3431 1097 3484 ut
1141 3426 1500 3486 consoletur
1548 3433 1606 3487 te
1661 3425 2017 3491 Deus‘fsed

413 3505 576 3553 udum
609 3504 816 3567 ﬂagella
846 3504 1168 3554 desinerent.

370 3567 563 3629 verba
611 3575 721 3628 tua
751 3586 946 3648 prava
1004 3568 1122 3648 hoc
1168 3567 1524 3646 prohibent.
1589 3569 1746 3642 Quid
1799 3576 1856 3630 te
1888 3572 2013 3631 ele-

903 3647 1179 3697 lntellectu
1213 3651 1265 3696 et
1293 3647 1612 3709 cogitatione
1643 3648 1861 3700 denotat
1891 3665 2014 3700 eum

366 3715 474 3770 vat
520 3728 628 3792 cor
677 3715 852 3771 tuum
877 3711 927 3792 A?
979 3715 1040 3770 et
1096 3711 1307 3788 quassi
1365 3730 1592 3790 magna
1649 3713 2014 3792 excogitans

366 3789 599 3854 superba
629 3793 680 3839 et
708 3803 849 3854 vana
877 3789 1202 3854 loquentem.

366 3853 666 3913 attonitos
723 3853 916 3913 habes
949 3852 1256 3914 'oculos?
1307 3852 1468 3926 Quid
1541 3859 1742 3913 tumet
1793 3860 2011 3915 contra

364 3935 562 3994 Deum
647 3933 902 4011 spiritus
985 3932 1182 3994 tuus?
1253 3940 1320 3992 ut
1404 3933 1685 4010 proferas
1767 3935 1844 3995 de
1903 3954 2010 3997 ore

1391 4011 1633 4061 Offensus
1663 4012 1776 4062 base
1805 4014 2011 4064 locutus

362 4079 473 4134 tuo
530 4073 966 4146 hujuscemodi
1023 4074 1394 4134 sermones?
1451 4077 1609 4146 Quid
1667 4084 1761 4136 est
1816 4077 2008 4139 homo

363 4153 708 4220 est,quia.lob
730 4154 976 4220 superius
988 4153 1148 4220 dixit:
1184 4154 1235 4203 Si
1267 4154 1718 4220 iuerojudicatus,
1741 4156 1844 4204 scio
1863 4158 2006 4220 quod

361 4223 433 4296 ut
488 4217 930 4277 immaculatus
988 4219 1088 4290 sit,
1150 4224 1212 4277 et
1265 4216 1473 4294 justus
1530 4227 1835 4296 appareat
1878 4216 2004 4281 'na-

356 4295 823 4362 justusinveniar.
964 4359 980 4362 _
1042 4297 1175 4354 Quia
1204 4297 1255 4344 in
1287 4296 1551 4362 prioribus
1574 4295 1782 4360 angelis
1813 4301 2008 4362 reperit

361 4364 462 4419 tus
497 4360 590 4440 Ade
668 4359 987 4420 muliere?
1065 4362 1221 4420 Ecce
1303 4359 1466 4440 inter
1537 4359 1785 4421 sanctos
1868 4359 2005 4440 ejus

357 4438 694 4502 pravitatem.
903 4501 910 4503 _
1425 4438 1604 4503 Sancti
1634 4441 1687 4488 in
1720 4441 1836 4503 ejus
1865 4438 2006 4491 com-

357 4501 544 4562 nemo
629 4501 1064 4575 immutabilis,
1125 4507 1187 4562 et
1256 4519 1399 4562 ecce
1451 4502 1595 4562 coeli
1677 4501 1802 4564 non
1859 4514 2005 4566 sunt

355 4581 654 4643 paratione.
1499 4581 1751 4632 Sanctum
1781 4584 1880 4634 Job
1911 4598 2001 4634 ex-

355 4645 576 4726 mu_ndi
663 4645 765 4726 in_
812 4649 1147 4726 conspectu
1210 4643 1390 4726 ejus.
1477 4644 1724 4726 Quanto
1802 4649 2001 4726 magis

354 4723 710 4788 probatquasi
721 4723 1128 4788 abominabilem
1146 4723 1258 4788 etin
1270 4722 1450 4788 utilem
1476 4724 1707 4788 Deosine
1727 4722 1996 4788 operibus.

353 4785 942 4870 abominabilisuet
1026 4785 1344 4870 mutabilis
1425 4786 1688 4870 _[Vulg._
1735 4785 1993 4870 inutilis]

351 4865 554 4929 Stultus
570 4868 682 4916 sine
703 4866 1050 4914 meditatione
1071 4869 1269 4928 peccat,
1288 4865 1437 4928 quasi
1461 4865 1644 4928 potum
1659 4867 1932 4929 deglutiat.

351 4928 571 5001 homo,
645 4930 754 5010 qui
831 4930 989 4990 bibit
1048 4929 1228 5008 quasi
1300 4947 1498 5010 aquas
1582 4928 1992 5008 iniqUitates!

1295 5007 1446 5067 Quod
1475 5007 1996 5087 loquarga‘gnovisse

349 5072 686 5133 Ostendam
777 5071 890 5133 tibi
960 5071 1107 5132 audi
1179 5089 1324 5142 me;
1399 5071 1570 5150 quod
1651 5071 1777 5133 vidi
1847 5094 1993 5136 nar-

349 5163 434 5215 me
463 5153 697 5202 noveris.
727 5153 844 5202 Non
875 5150 1180 5201 defundunt
1207 5151 1426 5215 seipsos,
1461 5164 1691 5214 suosque
1721 5157 1899 5215 patres
1928 5155 1996 5203 si-

347 5213 503 5295 ra__bo
584 5216 720 5295 tibi.
806 5216 1137 5295 Sapientes
1237 5213 1799 5295 confitenturtet
1870 5236 1994 5278 non

346 5291 500 5359 miles
521 5294 622 5359 sui.
895 5291 914 5295 “
1244 5294 1317 5343 De
1353 5293 1614 5359 haereticis
1644 5293 1792 5359 dicit,
1820 5297 1909 5359 qui
1939 5312 1993 5346 se

347 5355 742 5436 abscondunt
810 5364 1022 5436 patres
1107 5375 1274 5418 suos.
1355 5357 1591 5428 Quibus
1675 5355 1853 5420 data'
1901 5367 1995 5421 est

347 5433 492 5483 solos
521 5435 745 5500 credunt
773 5433 1029 5500 mysteria
1056 5450 1232 5500 nosse.

659 5497 843 5547 Sancti
865 5500 1019 5548 alieni
1050 5499 1116 5547 ab
1146 5497 1754 5562 bzereticisintelligendi
1786 5504 1927 5550 sunt.

345 5564 535 5634 terra,
622 5566 686 5620 et
755 5581 880 5622 non
948 5562 1234 5622 transivit
1303 5562 1570 5640 alienus
1668 5582 1778 5640 per
1860 5583 1989 5624 eos.

1060 5654 1255 5700 pravus
1284 5639 1488 5697 doctor,
1521 5641 1631 5688 sive
1662 5639 1925 5692 diabolus.

344 5703 596 5762 Cunctis
667 5703 887 5762 diebus
944 5702 1070 5760 suis
1122 5703 1350 5778 impius
1390 5705 1708 5780 superbit,
1773 5713 1833 5766 et
1881 5727 1991 5766 nu-

1369 5779 1434 5828 de
1467 5779 1716 5843 superbia
1750 5785 1863 5846 ejus
1893 5786 1992 5834 hoc

344 5859 552 5905 merus
653 5860 962 5907 annorum
1071 5841 1343 5900 incertus
1445 5841 1550 5901 est
1639 5841 1991 5924 tyrannidis

1864 296 2282 367 APPENDIX.

371 421 531 506 habet
562 426 615 475 in
645 427 930 492 semetipso
942 428 1321 494 gaudium,sed
1342 433 1396 482 in
1410 431 1634 483 Domino
1665 432 2008 497 gaudendum
2038 441 2092 506 Α
2123 440 2263 506 dicit.

3619 304 3786 368 £496

2364 443 2498 510 Quia
2517 443 2759 495 diabolus
2779 443 2879 496 scit
2891 443 3154 510 judicium
3174 443 3488 510 perditionis
3503 443 3610 510 sibi
3628 445 3780 510 futu-

2126 505 2280 583 ejus.
2336 507 2591 568 Sonitus
2647 505 2909 570 terroris
2963 509 3059 590 [In
3113 505 3288 590 Vulg.
3347 507 3777 590 desideratur],

2128 599 2247 635 rum
2270 601 2282 634 :
2967 588 2980 590 ἡ
3232 588 3240 590 ⁷
3387 590 3481 638 Hic
3511 588 3781 648 diabolus,

2127 648 2262 726 ejus
2318 669 2565 728 semper
2619 651 2682 711 in
2754 651 3011 712 auribus
3084 651 3272 724 illius,
3327 658 3390 713 et
3444 671 3587 713 cum
3653 672 3778 730 pax

2127 732 2179 795 et
2208 743 2367 795 omne
2397 743 2586 795 corpus
2617 730 2731 792 ejus
2760 730 3091 795 intelligitur.
3285 733 3484 794 Impius
3506 732 3780 793 desperat,

2127 791 2224 864 sit,
2260 793 2366 874 ille
2397 791 2658 853 insidias
2673 791 3048 872 suspicatur.
3093 797 3228 854 Non
3259 791 3456 856 credit
3481 791 3659 874 quod
3691 815 3788 856 re-

2127 872 2278 938 quod
2302 872 2366 921 ad
2397 874 2766 938 paenitentiam
2796 875 2986 938 reverti
3015 875 3198 938 possit.

2129 935 2301 1017 verti
2331 936 2629 1017 possitde
2663 937 2933 1017 tenebris
2966 935 3157 1017 [Vulg.
3190 935 3362 998 addit
3403 936 3481 996 ad
3515 937 3778 1017 lucem],

2129 1014 2262 1063 Hinc
2290 1014 2414 1064 inde
2445 1015 2542 1064 sibi
2572 1016 2888 1078 praestolans
2916 1014 3160 1066 mortem.
3525 1014 3785 1066 Peccator

2128 1077 2658 1156 circumspectans
2736 1079 3014 1157 undique
3095 1078 3398 1158 gladium.
3469 1079 3626 1139 Cum
3714 1100 3784 1140 se

2127 1158 2193 1204 ad
2225 1157 2548 1222 stipendium
2578 1159 2699 1207 vitm
2731 1159 3028 1222 praesentis.
3112 1157 3115 1158 ⁷
3238 1158 3453 1207 Diabolo
3474 1158 3610 1208 nihil
3633 1159 3782 1208 aliud

2131 1221 2394 1280 moverit
2449 1223 2528 1280 ad
2598 1222 3005 1294 quaerendum
3067 1239 3317 1300 panem,
3377 1223 3550 1281 novit
3602 1226 3781 1300 quod

2128 1300 2358 1364 occurrit
2379 1301 2575 1358 animo,
2595 1315 2755 1364 quam
2778 1306 2991 1363 tempus
3011 1299 3340 1364 illudjudicii
3364 1301 3454 1349 Dei
3487 1299 3784 1356 horribilis.

2127 1375 2235 1424 quo
2266 1363 2363 1410 sibi
2395 1377 2583 1425 poenas
2605 1363 2889 1426 perpetuas
2916 1363 3226 1426 irrogandas
3255 1364 3575 1426 expavescit.

2129 1431 2387 1552 paratus
2457 1432 2519 1486 et
2579 1425 2642 1486 in
2693 1425 2883 1487 manu
2954 1425 3090 1505 ejus
3145 1425 3545 1487 tenebrarum
3616 1426 3779 1488 dies.

2168 1504 2393 1552 ressuris
2425 1506 2783 1552 coarctabitur
2811 1519 2920 1552 prae
2949 1518 3149 1552 pavore
3174 1518 3478 1552 nmnarum.

2168 1504 2393 1569 ressuris
2425 1506 2783 1555 coarctabitur
2811 1519 2920 1569 prae
2949 1504 3149 1568 pavore
3174 1518 3478 1568 pcenarum.

2127 1567 2412 1628 Terrebit
2459 1587 2609 1646 eum,
2673 1567 3019 1641 tribulatio,
3093 1567 3495 1646 etiangustia
3566 1568 3780 1629 valla-

2496 1645 2774 1698 Diabolum
2807 1648 3086 1711 signiﬁcat,
3116 1647 3203 1711 vel
3231 1645 3450 1709 impium
3479 1647 3784 1698 hominem.

2127 1707 2463 1790 bit_eum,
2528 1711 2690 1772 sicut
2763 1707 2974 1788 regem
3049 1710 3159 1788 qui
3227 1707 3626 1790 praeparatur
3697 1713 3784 1770 ad

1849 1787 2018 1866 isses
2049 1808 2095 1872 B
2126 1788 2217 1850 (ιυί
2248 1787 2391 1838 bella
2418 1787 3459 1872 νίιίοξιξειξ,ρεφξξτεξξιρίὲίὶξρὲἑξςὲυέ

2561 1854 2619 1901 In
2651 1853 2899 1908 elatione,
2922 1854 3034 1902 sive
3063 1853 3393 1914 expansione
3424 1864 3638 1908 manus,
3673 1853 3783 1902 Deo

2127 1912 2438 1991 przelium.
2470 1917 2763 1977 Tetendit
2806 1915 2971 1976 enim
3018 1912 3319 1976 adversus
3390 1917 3588 1976 Deum
3650 1933 3788 1976 ma-

2122 1993 2459 2042 resistentem
2487 1995 2736 2044 ostendit.
2761 1997 2858 2044 Pro
2879 1995 3080 2044 meritis
3109 1994 3442 2043 contumacia
3463 1994 3782 2044 roboratam

2125 2074 2276 2136 num
2335 2075 2537 2130 suam,
2572 2065 2635 2118 et
2691 2065 2909 2119 contra
2961 2057 3463 2136 Omnipotentem
3513 2058 3786 2117 robara-

2122 2133 2267 2183 dicit.
2368 2197 2378 2200 _
2454 2137 2708 2200 Diabolus
2735 2139 2820 2186 vel
2843 2138 3058 2199 impius,
3088 2133 3291 2200 ea'quaa
3319 2136 3599 2200 displicent
3651 2138 3783 2197 Deo,

2124 2211 2244 2246 cum
2279 2197 2498 2247 audacia
2520 2203 2828 2263 perpetrare
2859 2197 3092 2249 festinat.

2122 2267 2224 2320 tus
2278 2268 2394 2321 est.
2432 2261 2717 2324 (Sueurrit
2749 2264 3046 2324 adversus
3120 2280 3265 2322 eum
3321 2265 3527 2322 erecto
3583 2261 3786 2338 collo,

2188 2341 2724 2402 Superabundantem
2740 2343 3042 2404 superbiam
3056 2341 3272 2391 indicat.
3339 2340 3567 2390 Mentem
3578 2342 3786 2391 animas

2125 2409 2189 2464 et
2244 2404 2463 2482 pingui
2521 2406 2761 2466 cervice
2846 2411 3126 2466 armatus
3189 2411 3304 2465 est.
3363 2405 3630 2482 Operuit
3695 2405 3789 2464 fa—

2127 2483 2417 2547 obscurant
2446 2489 2660 2546 peccata
2688 2499 2800 2534 sua.
3057 2483 3260 2533 Diaboli
3283 2483 3541 2547 ministri,
3572 2496 3646 2533 ex
3661 2485 3785 2547 qui-

2129 2547 2285 2606 ciem
2343 2545 2478 2624 ejus
2549 2547 2918 2617 crassitudo,
2983 2553 3045 2606 et
3131 2547 3210 2607 de
3283 2545 3583 2607 lateribus
3641 2545 3788 2624 ejus

2127 2625 2228 2674 bus
2245 2627 2446 2700 pendet
2465 2626 2621 2700 elatio
2652 2628 2862 2700 mentis:
3079 2626 3785 2700 cogitationesiniqnorum.

2129 2689 2348 2749 arvina
2377 2689 2685 2768 dependet
2749 2690 3072 2751 Habitabit
3120 2689 3182 2749 in
3213 2689 3573 2750 civitatibus
3597 2689 3788 2750 deso-

2300 2771 2748 2832 Congregationes
2778 2770 3064 2832 impiorum
3098 2770 3325 2818 desertae
3349 2769 3628 2832 dicuntur,
3656 2771 3786 2831 quia

2131 2831 2294 2910 latis,
2356 2831 2433 2891 et
2471 2831 2533 2891 in
2591 2831 2880 2893 domibus
2937 2833 3196 2893 desertis
3253 2851 3396 2910 quae
3450 2831 3515 2892 in
3573 2838 3788 2892 tumn-

2130 2909 2478 2974 habitatorem
2499 2913 2664 2961 Deum
2693 2926 2803 2961 non
2817 2911 3032 2962 habent.
3048 2913 3184 2961 Dum
3206 2912 3391 2974 utique
3405 2911 3647 2974 peritura
3658 2925 3785 2959 con-

2133 2973 2260 3032 lum
2337 2980 2482 3034 sunt
2533 2976 2824 3036 redactas.
2888 2979 3024 3035 Non
3079 2973 3402 3045 dilabitur,
3456 2992 3572 3034 nec
3633 2993 3782 3053 per-

2132 3058 2336 3116 gregat.
2352 3054 2639 3112 Quoniami
2648 3069 2736 3117 pse
2750 3055 3054 3117 puniendus
3074 3055 3174 3103 erit
3192 3054 3435 3103 festinus.
3455 3053 3780 3111 viventium.

2129 3118 2438 3176 severabit
2520 3119 2868 3178 substantia
2951 3121 3108 3195 ejus,
3213 3135 3325 3177 nec
3423 3117 3632 3177 mittet
3715 3118 3780 3176 in

2130 3197 2442 3246 memoriam
2466 3199 2522 3246 ut
2542 3199 2927 3259 speretiutura.
2994 3198 3068 3246 De
3088 3196 3398 3246 inﬁdelitate
3419 3195 3486 3246 ad
3508 3195 3780 3258 pmniten-

2133 3265 2366 3320 terram
2402 3261 2675 3320 racicem
2708 3279 2908 3321 suam.
2962 3263 3099 3320 Non
3159 3260 3406 3320 recedet
3473 3260 3552 3318 de
3615 3267 3784 3320 tene-

2130 3339 2278 3415 tiam.
2365 3339 2641 3415 Sequaces
2661 3354 2787 3414 suos
2808 3344 2862 3388 et
2882 3339 3023 3415 malna
3039 3353 3217 3415 opera.
3237 3337 3638 3415 Iribulationis.
3661 3339 3781 3415 lion

2127 3401 2276 3461 bris.
2364 3401 2593 3463 Ramos
2675 3403 2810 3481 ejus
2865 3401 3161 3464 arefaciet
3235 3403 3516 3462 ﬂamma.
3582 3403 3781 3461 Aufe—

2127 3482 2460 3543 permanebit
2485 3482 2760 3532 consilium
2798 3481 2933 3544 ejus.
2960 3543 2966 3544 7
3264 3543 3267 3544 ν
3604 3481 3780 3530 Homo

2127 3551 2298 3604 retur
2371 3545 2625 3623 spiritus
2708 3543 2839 3605 oris
2918 3543 3052 3622 ejus
3140 3543 3331 3624 [ναις.
3405 3543 3547 3672 sui}.
3640 3547 3780 3605 Non

2127 3623 2321 3672 impius
2342 3623 2489 3672 nullo
2504 3626 2676 3672 pretio
2702 3624 3046 3672 redimendus
3068 3625 3195 3672 erit:
3211 3625 3320 3672 sive
3342 3622 3502 3672 diabo
3525 3636 3585 3671 us
3604 3623 3676 3672 de
3695 3623 3778 3672 in-

2124 3623 2321 3686 impius
2342 3622 2489 3674 nullo
2504 3626 2676 3687 pretio
2702 3624 3046 3674 redimendus
3068 3622 3195 3674 erit:
3211 3622 3320 3674 sive
3342 3622 3585 3673 diabolus
3604 3623 3676 3672 de
3695 3623 3778 3672 in-

2123 3687 2339 3748 credat
2379 3689 2614 3748 frustra
2671 3706 2879 3749 errore
2937 3687 3256 3766 deceptus,
3319 3687 3488 3766 quod
3555 3687 3778 3765 aliquo

2123 3766 2280 3815 teritu
2316 3767 2646 3828 perditionis.
3030 3765 3164 3816 Ante
3187 3765 3534 3828 diemjudicii
3563 3767 3781 3829 ιπεκί-

2122 3829 2324 3907 pretio
2381 3830 2781 3891 redimendus
2850 3831 2950 3891 sit.
3026 3833 3377 3909 Antequam
3445 3830 3578 3889 dies
3636 3829 3777 3907 ejus

2120 3912 2205 3957 tus
2236 3909 2289 3958 in
2313 3911 2782 3971 przedestinatione
2812 3909 3024 3971 peribit.

2117 3970 2518 4052 impleantur,
2583 3970 2857 4052 peribit;
2917 3980 3259 4052 etimanus
3304 3970 3440 4052 ejus
3495 3977 3760 4052 arescet.

2118 4051 2233 4101 Vita
2254 4052 2558 4114 iniquorum
2579 4050 2690 4102 non
2706 4051 3016 4112 crescit,sed
3039 4053 3213 4101 calore
3229 4051 3514 4115 superbiai,
3536 4051 3652 4115 sive
3671 4050 3763 4099 fri-

2117 4116 2407 4176 Laadetur
2480 4116 2660 4194 quasi
2717 4116 2898 4177 vinea
2950 4116 3011 4176 in
3072 4114 3489 4193 primo'ﬂore
3540 4114 3767 4175 botrus

2115 4208 2238 4257 gore
2269 4195 2538 4244 charitatis
2572 4197 2660 4244 Dei
2693 4197 2899 4245 arescit.

2155 4257 2339 4306 Plest
2349 4258 2623 4306 udamrum
2635 4257 2902 4307 Christum
2915 4256 3180 4316 repellens
3190 4255 3542 4305 castissimum
3555 4255 3766 4304 ﬂorem.

2115 4321 2273 4400 ejus,
2333 4327 2394 4380 et
2448 4322 2629 4400 quasi
2684 4321 2850 4382 oliva
2899 4320 3235 4398 projiciens
3268 4319 3501 4400 ﬂorem
3548 4337 3761 4400 suum.

2111 4398 2410 4462 Raptorem,
2441 4398 2907 4464 simulatoremque
2930 4400 3012 4449 his
3029 4399 3365 4448 sermonibus
3385 4402 3635 4464 sanctum
3664 4398 3768 4448 Job

2111 4465 2529 4542 Congregatio
2628 4462 2834 4523 enim’
2897 4463 3243 4542 hypocritaa
3308 4462 3615 4542 sterilis,
3664 4468 3769 4542 et

2033 4545 2079 4609 D
2111 4541 2329 4609 denotat
2349 4540 2624 4609 fallaciter,
2658 4547 2710 4592 et
2729 4543 2856 4592 dicit
2877 4540 3021 4606 quod
3041 4542 3171 4591 nihil
3192 4540 3468 4604 proderint
3493 4541 3544 4590 ei
3561 4540 3764 4609 divitiae

2110 4618 2174 4654 ex
2205 4605 2482 4667 iniquitate
2513 4611 2864 4668 congregatis.
2894 4603 2907 4606 ’
3030 4666 3041 4668 Α
3196 4603 3201 4604 ⁷
3541 4603 3765 4668 inama-

2108 4667 2270 4745 ignis
2299 4666 2627 4728 devorabit
2683 4666 3090 4728 tabernacula
3150 4683 3394 4738 eorum,
3447 4667 3556 4745 qui
3620 4685 3763 4726 mu-

2109 4761 2207 4796 nus
2237 4747 2418 4797 laudes
2448 4747 2559 4797 vult
2589 4747 2829 4810 intelligi.
3031 4747 3163 4795 Cum
3195 4759 3448 4808 perversa
3470 4745 3697 4810 cogitat.

2111 4829 2256 4898 ne‘ra
2325 4811 2590 4898 libenter
2662 4809 2999 4898 accipiunt:
3074 4809 3376 4898 goucepit
3446 4809 3760 4898 dolorem,

2168 4891 2299 4939 Cum
2321 4891 2535 4953 explere
2558 4888 2910 4939 contenderit.
2979 4889 3128 4951 lmpii
3159 4888 3394 4938 hominis
3422 4901 3576 4953 mens
3606 4888 3764 4938 intel-

2106 4959 2168 5013 et
2226 4952 2466 5032 peperit
2519 4953 2942 5032 iniquitatem,
3005 4959 3066 5012 et
3123 4959 3340 5032 uterus
3395 4952 3532 5031 ejus
3589 4970 3758 5032 pra:-

2104 5032 2195 5096 ligi
2224 5030 2417 5094 potest.
2450 5047 2570 5096 qum
2599 5030 2797 5082 desinit
2826 5044 3126 5096 preparato
3158 5030 3332 5082 dolos.

2107 5097 2353 5174 paravit
2382 5097 2584 5157 dolos.

2705 5334 2960 5396 CAPUT
3003 5334 3161 5395 XVI.

3343 5492 3449 5542 Aut
3475 5493 3544 5542 ab
3573 5495 3755 5544 amicis

2184 5557 2586 5636 Respondens
2639 5562 2848 5616 autem
2901 5555 3019 5636 Job
3087 5555 3284 5636 dixit:
3349 5557 3578 5617 Audivi
3629 5559 3756 5620 fre-

2101 5641 2229 5696 suis,
2262 5635 2354 5686 aut
2383 5637 2447 5686 ab
2479 5636 2596 5684 aliis
2626 5635 2933 5700 hujusmodi
2960 5635 3313 5686 contumelias
3340 5637 3567 5700 accepit.

2101 5708 2364 5783 quenter
2439 5700 2570 5783 alia
2614 5699 3142 5783 ;__'consol_atores
3228 5699 3484 5783 onerosi
3534 5719 3755 5762 omnes

2257 5781 2436 5832 Finem
2467 5780 2616 5838 dixit,
2647 5778 2702 5828 id
2732 5783 2830 5839 est,
2863 5778 2945 5829 vel
2979 5778 3220 5837 modum,
3251 5779 3334 5829 vel
3364 5779 3632 5829 rationem
3664 5794 3753 5829 va-

2099 5865 2210 5907 vos
2293 5845 2462 5907 estis.
2523 5843 2839 5922 Numquid
2898 5841 3224 5905 habebunt
3298 5843 3492 5905 ﬁnem
3559 5843 3754 5905 verba
