4128 6186
271 360 425 432 1501

274 499 571 549 teutatione
601 512 698 549 sua
726 497 782 548 in
811 498 1147 563 sterquilinio
1179 498 1403 545 sederet.

273 564 452 624 mihi.
512 563 872 624 Abominati
928 560 1075 622 sunt
1142 580 1238 621 uie
1316 560 1637 638 quondam.
1714 561 1913 620 consi-

272 648 436 693 stum.
1005 640 1345 703 congregatio
1366 640 1711 703 Judmorum.
1812 652 1920 688 ma-

271 705 437 767 liarii
498 706 641 778 mei,
676 712 737 765 et
792 722 979 782 quem
1038 702 1310 764 maxime
1339 702 1705 779 diligebam,
1752 720 1923 761 aver-

272 784 524 834 nifestum
557 790 653 833 est.

270 855 445 908 satus
492 855 587 907 est
634 866 670 906 a
720 864 844 907 me.
900 848 1054 905 Pelii
1113 865 1291 916 meae,
1342 846 1732 922 consumptis
1781 862 1917 904 car-

267 928 447 977 carnis
459 940 590 975 mea:
616 927 814 975 corium
834 924 1118 975 adhzeserit
1138 926 1347 973 ossibus
1358 924 1710 972 meis.Totum
1729 937 1921 986 corpus

270 991 480 1055 nibus.
539 990 807 1050 adhaasit
863 1007 931 1048 os
992 1007 1227 1060 meum,
1278 994 1341 1048 et
1397 988 1696 1046 derelicta
1777 994 1923 1046 sunt

271 1069 593 1119 cruciatibus
615 1068 861 1117 diabolus
883 1067 1227 1129 consumpsit,
1243 1067 1333 1115 sed
1348 1066 1490 1115 labia
1508 1066 1923 1129 derelinquit,ut

271 1146 369 1195 per
396 1146 457 1180 ea
482 1132 536 1179 in
568 1130 957 1195 blasphemiam
980 1128 1273 1195 excitarent
1294 1128 1345 1177 in
1369 1130 1573 1177 dolore.
1705 1128 1918 1195 Misera-

270 1193 715 1255 tantummodo
777 1194 945 1253 labia
1003 1193 1168 1252 circa
1222 1194 1439 1252 dentes
1498 1210 1690 1251 meos.
1736 1193 1919 1252 Mise-

270 1274 363 1324 bili
392 1273 601 1336 pietatis
629 1273 864 1336 prmbete
896 1273 1321 1336 solatium.7Licet
1347 1271 1448 1336 alii,
1473 1271 1574 1336 qui
1594 1285 1773 1336 supra,
1795 1272 1920 1336 abo-

270 1333 497 1397 remini
585 1333 725 1411 mei,
804 1335 1185 1396 miseremini
1236 1335 1443 1414 (Vulg.
1494 1333 1683 1394 addit.
1749 1334 1914 1412 mei],

267 1416 456 1466 minati
486 1415 594 1464 sint
625 1429 729 1465 me.
1448 1414 1707 1461 Potestate
1738 1414 1923 1462 afﬂixit

269 1478 499 1539 saltem
581 1498 711 1553 vos,
773 1498 809 1538 0
859 1477 1045 1537 amici
1111 1476 1257 1547 mei,
1314 1476 1463 1554 quia
1516 1495 1738 1535 manus
1799 1480 1920 1536 Do-

271 1572 355 1607 me
895 1557 1145 1619 Persequi
1179 1556 1287 1614 Dei,
1321 1559 1403 1603 est
1435 1556 1659 1604 Sanctos
1688 1556 1921 1619 benigne

270 1620 426 1681 mini
484 1619 690 1697 tetigit
748 1639 869 1681 me.
905 1622 1106 1691 Quare
1167 1619 1615 1696 perscquimini
1648 1637 1744 1678 me
1802 1620 1918 1678 sic-

271 1699 558 1764 ﬂagellare.
581 1700 683 1748 Cur
712 1700 840 1747 mihi
869 1712 1059 1764 poenas
1088 1698 1301 1764 optatis.

271 1758 369 1823 ut'
398 1765 587 1833 Deus,
638 1768 699 1821 et
755 1758 1047 1822 carnibus
1099 1758 1306 1839 [’Vulg.
1362 1758 1532 1819 addit
1589 1758 1762 1835 meis]
1820 1778 1921 1819 sa-

551 1842 811 1898 Quoniam
841 1857 870 1890 a
900 1840 1045 1890 nullo
1076 1838 1350 1888 hominum
1381 1840 1555 1901 potuit
1579 1838 1816 1887 invenire
1839 1853 1919 1887 so-

273 1904 575 1965 turamini
610 1905 640 1965 ?
698 1905 844 1975 Quis
928 1903 1084 1963 mihi
1138 1902 1375 1962 tribuat
1431 1909 1501 1960 ut
1565 1902 1919 1962 scribantur

270 1983 478 2040 latium,
494 1984 755 2033 convertit
775 1999 829 2033 se
853 1983 917 2032 ad
940 1985 1190 2040 Deum,et
1219 1981 1663 2029 resurrectionem
1686 1980 1917 2029 futuram

276 2065 597 2106 sermones
672 2048 859 2107 mei?
918 2047 1057 2125 quis
1098 2044 1285 2125 imihi
1358 2044 1465 2125 det
1540 2050 1605 2102 ut
1652 2063 1917 2125 exaren-

271 2126 624 2188 prophetarit.
658 2126 754 2174 Per
809 2122 1027 2184 ferrum,
1060 2124 1353 2186 plumbum,
1386 2122 1602 2188 silicem,
1636 2122 1920 2188 duraturos

276 2185 380 2248 tur
456 2190 516 2247 in
598 2189 756 2248 libro
828 2189 991 2267 stylo
1062 2185 1298 2267 fferreo,
1355 2191 1416 2245 et
1474 2185 1739 2267 plumbi
1825 2187 1919 2246 la-

271 2267 327 2316 in
362 2268 553 2317 saeculo
585 2269 761 2331 apices
790 2264 1272 2331 ostendit,iquibus
1302 2269 1449 2331 Optat
1472 2264 1703 2331 inscribi.

275 2331 471 2405 mina,
533 2327 634 2391 vel
706 2331 862 2391 celte
938 2330 1307 2408 sculpantur
1366 2330 1425 2387 in
1483 2328 1720 2408 silice?
1776 2327 1918 2388 Scio

1235 2408 1363 2470 Ego,
1394 2407 1631 2468 inquam,
1654 2406 1765 2469 jam
1804 2421 1918 2455 cor-

274 2472 439 2531 enim
502 2473 671 2549 quod
728 2472 1091 2549 redemptor
1149 2488 1323 2531 meus
1380 2471 1567 2537 vivat,
1606 2477 1667 2530 et
1708 2470 1771 2529 in
1806 2489 1916 2530 no-

272 2556 465 2626 ruptus
496 2550 779 2626 ulceribus,
811 2552 861 2599 in
896 2551 996 2626 hac
1021 2550 1413 2626 carne‘mortal'i
1446 2550 1803 2611 incorruptus,
1830 2564 1923 2611 per

276 2614 532 2674 vissimo
616 2614 823 2693 [Vulg.
912 2613 1082 2674 addit
1138 2613 1283 2693 die]
1373 2613 1449 2693 de
1494 2619 1696 2693 Aterra
1781 2632 1919 2672 sur-

273 2695 719 2743 resurrectionem
750 2691 981 2743 futuram
1014 2692 1339 2756 gloriﬁcatus
1370 2691 1558 2756 videbo
1594 2693 1773 2756 Deum,

275 2763 562 2817 recturus
620 2777 782 2817 sum.
835 2760 908 2816 Et
967 2753 1212 2815 rursum
1265 2755 1704 2815 circumdabor
1760 2753 1922 2831 pelle

1739 2835 1923 2883 Certus

276 2917 441 2969 mea,
503 2904 566 2957 et
622 2898 685 2958 in
744 2916 930 2957 carne
995 2915 1133 2956 mea
1190 2895 1413 2955 videbo
1468 2899 1683 2956 Deum.
1724 2898 1920 2968 Quem

274 2981 435 3039 atque
467 2977 918 3026 incommutabilis
948 2978 1002 3025 in
1033 2975 1133 3024 hoc
1166 2975 1511 3025 fundamento
1561 2975 1682 3024 ﬁdei
1719 2978 1815 3025 ista
1845 2977 1917 3025 lo-

275 3040 525 3099 visurus
597 3060 734 3101 sum
815 3059 932 3117 ego
1007 3039 1161 3117 ipse,
1225 3047 1285 3099 et
1355 3039 1520 3099 oculi
1588 3040 1713 3099 mei
1770 3058 1921 3099 con-

274 3120 555 3181 quehatur.

270 3184 547 3260 specturi
630 3188 796 3254 sunt,
856 3187 919 3241 et
990 3199 1116 3240 non
1188 3181 1369 3249 alius;
1464 3181 1756 3259 Reposita
1825 3187 1918 3240 est

270 3259 397 3325 spes
417 3262 841 3311 resurrectionis:
857 3261 911 3309 in
933 3264 1137 3310 secreto
1160 3259 1517 3325 mentis.Quid
1541 3274 1624 3309 me
1646 3265 1915 3322 tamquam

272 3324 413 3385 haec
469 3344 609 3402 spes
670 3344 809 3384 mea
892 3324 955 3383 in
1039 3325 1175 3382 sinu
1267 3343 1423 3383 meo.
1476 3324 1679 3394 Quare
1766 3343 1915 3401 ergo

269 3404 403 3453 nihil
428 3404 733 3453 credentem
763 3402 1010 3467 persequi
1039 3402 1240 3451 vultis?
1495 3402 1739 3451 Radicem
1771 3404 1919 3451 verbi

273 3486 442 3526 nunc
529 3467 791 3527 dicitis:
845 3469 1301 3543 Persequamur
1384 3483 1549 3535 eum,
1607 3473 1669 3525 et
1751 3467 1913 3525 radi-

270 3552 619 3609 quaarere,est
660 3547 715 3595 in
764 3546 982 3594 alterius
1011 3544 1352 3593 benedictum
1391 3544 1534 3593 mala
1581 3544 1916 3655 investigare.

1826 3622 1916 3655 on-

1826 3622 1917 3668 0p-

270 3687 408 3730 cem
468 3670 643 3730 verbi
710 3669 1102 3730 inveniamus
1186 3674 1406 3728 contra
1476 3669 1669 3727 eum?
1700 3671 1919 3746 Fugite

270 3749 548 3811 pressione
564 3763 677 3798 mea
693 3749 944 3805 recedite,
962 3747 1257 3797 utevadere
1274 3748 1485 3809 possitis
1496 3747 1805 3809 gladium,id
1821 3754 1918 3808 est,

274 3831 425 3889 ergo
485 3832 522 3873 a
579 3813 735 3872 facie
786 3811 1003 3889 gladii,
1063 3811 1361 3889 quoniam
1422 3812 1589 3871 ultor
1628 3811 1919 3890 iniquita-

268 3891 473 3954 justam
496 3893 814 3941 sententiam
840 3892 947 3940 Dei.
972 3891 1443 3954 Scitotejudicium
1469 3891 1573 3943 Dei.
1598 3906 1703 3954 quo
1736 3896 1918 3953 potero

934 3954 999 4001 de
1028 3953 1507 4001 subsannatoribus
1535 3953 1824 4003 vindicare.

273 4021 408 4076 tum
439 4016 685 4094 gladius
716 4022 827 4087 est,
864 4023 925 4075 et
954 4016 1173 4075 scitote
1203 4036 1334 4077 esse
1361 4016 1692 4094 judicium.

861 4104 1119 4166 CAPUT
1161 4105 1290 4164 XX.

343 4184 751 4262 Respondeas
834 4190 1046 4244 autem
1139 4184 1388 4262 Sophar
1472 4185 1905 4245 Naamalhites

302 4323 315 4336 .
370 4324 406 4337 ,Δ
442 4263 604 4337 Ideo,_
619 4263 809 4337 inquit,
839 4264 1253 4337 cogitationibus
1289 4264 1595 4321 conturbor,
1629 4265 1752 4337 quia
1780 4264 1909 4312 dicis

255 4324 415 4405 dixit
476 4342 491 4384 :
543 4324 803 4387 Idcirco
838 4324 1254 4405 cogitationes
1314 4340 1473 4386 meae’
1526 4324 1712 4386 variae
1763 4346 1909 4387 suc-

262 4407 313 4452 te
342 4403 457 4469 haec
493 4405 631 4469 mala
651 4407 766 4455 sine
798 4403 953 4456 causa
987 4421 1017 4455 a
1050 4408 1153 4455 Deo
1182 4406 1326 4469 justo
1350 4406 1532 4469 judice
1564 4407 1843 4455 sustinere.

254 4468 497 4548 cedunt
543 4468 682 4541 sibi,
744 4475 806 4530 et
850 4489 1024 4530 mens
1082 4470 1145 4528 in
1188 4468 1448 4529 diversa
1506 4470 1767 4548 rapitur,
1834 4488 1907 4529 eo

254 4548 425 4625 quod
486 4547 621 4610 haec
680 4550 845 4610 mala
905 4568 1235 4627 pmnarum
1294 4547 1690 4609 innocentem
1737 4568 1903 4609 asse-

253 4687 339 4770 _ris
378 4694 458 4770 te
516 4690 844 4751 sustinere.
912 4691 1271 4752 Doctrinam
1328 4710 1454 4769 qua
1504 4711 1600 4751 me
1661 4693 1898 4770 arguis,

250 4766 325 4816 ita
346 4768 469 4833 sint,
502 4770 691 4831 spiritu
717 4770 1082 4833 intelligentiae
1115 4784 1245 4820 mea:
1277 4766 1595 4819 discernam.

251 4829 550 4912 audiam,
593 4838 656 4893 et
710 4829 966 4912 spiritus
1040 4834 1469 4911 intelligentia:
1562 4852 1714 4894 mea:
1803 4852 1899 4893 re-

249 4911 587 4989 spondebit
618 4911 759 4973 tibi.
788 4916 917 4974 Hoc
974 4915 1103 4973 scio
1160 4914 1239 4973 ab
1272 4914 1474 4985 initio,
1508 4932 1585 4971 ex
1617 4932 1741 4991 quo
1790 4932 1900 4990 po-

997 4993 1246 5042 Sanctum
1275 4993 1375 5041 Job
1408 4993 1627 5054 impium
1648 4997 1701 5041 et
1728 4993 1896 5054 hypo-

248 5050 407 5133 situs
463 5058 556 5133 est
616 5054 806 5114 homo
865 5074 1054 5133 super
1109 5064 1361 5127 terram,
1402 5050 1568 5132 quod
1613 5050 1897 5114 laus—im-

247 5130 434 5196 critam
465 5131 703 5191 denotat,
725 5134 851 5196 quia
886 5130 990 5183 Deo
1021 5135 1228 5183 rebellis
1258 5130 1521 5189 existeret,
1546 5139 1597 5182 ct
1620 5135 1823 5195 justum
1843 5148 1898 5183 se

245 5194 496 5274 piorum
558 5194 764 5256 brevis
808 5197 910 5269 sit,
948 5204 1010 5257 et
1068 5198 1369 5274 gaudium
1418 5194 1761 5274 hypocrita:
1818 5198 1896 5255 ad

245 5273 615 5337 simulaverat,
631 5280 684 5324 et
703 5290 846 5324 nunc
864 5273 1149 5326 rebellisin
1165 5278 1330 5325 Deum
1362 5273 1617 5325 exstiterit
1714 5289 1900 5337 super-

241 5334 445 5417 instar
502 5344 740 5416 puncti.
800 5342 864 5400 Si
918 5340 1268 5401 ascenderit
1318 5358 1514 5417 usque
1562 5340 1640 5399 ad
1699 5334 1890 5399 caelos

241 5414 375 5463 bum
402 5414 524 5465 eum
557 5417 862 5480 exprobrat.
1200 5414 1429 5469 elevatio
1454 5420 1668 5469 mentis.
1800 5420 1896 5467 l’er

239 5480 542 5561 superbia
600 5481 756 5557 ejus,
795 5489 855 5542 et
902 5488 1093 5561 caput
1136 5482 1272 5561 ejus
1329 5483 1527 5544 nubes
1583 5482 1894 5561 tetigerit;

237 5557 425 5625 omnia
456 5560 679 5608 vulnera
712 5557 1051 5622 putrefactus.
1074 5557 1407 5625 sterquilinio
1441 5557 1726 5611 similatur:
1802 5562 1899 5620 Qui

238 5622 427 5703 quasi
480 5624 946 5702 sterquilinium
1006 5626 1068 5683 in
1119 5622 1240 5703 fine
1300 5626 1635 5701 perdelur;
1671 5634 1731 5685 et
1792 5626 1899 5703 qui

238 5699 385 5771 enim
413 5701 469 5771 in
502 5699 670 5771 regno
695 5708 977 5771 noverunt,
1000 5702 1278 5752 insultanti
1302 5699 1441 5751 voce
1473 5705 1651 5753 dicent
1666 5699 1902 5771 gum-est

238 5764 649 5823 potentissimus
678 5780 859 5827 regum
878 5770 899 5813 ‘t
1664 5768 1761 5815 Pro
1792 5771 1899 5815 tam

235 5843 383 5884 eum
442 5826 763 5901 viderunt,
816 5831 1073 5890 dicent:
1124 5827 1241 5888 Ubi
1291 5828 1435 5887 est?
1485 5829 1669 5889 Velut
1726 5847 1896 5889 som-

234 5904 385 5955 brevi
418 5906 573 5957 exitu
595 5907 735 5958 vita.

1208 360 1625 426 EXPOSITIO
1670 360 2275 425 lN'I‘EBLlNEARIS
2323 360 2529 423 LIBRI
2569 360 2735 426 JOB.

818 784 958 831 inter
978 789 1165 833 caetera
1188 782 1327 831 mala
1354 782 1457 830 hoc
1485 782 1724 830 additum
1749 786 1846 838 est,
1865 785 1937 829 ut»

1950 1863 1998 1927 B

1948 3231 1989 3297 C
2030 3226 2361 3285 titudinem

3520 362 3677 427 1509

1564 497 1734 544 Judmi
1773 497 1917 570 (31ηζί-
1950 504 1997 565 Α
2034 498 2199 555 nium
2265 496 2522 555 avolans
2576 514 2699 558 non
2752 495 3126 570 invenietur,
3176 497 3437 558 transiet
3510 501 3675 560 sicut

2036 577 2183 636 visio
2231 584 2561 637 nocturna.
2593 577 2826 637 Oculus
2884 578 2991 656 qui
3047 596 3187 638 eum
3248 576 3490 639 viderat
3549 599 3676 641 non

2313 656 2439 713 Quis
2470 662 2548 704 est
2578 657 2727 705 locus
2752 658 3177 720 hypocritaa,nisi
3199 671 3289 707 cor
3319 658 3675 719 adulantium,

2032 717 2127 783 ubi
2153 717 2360 783 favores
2392 724 2565 775 erunt,
2599 720 2668 767 ibi
2700 717 2897 781 quippe
2929 734 3019 768 cor
3047 720 3188 768 illius
3218 722 3518 783 requiescit.

2031 780 2266 840 videbit
2312 800 2326 851 ;
2390 800 2589 859 neque
2650 780 2847 841 ultra,
2896 783 3243 843 intuebitur
3294 780 3440 843 eum
3496 784 3669 845 locus

2157 860 2252 908 Per
2268 861 2353 908 Dei
2368 862 2683 909 sententiam
2703 862 2997 910 miserrima
3015 867 3248 922 egestate
3267 868 3677 913 consumentur.

2031 941 2209 1003 suus.
2264 924 2400 983 Filii
2458 924 2592 999 ejus
2622 931 2971 984 atterentur
3018 932 3315 1003 egestate,
3352 933 3413 987 et
3457 945 3681 987 manus

2030 1002 2162 1060 Quia
2183 1002 2578 1052 damnationem
2612 1018 2707 1066 per
2737 1018 2898 1066 opera
2918 1017 3173 1053 manuum
3200 1019 3415 1055 suarum
3435 1006 3676 1124 6ecipiet.

3484 1082 3570 1117 uia
3599 1082 3676 1117 111-

3484 1082 3570 1117 018,
3599 1082 3680 1117 111-

2029 1125 2197 1208 illius
2270 1128 2532 1208 reddent
2586 1129 2642 1187 ei
2696 1129 2975 1188 dolorem
3059 1147 3264 1189 suum.
3327 1133 3481 1190 Ossa
3538 1130 3673 1208 ejus

2030 1205 2239 1269 choatio
2262 1207 2379 1269 ejus
2410 1207 2660 1263 libidinis,
2685 1223 2803 1269 qua:
2836 1208 3201 1257 adolescentia
3230 1210 3507 1267 dicitur,in
3531 1205 3675 1260 forti-

2032 1268 2213 1336 tudine
2230 1268 2882 1336 consuetudiniscrescit.‘
3110 1332 3119 1336 _
3270 1272 3404 1336 Quia
3423 1286 3589 1336 usque
3613 1273 3679 1321 ad

2032 1331 2463 1407 implebuntur
2522 1333 2684 1392 vitiis
2744 1332 3181 1393 adolescentia:
3244 1334 3398 1411 ejus,
3436 1331 3674 1395 et'cum

2031 1412 2249 1477 moriem
2274 1412 2385 1461 llth
2408 1412 2533 1459 vitia
2555 1426 2676 1460 eum
2699 1426 2807 1461 non
2828 1412 3153 1475 relinquunt.
3222 1414 3356 1470 Quia
3383 1414 3677 1477 hypocrita!

2032 1492 2105 1533 eo
2150 1475 2210 1533 in
2263 1478 2519 1552 pulvere
2606 1476 2942 1535 dormient.
3001 1477 3152 1535 Cum
3240 1475 3675 1538 enimﬂdulce

2031 1553 2288 1620 iniquitas
2314 1555 2548 1602 suavitas
2570 1560 2649 1620 est
2669 1554 2843 1603 cordis
2863 1554 2997 1620 ejus.
3066 1554 3258 1620 blande
3281 1556 3676 1620 loquens,aspe-

2033 1616 2217 1675 fuerit
2278 1617 2337 1675 in
2418 1636 2524 1676 ore
2593 1618 2727 1695 ejus
2812 1619 3070 1688 malum,
3128 1616 3470 1678 abscondet
3520 1616 3676 1679 illud

2031 1695 2238 1759 ritatem
2270 1700 2445 1745 servat
2475 1698 2526 1744 in
2560 1697 2737 1745 corde.
2769 1696 3030 1754 Quoniam
3063 1697 3236 1745 hocin
3261 1699 3544 1759 semetipso
3567 1712 3675 1748 non

2032 1758 2147 1816 sub
2202 1759 2415 1836 lingua
2470 1778 2602 1819 sua.
2664 1762 2883 1819 Parcet
2940 1759 3053 1829 illi,
3105 1766 3167 1819 et
3226 1780 3352 1819 non
3404 1758 3677 1820 derelin-

2032 1836 2206 1898 punit.
2522 1839 2801 1887 abscondit
2830 1840 2884 1886 in
2920 1842 3110 1887 mente.
3454 1840 3682 1889 Satietas

2028 1906 2179 1976 quet
2232 1900 2409 1968 illud,
2464 1908 2525 1960 et
2582 1902 2809 1961 celabit
2862 1902 2924 1960 in
2975 1907 3227 1976 gutture
3294 1920 3429 1961 suo.
3492 1904 3677 1962 Panis

2026 1979 2338 2040 temporalis
2350 1979 2791 2038 dilectionis,qua3
2806 1981 2857 2027 in
2875 1982 3030 2028 tinem
3046 1980 3416 2029 amaritudinis
3432 1982 3679 2031 vertitur.

2028 2055 2148 2105 cum
2168 2043 2222 2089 in
2246 2043 2535 2090 novissimo
2558 2044 2915 2105 cognoscitur,
2933 2042 3074 2091 hanc
3093 2043 3288 2091 diaboli
3321 2057 3433 2092 esse
3455 2057 3677 2105 persua-

2028 2104 2163 2177 ejus
2222 2104 2282 2163 in
2344 2112 2519 2164 utero
2576 2104 2741 2165 illius
2799 2113 3076 2165 vertetur
3122 2107 3183 2163 in
3239 2106 3319 2164 fel
3380 2108 3669 2184 aspidum

2028 2184 2254 2231 sionem.
2324 2184 2559 2232 Divinam
2592 2185 3060 2246 scientiam,quam
3090 2184 3376 2245 aliquando
3409 2185 3537 2234 mali
3555 2200 3682 2235 con-

2028 2246 2421 2305 intrinsecus.
2510 2248 2767 2306 Divitias
2849 2266 3006 2325 quas
3106 2247 3431 2306 devoravit
3523 2267 3673 2309 evo-

2029 2325 2562 2387 cupiscuntscirezsed
2579 2327 2833 2388 quoniam
2852 2340 3007 2389 agere
3026 2328 3534 2389 recusant,prorecto
3558 2340 3682 2377 evo-

2030 2392 2259 2445 munt,et
2280 2389 2683 2451 extorquebitur
2704 2389 2770 2438 ab
2791 2388 2974 2451 iniquo
2986 2388 3129 2450 quod
3145 2388 3343 2449 injuste
3360 2390 3679 2449 abstulerat,

2033 2457 2180 2521 met,
2233 2457 2296 2510 et
2342 2451 2419 2511 de
2481 2459 2695 2511 ventre
2752 2452 2919 2511 illius
2975 2452 3263 2511 extrahet
3318 2470 3425 2511 eas
3484 2456 3671 2512 Deus.

2034 2530 2128 2577 Per
2158 2531 2390 2591 aspidem
2415 2544 2583 2594 prava
2613 2536 2665 2581 et
2685 2531 2860 2580 latens
2883 2531 3077 2579 diaboli
3101 2530 3413 2593 suasio;per
3440 2531 3678 2594 viperam

2030 2605 2156 2640 vero
2187 2598 2370 2654 aperta
2398 2592 2591 2641 diaboli
2621 2594 2842 2642 tentatio
2874 2593 3197 2655 designatur.
3326 2592 3335 2593 ί
3499 2592 3512 2594 “
3612 2628 3619 2635 .

2030 2656 2234 2732 Caput
2270 2656 2557 2733 aspidum
2618 2665 2819 2734 sugct,
2853 2664 2915 2716 et
2956 2656 3200 2735 occidet
3262 2674 3402 2715 eum
3466 2655 3684 2735 lingua

2155 2736 2305 2784 Dona
2318 2736 2541 2797 Spiritus
2561 2738 2727 2785 sancti
2751 2749 2858 2785 non
2880 2734 3135 2784 videntur
3164 2736 3228 2783 ab
3260 2734 3681 2798 hypocritisIHis

2037 2798 2288 2875 viperea.
2377 2802 2511 2857 Non
2618 2800 2824 2859 videat
2910 2799 3075 2858 rivos
3162 2799 3459 2869 ﬂuminis,
3546 2806 3671 2859 tor-

2032 2877 2341 2926 nominibus
2372 2878 2602 2926 Paradisi
2632 2878 2962 2927 afﬂuentiam
2993 2878 3271 2938 signiﬁcat.
3302 2878 3461 2927 Juxta
3498 2879 3680 2927 omnia

2033 2948 2239 2999 rentes
2316 2942 2515 3000 mellis
2599 2950 2661 3002 et
2745 2942 2974 3018 butyri.
3071 2944 3223 3001 Luet
3309 2960 3450 3018 quae
3533 2942 3681 3001 fecit

2032 3033 2152 3082 qua;
2172 3020 2311 3075 fecit,
2335 3020 2535 3082 recipit.
2667 3020 2912 3083 gehenna
2936 3021 3088 3080 ignis.
3222 3020 3281 3069 Ut
3298 3020 3556 3082 Propheta
3577 3022 3675 3070 ait:

2032 3084 2266 3153 omnia,
2321 3102 2433 3143 nec
2493 3090 2701 3143 tamen
2761 3089 3187 3143 consumetur.
3248 3087 3441 3143 Juxta
3524 3086 3681 3144 mul-

2032 3162 2160 3221 Quia
2192 3166 2245 3209 tu
2274 3162 2457 3211 reddes
2484 3162 2703 3225 singulis
2731 3162 3011 3211 seCundum
3040 3177 3193 3221 opera
3217 3177 3409 3211 eorum.

2460 3227 2975 3286 adinventionum
3080 3244 3358 3297 suarum,
3446 3225 3533 3285 sic
3616 3232 3678 3285 et

2343 3306 2538 3354 Retulit
2566 3320 2753 3354 causas
2777 3320 2941 3369 quare
2972 3319 3158 3368 pcenas
3178 3318 3297 3367 quae
3327 3318 3490 3368 supra
3516 3305 3670 3354 dicttB

2030 3368 2427 3447 sustinebit;
2516 3368 2811 3447 quoniam
2917 3370 3315 3445 confringens
3414 3369 3679 3429 nudavit

2030 3451 2174 3505 sunt,
2207 3446 2352 3497 luere
2384 3446 2650 3497 mereatur
2678 3449 2892 3511 impius.

2030 3512 2323 3587 pauperis
2398 3512 2707 3583 domum;
2758 3510 2999 3589 rapuit
3083 3510 3287 3588 [ναις.
3380 3511 3678 3589 pauperis

2030 3589 2287 3648 domum
2348 3592 2600 3667 rapuit],
2650 3598 2713 3651 et
2771 3610 2894 3651 non
2952 3591 3284 3650 aedificavit
3339 3608 3502 3649 eam.
3550 3593 3677 3651 Nec

2031 3668 2121 3715 llis
2132 3669 2468 3717 sermonibus
2480 3670 2821 3719 sanctumJob
2836 3672 3122 3730 cupiditate
3136 3668 3511 3730 inexplebilem
3527 3668 3671 3717 dicit.

3048 3730 3502 3787 Quemadmodum
3535 3734 3587 3779 et
3616 3736 3673 3779 tu

2029 3801 2123 3853 est
2203 3795 2466 3853 satiatus
2552 3799 2766 3854 venter
2813 3794 2970 3871 cjus.
3032 3801 3095 3853 et
3150 3812 3292 3852 cum
3381 3792 3675 3853 habuerit

2028 3873 2138 3934 ipse
2162 3873 2307 3934 justo
2332 3874 2534 3934 judicio
2565 3874 2943 3937 patrimonium
2975 3877 3124 3922 tuum
3155 3871 3448 3937 perdidisti.
3540 3872 3676 3930 Quia

2029 3954 2169 4013 quae
2250 3936 2924 4015 cupierat,’possidere
3008 3954 3132 3995 non
3215 3936 3470 4014 poterit.
3535 3938 3671 3995 Non

2028 4016 2093 4063 de
2110 4029 2291 4063 mensa
2304 4018 2420 4076 ejus
2438 4018 2670 4078 hospites
2694 4030 2799 4066 non
2824 4017 3091 4078 pavit.uec
3114 4016 3418 4077 peregrinos
3437 4016 3667 4078 recepit:

2028 4081 2081 4124 et
2104 4083 2382 4139 propterea
2403 4079 2532 4127 nihil
2555 4084 2833 4128 remaneat
2853 4081 2917 4127 de
2940 4080 3095 4127 bonis
3116 4078 3243 4136 suis,
3268 4078 3315 4127 id
3341 4081 3436 4136 est,
3452 4078 3673 4127 faculta-

2029 4141 2329 4201 remansit
2398 4143 2475 4202 de
2546 4143 2685 4202 cibo
2770 4142 2925 4220 ejus,
2974 4149 3037 4203 et
3122 4146 3454 4220 propterea
3516 4142 3673 4201 nihil

2024 4223 2132 4268 tem
2155 4220 2312 4269 illius.
3036 4220 3298 4279 Quoniam
3330 4223 3532 4283 quanto
3564 4234 3673 4269 ma-

2025 4284 2419 4371 permanebit
2478 4284 2577 4371 _de
2634 4284 2875 4371 ’1101118-
2922 4284 3079 4371 ejus.
3158 4286 3318 4371 _C__um
3407 4283 3671 4371 satiatus

2018 4363 2136 4425 jora
2149 4363 2203 4411 in
2216 4364 2410 4412 smculo
2427 4363 2752 4425 adipiscitur,
2767 4367 2915 4413 tanto
2930 4363 3373 4412 intolerabiliores
3394 4364 3671 4426 angustias

2023 4426 2230 4498 fuerit,
2281 4427 2645 4498 arctabitur,
2697 4426 3005 4499 aestuabit,
3056 4435 3118 4487 et
3198 4426 3404 4487 omnis
3487 4426 3669 4487 dolor

2021 4506 2236 4567 patitur,
2271 4506 2540 4568 quomodo
2571 4507 2789 4555 inventa
2823 4506 3103 4555 custodiat.

2641 4568 2933 4626 Quamdam
2958 4568 3301 4628 capacitatem
3326 4567 3518 4615 animm
3542 4579 3670 4615 ven-

788 4631 861 4678 Ac
890 4602 932 4677 sli
963 4630 1146 4692 dicati:
1180 4628 1349 4677 Verba
1379 4633 1472 4677 tua
1502 4630 1679 4686 audio,
1713 4630 1807 4677 sed
1839 4643 1904 4677 an
1938 4602 1981 4664 D
2013 4632 2147 4677 trem
2180 4629 2322 4685 dicit,
2344 4634 2399 4679 ut
2430 4643 2599 4692 usque
2622 4602 2687 4679 ὤ
2712 4602 3101 4680 ευωωυαῖοὲε
3118 4631 3198 4677 sui
3221 4630 3561 4692 blasphemia
3583 4643 3675 4678 cu-

2012 4692 2207 4751 irruet
2288 4694 2351 4751 in
2436 4712 2605 4752 eum.
2680 4696 2935 4756 Utinam
3023 4694 3362 4771 impleatur
3449 4698 3668 4753 venter

2010 4772 2263 4820 muletur.
2614 4774 2978 4830 Iram,furoris
2996 4773 3189 4822 diaboli
3220 4773 3482 4821 smvitiam
3515 4772 3663 4820 dicit.

2013 4834 2169 4912 ejus,
2217 4840 2278 4893 et
2329 4835 2576 4894 emittat
2646 4836 2706 4895 in
2795 4856 2938 4897 eum
3023 4838 3178 4896 iram
3266 4836 3497 4894 furoris
3541 4834 3663 4907 sui,

2010 4914 2263 4962 Guttatim
2290 4913 2479 4975 jaculis
2509 4916 2863 4964 tentationum
2896 4916 3186 4964 districtam
3253 4913 3664 4963 retributionem

2013 4977 2248 5039 recipiat.
3146 4977 3276 5024 Cum
3308 4989 3363 5024 se
3396 4976 3666 5039 putaverit

2010 5046 2072 5099 et
2132 5040 2307 5117 pluat
2368 5057 2556 5115 super
2617 5040 2793 5099 illum
2856 5040 3097 5100 bellum
3167 5058 3375 5099 suum.
3444 5040 3666 5115 Fugiet

2008 5119 2233 5167 leviores
2247 5119 2572 5167 calamitates
2588 5133 2742 5179 posse
2756 5119 3010 5182 effugere,
3032 5120 3083 5169 in
3098 5119 3383 5167 atrociores
3406 5117 3663 5167 incurrat.

2008 5189 2508 5253 Ormnisgnecessitas
2550 5203 2657 5238 non
2689 5191 2979 5253 incongrue
3012 5192 3214 5239 ferrum
3269 5193 3501 5247 vocatur,
3535 5189 3664 5251 quia

2013 5252 2169 5300 vitam
2201 5251 2379 5312 inopis
2406 5253 2655 5301 mceroris
2687 5251 2909 5301 vulnere
2943 5254 3164 5301 cruciat.

2010 5334 2188 5375 arma
2271 5316 2495 5384 ferrea,
2569 5322 2631 5374 et
2713 5317 2905 5375 irruet
2992 5317 3055 5375 in
3141 5332 3355 5373 arcum
3389 5331 3659 5374 aeneum.

2011 5395 2282 5443 Arcusiste
2302 5393 2877 5458 diabolusintelligitur.
2912 5394 3189 5443 deinferis.
3214 5393 3653 5450 Quiainhumane

2013 5458 2286 5517 Eductus
2370 5458 2696 5532 egrediens
2760 5459 2837 5517 de
2886 5460 3111 5535 vagina
3154 5475 3290 5527 sua,
3338 5462 3400 5516 et
3443 5458 3654 5533 fulgu-

2009 5538 2370 5599 premitquem
2384 5537 2773 5598 corrupit.Quia
2793 5538 3005 5586 simulat
3021 5553 3074 5586 se
3097 5538 3149 5585 in
3168 5535 3422 5599 Angelum
3444 5536 3595 5586 lucis.

2010 5619 2157 5660 rans
2240 5599 2300 5657 in
2388 5600 2813 5660 amaritudine
2899 5620 3035 5661 sua.
3085 5600 3331 5660 Vadent
3413 5606 3475 5660 et
3562 5617 3667 5658 ve-

2010 5680 2202 5729 ardeut
2234 5678 2360 5726 socii
2395 5680 2647 5740 principis
2680 5681 2990 5729 adversarii.

2011 5745 2183 5804 nient
2283 5741 2489 5819 [Vulg.
2537 5743 2596 5799 in
2682 5744 3101 5804 amaritudine
3184 5760 3295 5801 sua
3380 5740 3571 5809 vadit,
3606 5744 3665 5798 et

3330 5821 3549 5868 Peccata
3569 5832 3667 5865 sua

2011 5886 2283 5957 venient,
2334 5886 2467 5959 etc.]
2532 5904 2719 5965 super
2783 5904 2926 5948 eum
2986 5884 3343 5946 horribiles.
3432 5885 3665 5941 Omnes
