4070 6166
562 263 728 330 4503

562 605 780 665 fuerint,
813 605 1135 660 concremet.

559 669 897 755 Devorabit
959 691 1101 734 eum
1163 674 1347 752 ignis,
1397 677 1503 755 qui
1565 697 1688 738 non
1751 681 2196 741 succenditur:

556 748 690 806 Quia
720 763 839 799 cum
871 764 1093 815 corpore
1127 748 1224 803 suo
1247 748 1499 817 punietur
1527 757 1724 821 impius
1764 757 1911 822 justo
1935 759 2141 822 judicio
2172 775 2202 809 a

557 810 668 861 Deo
698 813 998 863 derelictus.
1906 821 2085 871 Sancti
2116 824 2199 872 vel

1944 824 2085 871 aucti
2116 837 2177 871 ve

557 875 875 954 afﬂigetur
946 878 1196 938 relictus
1252 879 1314 938 in
1363 882 1771 944 tabernaculo
1828 903 1960 945 suo.
2003 891 2196 945 lteve-

1587 964 1719 1019 Quia
1735 966 1930 1013 terreni
1961 966 2195 1014 testimo-

555 1018 780 1101 labunt
824 1021 965 1080 coeli
1012 1021 1406 1098 iniquitatem
1461 1018 1618 1101 ejus,
1659 1031 1720 1085 et
1802 1033 1970 1087 terra
2052 1047 2198 1089 con-

549 1098 701 1146 nium
731 1097 921 1168 dicunt
945 1097 1135 1148 contra
1161 1115 1301 1150 eum.
1369 1097 1722 1166 Cogitationes
1752 1119 1886 1168 quas
1909 1111 2029 1156 ante
2049 1107 2194 1156 solus

551 1166 806 1249 surget.
845 1162 1144 1249 adversus
1228 1182 1394 1224 eum.
1446 1162 1782 1246 «Apertum'
1847 1171 1963 1231 erit
2047 1189 2187 1249 ger-

557 810 668 861 Deo
698 810 998 863 derelictus.

555 953 742 1017 Angeli
774 969 935 1018 opera
959 957 1102 1018 impii
1130 958 1486 1010 manifestant.

735 1239 951 1303 sciebat,
983 1246 1178 1303 aperta:
1208 1249 1349 1292 sunt.

540 1299 735 1350 Mentis
758 1302 835 1370 vel
855 1299 1180 1370 intentionis.
1197 1307 1252 1354 ln
1276 1306 1359 1355 die
1383 1307 1568 1370 judicii
1593 1309 1832 1358 mittetur
1859 1309 1916 1358 lu
1940 1311 2189 1360 tenebras

547 1381 688 1424 men
751 1364 974 1425 domus
1035 1368 1222 1440 illius,
1270 1364 1636 1431 detrahetur
1692 1373 1753 1430 in
1817 1373 1916 1433 die
1962 1375 2185 1434 furoris

545 1444 852 1511 exteriores.
883 1445 1128 1496 Omnium
1162 1461 1383 1511 operum
1423 1451 1716 1500 retributio.

541 1507 817 1592 Domini.
853 1511 998 1592 Haec
1043 1517 1143 1592 est
1198 1507 1345 1590 pars
1401 1514 1672 1573 hominis
1717 1514 1894 1592 impii
1943 1535 1978 1576 a
2007 1511 2180 1590 'Deo,

539 1585 649 1656 Job
671 1588 864 1656 omnia
884 1588 995 1637 haec
1024 1585 1230 1656 dixerat
1257 1595 1453 1641 notans
1472 1606 1594 1642 eum
1617 1585 1838 1656 impium
1866 1610 1979 1645 esse
2013 1612 2023 1643 :

542 1655 605 1709 et
635 1650 968 1712 haereditas
998 1653 1332 1714 verborum
1365 1659 1499 1734 ejus
1525 1675 1563 1717 a
1592 1650 1881 1718 Domino.

1123 1833 1384 1896 CAPUT
1426 1836 1578 1896 XXI.

602 1992 665 2042 Ut
677 1990 942 2054 perfectus
955 2004 1065 2058 non
1081 1993 1561 2058 moveturinjuriis,
1577 1994 1668 2043 sed
1682 1995 1964 2058 tranquille
1980 2009 2072 2045 eos
2092 1996 2157 2046 de
2169 2025 2183 2034 -

598 2058 846 2122 precatur
859 2058 916 2122 ut
929 2055 1252 2104 audientiam
1267 2055 1540 2122 praebeaut
1569 2058 1688 2122 ejus
1698 2055 2047 2114 sermonibus,
2063 2073 2130 2122 qu
2140 2060 2179 2107 i-

619 2118 1022 2195 Respondens
1107 2127 1314 2180 autem
1401 2120 1546 2192 Job,
1597 2118 1790 2180 'dixit
1853 2142 1868 2180 :
1924 2118 2174 2195 Audi—te,

533 2195 633 2246 bus
646 2198 909 2260 perceptis
920 2201 972 2246 et
983 2199 1556 2262 cognitis,cognoscant
1567 2213 1623 2249 se
1641 2200 1830 2264 dignos
1843 2202 2175 2263 poenitentiae

523 2276 773 2339 quasso,
821 2279 1140 2344 sermones
1224 2281 1414 2333 meos,
1482 2271 1544 2323 et
1626 2265 1790 2340 agite
1875 2267 2176 2344 paeniten-

845 2341 1111 2389 Patientcr
1138 2346 1455 2404 exspectate.

533 2401 710 2463 tiam.
797 2405 1112 2485 Sustinete
1191 2401 1314 2485 me,
1406 2411 1474 2466 ut
1555 2412 1618 2466 et
1699 2425 1816 2484 ego
1901 2407 2149 2485 loquar;

903 2484 945 2532 si
974 2483 1047 2532 ita
1068 2484 1226 2532 fuerit
1253 2488 1455 2546 aptum.

532 2549 596 2604 et
651 2550 892 2623 postea,
941 2546 993 2605 si
1060 2547 1391 2618 videbitur,
1452 2548 1644 2607 verba
1728 2565 1866 2608 mea
1950 2549 2165 2609 ridete.

519 2623 579 2690 ἐξ
610 2624 750 2672 inter
780 2624 1029 2690 homines
1058 2625 1158 2675 hoc
1189 2629 1346 2676 modo
1370 2627 1763 2690 judicaret,non
1789 2628 2169 2690 mirarer,apud

527 2688 845 2765 Numquid
906 2696 1126 2749 contra
1201 2688 1517 2751 hominem
1602 2692 1944 2770 disputatio
2031 2688 2170 2751 mea

525 2778 658 2828 quos
671 2770 1213 2834 nonnunquamjusta
1225 2771 1853 2833 solentinjustejudicari.
1992 2770 2170 2820 Admi-

519 2839 636 2902 est,
691 2837 762 2890 ut
819 2832 1212 2893 merito‘non
1271 2832 1533 2894 debeam
1594 2833 2006 2894 contristari?
2067 2840 2168 2895 At-

520 2909 713 2959 ramini
730 2911 1000 2975 quomodo
1018 2913 1105 2976 qui
1120 2913 1297 2976 justus
1318 2914 1712 2974 dicitur,taliter
1733 2928 1858 2974 erga
1877 2927 1960 2962 me
1981 2926 2166 2974 opere-

1545 2980 1650 3035 tur,
1673 2975 1815 3039 quod
1846 2978 2056 3036 signum
2088 2982 2168 3024 est

522 3035 760 3118 tendite
821 3055 919 3099 me
982 3043 1044 3099 et
1089 3035 1982 3118 obstupescite;sup'erponite
2067 3039 2162 3098 di-

521 3115 735 3181 sileutii.
855 3180 861 3181 γ
1051 3118 1185 3175 Quia
1214 3115 1333 3167 cum
1359 3123 1498 3167 recte
1533 3115 1708 3167 vivere
1737 3115 1859 3168 ante
1890 3118 2158 3181 putabam,

560 3179 715 3240 itum
775 3180 868 3240 ori
922 3186 1148 3241 vestro.
1183 3184 1258 3242 Et
1313 3199 1429 3259 ego
1488 3182 1742 3260 quando
1791 3179 2154 3242 recordatus

555 3271 709 3308 orreo
731 3260 788 3309 in
809 3260 1188 3321 hoc,quoniam
1203 3262 1390 3325 Ignoro
1403 3261 1528 3324 quid
1547 3261 1868 3325 patior,etad
1893 3265 2152 3310 secretum

512 3321 712 3395 fuero,
836 3321 1250 3402 pertimesco:
1316 3330 1378 3384 et
1420 3321 1436 3324 ⁷
1500 3321 1778 3386 concutit
1901 3342 2151 3384 carnem

514 3403 627 3451 veri
644 3403 733 3451 Dei
750 3404 930 3452 venire
945 3417 1053 3452 non
1076 3417 1312 3468 possum.
1330 3403 1432 3453 Illis
1453 3404 1728 3468 respondit
1745 3404 1836 3467 qui
1855 3403 2038 3468 dicunt
2057 3405 2155 3453 im-

509 3481 716 3546 meam
776 3472 1032 3526 tremor.
1091 3469 1294 3539 Quare
1356 3486 1505 3545 ergo
1542 3467 1742 3546 impii
1819 3467 2035 3528 vivunt
2090 3474 2154 3528 et

509 3545 660 3610 pium
692 3545 917 3610 festinus
939 3546 1087 3610 [Lege
1117 3547 1324 3610 festiue]
1349 3545 1673 3597 delendum.’
2059 3546 2150 3595 Se-

511 3608 820 3670 sublevati
903 3608 1070 3684 sunt,
1155 3608 1618 3690 confortatique
1671 3610 1956 3670 divitiis?
2038 3610 2149 3670 Se-

511 3701 684 3752 quens
712 3691 1012 3752 progenies.
1609 3691 1861 3739 Fraterna
1883 3690 2145 3751 cognatio.

511 3770 653 3832 men
727 3771 944 3814 eorum
1006 3758 1336 3832 permanet
1374 3771 1584 3814 coram
1616 3754 1722 3814 eis.
1758 3753 2147 3831 Propinquo-

507 3830 626 3880 Non
665 3831 836 3880 solum
860 3832 966 3888 filii,
990 3830 1081 3882 sed
1121 3833 1278 3881 etiam
1315 3836 1535 3887 nepotes
1556 3834 1608 3881 in
1631 3830 1922 3895 conspectu
1944 3830 2147 3882 eorum.

507 3895 867 3974 rumturba
915 3902 976 3954 et
1022 3903 1321 3973 nepotum
1381 3897 1444 3955 in
1505 3903 1843 3974 conspectu
1900 3914 2142 3955 eorum.

509 3968 740 4022 Familia:
773 3987 958 4022 eorum
989 3968 1190 4023 nullam
1221 3975 1538 4024 discordiam
1559 3968 1837 4025 habentes.

505 4037 741 4097 Domus
815 4056 1032 4097 eorum
1108 4056 1343 4098 securas
1419 4045 1564 4100 sunt
1611 4045 1673 4099 et
1729 4042 1970 4117 pacatae
2026 4055 2038 4110 ;
2087 4043 2150 4097 et

816 4117 960 4164 Dura
989 4118 1270 4180 correptio.
1851 4128 2034 4165 semen
2065 4130 2146 4164 re-

505 4195 629 4239 non
683 4185 776 4239 est
840 4180 1018 4258 virga
1071 4182 1180 4241 Dei
1257 4198 1444 4259 super
1512 4180 1678 4240 illos.
1738 4181 1858 4239 Bos
1927 4197 2141 4240 eorum

503 4259 647 4322 cipit.
753 4322 756 4323 ν
900 4264 1025 4310 ante
1056 4264 1264 4323 tempus
1295 4273 1405 4309 non
1435 4261 1588 4322 parit.
1735 4259 1894 4307 enixa
1922 4264 2015 4306 est.

503 4322 813 4402 concepit,
875 4331 936 4384 et
993 4343 1116 4384 non
1170 4322 1542 4391 ’abortivit;
1602 4339 1791 4382 vacca
1862 4322 2139 4402 peperit,

501 4411 612 4451 non
642 4400 723 4452 est
751 4402 924 4452 vitulis
939 4404 1140 4453 aborta.
1166 4403 1400 4452 Dominis
1417 4416 1633 4466 gregum
1665 4401 1834 4464 prima
1853 4400 2140 4466 (elicitas,si

499 4478 623 4528 grex
642 4466 971 4515 sterilitatem
991 4480 1100 4516 non
1121 4466 1327 4515 habens
1343 4463 1602 4527 concepit.
1670 4463 1919 4528 Secunda
1935 4464 1982 4528 si
2015 4477 2144 4512 con-

502 4515 565 4588 Ξι
648 4545 772 4588 non
856 4536 950 4588 est
1016 4515 1274 4608 privata
1345 4515 1679 4608 fmtu‘suo.
1723 4526 2143 4608 Egrediuntur
2177 4527 2222 4591 D
2270 4537 2412 4598 quae
2470 4516 2618 4608 fecit
2659 4516 2804 4608 quis
2841 4515 2984 4608 red

501 4611 686 4669 ceptus
699 4608 764 4656 ad
786 4612 999 4669 partum
1022 4605 1194 4669 venit;
1211 4608 1366 4660 tertia
1389 4612 1568 4656 autem
1593 4607 1632 4654 si
1655 4605 1756 4654 hoc
1773 4605 1915 4667 quod
1936 4609 2147 4667 partum

503 4675 600 4738 est,
651 4684 745 4738 per
775 4671 1186 4738 nutrimentaad
1229 4670 1794 4738 perfectum‘ducatur,
1827 4680 1947 4738 quae
1975 4670 2151 4738 omnia

503 4731 694 4782 adesse
713 4733 890 4796 impiis
912 4747 1054 4797 smpe
1082 4731 1430 4782 demonstrat.
1495 4733 1558 4780 Et
1587 4731 1731 4797 sicut
1751 4731 1954 4797 majora
1975 4731 2041 4779 ad
2063 4731 2152 4780 ha-

502 4797 684 4875 quasi
742 4791 1261 4875 greges-parvuli
1318 4813 1557 4875 eorum,
1604 4801 1666 4853 et
1718 4791 1986 4875 infantes
2043 4813 2150 4854 eo-

501 4872 736 4925 bendum
750 4872 1002 4926 concessa
1015 4872 1237 4932 sunt,ita
1247 4876 1405 4924 etiam
1422 4874 1570 4923 multi
1585 4873 1891 4934 germinent
1901 4872 1964 4920 ad
1980 4877 2152 4923 custo-

503 4939 780 4989 diendum.
1377 4938 1507 4986 Cum
1539 4936 1749 4984 Domini
1779 4935 2074 4985 honoribus
2101 4941 2153 4984 et

503 5020 642 5062 rum
729 5001 1043 5063 exsultant
1091 4999 1330 5061 lusibus
1364 5018 1376 5059 :
1415 5006 1632 5059 tenent
1673 5005 2044 5078 tympanum
2089 5007 2152 5060 et

501 5082 662 5130 rebus
683 5084 908 5141 tument,
931 5080 1154 5144 subjecti
1180 5081 1235 5128 in
1265 5079 1478 5128 ludicris
1507 5077 1711 5144 artibus
1738 5077 1994 5144 gaudent.

506 5145 860 5221 cytharam,
897 5151 959 5204 et
988 5142 1267 5223 gaudent
1296 5144 1372 5204 ad
1407 5142 1959 5223 sonitumworgani.

722 5221 1144 5287 Temporalibus.
1176 5224 1386 5273 Umbrae
1435 5222 1737 5287 similes.7Et
1765 5221 1906 5269 intra
1938 5223 2150 5287 tempus

503 5283 752 5362 Ducunt
807 5283 871 5346 in
921 5288 1100 5347 bonis
1149 5287 1280 5345 dies
1337 5306 1502 5356 suos,
1539 5292 1600 5346 et
1658 5286 1720 5344 in
1777 5289 2011 5362 puncto
2069 5285 2148 5343 ad

504 5361 875 5414 brevissimum
907 5367 971 5414 ad
1001 5370 1271 5416 tormenta
1308 5365 1598 5415 inferorum
1651 5361 1999 5418 descendunt,
2024 5364 2150 5425 quia

505 5425 678 5473 omnis
707 5425 983 5491 longitudo
1003 5431 1122 5478 vitae
1143 5429 1423 5491 praesentis
1446 5432 1675 5491 punctus
1698 5425 1866 5491 [Lege]
1891 5430 2146 5491 punctum

505 5500 620 5536 esse
642 5489 996 5549 cognoscitur.
1029 5489 1158 5540 cum
1182 5491 1285 5540 ﬁne
1320 5489 1654 5541 terminatur.
1686 5489 1910 5538 Causam
1966 5489 2151 5550 perdi-

505 5550 753 5611 inferna
833 5552 1241 5614 descendunt.
1332 5555 1449 5625 Qui
1543 5555 1838 5614 dixerunt
1919 5553 2047 5612 Deo
2131 5569 2144 5611 :

503 5631 665 5681 tionis
699 5629 985 5694 impiorum
1017 5633 1200 5694 aperit.

504 5695 744 5756 Recede
813 5714 850 5754 a
909 5695 1109 5758 nobis.
1171 5695 1494 5755 scientiam
1580 5695 1820 5754 viarum
1895 5698 2146 5754 tuarum

503 5777 819 5837 nolumus.
871 5775 1019 5845 Quis
1075 5780 1168 5832 est
1223 5774 1626 5850 omnipotens
1676 5782 1746 5833 ut
1802 5774 2149 5835 serviamus

503 5857 608 5926 ei?
665 5863 727 5918 et
781 5855 952 5936 quod
1036 5853 1215 5915 nobis
1290 5852 1594 5931 proderit,
1654 5853 1705 5912 si
1761 5855 2147 5918 oraverimus

2057 278 2314 343 APPEN
2323 282 2452 347 DlX
2463 328 2480 346 .

557 400 727 481 ιρι-ιγὶ.
744 400 801 451 in
817 399 972 481 corde
987 401 1526 481 abscoudunt,eisque
1545 407 1837 481 plurimum
1849 408 2205 481 delectantur.
2237 414 2293 481 Α

566 464 841 553 tenebraa
908 464 1499 553 absconditm'sunt
1545 464 1631 534 'in
1703 475 1963 536 occultis
2047 477 2202 553 ejus.

561 541 805 618 Yindic‘ia
835 559 955 609 quae
987 561 1196 618 semper
1224 550 1401 614 ardet,
1433 567 1552 615 qua:
1587 555 1768 604 omnia
1792 568 1909 618 qua:
1934 555 1978 604 ei
2010 541 2208 618 injecta

1849 1454 1906 1500 In
1938 1458 2184 1503 sanctum

3731 303 3827 367 ιω

2445 418 2777 494 Quia_gloria
2807 434 3016 484 eorum,
3033 434 3153 488 qua
3174 423 3472 494 temporalis
3497 431 3711 494 apparuit,
3732 445 3828 487 man.

2319 482 2497 544 illum
2519 485 2548 543 ?
2577 482 3025 567 Verumtamen
3050 482 3233 566 'quia
3285 482 3410 551 non
3446 482 3574 554 sunt
3615 493 3667 554 iu
3695 482 3829 561 'mii'u

2316 577 2439 612 sura
2460 577 2570 612 non
2591 565 2706 641 erit.
2755 566 2760 567 ⁷
2900 567 3037 624 Quia
3065 565 3299 641 prouhac
3325 573 3580 641 temporali
3604 573 3743 636 gloria,
3757 592 3829 641 per-

2315 643 2536 721 eorum
2591 627 2759 718 bona
2815 648 2950 721 sua,
2987 627 3318 721 consilium
3356 627 3670 721 Dimpioruvm
3714 627 3830 721 loiige

2314 710 2479 777 petua
2501 707 2797 777 ignominia
2827 708 3138 777 inducatur.
3237 712 3403 774 gloria
3431 707 3706 777 temporalis.

2311 775 2387 830 Sit
2449 789 2486 829 a
2545 788 2664 830 me.
2701 772 2953 854 Quoties
3023 772 3283 854 lucerna
3336 772 3639 854 impiorum
3686 783 3831 842 exstin.

2751 851 3082 901 abundantia
3113 851 3505 904 tormentorum.

2307 917 2558 988 guetur,
2599 916 2660 992 et
2700 916 3115 992 superveniet
3169 918 3255 977 eis
3313 917 3636 992 inundatio,
3683 928 3730 981 et
3766 923 3834 984 do-

2526 991 3065 1062 nnicuiqiie_reddet.
3190 1058 3200 1062 _
3233 1057 3253 1062 Α
3288 996 3576 1062 ξεοοαῐοιεεε
3600 991 3643 1048 et
3666 1000 3773 1062 impii
3791 1004 3833 1051 its

2307 1051 2471 1142 lores
2512 1051 2782 1142 .dividet
2821 1051 3052 1142 furoris
3108 1057 3259 1117 sui?
3285 1061 3477 1142 Erunt
3525 1063 3660 1142 sicut
3699 1051 3833 1142 palea

2303 1133 2522 1202 perituri
2557 1138 2700 1202 sunt,
2733 1140 2792 1183 ut
2821 1138 3039 1202 omnino
3069 1140 3304 1202 reparari
3339 1153 3446 1188 non
3473 1141 3667 1202 possint.

2305 1202 2450 1256 ante
2480 1197 2703 1281 faciem
2734 1200 2925 1281 venti,
2959 1206 3022 1259 et
3051 1197 3212 1281 sicut
3234 1197 3668 1281 favilla—quam
3715 1205 3834 1265 turbo

2614 1277 2721 1325 Deo
2752 1277 3027 1335 reddente.
3063 1279 3315 1330 Diabolus
3346 1297 3463 1331 cum
3482 1277 3836 1333 consentientibus

2299 1335 2398 1401 sibi
2429 1350 2618 1398 poenas
2656 1340 2854 1401 patitur
2889 1344 3135 1390 aeternas.

2295 1400 2620 1478 dispergit.
2658 1400 2840 1463 Deus
2898 1405 3174 1464 servabit
3229 1405 3374 1465 ﬁliis
3427 1406 3580 1466 illius
3633 1406 3832 1466 dolorem

2295 1481 2458 1548 Tuuc_
2471 1481 2601 1529 sciet
2631 1480 2891 1540 diabolus,
2922 1483 3107 1548 idest,
3132 1484 3326 1548 sentiet
3354 1484 3560 1548 quando
3587 1487 3780 1547 patietur.

2298 1543 2536 1622 patris;
2573 1549 2635 1604 et
2689 1561 2833 1604 cum
2894 1546 3260 1619 reddiderit,
3314 1543 3463 1608 tunc
3517 1543 3666 1609 sciet.
3714 1550 3837 1610 Vide-

2482 1623 2532 1670 id
2557 1627 2900 1689 estpmnam,
2930 1626 3055 1688 quia
3085 1625 3278 1689 duplex
3301 1626 3586 1686 infelicitas,
3612 1627 3715 1689 pati,
3737 1633 3772 1676 et
3791 1629 3836 1676 ri-

2292 1685 2676 1770 bunt‘oculi
2732 1688 2868 1764 ejus
2926 1685 3425 1770 interfectionem
3481 1685 3835 1770 eoru'm[Vulg.

2215 1787 2260 1852 Β
2290 1763 2430 1813 dere.
2468 1764 2562 1852 alii
2594 1763 2858 1852 di‘xertlnt,
2894 1772 2947 1852 ent
2975 1782 3006 1816 a
3035 1769 3260 1817 Domino
3291 1781 3406 1845 non
3435 1769 3663 1852 salvetur.

2293 1829 2518 1912 suam],
2606 1835 2667 1888 et
2749 1829 2827 1889 de
2911 1832 3126 1912 furore
3197 1833 3641 1912 omnipotentis
3689 1830 3835 1912 bibet.

2294 1907 2408 1974 {am
2427 1907 2569 1974 enim
2593 1911 2740 1974 novit
2763 1922 2818 1974 s_e
2841 1924 2960 1958 cum
2974 1909 3206 1973 filiis,qui
3227 1916 3355 1960 sunt
3375 1907 3726 1974 domusejus,in
3742 1915 3839 1958 aeter-

2291 1971 2672 2052 Quid_enim
2723 1971 2806 2032 ad
2863 1991 3009 2034 eum
3070 1971 3340 2052 pertinet
3399 1975 3473 2034 de
3530 1971 3689 2034 domo
3722 1975 3836 2052 pejus

2289 2062 2418 2098 num
2451 2049 3256 2110 damnandum.Diabolu's,cum
3287 2053 3467 2103 divisit
3484 2055 3608 2104 Deus
3624 2049 3836 2102 felicitatem

2287 2119 2432 2192 post
2483 2115 2594 2173 se?
2624 2115 2792 2194 etsi
2841 2134 3140 2176 numerus
3197 2118 3505 2176 mensium
3559 2118 3676 2194 ejus
3711 2117 3831 2174 dimi.

2286 2206 2441 2267 suam
2453 2206 2610 2267 quam
2630 2193 2884 2267 ha'buitin
2901 2195 3117 2267 Δ(ῑαξιοεςεῐ
3135 2196 3387 2267 intercisa
3403 2201 3484 2267 est
3508 2193 3838 2267 illa’im_mo_rtalig

2285 2233 2671 2320 felicitasouis
2688 2257 2793 2304 Deo
2825 2233 3000 2320 potest
3029 2233 3243 2307 dicere:
3264 2258 3441 2316 Quare
3471 2258 3577 2308 haec
3603 2257 3705 2308 talia
3728 2256 3840 2305 lacis?

2286 2319 2544 2378 dietur?
2603 2319 2924 2400 Numquid
3001 2323 3198 2380 Deum
3285 2322 3593 2400 quispiam
3665 2320 3841 2400 docebit

2284 2411 2403 2460 quae
2437 2403 2560 2447 ante
2591 2398 2840 2448 diximus.
3304 2397 3324 2400 ’
3434 2397 3692 2449 -Βθειῑοι-ιιω
3715 2400 3755 2446 in
3777 2397 3841 2445 hoc

2281 2461 2628 2532 scientiam,
2681 2463 2791 2540 qui
2866 2461 3144 2521 excelsos
3207 2462 3505 2540 judicat?
3550 2465 3658 2523 Iste
3711 2460 3843 2520 mori-

2280 2540 2484 2589 mundo
2515 2545 2564 2612 et
2595 2541 2860 2592 infelicem
2891 2541 3017 2590 dicit
3037 2554 3386 2612 communem
3417 2540 3842 2612 essecouditioueui.

2281 2610 2384 2664 tur
2466 2604 2762 2664 robustus
2838 2610 2899 2664 et
2972 2623 3185 2677 sanus,
3245 2605 3423 2666 dives
3489 2610 3548 2666 et
3599 2603 3737 2664 felix.
3779 2603 3844 2661 Vi-

2279 2701 2456 2744 scera
2507 2683 2647 2763 ejus
2693 2684 2881 2763 plena
2922 2689 3068 2744 sunt
3115 2683 3322 2763 adipe,
3361 2691 3426 2746 et
3456 2684 3713 2746 medullis
3751 2700 3844 2763 ossa

2902 2763 2979 2813 Ita
3015 2767 3066 2812 et
3095 2761 3241 2813 nunc
3268 2763 3531 2826 videmus,
3555 2769 3610 2812 ut
3636 2763 3705 2811 alii
3728 2761 3843 2826 aliun-

2283 2824 2452 2885 illius
2547 2825 2912 2904 irrigantur.
3001 2827 3176 2887 Alius
3276 2846 3431 2888 vero
3519 2824 3755 2887 moritur
3801 2824 3843 2882 in

2276 2903 2471 2970 dantia‘
2491 2903 2876 2970 pinguescant,
2897 2904 2984 2954 alii
3015 2919 3225 2970 summa
3253 2911 3495 2970 egestate
3510 2969 3518 2970 ί
3536 2907 3783 2970 tabesan

2277 2967 2700 3048 amaritudine
2780 2969 3031 3040 animae,
3111 2967 3352 3048 absque
3439 2969 3577 3030 ullis
3645 2967 3841 3048 Opibus;

2277 3046 2340 3096 Ut
2371 3047 2597 3096 divitum
2628 3053 2680 3098 et
2712 3061 3015 3110 pauperum
3049 3061 3159 3097 una
3187 3045 3267 3098 est
3295 3049 3552 3098 nascendi
3581 3045 3786 3098 conditio.
3801 3045 3844 3092 ita

2277 3117 2340 3171 et
2390 3117 2617 3194 tamen
2647 3112 2834 3172 simul
2883 3112 2948 3171 in
3003 3112 3261 3194 pulvere
3307 3113 3636 3194 dormient,
3664 3114 3715 3194 et
3750 3125 3844 3194 ver-

2277 3194 2329 3240 et
2357 3190 2639 3238 moriendi.
3006 3189 3019 3190 “
3100 3190 3115 3201 ⁸
3543 3190 3663 3250 Quia
3685 3189 3731 3236 in
3749 3189 3843 3249 cogi-

2267 3272 2397 3313 mes
2479 3253 2763 3331 operient
2841 3270 2970 3313 eos.
3029 3253 3206 3314 Certe
3272 3253 3428 3314 novi
3513 3253 3843 3331 cogitationes

2262 3332 2555 3383 tatiouibus
2577 3333 2766 3382 vestris
2785 3332 3026 3396 iniquam
3049 3331 3184 3383 datis
3204 3337 3396 3383 contra
3417 3346 3501 3382 me
3522 3332 3804 3396 sententiam.

2263 3401 2526 3469 vestras,
2596 3402 2657 3456 et
2741 3395 3082 3456 sententias
3167 3405 3396 3457 contra
3465 3414 3562 3456 me
3634 3395 3841 3473 iniquas.

2668 3474 2748 3524 Me
2778 3476 2962 3538 utique
2989 3474 3272 3524 irridentes
3304 3480 3362 3526 et
3392 3477 3713 3538 insultantes.

2261 3538 2477 3599 Dicitis
2533 3537 2742 3598 enim:
2793 3534 2914 3600 Ubi
2986 3544 3083 3598 est
3151 3539 3384 3599 domus
3458 3534 3765 3618 principis?
3808 3537 3848 3592 et

3498 3619 3548 3669 Si
3576 3615 3786 3666 dubitatis
3805 3624 3849 3660 an

2263 3681 2366 3740 ubi
2473 3679 2886 3740 tabernacula
2998 3678 3346 3757 impiorum
3397 3683 3428 3739 ?
3537 3681 3848 3754 Interrogate

2259 3774 2384 3810 vera
2414 3761 2537 3829 sint,
2568 3759 2822 3829 inquirite
2847 3757 2924 3829 ab
2954 3757 3088 3829 aliis,
3115 3763 3167 3807 et
3194 3759 3388 3829 eadem
3421 3760 3598 3810 dicent
3615 3758 3847 3829 vpbis,que

2261 3823 2616 3902 quemlibet
2648 3821 2749 3882 ide
2805 3821 3184 3902 viatoribus,
3235 3829 3296 3883 et
3361 3824 3498 3885 haec
3554 3823 3744 3902 eadem
3785 3821 3849 3877 in-

2260 3899 2358 3966 e'go
2391 3903 2537 3951 dico.
2964 3963 2973 3966 _
3013 3901 3146 3958 Quia
3174 3901 3260 3966 hic
3284 3915 3403 3951 non
3437 3906 3520 3951 est
3546 3902 3713 3951 divisio
3732 3899 3849 3966 boue

2261 3961 2545 4043 télligcre
2591 3963 3053 4048 cognoscetis.
3105 3964 3267 4048 Quia
3323 3967 3396 4048 in
3458 3965 3558 4048 die
3618 3961 3849 4048 perditio:

2259 4059 2379 4094 rum
2406 4041 2469 4093 et
2499 4043 2935 4100 malorum.0uia
2959 4043 3146 4106 statuit
3171 4044 3313 4093 Deus
3345 4044 3505 4101 diem,
3530 4046 3579 4094 in
3609 4041 3852 4106 quojudicrt

2259 4108 2449 4158 orbem
2480 4109 2656 4155 terrae.
2867 4167 2879 4169 _
2952 4105 3152 4167 Impius
3183 4105 3250 4155 ad
3268 4107 3537 4169 judicium
3564 4105 3788 4169 vindicta.

2259 4171 2354 4230 nis
2403 4175 2689 4229 servatur
2761 4167 2986 4241 malus,
3031 4165 3099 4228 et
3160 4171 3239 4228 ad
3269 4165 3474 4230 'diem
3545 4168 3742 4230 furoris
3770 4165 3851 4225 du-

2479 4247 2698 4323 Λεξῐίᾳυὶ
2722 4247 2908 4305 hostis,
2928 4247 3024 4323 _vel
3054 4249 3202 4311 impii
3227 4248 3282 4297 in
3316 4248 3424 4298 hoc
3455 4249 3663 4323 mundo.

2257 4319 2452 4374 cetur.
2516 4307 2679 4395 Quis
2717 4317 2949 4395 afguet
3007 4307 3221 4395 coram
3275 4329 3352 4395 eo
3415 4313 3578 4395 viam
3631 4307 3849 4395 ejus‘i‘et

2629 4390 2728 4438 nisi
2753 4383 2908 4438 Déus.
3195 4391 3400 4454 impius
3431 4391 3498 4441 ad
3521 4383 3726 4441 mortem
3747 4383 3847 4454 vide

2262 4454 2385 4503 licet
2417 4457 2823 4517 tormentorum.
2839 4453 2897 4500 in
2930 4449 3291 4517 augmentum
3311 4454 3517 4503 diaboli
3536 4455 3588 4502 in
3604 4449 3805 4517 peccatis.

2989 4466 2996 4498 ι
3039 4464 3280 4502 mentum
3311 4464 3517 4503 diabou
3536 4467 3588 4502 in
3604 4464 3805 4517 peccans.

2989 4464 3110 4597 get
3148 4517 3279 4597 ei?i
3307 4519 3454 4596 Ipse
3513 4517 3590 4578 ad
3628 4511 3848 4597 sepulcra

2540 4591 2741 4660 Impius
2760 4593 3212 4660 involviturdum
3233 4591 3492 4645 obsérvat
3517 4610 3666 4660 quem
3685 4591 3845 4660 seducit

2262 4661 2565 4746 ducetur,
2593 4652 2761 4746 etin
2820 4658 3220 4746 congeriem”
3237 4652 3633 4746 mortuorum
3683 4652 3846 4746 vigila;

2355 4739 2465 4788 Hoc
2495 4741 2575 4786 est
2601 4736 2845 4801 infernus
2874 4733 3003 4801 ﬁliis
3024 4739 3242 4801 peccati,
3274 4752 3418 4801 quos
3447 4737 3681 4789 diabolus
3703 4733 3845 4799 pacali

2263 4803 2375 4862 bit.
2453 4801 2668 4881 Dulcis
2719 4800 2894 4881 ptuit
2948 4799 3176 4881 glareis
3239 4799 3486 4881 cocyti,
3552 4809 3611 4863 et
3652 4805 3768 4878 post
3801 4809 3846 4852 se

2261 4881 2526 4931 suavitate
2556 4878 2775 4941 decipi“
2805 4879 3103 4930 "nimione
3132 4878 3683 5006 “"Eﬁibéﬁoijé’i'cepu
3696 4941 3832 5003 ipsese

3245 4957 3305 4994 08
3324 4957 3468 4994 QUOS
3487 4957 3683 4994 αεοεωι
3696 4957 3782 4994 Ipse
3796 4957 3845 4982 sc‘

2260 5023 2525 5067 omnem
2593 5003 2916 5066 hominem
3001 5005 3227 5078 trahet,
3290 5003 3360 5067 et
3415 5014 3565 5067 ante
3617 5003 3677 5065 se
3722 5003 3843 5061 inun-

2260 5089 2480 5135 cuturus
2502 5082 2567 5131 ad
2598 5096 2830 5146 poenam.
2848 5083 2943 5132 Hic
2969 5085 3242 5136 concludit
3267 5099 3494 5137 omnem
3519 5082 3842 5135 altercationem

2263 5148 2617 5209 merabiles.
2678 5146 3007 5216 Quomodo
3063 5148 3256 5226 igitur
3321 5146 3728 5210 consolamini
3779 5155 3843 5198 ωε

2259 5227 2637 5290 disputationis
2655 5229 2846 5290 suimet
2859 5226 3061 5290 amicos
3082 5241 3208 5278 suos
3237 5228 3352 5277 sine
3386 5242 3554 5278 causa
3581 5229 3743 5276 contra
3758 5229 3842 5290 em}

2258 5281 2481 5361 certare,
2495 5289 2621 5361 quia
2641 5281 2777 5361 eum
2794 5287 3062 5361 affirmant
3083 5304 3178 5354 pro
3209 5281 3842 5361 impietatepruciatumtfi

2257 5351 2344 5402 ille
2374 5356 2588 5464 ecpntra
2619 5351 2883 5415 probavit,
2911 5351 3055 5416 quod
3084 5351 3228 5417 saepe
3256 5351 3312 5402 in
3345 5353 3551 5404 saeculo
3580 5351 3714 5414 impii
3739 5357 3842 5410 pros-

2260 5428 2425 5464 neran
2458 5427 2536 5463 ur.

2260 5428 2536 5478 parantur.

2258 5477 2511 5550 frustra,
2601 5493 2744 5536 cum
2830 5477 3154 5556 responsio
3236 5481 3452 5538 vestra

2258 5564 2509 5618 ostensa
2537 5556 2616 5616 sit
2651 5556 2924 5616 veritati.

2820 5636 3075 5700 CAPUT
3116 5639 3299 5700 XXII.

2340 5718 2765 5798 Respondens
2846 5724 3055 5778 autem
3154 5719 3423 5798 Eliphaz
3506 5709 3843 5798 Themanites

2349 5793 3191 5865 Quamlibetmultumscienstibi
3209 5793 3460 5865 videaris,
3473 5809 3650 5855 tamen
3660 5793 3842 5865 εοξεριιι

2257 5851 2416 5924 dixit
2462 5879 2476 5923 :
2525 5859 2848 5940 Numquid
2896 5864 3021 5923 Deo
3106 5851 3734 5948 comparari—pomi
3766 5851 3846 5912 ho"

3554 5481 3840 5557 repugnat?e
