4114 6170
263 331 425 395 1509

849 464 1105 525 CAPUT
1147 463 1325 523 XXV.

327 569 614 620 Convictus
645 568 860 629 Baldad,
893 569 1052 618 dixit:
1083 570 1196 617 Non
1224 568 1334 632 jam
1367 568 1784 630 facitjudicium,
1815 569 1906 619 sed

343 632 750 711 Respondens
808 638 1015 693 autem
1094 632 1333 692 Baldad
1407 634 1636 704 Suites,
1697 633 1903 692 dixit:

257 711 436 761 dili‘ert
449 710 504 761 in
517 716 809 775 posterum,
826 717 875 762 et
889 712 1027 775 apud
1045 726 1098 760 se
1114 710 1402 773 repositum
1424 715 1586 761 tenet.
1602 714 1717 774 lpse
1731 719 1908 760 tamen

254 776 543 836 Potestas
599 781 661 836 et
719 783 919 835 terror
993 775 1174 854 apud,
1229 793 1388 854 eum,
1432 780 1526 834 est
1599 776 1708 852 qui
1764 776 1912 854 facit

254 868 446 916 pacem
477 855 531 903 in
563 855 780 913 sanctis,
805 854 888 903 vel
918 855 975 903 in
1005 853 1209 917 angelis
1238 855 1349 902 suis
1372 853 1906 966 jugitelruggsfligegﬁ.

1565 929 1782 965 οηηιιιιε
1811 931 1910 965 nu-

259 978 665 1039 eoncordiam
749 979 812 1038 in
897 979 1271 1039 sublimibus
1355 978 1504 1037 suis.
1592 981 1911 1057 Numquid

260 1071 445 1107 merus
474 1063 554 1108 est
582 1058 812 1108 militum
845 1058 977 1120 ejus.
1342 1058 1457 1119 lpse
1487 1057 1628 1106 enim
1651 1059 1915 1108 illuminat

259 1128 357 1182 est
412 1141 712 1182 numerus
745 1121 1010 1182 militum
1072 1120 1265 1201 ejus?
1321 1126 1383 1180 et
1435 1139 1668 1201 supper
1724 1141 1912 1200 quem

262 1213 479 1250 omnem
510 1201 784 1250 hominem
814 1201 1118 1249 venientem
1151 1200 1204 1248 in
1228 1199 1374 1248 hunc
1403 1199 1682 1250 mundum.

263 1283 392 1324 non
452 1265 653 1342 fulget
709 1264 920 1324 lumen
979 1263 1114 1342 ejus
1175 1263 1364 1342 [Vulg.
1414 1265 1640 1340 Surget
1699 1264 1911 1324 lumen

519 1345 634 1393 Non
665 1343 854 1392 Baldad
885 1342 1176 1406 respondet
1204 1342 1270 1390 ad
1300 1356 1366 1391 ea
1393 1356 1511 1404 quae
1538 1343 1670 1392 dixit
1699 1349 1914 1392 sanctus

263 1405 504 1485 illius]?
552 1406 872 1485 Numquid
915 1405 1245 1485 justifieari
1280 1412 1485 1483 potest
1516 1406 1706 1467 homo
1739 1426 1912 1467 com-

263 1485 386 1545 Job,
411 1484 503 1535 sed
528 1487 685 1549 juxta
704 1484 851 1535 illum
867 1498 1084 1534 sensum
1109 1484 1426 1548 dicit,quem
1449 1486 1583 1534 etilli
1607 1500 1763 1548 saepte
1777 1486 1914 1534 dixe-

259 1555 524 1627 paratus
555 1550 729 1609 Deo?
777 1554 887 1609 aut
934 1567 1235 1627 apparere
1286 1549 1556 1608 mundus
1606 1557 1789 1609 natus
1837 1552 1914 1609 de

266 1629 580 1689 muliere?
642 1632 798 1688 Ecce
855 1629 1040 1688 etiam
1101 1629 1252 1688 luna
1300 1647 1425 1688 non
1484 1629 1791 1707 splendet,
1854 1635 1916 1689 et

263 1711 411 1757 runt.
425 1708 611 1771 Angeli
624 1713 677 1758 et
692 1721 939 1772 superum
954 1711 1236 1770 potestates
1252 1721 1358 1756 non
1373 1712 1596 1770 possunt
1616 1708 1915 1771 comparari

266 1772 468 1831 stellae
527 1791 648 1831 non
708 1778 854 1831 sunt
913 1773 1160 1831 munda}
1215 1772 1274 1830 in
1354 1778 1688 1850 conspectu
1753 1773 1907 1850 ejus.

1221 327 1635 394 EXPOSITIO
1679 323 2292 392 INTEBLINEARIS
2338 325 2546 389 LlB'Rl
2589 325 2752 389 JOB.

3512 324 3672 387 1510

1937 465 1987 529 Α
2024 468 2201 540 parte
2261 460 2426 520 dicta
2505 466 2650 520 sunt
2707 459 2966 540 viarum
3008 459 3212 540 ejus,_
3245 463 3308 540 et
3363 475 3503 540 cum
3535 458 3666 540 Avix

2252 541 2529 588 Hominem
2553 543 2885 601 assumptum
2917 537 3059 592 dicit,
3083 539 3170 599 qui
3203 537 3255 585 in
3289 538 3500 601 Daniele
3531 538 3669 601 lapis

2017 602 2226 651 excisus
2269 603 2478 650 dicitur.
2502 604 2606 651 Hoc
2626 599 2766 650 enim
2788 601 2942 648 dicit:
2968 601 3016 649 Si
3042 604 3372 660 assumptum
3396 599 3668 649 hominem

2017 679 2126 712 non
2146 665 2298 726 plene
2313 664 2588 723 intelligim
2599 679 2674 721 us,
2690 664 2777 726 qui
2795 664 2858 711 ad
2883 663 3336 726 comparationem
3349 664 3670 726 assumentis

2019 728 2108 775 Dei
2125 724 2266 774 stilla
2282 728 2496 788 permod
2509 728 2586 774 ica
2608 724 2933 787 est,quando
2949 725 3114 787 magis
3127 725 3293 786 ipsam
3309 724 3638 773 divinitatem
3656 727 3666 774 l

2020 808 2278 868 parvam
2341 792 2570 848 stillam
2633 807 2991 848 sermonum
3071 788 3665 868 eiusaudierimus,

2021 866 2152 926 Quia
2172 869 2421 917 divinitas
2450 869 2688 917 tonitruo
2716 871 3068 929 comparatur,
3103 867 3243 929 quod
3268 866 3331 913 de
3362 867 3494 915 caelo
3517 868 3672 916 terris

2021 933 2160 1010 quis
2235 932 2466 1009 poterit
2540 932 2885 991 tonitruum
2975 930 3424 1007 magnitudinis
3505 930 3671 991 illius

2021 1011 2274 1060 intonuit.

2021 1074 2295 1134 intueri?

2575 1197 2833 1257 CAPUT
2877 1196 3118 1256 XXVII.

2086 1310 2352 1374 Signiﬁcat
2382 1310 2524 1373 quod
2560 1324 2639 1369 ea,
2673 1310 2965 1374 quasprius
2995 1309 3219 1365 dixerat,
3243 1322 3338 1372 per
3367 1310 3673 1372 parabolam

2104 1372 2362 1435 Addidit
2399 1372 2670 1450 quoque
2725 1372 2844 1432 Job
2913 1389 3236 1431 assumens
3303 1375 3670 1450 parabolam

2021 1455 2247 1502 maxime
2262 1454 2472 1500 diceret.
2502 1452 2675 1514 llocju
2685 1455 2922 1515 ramento
2937 1455 3119 1515 postea
3140 1452 3224 1499 ubi
3242 1453 3673 1515 suntprophette.

2025 1517 2160 1586 Dum
2191 1516 2455 1586 permittit.
2467 1516 2594 1586 pati,
2618 1514 2846 1563 auferre.
2869 1515 2967 1571 Qui
3000 1514 3123 1586 facit
3140 1514 3534 1586 quodvoluerit
3556 1517 3677 1565 sub-

2143 1575 2402 1641 judicium
2427 1575 2570 1626 dicit.
2982 1575 3216 1641 auditur,
3250 1577 3394 1625 vivit.

3105 1639 3363 1699 Tempore
3395 1638 3676 1689 abstulisse

2022 1721 2225 1772 suam,
2304 1706 2362 1761 et
2447 1701 2653 1759 dixit:
2726 1701 2890 1759 Vivit
2945 1703 3138 1770 Deus,
3227 1701 3335 1776 qui
3419 1703 3680 1762 abstulit

2023 1780 2168 1853 dicit,
2202 1780 2343 1853 quod
2375 1780 2439 1828 ad
2464 1779 2915 1853 dispensationem
2943 1778 3283 1853 justijudicii
3312 1782 3563 1853 pertinet.

269 1828 1998 1923 sese...‘eeauo‘g‘gigmms.adgregassematriaB
2022 1828 2330 1923 judicium
2440 1828 2696 1923 meum,
2738 1849 2844 1923 _et
2925 1828 3329 1923 omnipotens
3407 1828 3540 1920 quid
3599 1843 3678 1903 ad

265 1915 517 2042 (ἐυξεξιηξξ
577 1914 775 1993 magis
834 1913 1025 1974 homo
1098 1915 1388 1992 Putredo,
1461 1919 1524 1974 et
1581 1915 1745 1974 ﬁlius
1803 1915 1918 1976 ho-

273 2057 461 2116 minis
491 2055 719 2117 vermis
744 2056 757 2114 ι

846 2198 1102 2259 CAPUT
1147 2198 1357 2258 XXVI.

274 2325 503 2374 Sanctus
515 2322 615 2371 Job
629 2322 811 2370 amicis
827 2321 936 2369 suis
949 2334 1186 2383 nunqam
1215 2334 1398 2384 aspere
1420 2319 1695 2383 respondit
1715 2335 1833 2370 cum
1853 2321 1924 2370 illi

363 2386 767 2464 Respondens
823 2391 1034 2445 autem
1087 2385 1225 2453 Job,
1290 2384 1446 2442 dixit
1488 2385 1753 2464 {Cujus
1811 2385 1922 2444 ad-

276 2467 326 2515 ei
343 2463 552 2528 apertas
564 2465 638 2528 inj
650 2463 788 2512 urias
801 2465 1458 2528 irrogarentznuncautem
1471 2463 1658 2511 videns
1674 2466 1777 2512 Deo
1790 2464 1926 2526 inju-

266 2527 447 2609 jntor
507 2527 980 2609 es,’num_quid
1037 2527 1416 2586 imbecillis?
1489 2533 1552 2586 et
1617 2535 1928 2609 sustentes

274 2606 410 2658 riam
426 2608 555 2660 fieri.
569 2608 715 2670 justa
727 2607 1090 2668 indignatione
1105 2610 1402 2670 commotus
1415 2608 1494 2654 est
1506 2610 1556 2670 et
1568 2606 1930 2670 verbisarguit

276 2671 492 2729 Baldad,
511 2668 654 2732 quod
678 2669 749 2717 ita
763 2670 1086 2731 loqueretur,
1106 2672 1364 2731 tanquam
1379 2669 1516 2732 Deus
1533 2668 1773 2716 inﬁrmus
1787 2671 1928 2728 sit,et

275 2731 608 2794 brachium
669 2733 804 2809 ejus
859 2731 967 2810 qui
1027 2750 1152 2790 non
1210 2739 1302 2789 est
1376 2731 1600 2790 fortis?
1657 2733 1756 2790 cui
1815 2733 1924 2792 de-

276 2817 463 2873 egeret
487 2812 701 2861 auxilio.
880 2809 1083 2859 ’Beatus
1115 2809 1214 2859 Job
1237 2810 1436 2858 mirans
1466 2811 1734 2872 quomodo
1767 2825 1929 2860 ausus

279 2878 426 2936 disti
483 2873 860 2936 consilium?
912 2874 1197 2952 Forsitan
1257 2873 1349 2952 illi
1405 2875 1512 2951 qui
1567 2892 1692 2933 non
1738 2874 1930 2934 habet

278 2956 442 3005 fuerit
463 2955 651 3004 docere
682 2967 802 3002 eum
835 2967 864 3001 a
895 2966 1001 3015 quo
1033 2956 1113 3000 est
1141 2951 1247 3000 ille.

280 3019 653 3098 sapientiam
684 3019 714 3075 ?
781 3022 840 3076 et
897 3016 1297 3098 prudentiam
1372 3021 1567 3098 tua_m_
1604 3016 1929 3098 ostendisti

281 3095 647 3179 plurimam.
737 3098 932 3179 Quem
1002 3096 1237 3179 docere
1277 3095 1638 3179 _voluist_i?
1721 3115 1929 3179 nonne

594 3177 645 3225 id
667 3179 761 3233 est,
795 3176 972 3224 anima
1000 3175 1145 3223 itam.
1180 3174 1447 3233 Diabolus,
1476 3174 1558 3223 vel
1588 3176 1801 3237 superbi
1830 3175 1928 3224 ho-

277 3259 425 3302 eum
458 3241 565 3318 qui
619 3240 760 3299 fecit
809 3239 1133 3318 ispiramen
1185 3237 1408 3297 tuum?
1457 3239 1927 3318 Ecceigigantes

276 3321 452 3370 mines
478 3317 578 3368 sub
596 3317 820 3380 terra,id
847 3321 927 3366 est
956 3318 1009 3366 in
1034 3318 1245 3366 inferno
1277 3330 1462 3380 omnes
1483 3317 1640 3364 simul
1669 3318 1930 3367 inﬁdeles.

277 3389 543 3462 gemunt
598 3379 742 3462 sub;
772 3382 974 3462 aquis.
1036 3388 1098 3440 et
1154 3380 1261 3456 qui
1307 3379 1595 3462 habitant
1645 3399 1782 3439 cum
1818 3382 1925 3440 eis.

346 3462 634 3512 Scientiam
651 3460 740 3509 Dei
763 3459 894 3508 nihil
913 3459 1072 3509 latere
1097 3463 1288 3521 potest.

277 3526 500 3586 Nudus
555 3531 648 3584 est
700 3524 980 3583 infernus
1038 3519 1248 3581 coram
1307 3519 1416 3580 illo
1467 3539 1481 3593 ;
1569 3527 1631 3581 et
1687 3519 1930 3581 nullum

280 3619 339 3654 se
369 3603 696 3653 abscondere
727 3616 758 3651 a
781 3603 1019 3665 potentia
1048 3601 1347 3665 majestatis
1371 3600 1462 3649 Dei
1504 3600 1932 3665 septentrionem

282 3675 380 3728 est
461 3663 921 3746 operimentum
1017 3663 1374 3746 perditioni.
1420 3664 1572 3746 _O_ui
1655 3665 1936 3724 extendit

283 3747 433 3802 dicit,
465 3742 529 3795 eo
561 3745 703 3809 quod
756 3742 1176 3807 impenetrabilis
1208 3746 1304 3801 est,
1337 3746 1389 3809 e_t
1418 3742 1470 3809 in
1502 3742 1674 3809 longe
1702 3749 1935 3809 remotus

285 3809 522 3858 silentio.
578 3804 592 3809 ’
833 3804 847 3807 “
1346 3804 1479 3862 Quia
1509 3819 1572 3852 ex
1604 3805 1769 3853 nihilo
1799 3807 1936 3854 facta

288 3872 650 3950 aquilonem
707 3887 1254 3950 supervacuum,
1321 3874 1384 3950 et
1453 3868 1755 3948 appendit
1809 3875 1934 3930 ter-

289 3947 390 4012 est,
422 3953 531 4000 sive
563 3951 690 4013 quia
719 3947 860 4013 nullo
892 3948 1204 4013 fulcimento
1234 3947 1544 4013 sustinetur.

791 4010 945 4059 Modo
976 4010 1228 4058 dicuntur
1256 4010 1449 4072 ligatae,
1481 4011 1604 4073 quia
1633 4023 1741 4059 non
1780 4009 1936 4059 simul

287 4094 428 4135 ram
458 4093 646 4153 super
675 4073 898 4134 nihilo.
943 4074 1059 4145 Qui
1113 4075 1491 4153 ligataquas
1545 4074 1605 4132 in
1663 4073 1938 4153 nubibus

291 4151 648 4205 eﬂ'unduntur
678 4154 732 4202 in
757 4158 945 4212 terras,
969 4154 1104 4202 sicut
1134 4153 1185 4200 in
1212 4151 1411 4200 diluvio
1435 4151 1629 4202 factum
1661 4152 1902 4214 legimus.

286 4219 440 4291 suis,
516 4225 584 4277 ut
667 4235 792 4276 non
878 4223 1211 4294 erumpant
1296 4216 1531 4293 pariter
1613 4217 1932 4276 deorsum.

286 4297 620 4348 Sententiam
654 4300 813 4359 atque
843 4295 1297 4359 terroremjudicii
1324 4295 1424 4359 sui.
1522 4295 1934 4344 Oceultationem

283 4360 404 4436 Qui
463 4361 662 4419 tenuit
729 4358 975 4419 vultum
1063 4358 1200 4418 solii
1285 4358 1402 4430 sui,
1490 4365 1552 4417 et
1638 4359 1940 4437 expandit

248 4467 250 4470 -
283 4453 460 4496 suam,
486 4440 612 4502 quia
627 4439 730 4488 rari
751 4439 926 4487 sciunt
946 4441 1148 4487 secreta
1177 4437 1286 4485 Dei.
1354 4438 1468 4485 Non
1492 4437 1631 4502 sinet
1655 4439 1792 4486 Deus
1814 4451 1936 4502 san-

281 4500 705 4582 superiillum
767 4503 1062 4561 nebulam
1125 4519 1334 4582 suam.
1393 4500 1932 4582 Terminumhcir-

1373 3457 1621 3506 Diabolus
1635 3472 1743 3507 non
1761 3464 1940 3520 potest

2036 1920 2299 1991 Miseriam
2327 1926 2618 1991 .prtesentm
2641 1921 2808 1991 _d_icit,_
2827 1934 2932 1983 qua
2962 1920 3199 1991 repletus
3231 1925 3334 1969 est.

2037 1986 2520 2047 amaritudinem
2580 1984 2841 2044 adduxit
2888 1985 3164 2044 animam
3233 2001 3461 2044 meam.
3526 1984 3684 2056 Quia

2033 2065 2230 2115 halitus
2254 2064 2363 2127 jam
2392 2067 2696 2127 attenuatus
2726 2067 2807 2111 est
2837 2064 2890 2110 in
2921 2076 3023 2110 me.
3155 2061 3253 2118 Qui
3271 2063 3580 2127 corroborat
3596 2076 3682 2112 me

2034 2131 2234 2189 donec
2259 2126 2548 2206 superest
2581 2126 2812 2185 halitus
2860 2127 2922 2184 in
2956 2144 3075 2206 me,
3135 2132 3197 2184 et
3252 2126 3536 2206 spiritus”
3568 2127 3678 2186 Dei

2034 2212 2094 2257 ut
2115 2203 2408 2256 sustineam
2433 2206 2531 2254 hos
2552 2205 2834 2253 cruciatus.
2965 2207 3024 2252 ut
3036 2203 3210 2265 justos
3235 2218 3329 2252 vos
3350 2217 3465 2252 esse
3487 2205 3681 2264 dicam,

2032 2271 2096 2330 in
2152 2270 2408 2330 naribus
2470 2269 2644 2340 meis,
2707 2285 2831 2327 non
2894 2265 3234 2344 loquentur
3299 2267 3468 2326 labia
3543 2285 3684 2328 mea

2035 2350 2478 2429 iniquitatem:
2568 2367 2681 2429 nec
2758 2347 2974 2424 lingua
3057 2365 3195 2429 mea
3278 2347 3686 2408 meditabitur

2037 2427 2455 2490 mendacium.
2515 2428 2692 2488 Absit
2745 2446 2783 2487 a
2832 2445 2929 2486 me
2987 2433 3055 2485 ut
3121 2427 3328 2503 justos
3387 2445 3496 2486 vos
3553 2446 3686 2487 esse

2853 2519 3014 2568 quam
3045 2518 3137 2554 vos
3168 2507 3314 2568 quasi
3342 2505 3688 2569 blasphemiis

2039 2572 2332 2649 iudicem.
2380 2573 2588 2630 Donec
2661 2569 2971 2639 deﬁciam,
3061 2587 3186 2649 non
3244 2569 3531 2629 recedam
3607 2570 3687 2630 ab

2036 2652 2169 2700 meis
2186 2664 2268 2699 me
2283 2651 2515 2698 asseritis
2529 2649 2836 2710 perdidisse.
2853 2650 3033 2697 Donec
3047 2648 3239 2706 vivam,
3250 2649 3268 2711 j
3280 2649 3596 2698 ustiﬁcation
3605 2662 3687 2698 em

2035 2713 2394 2774 innocentia
2519 2730 2681 2772 mea.
2817 2711 3336 2772 Justiﬁcationem
3451 2731 3682 2772 meam.

2038 2807 2210 2842 meam
2242 2806 2349 2841 non
2381 2793 2640 2841 deseram.
3226 2792 3334 2840 Hoc
3364 2790 3480 2841 loco
3513 2792 3689 2840 omnis

2039 2876 2228 2935 quam
2289 2856 2740 2935 cespitenere,
2804 2872 2926 2935 non
2963 2853 3286 2935 deseram;
3350 2872 3464 2914 nec
3521 2855 3688 2935 enim

2040 2933 2164 2990 vita,
2183 2948 2417 2996 praesens
2437 2934 2552 2995 ejus
2574 2934 2683 2982 vita
2704 2933 3164 2996 intelligendaest,
3187 2937 3426 2996 tempore
3446 2947 3550 2996 quo
3578 2933 3694 2996 haec

2040 2995 2264 3053 dicebat,
2297 2997 2422 3059 quia
2452 2997 2586 3045 male
2609 2995 2954 3059 suadentibus
2976 2999 3028 3043 et
3049 2995 3432 3057 blasphemiam
3462 2995 3686 3059 prophe-

2039 3061 2105 3109 tis
2134 3057 2472 3109 hortantibus
2493 3071 2600 3106 non
2635 3057 2921 3106 consensit.

2040 3122 2445 3201 reprehendit
2503 3139 2600 3180 me
2657 3139 2777 3201 cor
2809 3137 3028 3201 meum
3063 3119 3125 3177 in
3157 3119 3331 3178 omni
3365 3119 3492 3201 vita
3523 3138 3686 3201 mea.

1957 3216 1998 3280 ρ
2041 3198 2228 3265 spiritu
2248 3201 2350 3250 hoc
2363 3200 2538 3250 dicere
2550 3199 2718 3262 magis
2733 3199 2958 3256 videtur,
2979 3211 3138 3307 quam
3161 3203 3284 3269 voto
3303 3198 3688 3271 maledicentia.

2983 3283 3000 3307 ι
3055 3274 3139 3307 me
3172 3265 3329 3307 etiam
3362 3261 3463 3307 ﬁde
3493 3260 3688 3307 discre-

2983 3283 3000 3307 ἐ

3055 3274 3139 3310 me
3172 3261 3329 3309 etiam
3362 3261 3463 3309 ﬁde
3493 3260 3692 3311 disere-

2041 3326 2217 3386 Sicut
2272 3325 2502 3402 impius
2559 3324 2847 3384 inimicus
2905 3342 3102 3393 meus,
3162 3329 3225 3383 et
3295 3324 3691 3385 adversarius

2041 3409 2149 3468 pat,
2165 3405 2256 3468 qui
2273 3405 2571 3468 mihiopere
2591 3418 2698 3452 non
2721 3402 3028 3460 concordat,
3052 3403 3102 3451 id
3126 3407 3206 3451 est
3220 3402 3368 3468 tictos
3398 3409 3450 3452 et
3478 3403 3693 3454 dolosos

2043 3466 2218 3527 meus
2277 3466 2463 3545 quasi
2540 3468 2813 3544 iniquus.
2903 3472 3052 3536 Qua:
3138 3466 3303 3525 enim
3374 3473 3468 3526 est
3552 3485 3693 3545 spes

2042 3548 2096 3595 in
2117 3546 2365 3594 amicitia.
2525 3546 2684 3604 Quasi
2707 3545 2940 3593 avaritiae
2954 3545 3093 3592 sitim
3118 3545 3391 3606 patiamini
3415 3546 3686 3594 interitum

2042 3609 2412 3687 ltypocritee,
2494 3609 2547 3667 si
2604 3625 2791 3668 avare
2827 3607 3089 3687 _rrapiat,
3171 3614 3418 3687 et_non4
3470 3608 3694 3668 liberet

2044 3683 2238 3744 meum,
2263 3688 2304 3736 si
2329 3700 2437 3750 non
2473 3687 2806 3750 acquiescitis
2826 3684 2950 3741 Deo,
2976 3689 3033 3750 ut
3059 3697 3152 3750 vos
3172 3683 3356 3750 in__hac
3373 3685 3476 3750 vita
3507 3699 3689 3750 emen-

2045 3750 2171 3799 dare
2194 3749 2406 3799 curetis.
2553 3747 2568 3750 ”
2771 3748 2916 3796 Tunc
2947 3747 3088 3794 enim
3118 3747 3265 3808 impii
3296 3747 3361 3795 ad
3393 3748 3558 3796 Deum
3585 3747 3693 3797 cla-

2047 3816 2210 3873 Deus
2241 3811 2513 3872 animam
2567 3809 2760 3890 ejus?
2809 3809 3125 3890 Numquid
3159 3809 3497 3890 clamorem
3559 3811 3696 3890 ejus

2046 3906 2190 3941 mare
2211 3888 2719 3954 incipient,4quando_
2751 3889 2899 3954 locus
2921 3902 3028 3936 non
3051 3889 3152 3954 erit
3172 3888 3497 3954 exaudiendi
3520 3888 3632 3954 eos.

2323 3949 2545 4011 Quando
2575 3951 2752 4013 impiis
2781 3949 2912 3998 ultio
2941 3951 3135 4010 veniet,
3159 3951 3364 4000 nullum
3394 3950 3691 4003 re'medium

2047 4017 2260 4076 audiet
2316 4019 2501 4086 Deus,
2582 4031 2726 4074 cum
2783 4013 3025 4073 venerit
3082 4032 3272 4092 super
3326 4014 3504 4074 illum
3577 4034 3690 4076 an-

2049 4096 2182 4168 erit._
2197 4159 2208 4168 _
2235 4096 2358 4168 lsAin
2377 4097 2482 4168 Deo
2497 4094 2744 4168 delectari
2761 4097 2951 4168 potest,
2967 4099 3019 4142 et
3031 4093 3280 4168 invocare
3293 4108 3434 4168 eum,
3449 4095 3538 4168 qui
3550 4108 3608 4168 se
3621 4099 3695 4168 ta-

2047 4159 2302 4236 gustia?
2333 4166 2442 4218 aut
2484 4157 2712 4236 poterit
2758 4157 2820 4214 in
2880 4158 3310 4234 omnipotente
3368 4159 3692 4229 delectari,

2047 4239 2148 4287 lem
2164 4237 2446 4298 exibuerit,
2467 4242 2526 4286 ut
2548 4236 2786 4299 quolibet
2799 4239 3036 4297 tempore
3053 4240 3320 4284 mereatur
3341 4237 3534 4286 audiri.
3562 4237 3698 4287 Dicit

2047 4307 2108 4362 et
2138 4303 2428 4362 invocare
2485 4303 2677 4360 Deum
2730 4299 2791 4357 in
2824 4299 2992 4359 omni
3049 4300 3389 4376 tempore?
3446 4300 3695 4360 Docebo

2048 4381 2134 4430 illa
2164 4395 2281 4444 qua:
2311 4380 2472 4429 habet
2485 4380 2621 4428 Deus
2643 4379 2697 4428 in
2718 4381 2975 4444 potestate
2995 4392 3235 4441 sua,qua3
3247 4379 3405 4444 etiam
3429 4379 3504 4427 eis
3517 4379 3697 4444 cupiat

2048 4441 2325 4523 vos—per
2394 4461 2646 4503 manum
2703 4441 2817 4523 Dei
2842 4459 2859 4523 :7
2918 4461 3058 4519 quae
3117 4442 3514 4523 omnipotens
3573 4442 3688 4523 ba-

2049 4520 2432 4580 demonstrare,
2686 4521 2820 4579 Quia
2850 4522 2903 4568 in
2934 4534 3107 4569 meam
3139 4520 3419 4584 personam
3443 4520 3557 4570 haec
3578 4522 3695 4570 uni-

281 4579 534 4632 ειοέεηοδ
555 4595 715 4646 supra
747 4579 1930 4647 mensuramttibulariaronalisiaﬁdelism-
1964 4583 2008 4647 D
2040 4587 2186 4647 beat
2243 4605 2366 4646 non
2422 4579 2834 4646 abscondam.
2895 4585 3053 4644 Ecce
3132 4579 3241 4645 vos
3295 4603 3512 4645 omnes
3574 4604 3693 4644 no-

945 4643 1079 4701 Quia
1109 4643 1164 4690 in
1195 4641 1299 4690 line
1332 4641 1518 4690 mundi
1549 4642 1799 4691 desinunt
1826 4643 1927 4691 ista

273 4706 602 4767 cumdedit
677 4706 878 4784 aquis,
958 4724 1168 4784 usque,
1211 4704 1392 4784 dum,
1438 4705 1738 4765 ﬁniantur
1823 4706 1931 4765 lux

276 4787 356 4835 ita
378 4787 604 4834 variare.
739 4783 756 4784 ί
798 4785 985 4848 Angeli
1016 4798 1113 4848 pro
1143 4783 1335 4833 decore
1367 4783 1510 4848 dicti.

277 4854 346 4909 et
400 4849 701 4909 tenebras.
773 4847 1094 4909 Columnae
1173 4848 1314 4908 coeli
1370 4847 1810 4907 intremiscunt
1866 4854 1932 4907 et

276 4929 624 4992 praseentiam
654 4929 945 4978 conditoris
960 4928 1398 4992 suivenerantur.
1413 4927 1707 4992 Hiebeatus
1727 4927 1826 4976 Job
1837 4940 1930 4992 po-

277 4989 516 5071 pavent
603 4992 944 5071 adventum
992 4991 1159 5071 ejus.
1231 4993 1315 5071 In
1374 4989 1740 5071 fortitudine
1796 4990 1931 5066 ejus

280 5068 505 5121 tentiam
523 5071 797 5120 Deinarrat
810 5068 1096 5129 Baldad,ne
1111 5083 1166 5118 se
1181 5070 1242 5117 ad
1247 5068 1479 5132 jutorem
1514 5069 1610 5132 Dei
1625 5069 1929 5132 aestimaret.

1509 5131 1807 5188 Diabolum,
1839 5131 1930 5192 qui

280 5201 542 5273 repente
593 5196 792 5256 maria
851 5201 1233 5272 congregata
1287 5201 1567 5273 sunt,ret
1598 5195 1932 5272 prudentia

279 5272 520 5335 dej'ectus
541 5279 621 5324 est
637 5275 701 5324 de
719 5275 932 5323 sublimi
957 5274 1211 5323 cmlorum
1235 5274 1380 5322 sede.
1462 5272 1691 5335 Spiritus
1713 5278 1931 5321 sanctus

278 5337 420 5416 ejus
479 5339 786 5417 percussit
855 5337 1580 5417 superbiam.rispiritus
1619 5337 1767 5417 ejus
1825 5355 1927 5395 or-

273 5415 560 5478 Apostolos
591 5418 896 5466 doctoribus
934 5415 1368 5479 parturientibus
1391 5416 1524 5479 t'ilios
1564 5415 1705 5479 ﬁdei,
1738 5417 1930 5478 pietate

277 5493 382 5528 sua
411 5480 667 5528 Dominus
696 5480 932 5542 adjuvat,
953 5478 1023 5528 ut
1052 5478 1358 5542 hujusmodi
1385 5478 1522 5527 fetus
1544 5478 1729 5542 edant.

931 5544 1096 5590 Nocet
1117 5541 1225 5588 suis
1253 5541 1460 5589 Sanctis
1481 5540 1666 5589 callida
1688 5540 1875 5593 bestia,
1901 5555 1931 5589 a

273 5602 474 5668 quibus
505 5603 819 5663 excluditur,
835 5608 894 5653 ut
914 5605 966 5652 in
998 5605 1072 5653 eis
1088 5603 1222 5668 ultra
1242 5616 1349 5652 non
1372 5602 1566 5652 habeat
1596 5607 1927 5668 potestatem.

274 5665 455 5727 navit
529 5667 742 5737 caelos,
824 5675 886 5728 et
970 5667 1414 5729 obstetricante
1500 5685 1693 5726 manu
1768 5665 1926 5742 ejus,

267 5748 338 5797 In
370 5759 478 5809 quo
509 5747 642 5795 nihil
672 5751 751 5795 est
778 5751 1000 5797 rectum.
1345 5745 1441 5802 Qui
1469 5746 1524 5794 in
1564 5745 1930 5808 superioribus

272 5810 543 5870 eductus
593 5817 684 5870 est
733 5811 988 5870 coluber
1043 5818 1378 5871 tortuosus.
1446 5811 1599 5869 Ecce
1658 5809 1792 5868 haec
1854 5828 1928 5868 ex

273 5888 442 5946 dicit:
467 5888 604 5949 Quia
631 5887 812 5944 nullus
839 5890 1019 5942 omnia
1047 5887 1498 5956 comprehendere
1530 5888 1743 5956 poterit.

2040 4679 2193 4715 versa
2223 4666 2553 4727 depromitis.
2667 4726 2670 4727 ν
2701 4664 2964 4712 rationem
2993 4676 3101 4712 non
3137 4664 3407 4713 habentia.

2040 4729 2150 4789 stis
2203 4746 2216 4800 ;
2295 4725 2362 4788 et
2419 4727 2570 4806 quid
2629 4726 2762 4787 sine
2819 4745 3007 4786 causa
3064 4745 3227 4788 vana
3302 4725 3692 4806 loquimini?
3730 4772 3753 4788 ρ

2039 4810 2111 4858 Ac
2123 4809 2166 4856 si
2186 4808 2384 4856 diceret
2402 4823 2414 4856 :
2433 4805 2571 4862 Haec,
2589 4820 2708 4868 qua:
2727 4809 3043 4868 sequuntur,
3071 4806 3216 4868 impii
3239 4820 3299 4854 ac
3321 4805 3558 4865 violenti,
3583 4817 3693 4853 non

2040 4874 2185 4931 Ilaec
2242 4878 2334 4931 est
2367 4889 2509 4949 pars
2563 4869 2858 4949 hominis,
2892 4869 3071 4946 impii
3122 4869 3288 4947 apud
3345 4871 3596 4949 Deum,_
3633 4875 3696 4928 et

2039 4951 2218 5007 modo,
2234 4950 2325 4999 sed
2340 4947 2392 4998 in
2417 4948 2804 5010 futurojudicio
2818 4948 2884 4998 ab
2898 4949 3265 5011 omnipotente
3282 4950 3387 4998 Deo
3402 4947 3699 5011 percipient

2040 5013 2375 5074 hmreditas
2454 5013 2903 5083 violentorum,
2976 5030 3163 5088 quam
3251 5012 3330 5071 ab
3403 5011 3694 5088 omnipo-

2599 5091 2656 5139 ln
2679 5090 2798 5138 [iliis
2831 5094 2884 5139 et
2915 5091 3201 5152 nepotibus
3231 5104 3442 5139 omnem
3470 5089 3692 5152 posteri-

2041 5160 2209 5215 tente
2265 5153 2628 5232 suscipient.
2707 5154 2773 5215 Si
2831 5152 3231 5232 multiplicati
3288 5155 3520 5213 fuerint
3579 5153 3692 5214 lilii

2043 5238 2205 5283 tatem
2230 5234 2379 5282 malae
2398 5233 2757 5296 generationis
2783 5233 3006 5294 aspexit.
3167 5233 3298 5290 Quia
3329 5248 3358 5282 a
3387 5233 3692 5295 cognitione

2041 5301 2198 5371 eius,
2257 5298 2318 5356 in
2376 5297 2586 5371 gladio
2644 5302 2847 5366 erunt,
2911 5302 2972 5353 et
3041 5304 3297 5373 nepotes
3371 5297 3507 5374 ejus
3564 5314 3687 5357 non

2040 5377 2276 5426 veritatis
2299 5380 2425 5424 sunt
2443 5375 2613 5424 alieni.
2809 5374 3108 5423 lmitatores
3127 5376 3386 5424 malorum
3412 5380 3692 5438 parentum

2040 5440 2493 5499 saturabantur
2577 5456 2738 5515 pane
2791 5455 2804 5506 ;
2866 5443 2926 5496 et
3011 5438 3118 5515 qui
3177 5439 3401 5516 reliqui
3461 5439 3690 5498 fuerint

2041 5519 2362 5568 damnantur
2398 5523 2564 5567 morte
2597 5516 2793 5564 futura.
3285 5519 3396 5566 Non
3433 5517 3694 5566 habentes

2042 5602 2116 5642 ex
2175 5601 2273 5653 eo,
2358 5580 2738 5660 sepelientur
2795 5580 2864 5660 in
2942 5579 3289 5660 interitum,
3379 5587 3439 5660 et
3488 5582 3692 5660 vidum

2043 5662 2227 5724 utique
2250 5658 2502 5724 temporis
2524 5661 2755 5724 copiam.
2822 5658 3134 5724 magnitudo
3152 5659 3693 5724 avaritiasimpiorum

2040 5721 2176 5800 ejus
2249 5721 2377 5783 non
2432 5723 2793 5803 plorabant.
2855 5722 2918 5781 Si
2973 5722 3436 5791 computaverit
3513 5721 3694 5803 quasi

2042 5799 2196 5853 teme
2230 5807 2280 5852 et
2308 5804 2403 5854 luti
2436 5799 2667 5852 materiae
2691 5805 3266 5866 comparaturpropter
3287 5799 3697 5852 immensitatem

2040 5873 2272 5933 terram
2331 5867 2686 5949 argentum,
2747 5873 2808 5929 et
2875 5865 3064 5929 sicut
3117 5867 3320 5929 lutum
3380 5878 3701 5944 praepara-
