4128 6186
541 286 696 346 1511

539 416 868 467 divitiarum.

536 479 700 541 verit
777 475 1176 537 vestimenta.
1262 476 1654 538 Praebarabit
1737 476 2015 554 quidem,
2071 475 2197 538 sed

537 559 748 610 dicendi
761 555 1490 619 Evangeliumconcedit,per
1503 557 1650 619 quod
1663 556 1857 605 animas
1875 558 2191 607 vestiuntur.

1109 618 1174 683 Ut
1192 618 1443 683 Salomon
1467 618 1564 683 ait:
1596 618 2197 683 Thesaurizanturjush’s

533 682 1080 746 divitispeccalorum,
1096 680 1446 746 velChristus.
1462 681 1823 744 eloquentiam
1838 680 2190 730 siecularium.

530 745 744 826 justus
775 745 1075 826 vestietur
1109 745 1250 826 illis.
1298 745 1390 826 Et
1419 751 1862 826 argumentum
1894 745 2193 806 innocens

823 824 908 873 Sic
936 823 1020 887 ille
1046 823 1334 886 requiescit
1364 824 1416 872 in
1448 825 1805 887 prosperitate
1837 838 1954 873 sua.

531 888 789 949 dividet.
850 886 1207 948 .Edificavit
1263 887 1421 947 sicut
1476 886 1644 948 tinea
1691 887 1952 948 domum
1986 905 2189 960 suam,

531 973 644 1017 tam
670 968 776 1040 cito
810 966 1064 1040 gaudium
1097 967 1212 1040 ej‘us
1231 965 1505 1040 transivit.
1619 1029 1631 1040 _
1715 967 1918 1040 Cumﬁin
1941 980 2190 1016 somnum

531 1037 596 1092 et
646 1032 808 1091 sicut
863 1035 1072 1090 custos
1129 1029 1275 1088 fecit
1310 1029 1773 1090 umbraculum.
1832 1031 2012 1090 Dives
2042 1046 2187 1091 cum

535 1111 724 1159 mortis
740 1110 964 1169 venerit,
978 1107 1110 1156 nihil
1133 1107 1198 1157 de
1221 1108 1556 1158 facultatibus
1568 1109 1678 1157 suis
1688 1108 1923 1158 habebit.
1947 1111 2000 1158 In
2015 1123 2188 1158 resur-

532 1173 881 1244 dormierit,
920 1171 1074 1231 nihil
1132 1190 1345 1231 secum
1403 1173 1684 1241 auferet;
1747 1173 1988 1250 aperiet
2034 1192 2186 1232 ocu-

530 1253 763 1302 rectione
779 1252 982 1301 nullum
999 1251 1242 1300 meritum
1256 1251 1382 1300 boni
1398 1252 1575 1313 operis
1588 1253 1839 1300 inveniet.
1872 1251 2186 1301 Praedictum

533 1317 624 1376 los
655 1333 823 1388 suos,
858 1321 920 1375 et
979 1314 1133 1373 nihil
1192 1314 1486 1374 inveniet.
1546 1315 1992 1393 Apprehendet
2041 1333 2183 1376 eum

530 1395 747 1444 divitem
781 1395 954 1443 subita
986 1397 1210 1456 egestas.
1383 1393 1438 1441 in
1463 1395 1696 1442 cmcitate
1727 1407 1842 1443 sua.

531 1459 714 1537 quasi
799 1475 965 1537 aqua
1029 1456 1559 1537 Ainopiaknoete
1641 1457 1957 1536 opprimet
2039 1475 2182 1517 eum

533 1535 830 1587 tribulatio.
860 1535 873 1537 “
1022 1535 1298 1585 Sententia
1327 1535 1419 1584 Dei
1443 1535 1704 1586 damnans
1734 1535 1902 1586 illum.

534 1607 931 1680 tempestas,
979 1599 1185 1660 Tollet
1269 1617 1409 1680 eum
1505 1607 1725 1680 ventus
1829 1617 2037 1671 urens,
2123 1604 2184 1659 et

533 1679 750 1742 repente
781 1694 890 1728 non
921 1679 1121 1742 impetu
1153 1679 1464 1742 praeveniet.
1578 1740 1585 1742 _
1663 1679 1753 1728 ‘de
1785 1692 2024 1742 corpore.

532 1740 772 1804 auferet
804 1761 943 1802 eum
981 1741 1146 1802 velut
1178 1741 1388 1802 turbo.
1436 1740 1704 1820 Rapient
1758 1760 1900 1802 eum
1932 1741 2008 1801 de
2043 1740 2182 1820 loco

531 1823 668 1871 Deus
685 1835 899 1885 pcenam
911 1821 1168 1878 meritam,
1189 1834 1306 1869 cum
1327 1821 1375 1870 ei
1395 1819 1583 1870 reddet
1595 1821 1887 1871 secundum
1899 1834 2061 1882 opera
2071 1819 2188 1882 ejus

531 1905 667 1957 suo,
725 1891 788 1944 et
843 1885 1048 1943 mittet
1115 1902 1304 1962 super
1359 1903 1528 1954 eum,
1601 1891 1663 1946 et
1745 1903 1870 1944 non
1946 1891 2181 1962 parcet.

529 1967 649 2014 Non
668 1963 940 2014 tenebitur
967 1975 1128 2012 manu
1151 1961 1284 2022 ejus,
1316 1967 1374 2010 ut
1395 1963 1645 2011 salvetur.
1778 1963 1875 2012 Alii
1901 1961 2184 2013 dixerunt:

533 2031 616 2088 De
692 2046 883 2088 manu
959 2026 1093 2103 ejus
1151 2027 1396 2102 fugiens
1452 2027 1667 2103 fugiet,
1757 2027 2024 2104 stringet
2077 2045 2184 2086 su-

533 2107 923 2168 Plaudetsuper
934 2119 1054 2155 eum
1068 2105 1318 2154 manibus
1329 2105 1462 2164 suis,
1475 2110 1526 2156 et
1540 2106 1847 2155 traheteum
1861 2105 1926 2155 de
1939 2105 2055 2154 loco
2069 2119 2183 2155 suo.

529 2189 642 2249 per
713 2188 857 2230 eum
946 2187 1168 2228 manus
1237 2187 1412 2249 suas,
1495 2175 1556 2230 et
1638 2169 1918 2230 sibilabit
1999 2187 2187 2248 super

528 2248 873 2300 Atrocitatem
906 2261 1079 2312 pusum
1110 2248 1390 2309 significat.

529 2313 710 2374 illum
742 2311 992 2374 intuens
1025 2313 1233 2372 locum
1266 2311 1424 2388 ejus.

1077 2490 1337 2550 CAPUT
1381 2489 1657 2550 XXVIII.

534 2625 706 2674 Homo
720 2625 936 2672 sanctus
949 2620 1308 2684 eloquentiam
1323 2619 1444 2670 ﬁdei
1457 2620 1521 2669 ab
1534 2621 1725 2670 anima:
1738 2620 2005 2670 sensibilis
2015 2623 2188 2669 ortam

605 2685 808 2746 Habet
886 2691 1214 2762 argentum
1298 2702 1599 2744 venarum
1683 2702 1936 2744 suarum
2019 2684 2189 2762 prin-

535 2765 797 2828 spirituali
825 2763 1138 2814 intellectui.
1160 2763 1296 2822 Quia
1317 2764 1368 2812 in
1388 2763 1732 2814 tribulatione
1758 2764 1901 2813 velut
1923 2777 2112 2812 aurum
2133 2763 2186 2814 in

534 2829 658 2876 iane
692 2827 963 2876 probatur.

532 2841 658 2891 igne
690 2841 963 2890 pronatur.

526 2887 712 2970 cipia,
773 2888 1276 2970 etiauroﬂlocus
1333 2894 1448 2970 est,
1508 2887 1571 2949 in
1620 2907 1776 2970 Aquo
1850 2888 2181 2970 conﬂatur.

535 2968 811 3020 Fortitudo
841 2969 906 3020 de
936 2969 1155 3018 mollitie
1182 2968 1515 3017 emendatur.
1618 2968 1790 3017 Durus
1819 2969 1996 3026 corde,

536 3039 801 3096 Ferrum
862 3034 939 3093 de
997 3038 1164 3092 terra
1221 3032 1502 3103 tollitur;
1562 3038 1624 3091 et
1706 3032 1867 3110 lapis
1942 3031 2184 3110 solutus

525 3114 649 3165 fidei
675 3118 825 3168 testu,
850 3113 1158 3161 insonoram
1181 3111 1591 3159 confessionem.
1625 3109 1806 3158 Finem
1832 3110 2076 3172 peccatis,
2098 3109 2183 3157 vel

2047 279 2302 346 APPEN
2311 281 2441 344 DlX
2453 327 2467 341 .

993 411 1353 494 Auferensget
1375 413 1717 494 credentibus
1739 412 2044 494 facundiam
2064 428 2200 494 prie:
2228 428 2284 494 Α
2313 415 2611 474 hominum,
2639 415 2732 477 qui
2761 414 2836 462 sic
2865 410 3160 462 decurrunt
3188 410 3256 463 ad
3272 415 3640 494 mortem‘qaasi
3662 416 3829 481 ﬂumina,

3724 289 3824 365 ηιμ

3453 477 3668 526 malitiam
3690 477 3828 532 eorum.

2306 559 2429 619 que
2487 539 2824 600 ﬂuviorum
2883 543 3198 619 scrutatus
3266 544 3376 619 est,
3435 545 3491 600 et
3563 541 3831 606 abscondita

2523 621 2578 668 in
2609 619 3007 669 revelationem.
3036 617 3145 667 Nisi
3183 618 3286 667 Deo
3317 617 3687 679 demonstrante,
3709 625 3830 673 necat

2304 683 2606 760 produxit
2687 683 2747 742 in
2808 681 3036 741 lucem.
3107 681 3424 760 Sapientia
3473 700 3603 742 vero
3650 685 3733 744 ubi
3770 687 3830 746 in-

2301 761 2518 811 homine
2549 761 2780 810 inveniri
2811 760 2955 810 dicit.

2301 826 2569 897 venitur,
2659 832 2720 885 et
2800 825 2941 902 quis
3033 828 3129 882 est
3222 822 3419 902 locus
3462 822 3834 902 intelligentia?

2299 906 2525 954 Tantum
2563 905 2792 967 pretiosa
2812 905 2886 961 tit,
2923 906 2980 951 ut
3000 905 3276 967 quantum
3291 903 3358 951 sit
3376 901 3484 964 ejus
3505 901 3710 967 meritum
3726 903 3832 954 homo

2300 968 2514 1030 penitus
2552 965 2780 1030 ignoret:
2802 978 2960 1015 omne
2979 977 3108 1014 vero
3129 965 3373 1039 prmium
3398 978 3500 1039 npn
3519 970 3650 1037 estea
3666 966 3833 1039 dignum.

3352 1028 3409 1074 In
3439 1027 3530 1092 his,
3557 1029 3636 1090 qui
3651 1029 3835 1092 voluptati

2299 1093 2506 1153 Nescit
2554 1091 2742 1151 homo
2803 1089 3070 1168 pretium
3131 1088 3287 1167 ejus,
3341 1108 3453 1149 nec
3504 1088 3760 1150 invenitur
3795 1093 3834 1151 in

2297 1172 2472 1220 carnis
2501 1172 2742 1221 serviunt
2765 1169 3106 1219 smculariter.
3147 1231 3154 1232 ί
3339 1169 3572 1218 Infernae
3596 1170 3837 1232 designat.

2299 1242 2465 1296 terra
2574 1233 2848 1294 suaviter
2931 1231 3297 1292 viventium.
3354 1233 3642 1311 rAbyssus
3694 1231 3836 1294 dicit:

2386 1313 2522 1373 Quia
2550 1313 2830 1382 saeculares
2866 1311 3110 1382 homines
3139 1310 3451 1382 sapientiam
3480 1310 3653 1362 amoris
3675 1312 3745 1361 Dei
3765 1326 3836 1360 non

2761 1375 2863 1423 hoc
2890 1373 3141 1423 sarculum
3173 1372 3518 1438 signiﬁcatur.

2294 1441 2427 1499 Non
2487 1446 2582 1500 est
2638 1438 2870 1510 inme;
2931 1445 2994 1498 et
3050 1455 3220 1498 mare
3276 1437 3579 1515 loquitur:
3635 1438 3741 1496 Non
3781 1444 3842 1497 est

2294 1519 2508 1568 habent.
2578 1519 2688 1568 lloc
2717 1518 2861 1576 dicit,
2893 1516 3035 1578 quod
3055 1517 3200 1565 nulla
3220 1529 3323 1576 res,
3337 1519 3568 1578 quamvis
3587 1516 3772 1578 pretiosa
3784 1517 3840 1573 sit,

2788 1579 2914 1629 huic
2943 1579 3217 1641 sapientiae.
3247 1578 3538 1641 camparari
3564 1582 3726 1640 potest.

2294 1659 2562 1704 mecum.
2640 1645 2773 1704 Non
2832 1642 3084 1702 dabitur
3165 1641 3445 1702 obrizum
3495 1660 3598 1720 pro
3648 1659 3724 1713 ea,
3769 1658 3842 1700 nec

2291 1723 2442 1780 Quod
2465 1723 2779 1785 sapientiam
2802 1720 3152 1785 istamgnullus
3174 1735 3267 1784 pro
3291 1722 3477 1771 merito
3497 1721 3600 1785 ejus
3615 1721 3747 1783 possit
3761 1732 3842 1768 sen-

2220 1799 2266 1864 Β
2294 1786 2394 1834 tire
2416 1789 2508 1834 aut
2526 1783 2732 1864 eloqui,
2768 1784 2853 1832 hic
2881 1783 3100 1864 indicat.

2296 1843 2689 1928 appendetiir
2735 1853 3063 1928 argentum
3125 1846 3186 1928 in
3245 1843 3842 1928 commutationeejus.

2296 1922 2357 1976 In
2383 1922 2530 1976 India
2558 1940 2744 1976 omnes
2773 1922 3036 1975 idolorum
3069 1927 3297 1974 cultores
3322 1925 3686 1988 isigniﬁcantur,
3712 1922 3752 1988 in
3775 1933 3845 1985 qua

2295 1990 2524 2040 cultores
2551 1989 2766 2053 pretiosi
2794 1993 3106 2053 nascuntur.
3169 2052 3174 2053 γ
3205 1988 3296 2053 qui
3319 1986 3520 2053 lapides
3548 1986 3844 2053 pretiosisunt.

2296 2057 2431 2114 Non
2489 2050 2844 2113 conferetur
2898 2052 3109 2112 tinctis
3165 2051 3358 2110 india:
3432 2050 3728 2115 coloribus.
3773 2064 3844 2106 nec

2297 2133 2440 2196 quod
2471 2133 2734 2182 idolorum
2757 2131 2943 2194 religio
2963 2131 3182 2196 nomine
3205 2129 3408 2196 fulgeat
3429 2130 3630 2179 Deitatis
3650 2127 3845 2196 fallaciter.

2296 2189 2491 2275 lapidi
2539 2189 2936 2275 sardonyc‘ho
2978 2189 3452 2275 pretiosissimo,
3486 2196 3574 2252 vel
3603 2189 3847 2275 sapphiro.

2295 2271 2431 2324 Cleri
2457 2275 2704 2337 homines
2733 2271 3123 2337 intelliguntur,
3153 2273 3243 2335 qui
3273 2272 3325 2337 i_n
3367 2271 3468 2337 hoc
3496 2271 3670 2337 saeculp
3699 2271 3850 2337 nomine

2297 2338 2572 2400 dignitatis
2600 2335 2820 2400 fulgent,
2851 2329 3230 2400 etvdivitia'ru'm
3255 2334 3442 2400 gloria.
3524 2396 3534 2400 Δ
3639 2334 3716 2381 Pro
3739 2329 3850 2380 nihilo

2298 2396 2435 2461 Non
2466 2396 2906 2478 adaequabitur
2933 2399 2990 2478 ei
3045 2396 3429 2478 aurumbvel
3484 2396 3722 2478 vitrum;
3767 2411 3850 2478 non

2297 2481 2440 2530 enim
2460 2472 2788 2544 deputantur
2807 2477 3012 2527 nobiles
3041 2478 3242 2536 szeculi,
3266 2477 3309 2525 si
3341 2478 3580 2544 timorem
3592 2476 3671 2544 Dei
3687 2472 3850 2544 neabi-

3417 2540 3557 2588 bent.
3586 2536 3856 2586 Celsitudines

2298 2605 2834 2732 computabantur
2890 2620 3002 2682 pro
3062 2620 3136 2662 ea
3181 2620 3333 2662 vasa
3410 2619 3627 2662 aurea:
3678 2597 3856 2658 excelsa

2298 2699 2434 2732 einen
2462 2686 2476 2732 i
2506 2684 2738 2732 indigum
2769 2688 2927 2732 erunt
2972 2681 3230 2731 memoria
3255 2681 3306 2729 in
3357 2679 3724 2732 comparatione
3761 2676 3856 2725 illius

2298 2676 2476 2734 saeculi
2506 2684 2738 2747 indigum
2769 2676 2927 2733 erunt
2972 2681 3230 2731 memoria
3255 2681 3306 2747 in
3357 2679 3724 2747 comparatione
3761 2676 3856 2725 illius

2297 2757 2359 2809 et
2415 2745 2754 2818 eminentia
2806 2765 2928 2806 non
2989 2745 3512 2826 memorabuntur
3561 2745 3619 2826 in
3666 2757 3853 2826 compa-

2295 2827 2588 2890 sapientiae.
2665 2887 2674 2890 Α
2844 2825 3250 2890 Dono_Spiritus
3281 2825 3472 2874 sancti.
3541 2886 3554 2890 _
3594 2823 3652 2872 de
3677 2823 3856 2890 supernis

2295 2881 2538 2951 ratione
2623 2887 2780 2965 ejus.
2868 2881 3167 2948 Trahitur
3251 2895 3467 2948 autem
3521 2886 3593 2946 de
3645 2881 3856 2965 occultis.

2295 2971 2600 3020 assumitur.
2615 2960 2802 3017 Oiunia
2814 2965 2926 3015 ham
2938 2967 3156 3016 nomina
3170 2966 3288 3015 ideo
3302 2966 3368 3014 ad
3388 2966 3672 3016 memoriam
3683 2960 3856 3015 deduxit,

2295 3033 2622 3112 sapientia.
2677 3033 2812 3090 Non
2872 3029 3310 3108 adzequabitur
3360 3031 3419 3112 ei
3451 3109 3460 3112 Α
3495 3028 3766 3112 topazium
3805 3021 3856 3084 de

2294 3106 2421 3174 quia
2451 3112 2592 3161 nulla
2621 3114 2861 3159 creatura
2890 3106 3067 3174 potest
3094 3111 3393 3172 comparari
3424 3109 3593 3174 timori
3623 3106 3714 3156 Dei.

529 3177 740 3236 calore
790 3176 852 3234 in
913 3193 996 3234 aes
1054 3172 1336 3253 vertitur.
1390 3177 1664 3253 Tempus
1715 3169 1922 3249 posuit
2003 3179 2174 3253 tene-
2208 3169 2250 3234 C
2288 3169 2628 3253 Ailhiopia,
2686 3191 2799 3253 nec
2839 3251 2848 3253 _
2883 3169 3156 3234 tinctura
3215 3169 3856 3253 mundissimacompoj

531 3255 684 3304 malis
707 3253 1030 3302 hominibus.
1129 3251 1286 3313 quale
1310 3251 1557 3299 meritum
1576 3250 1734 3298 homo
1755 3255 2069 3312 accepturus
2091 3251 2176 3299 sit.

536 3318 688 3387 bris,
778 3321 840 3374 et
925 3313 1356 3374 universorum
1437 3313 1623 3372 finem
1685 3315 1817 3392 ipse
1890 3313 2175 3373 conside-

626 3393 899 3444 diabolum
929 3396 1146 3456 prepter
1175 3405 1400 3441 errores.
1422 3393 1566 3456 quod
1587 3393 1881 3442 doctrinam
1903 3393 2018 3455 ejus
2034 3406 2179 3442 mors

527 3463 645 3532 rat,
726 3455 1670 3534 lapidem’quoquecaliginis
1753 3463 1814 3516 et
1887 3457 2174 3516 umbram

526 3533 807 3601 sequatur.
823 3535 1041 3598 iniquos
1061 3533 1437 3598 passio’Christi
1454 3549 1484 3584 a
1503 3535 1713 3593 sanctis,
1727 3536 1818 3599 qui
1837 3535 1922 3583 hic
1947 3536 2180 3598 peregri-

529 3601 586 3650 ni
619 3603 761 3674 sunt,
794 3601 1020 3674 separat.

527 3664 767 3726 mortis.
798 3659 1045 3722 Dividet
1073 3666 1318 3720 torrens
1347 3678 1384 3719 a
1422 3659 1659 3738 populo
1712 3659 2171 3738 peregrinante,

524 3743 720 3793 oblitus
734 3745 814 3791 est
823 3741 1062 3791 Christus
1081 3753 1267 3789 eorum
1285 3740 1375 3801 qui
1389 3752 1498 3787 non
1513 3738 1854 3788 crediderunt
1868 3739 2177 3801 Evangelia.

1227 3803 1283 3849 In
1314 3801 1448 3874 pede
1479 3815 1691 3874 quoque
1721 3801 2176 3874 dispensationem

524 3867 718 3916 Christi
739 3865 980 3925 adverte,
1012 3877 1107 3926 per
1123 3877 1281 3926 quem
1300 3879 1332 3912 a
1349 3864 1556 3913 Sanctis
1571 3864 1685 3912 sine
1707 3865 1792 3912 via
1810 3864 2084 3924 religionis
2103 3865 2178 3914 vi-

523 3933 712 3980 ventes
734 3932 958 3990 separat.
992 3926 1090 3990 Qui
1121 3940 1214 3988 pro
1238 3926 1390 3975 nobis
1420 3929 1626 3989 pauper
1652 3927 1820 3990 factus
1851 3929 1946 3990 est.

525 4010 632 4052 eos
662 3988 821 4069 quos
879 3989 1110 4069 oblitus
1155 3995 1252 4069 est
1307 3988 1435 4069 pes;
1475 3990 1714 4066 egentis
1773 3988 2077 4069 hominis,
2114 3993 2177 4050 et

699 4069 858 4128 Quasi
890 4082 1034 4118 nunc
1063 4067 1127 4118 de
1157 4068 1384 4117 Sodoma
1415 4067 1671 4131 loquitur,
1704 4082 1822 4130 quin
1853 4067 2177 4118 fertilissima

524 4133 751 4196 invios.
783 4137 977 4193 Terra
1023 4131 1101 4191 de
1131 4151 1258 4210 qua
1300 4131 1622 4192 oriebatur
1668 4133 1874 4210 panis,
1923 4132 1987 4190 in
2036 4131 2174 4192 loco

523 4214 639 4272 fuit,
665 4217 718 4262 et
737 4216 954 4276 prepter
979 4215 1196 4274 peccata
1216 4211 1574 4276 habitantium
1594 4211 1715 4276 igne
1737 4211 1996 4276 subversa
2015 4215 2113 4260 est.

1288 4273 1448 4330 Quasi
1478 4287 1575 4336 pro
1595 4274 1788 4336 opibus
1821 4273 2174 4324 Sodomorum

523 4338 641 4387 haec
670 4348 867 4400 genera
895 4346 1223 4400 gemmarum
1253 4334 1523 4384 dicuntur.
1618 4357 1620 4360 ν

525 4420 638 4464 suo
671 4396 827 4478 “igne
859 4396 1158 4459 subversa
1189 4403 1302 4458 est.
1356 4402 1554 4459 Locus
1609 4397 1890 4526 sapphiri
1933 4396 2176 4475 lapides

805 4477 931 4526 auia
953 4491 1048 4526 ner
1078 4478 1174 4526 bas
1207 4477 1408 4526 acauiri
1439 4478 1590 4526 solet.
1718 4476 1876 4526 undis
1907 4477 2172 4526 exterritae

805 4477 931 4549 quia
953 4478 1174 4549 perbas
1207 4477 1408 4549 acquiri
1439 4478 1590 4549 solet:
1675 4476 1876 4526 Fundis
1907 4477 2172 4549 exterritae

522 4541 649 4616 quia
668 4553 777 4604 pra:
790 4540 1104 4616 frequentia
1123 4540 1403 4616 hominum
1419 4540 1624 4589 vixillic
1639 4554 1762 4616 aves
1783 4552 1896 4615 esse
1919 4544 2183 4614 poterant.
2219 4541 2265 4606 Β

520 4602 683 4683 ejus,
747 4609 810 4664 et
843 4602 1058 4683 glebae
1119 4603 1288 4663 illius
1341 4621 1590 4663 aurum.
1648 4603 1948 4663 Semitam
2001 4602 2183 4681 igno-

649 4681 864 4745 (Tanta)
885 4683 1140 4732 arborum
1163 4683 1427 4744 opacitate
1449 4686 1693 4732 contecta
1729 4686 1822 4741 est,
1840 4685 1898 4732 ut
1923 4695 2038 4730 eam
2064 4695 2188 4732 aves

523 4744 762 4809 desuper
791 4744 1032 4796 volantes
1062 4745 1298 4809 aspicere
1331 4758 1438 4794 non
1463 4745 1686 4808 possint.

521 4814 618 4870 rat
650 4805 801 4881 avis,
854 4825 967 4868 nec
1016 4805 1281 4868 intuitus
1327 4813 1421 4868 est
1451 4805 1595 4867 eum
1645 4807 1865 4869 oculus
1893 4805 2184 4866 vulturis.

520 4889 658 4954 Quia
686 4889 788 4937 sibi
818 4888 936 4950 ipsa
965 4887 1123 4954 tellus
1152 4891 1344 4954 cuncta
1375 4887 1597 4954 ferebat.

521 4947 1018 5014 Mercaturum,qui
1051 4954 1270 5013 prOpter
1298 4949 1536 5014 instandi
1569 4949 1774 4998 lucrum
1797 4947 1956 4997 etiam
1979 4948 2035 4996 in
2065 4960 2187 5010 pos-

523 5015 652 5064 teris
686 5014 799 5064 suis
828 5012 919 5062 ﬁlii
945 5012 1257 5062 institorum
1292 5012 1418 5062 dicti
1451 5016 1598 5061 sunt.

522 5079 659 5138 Non
739 5076 1142 5138 calcaverunt
1219 5094 1359 5136 eam
1446 5075 1560 5135 ﬁlii
1617 5072 1996 5146 institorum,
2073 5090 2186 5133 nec

522 5160 744 5218 propter
772 5156 1132 5220 frequentiam
1160 5155 1486 5220 populorum
1521 5153 1799 5220 ibibestias
1821 5152 2048 5200 transire
2077 5165 2187 5220 non

519 5214 833 5279 potuerunt.
871 5214 888 5220 ’
1160 5214 1176 5218 ⁷
1234 5214 1251 5220 “
1351 5219 1506 5267 Nunc
1539 5216 1604 5265 ad
1630 5216 1895 5264 Christum
1926 5214 2187 5279 converti-

521 5277 926 5359 pertransivit
1006 5299 1121 5359 per
1197 5297 1338 5341 eam
1453 5281 1680 5359 leaena.
1770 5279 1882 5359 Ad}
1934 5277 2184 5359 silicem

520 5355 1079 5430 tunad'fortitudinem
1104 5360 1459 5430 virtutissuaz,
1483 5357 1770 5430 sg‘pe'rbps,
1802 5355 1887 5406 vel
1917 5356 2186 5406 diabolum

521 5420 810 5470 novissime
842 5422 1141 5474 subvorsos.
1174 5423 1227 5471 in
1260 5422 1491 5471 adventu
1521 5420 1636 5470 Filii
1683 5421 1791 5469 Dei.

521 5484 803 5546 extendit
856 5503 1112 5543 manum
1167 5504 1368 5556 suam,
1400 5483 1707 5546 subvertit
1779 5500 1816 5542 a
1873 5481 2189 5542 radicibus

919 5563 987 5627 ln_
1007 5564 1275 5627 apostolis,
1308 5566 1417 5615 sive
1449 5565 1502 5613 in
1532 5563 1713 5627 gentib
1733 5575 1796 5610 us
1825 5561 1976 5624 prius
2005 5559 2186 5610 duros.

522 5625 747 5690 gratiam
777 5637 929 5676 suam
959 5625 1125 5675 dedit.
1186 5688 1195 5690 _
1302 5689 1307 5690 ί
1537 5625 1592 5690 ’Δ
1667 5686 1712 5690 __
1983 5627 2044 5672 ut
2072 5628 2186 5672 est:

523 5686 795 5751 montes.
886 5690 952 5749 In
1040 5688 1233 5765 petris
1264 5689 1429 5748 rivos
1512 5686 1768 5757 scindit,
1858 5691 1922 5746 et
2003 5705 2189 5748 omne

521 5769 673 5820 Oculi
706 5767 916 5818 Domini
939 5779 1102 5829 super
1126 5765 1322 5829 justos.
1481 5827 1488 5829 _
1589 5766 1810 5816 Secreta
1841 5765 2188 5818 conscientia)

523 5834 872 5916 pretiosum
933 5827 1384 5895 videt‘oculus
1439 5827 1595 5907 ejus.
1664 5829 1992 5893 Profunda
2033 5848 2186 5912 quo-

2355 3239 2550 3303 Eodefn
2571 3239 2730 3302 sensu
2752 3251 2893 3307 dicit,
2909 3266 3016 3315 quo
3037 3264 3222 3315 super:
3249 3252 3518 3313 Sapientia
3539 3250 3618 3299 ubi
3635 3239 3859 3315 inventuiri

2292 3326 2495 3378 netur.
2556 3317 2733 3379 Unde
2815 3306 2964 3392 ergo
3049 3306 3361 3394 sapientia
3420 3315 3640 3386 veniet,
3668 3317 3719 3371 et
3762 3306 3859 3394 quis

3176 3393 3224 3442 id
3257 3399 3358 3453 est,
3391 3394 3622 3443 omnium
3648 3387 3859 3453 carnaliter

2289 3460 2463 3520 locus
2517 3464 2610 3520 est
2693 3456 3178 3535 intelligentiae?
3235 3448 3616 3520 Abscondita
3676 3458 3752 3513 est
3806 3448 3859 3535 ali

2286 3539 2341 3588 in
2373 3539 2575 3587 mundo
2605 3525 2929 3586 viventium:
3273 3596 3278 3597 γ
3451 3536 3682 3586 Homines
3703 3525 3860 3597 superbi

2287 3602 2369 3650 vel
2399 3602 2558 3659 leves,
2591 3599 2680 3662 qui
2713 3599 2815 3648 alia
2844 3598 3076 3662 sapiunt,
3108 3601 3160 3647 et
3192 3598 3244 3646 in
3269 3596 3396 3647 imis
3425 3601 3700 3653 morantur,
3723 3589 3860 3642 intelli-

2287 3665 2484 3724 oculis
2552 3661 2834 3724 omnium
2903 3661 3282 3736 viventium;
3348 3663 3625 3723 volucres
3673 3668 3860 3736 quoque

2286 3748 2501 3806 guntur.
2631 3739 2881 3807 Diabolus
2895 3744 2961 3807 et
2990 3740 3242 3790 satellites
3269 3729 3412 3807 ejus.
3425 3805 3433 3807 _
3448 3729 3776 3807 Perceperdnt,

2286 3801 2428 3867 coeli
2476 3807 2666 3866 latet.
2727 3804 3002 3865 Perditio
3057 3811 3120 3865 et
3148 3801 3316 3864 mors
3375 3801 3688 3866 dixerunt:
3727 3801 3861 3882 Auri;

2323 3900 2379 3935 er
2400 3885 2817 3950 inobedientiam
2838 3883 3035 3950 habere
3056 3883 3509 3950 eamAnoluerunt.
3557 3875 3862 3950 Pro_certoscil

2333 3969 2402 4010 us
2460 3948 2688 4010 nostris
2745 3947 3099 4008 audivimus
3156 3947 3396 4008 famam
3457 3946 3609 4025 ejus.
3639 3945 3772 4003 Deus
3793 3945 3862 3998 in-

2285 4029 2426 4078 Deus
2437 4042 2544 4091 quo
2557 4027 2819 4091 sapientia
2835 4030 3103 4091 properat,
3120 4028 3202 4076 cui
3219 4027 3381 4076 etiam
3405 4027 3518 4090 ipse
3541 4026 3761 4075 ducatum
3775 4029 3870 4080 pm-

2283 4089 2486 4156 bet,gai_i
2518 4089 2694 4156 locum
2725 4089 2907 4156 utique
2937 4089 3082 4156 pacis
3111 4092 3350 4139 aeternae.
3374 4152 3385 4156 _
3432 4089 3437 4090 ⁷
3465 4153 3478 4156 _

2284 4141 2510 4232 telligit
2583 4141 2979 4232 viamgéjus‘r;
3042 4153 3174 4231 ipse
3242 4152 3422 4212 novit
3464 4153 3667 4232 locum
3732 4141 3871 4232 illius.

2284 4220 2480 4306 Yisitas
2509 4245 2608 4306 nos
2640 4232 2696 4280 in
2727 4220 3415 4306 pleditud'inedemporu-m.
3444 4299 3458 4306 _
3573 4233 3629 4279 ut
3651 4228 3703 4306 in

2285 4298 2426 4388 ipse
2503 4295 2684 4388 enim
2731 4294 2910 4388 'fin‘es
2975 4294 3214 4388 'mundi
3255 4294 3871 4388 intueturgnetlomfil:

2284 4366 2505 4445 dicitur:
2533 4375 2780 4445 Dominus
2813 4374 2874 4423 de
2893 4372 3015 4422 cado
3048 4374 3322 4445 proment
3349 4387 3508 4445 ειφερ·
3523 4371 3656 4445 ﬁlios
3671 4366 3872 4445 hminis

2289 4417 2775 4499 ("PEHZ'iiiiféjI'f'
3048 4417 3876 4499 r'"eratmedii-immanes.{$1

2296 4491 2435 4581 qua:
2469 4491 2792 4581 subueoslo
2841 4504 3009 4581 sunt,
3035 4577 3045 4581 Α
3072 4500 3344 4578 respicit.
3412 4491 3693 4581 Qui_fecit
3728 4491 3876 4581 vf:an

2297 4567 2424 4644 ipsis
2436 4579 2668 4644 Angelis.
2685 4579 2934 4644 Doctrina
2949 4567 3232 4644 di'cit,_quas
3246 4567 3469 4644 propter
3484 4577 3712 4644 effectum
3731 4567 3874 4644 difillf

2297 4631 2746 4699 s‘anctiﬁé’ationis,
2778 4641 2992 4702 pondus
3013 4631 3209 4689 habere
3240 4631 3385 4689 dicit.
3636 4631 3874 4702 Doctrina!!!

2295 4689 2698 4792 beat—insi}?
2733 4689 2932 4792 ἓιέιυξξε
2983 4703 3630 4792 εξρρθιμίξξιπηβηειπει·
3672 4689 3873 4792 09E???

2295 4767 2573 4848 utriusque
2585 4767 2908 4848 Testamenti
2927 4767 3087 4848 ι]ορἶέ
3093 4782 3261 4832 voluit
3284 4783 3540 4848 indicare.
3560 4767 3871 4848 Persecutionl:

2299 4850 2397 4898 bus
2412 4839 2655 4896 Ecclesia:
2671 4849 2967 4909 prmtereun
2977 4845 3027 4893 di
3042 4845 3179 4893 viam
3194 4846 3382 4909 aperit,
3394 4850 3456 4894 ut
3467 4845 3677 4894 Sanctos
3687 4849 3790 4886 suos
3799 4839 3873 4909 agri

2297 4895 2572 4992 ponebat
2654 4895 2883 4992 pluviis
2955 4908 3187 4992 legem,
3231 4895 3333 4992 let
3369 4895 3381 4906 ’
3417 4909 3608 4992 viam.
3645 4895 3874 4992 procellis

2295 4973 2532 5041 lvincant.
2656 4973 2943 5037 lFuturum
2968 4973 3218 5050 pFaavidit
3245 4989 3490 5037 timorem
3523 4985 3608 5050 Dei
3644 4973 3872 5050 inmunda.

3436 5062 3531 5098 ore
3561 5043 3872 5110 Prophetas!

2297 5114 2687 5178 sonantibus.
2747 5115 2924 5174 'I‘unc
2970 5111 3126 5171 vidit
3206 5112 3402 5185 illam,
3485 5118 3548 5172 et
3601 5103 3872 5170 enarravit:

2879 5203 3130 5254 quaerens
3159 5204 3312 5242 ovem
3343 5195 3625 5241 errantem.

2298 5264 2359 5319 et
2407 5255 2804 5337 praeparavit,
2865 5241 2928 5315 et
3000 5255 3413 5337 investigavit.
3479 5257 3555 5337 Et
3610 5248 3751 5337 dixit

2483 5325 2633 5385 Niinc
2663 5333 2930 5396 explanat,
2960 5334 3105 5396 quod
3136 5325 3303 5397 supra
3321 5335 3600 5383 obscurius
3628 5325 3804 5397 dixerat

2299 5401 2448 5460 mini
2483 5418 2496 5458 :
2532 5401 2689 5459 Ecce
2720 5393 2910 5456 timor
2938 5393 3045 5458 Dei
3075 5393 3218 5476 ipsa
3254 5403 3344 5458 est
3391 5394 3708 5476 sapientia,
3739 5393 3790 5448 et
3812 5397 3877 5441 η’

2295 5482 2514 5543 cedere
2537 5498 2575 5539 a
2608 5478 2776 5538 malo
2803 5477 3240 5556 intelligentia.

2853 5639 3109 5701 CAPUT
3164 5639 3368 5699 XXIX.

2296 5769 2393 5818 Per
2406 5762 2715 5822 parabolam
2732 5760 3002 5812 dicturum
3017 5763 3258 5813 sanctum
3273 5759 3385 5820 Job,
3409 5772 3530 5825 quae
3543 5742 3882 5825 subjectum.

2377 5828 2634 5893 Addidit
2742 5845 2993 5908 quoque
3100 5825 3244 5902 Job,
3344 5824 3658 5886 assumens
3733 5824 3878 5896 pareo
