4114 6170
258 334 413 398 1543

262 531 475 594 bolam
528 548 733 602 suam,
797 536 860 590 et
915 531 1073 591 dixit
1130 551 1143 592 :
1207 532 1357 604 Quis
1433 532 1587 592 mihi
1667 532 1901 591 tribuat

260 613 399 662 illam
425 610 754 667 felicitatem,
786 622 947 671 quam
979 609 1182 659 dudum
1212 624 1331 660 cum
1363 612 1455 659 Dei
1493 611 1731 661 custodia
1787 623 1903 671 pos-

261 675 481 725 sidebat.
514 672 596 723 Ad
623 672 929 721 felicitatem
957 673 1199 734 primam.

262 746 325 800 ut
377 738 494 798 sim
564 736 752 813 juxta
804 753 1070 816 menses
1141 736 1457 816 pristinos,

297 817 452 866 uibus
482 828 736 878 prospere
764 814 997 865 vivebat.

297 833 452 866 ulnus
483 833 736 878 prospere
765 833 997 865 Vivebat.

259 833 407 941 dum
466 880 623 952 dies,
713 878 941 957 quibus
1027 879 1191 937 Deus
1271 877 1663 938 custodiebat
1748 880 1893 939 me!

850 956 984 1005 loria
1011 958 1342 1018 temporalis.
1490 970 1652 1020 super
1680 962 1902 1007 caeteros

850 970 984 1005 lOl‘la
1011 970 1342 1018 temporalis.
1490 970 1652 1020 super
1680 970 1898 1007 εωιθιιοε

261 1020 522 1094 Quando
554 970 995 1097 resplengebat
1044 1021 1301 1079 lucerna
1356 1019 1491 1097 ejus
1548 1039 1735 1099 super
1793 1039 1898 1081 ca-

260 1102 552 1152 evidenter.
578 1099 717 1147 inter
737 1102 1043 1163 peccatores
1066 1100 1266 1162 utique,
1284 1103 1335 1148 et
1350 1099 1414 1147 ad
1437 1112 1515 1157 ea,
1539 1113 1659 1162 qua:
1691 1100 1901 1163 ignora-

260 1170 373 1295 ειη
406 1181 641 1234 meum,
687 1170 747 1221 et
793 1164 872 1222 ad
906 1162 1119 1222 lumen
1180 1162 1315 1238 ejus
1373 1163 1775 1223 ambulabam
1836 1165 1898 1223 in

294 1258 394 1295 am,
429 1241 781 1295 ambulabam,
813 1254 1070 1295 prospere
1101 1242 1155 1289 in
1187 1242 1381 1291 virtute
1412 1243 1597 1295 ipsius.

294 1258 394 1300 am,
429 1241 781 1299 ambulabam,
813 1254 1070 1305 prospere
1101 1242 1155 1289 in
1187 1242 1381 1291 virtute
1412 1243 1597 1305 ipsius.

262 1306 591 1368 tenebris?
647 1304 827 1364 sicut
879 1304 967 1363 fui
1026 1306 1091 1363 in
1160 1306 1380 1363 diebus
1438 1304 1901 1365 adolescentiae

369 1385 721 1447 Omnipotens
752 1382 1026 1431 habitabat
1054 1383 1358 1445 spiritaliter
1387 1384 1439 1432 in
1471 1384 1627 1433 corde
1659 1398 1794 1443 meo,
1822 1398 1902 1433 re-

265 1458 438 1519 mese,
503 1447 758 1526 quando
819 1458 1057 1526 secreto
1117 1449 1276 1507 Deus
1335 1454 1469 1506 erat
1551 1448 1614 1506 in
1684 1449 1896 1526 taber-

262 1529 417 1577 motis
427 1525 679 1575 vitiorum
694 1525 1257 1589 tumultibus.0nando
1272 1527 1554 1589 praesentia
1572 1527 1659 1575 Dei
1672 1525 1901 1576 fruebar.

262 1592 487 1653 naculo
544 1586 745 1649 meo?
799 1589 1063 1668 Quando
1099 1586 1710 1668 erat—omnipotens
1770 1608 1899 1650 me-

472 1669 701 1718 virtutes
722 1668 916 1716 animas
940 1667 1224 1717 adstabant
1253 1668 1318 1717 ei.
1493 1667 1506 1668 ί
1569 1669 1772 1718 Animas
1795 1682 1903 1717 sua)

262 1749 427 1801 cum,
460 1732 613 1791 etin
673 1731 935 1791 circuitu
984 1749 1123 1791 meo
1182 1732 1360 1809 pueri
1420 1731 1584 1791 mei?
1640 1732 1905 1802 Quando

294 1825 476 1861 ressus
488 1812 752 1860 bonorum
766 1823 990 1873 operum
1005 1810 1339 1871 simplicitate
1350 1810 1743 1859 1avabat.Filius
1754 1810 1906 1860 Altis-

286 1875 554 1936 avabam
617 1875 805 1953 pedes
861 1891 1035 1933 meos
1091 1873 1345 1953 butyro,
1402 1881 1465 1933 et
1520 1881 1699 1952 petra
1756 1877 1897 1933 fun-

261 1956 378 2004 simi
408 1952 631 2018 largiter
654 1953 814 2002 dedit.
848 1952 1051 2018 Gratias
1074 1954 1308 2018 pingues
1336 1953 1561 2018 Spiritus
1590 1958 1823 2018 sanctus.

989 2014 1122 2072 Quia
1148 2014 1200 2063 in
1229 2014 1386 2077 porta
1412 2015 1669 2064 sedebant
1694 2015 1900 2077 judices

262 2078 451 2139 debat
507 2076 662 2136 mihi
724 2076 888 2137 rivos
930 2078 1100 2138 olei?
1157 2076 1417 2150 Quando
1476 2076 1899 2156 procedebam

263 2156 632 2221 ntjudicarent
646 2156 905 2205 intrantes
917 2157 1336 2221 civitatem.Cum
1352 2160 1563 2221 tempus
1576 2156 1902 2221 essetadexa

261 2218 517 2269 minanda
532 2218 740 2283 diversa
751 2219 1179 2283 negotia,catbed
1188 2233 1296 2268 ram
1316 2218 1535 2279 mihi,’ut
1546 2220 1798 2283 magistro
1810 2234 1903 2282 pa-

261 2285 341 2344 ad
372 2288 621 2362 portam
652 2282 943 2353 civitatis,
976 2284 1126 2362 etin
1161 2286 1370 2360 platea
1429 2282 1742 2361 parabant
1797 2301 1902 2341 ca-

262 2361 456 2412 rabant
477 2362 529 2409 in
542 2362 831 2425 platea.His
842 2361 1118 2411 versiculis
1130 2362 1333 2411 timoris
1345 2362 1691 2411 reverentiam
1730 2366 1902 2411 osten-

264 2427 555 2486 thedram
616 2424 828 2484 mihi?
902 2425 1215 2486 Videbant
1296 2444 1393 2484 me
1470 2426 1755 2502 juvenes,
1842 2431 1905 2485 et

266 2505 360 2565 dit,
376 2517 538 2568 quam
551 2504 799 2568 eimerito
811 2502 1125 2554 deferebant
1147 2517 1300 2554 senes
1323 2508 1374 2554 et
1381 2504 1624 2567 juvenes,
1638 2504 1906 2567 principes

264 2567 840 2656 abscondebantur,
926 2574 987 2628 et
1062 2585 1241 2629 senes
1325 2576 1721 2645 assurgentes
1774 2576 1900 2627 sta—

266 2646 824 2788 b‘alilglcelgrincipes
881 2709 1211 2769 cessabant
1270 2709 1461 2788 loqui,
1524 2717 1584 2769 et
1640 2708 1903 2787 digitum

264 2788 782 2869 snperponebant
836 2789 1119 2869 oriisuo.
1180 2788 1407 2849 Vocem
1468 2806 1644 2849 suam
1706 2788 1904 2869 cohi-

264 2810 337 2851 ΒΗ
388 2810 782 2869 θτρουθυξωῐ.
836 2810 929 2848 οτι
985 2810 1119 2849 δυο.
1194 2810 1407 2849 vocem
1468 2810 1644 2849 suam
1730 2810 1904 2848 (ΣΟΠΙ-

262 2810 499 2932 hebant
554 2870 766 2941 duces,
828 2876 889 2929 et
946 2868 1160 2947 lingua
1209 2886 1425 2929 eorum
1483 2868 1721 2948 gutturi
1794 2885 1907 2948 suo

638 2949 765 2996 Tam
795 2950 975 2996 sancta
1003 2952 1116 2997 erat
1144 2961 1381 3009 praesens
1412 2947 1743 2997 conversatio
1775 2947 1904 3010 ejus,

266 3010 661 3073 adhaerebat.
753 3012 934 3071 Auris
1006 3012 1269 3071 audiens
1328 3012 1728 3072 beatiﬁcabat
1784 3029 1903 3083 me,

265 3105 426 3155 quam
465 3091 611 3139 fama
638 3090 915 3155 referebat,
940 3093 993 3138 et
1012 3090 1137 3155 ideo
1168 3104 1352 3140 omnes
1375 3091 1663 3140 laudabant
1693 3103 1835 3155 eum.

260 3152 325 3215 et
354 3155 572 3215 oculus
622 3153 838 3212 videns
886 3154 1307 3214 testimonium
1369 3156 1670 3215 reddebat
1724 3152 1901 3223 mihi,

1538 742 1602 796 et
1676 753 1901 797 secun-

1192 334 1608 399 EXPOSITIO
1652 313 2258 397 INTERLINEARIS
2304 331 2512 395 LIBRI
2555 332 2719 395 JOB.

259 472 372 543 ipsa
390 466 533 518 tituli
552 465 902 543 inscriptione
933 465 1277 543 dignoscitur.
1308 469 1467 543 pptat
1496 482 1550 543 se
1571 468 1811 543 revocari
1835 466 1900 543 ad
1930 474 1982 541 Α
2012 472 2093 543 tra
2114 468 2258 543 vitia.

3499 320 3653 398 ista

2486 466 2806 517 Auditorum
2837 482 3053 518 suorum
3082 470 3493 520 admirationem
3517 470 3652 520 indi-

2013 530 2491 615 instaurabitnr.
2580 532 2697 601 Qui
2772 549 2871 591 me
2929 533 3271 595 audiebant
3326 539 3651 615 exspecta~

2011 615 2113 667 cat,
2148 608 2417 673 quomodo
2447 622 2569 658 eum
2600 614 3002 660 venerarentur.

2011 675 2165 733 bant
2218 673 2625 766 sententiam”
2660 692 2862 763 meam
3090 674 3286 766 Vulg.“
3325 674 3529 766 abest],
3583 679 3653 766 let

2010 767 2104 818 pro
2117 753 2379 818 sapientia
2393 752 2494 801 hoc
2507 752 2783 818 dicit,quia
2800 752 2940 816 apud
2953 754 3069 818 illos
3086 768 3197 804 non
3210 752 3381 818 solum
3393 752 3655 818 sapientia

2011 816 2127 878 ejus
2148 815 2283 865 elata
2303 818 2436 873 erat,
2460 828 2644 863 verum
2676 815 2848 865 etiam
2870 816 3151 867 consilium
3178 817 3304 867 utile
3330 815 3492 928 v'eldet
3515 819 3656 928 seati

3401 892 3468 928 an
3494 893 3526 928 a
3577 893 3627 928 ui

3358 892 3395 927 ἰ’
3613 893 3627 927 ι

2010 940 2237 1000 intenti
2276 939 2573 1000 tacebant
2627 940 2706 999 ad
2756 942 3085 1002 consilium
3140 892 3654 1003 meummi’tgrbli;

2012 1019 2131 1130 ejus
2161 1019 2538 1078 auctoritas,ut
2568 1033 2725 1068 nemo
2756 1021 3493 1085 quidquamloqueretur,nisi
3508 1021 3652 1084 quod

2012 1083 2045 1130 ll
2068 1096 2095 1130 e
2129 1082 2459 1130 louuebatur.
3222 1098 3438 1130 sensum
3468 1097 3652 1130 eorum

2012 1082 2095 1130 ille
2129 1082 2459 1144 loquebatur.
2778 1082 2783 1083 “
2906 1082 2917 1084 ⁷
3135 1082 3151 1085 “
3222 1098 3439 1134 sensum
3468 1082 3653 1134 eorum

2015 1145 2166 1205 meis
2223 1145 2453 1226 addere
2512 1144 2671 1226 nihil
2732 1146 3079 1217 audebant,
3133 1154 3194 1209 et
3265 1166 3455 1226 super
3510 1148 3653 1209 illos

2011 1224 2329 1286 penetrabat
2358 1224 2598 1272 doctrina
2626 1222 2758 1285 ejus.
2983 1226 3173 1276 Pluvize
3205 1232 3257 1277 et
3275 1222 3457 1277 imbris
3478 1227 3650 1276 nomi-

2011 1288 2668 1368 stillabateloquium
2739 1306 2968 1368 meum.
3030 1292 3467 1368 Expectabant
3548 1308 3647 1351 me

2011 1368 2186 1424 nibus,
2218 1366 2487 1427 c0piosam
2515 1366 2667 1415 valde
2699 1367 3012 1417 eruditionis
3059 1366 3170 1419 suas
3208 1371 3481 1419 scientiam
3533 1382 3649 1419 esse

2012 1437 2172 1511 sicut
2198 1430 2498 1508 pluviam,
2556 1435 2618 1489 et
2672 1448 2742 1489 os
2797 1449 2980 1511 suum
3037 1435 3403 1510 aperiebant
3473 1433 3653 1511 quasi

2013 1509 2357 1573 demonstrat.
2665 1571 2673 1573 Α
2860 1510 2954 1560 Pro
2983 1509 3237 1573 gravitate
3263 1525 3474 1562 morum
3493 1509 3649 1563 dicit.

2013 1575 2091 1653 ad
2148 1571 2445 1653 imbrem_
2492 1571 2858 1653 serotinum.
2922 1571 3007 1634 Si"
3056 1576 3311 1653 quando
3369 1576 3649 1636 ridebam

2013 1651 2344 1699 mirabantur
2365 1649 2603 1698 videntes
2616 1664 2698 1698 me
2719 1651 2999 1703 ridentem.
3056 1649 3219 1704 Solita
3250 1656 3510 1704 serenitas
3537 1654 3654 1704 vul-

2012 1717 2099 1779 tus
2113 1712 2160 1775 ej
2171 1726 2231 1760 us
2244 1712 2439 1760 frustra
2448 1715 2502 1760 tu
2511 1712 2656 1760 rbata
2668 1713 2838 1779 est.Et
2852 1713 3043 1763 idcirco
3062 1718 3213 1777 quasi
3226 1730 3479 1779 magnum
3492 1720 3650 1779 atque

2015 1776 2097 1836 ad
2154 1794 2282 1845 eos,
2344 1794 2467 1834 non
2539 1776 2899 1844 credebant,
2965 1784 3026 1837 et
3084 1779 3189 1838 lux
3266 1776 3479 1839 valtus
3528 1776 3650 1838 mei

1933 1844 1979 1909 Β
2012 1844 2340 1926 praecipuum
2372 1853 2735 1926 sns‘cipi‘ebant
2762 1855 3019 1926 quidquid
3050 1856 3121 1926 _in
3156 1859 3439 1926 serenitate
3470 1857 3651 1926 vultus

2010 1915 2124 1981 ejus
2154 1915 2674 1981 centemplabantur.
2777 1915 2788 1917 ’
2912 1915 3099 1967 Eundo
3129 1920 3195 1969 ad
3225 1921 3524 1979 inferiores,
3554 1919 3654 1981 bu-

2010 1979 2132 2039 non
2173 1981 2437 2040 cadebat
2490 1979 2553 2037 in
2614 1986 2867 2039 terram.
2918 1982 2984 2041 Si
3032 1983 3366 2045 voluissem
3422 1984 3513 2044 ire
3571 1980 3652 2043 ad

2009 2060 2284 2108 militatcm
2306 2072 2451 2106 suam
2485 2058 2735 2108 ostendit.

2010 2142 2138 2191 eos,
2174 2121 2471 2182 sedebam
2503 2122 2779 2199 primus;
2815 2140 3087 2199 cumque
3134 2124 3413 2185 sederem
3472 2123 3653 2201 quasi

2832 2201 2891 2248 In
2922 2203 3072 2264 regni
3101 2204 3336 2264 potentia
3364 2202 3574 2252 miseris
3601 2205 3654 2252 et

2012 2282 2119 2325 rex
2153 2263 2598 2322 circumstante
2643 2264 2941 2332 exercitu,
2997 2263 3180 2325 eram
3232 2274 3439 2327 tamen
3497 2282 3652 2324 mm-

2012 2341 2362 2391 nmarentibus
2393 2340 2639 2389 solatium
2670 2342 2971 2403 praestabat.

2013 2405 2284 2467 rentium
2318 2404 2697 2465 consolator.

2584 2535 2842 2598 CAPUT
2886 2538 3064 2597 XXX.

2077 2644 2187 2692 Non
2208 2642 2311 2691 hoc
2322 2641 2578 2704 jactantia
2593 2618 2789 2708 fecerat
2808 2641 3134 2708 divitiarum,
3147 2644 3237 2693 sed
3255 2644 3449 2695 utilitas
3468 2646 3656 2708 impio-

2017 2709 2195 2768 Nunc
2270 2711 2511 2786 autem
2570 2705 2857 2786 derident
2942 2723 3039 2767 me
3114 2707 3402 2786 juniores
3503 2705 3656 2770 tem-

2016 2800 2152 2844 rum,
2167 2788 2225 2834 ut
2254 2782 2606 2833 deridentium
2628 2784 2981 2852 illuni_patre_s
3002 2798 3099 2835 nec
3118 2782 3342 2837 canibus
3357 2789 3471 2852 ejus
3488 2802 3657 2851 quon-

2019 2868 2188 2931 pore,
2251 2864 2534 2931 quorum
2582 2865 2705 2906 non
2753 2847 3062 2931 dignabar
3135 2858 3343 2929 patres
3384 2847 3653 2931 'ponere

2017 2926 2137 2977 dam
2166 2928 2365 2977 fuerint
2393 2926 2537 2987 digni
2565 2927 2881 2988 comparari.

2017 3011 2156 3052 cum
2193 2990 2453 3050 canibus
2483 2990 2689 3068 gregis
2739 2990 2882 3050 mei.
2941 2991 3218 3062 Quorum
3277 2993 3471 3053 virtus
3528 3010 3656 3054 ma-

3151 3072 3205 3120 id
3235 3076 3333 3131 est,
3366 3073 3577 3136 ignavia
3606 3074 3659 3122 et

2020 3150 2215 3215 nuum
2248 3135 2381 3215 erat
2416 3129 2567 3215 mihi
2600 3148 2712 3215 pro
2758 3132 2978 3201 nihilo,
3038 3140 3101 3193 et
3157 3136 3285 3195 vita
3323 3129 3479 3215 ipsa
3536 3155 3652 3215 pu-

258 3234 583 3297 Oppressum
615 3245 866 3297 egenum,
898 3233 987 3295 qui
1007 3233 1249 3297 clamore
1282 3248 1379 3283 suo
1408 3235 1515 3282 vim
1549 3234 1654 3297 pati
1686 3247 1740 3282 se
1772 3205 1906 3281 indi,-

2026 3213 2232 3297 vilitate‘
2254 3209 2500 3297 despecti:
2514 3205 2663 3297 eaet.

260 3294 439 3353 cabat,
471 3296 536 3344 de
566 3294 728 3343 manu
758 3294 974 3344 violenti
1006 3296 1319 3345 liberabam.

262 3360 441 3437 quod
522 3358 883 3417 liberassem
980 3377 1323 3437 pauperem
1427 3358 1907 3432 vociferantem,

261 3439 577 3501 Orphannm
608 3437 933 3486 defensionis
990 3437 1183 3487 auxilio
1240 3438 1551 3487 destitutum
1608 3437 1911 3501 ainniquo

262 3497 544 3551 eruebam.
1552 3501 1608 3547 In
1638 3497 1837 3557 viduis,
1863 3506 1915 3546 et

263 3571 331 3626 et
368 3562 677 3644 pupillum
711 3560 811 3644 cui
841 3579 966 3620 non
1009 3562 1498 3644 essetadjutor.
1557 3563 1913 3644 Benedictio

262 3640 508 3707 pupillis,
531 3646 585 3691 et
613 3640 981 3704 pueris,omne
1002 3654 1172 3703 genus
1190 3640 1471 3691 humilium
1498 3645 1549 3690 et
1577 3641 1911 3690 afﬂictorum.

262 3707 392 3751 Sive
425 3710 484 3751 ut
510 3704 599 3751 alii
632 3704 894 3751 dixerunt.
924 3718 1186 3751 pauperes.

261 3710 392 3756 Sive
425 3710 484 3755 ut
510 3710 599 3752 alii
632 3710 894 3760 dixerunt,
921 3718 1186 3766 pauperes.

266 3768 454 3848 pueri
540 3766 746 3846 [Vulg.
803 3766 1092 3848 perituri]
1132 3785 1320 3848 super
1350 3785 1448 3826 me
1482 3765 1794 3848 veniebat,
1845 3770 1915 3848 et

267 3844 772 3910 designat,quorum
792 3845 996 3894 nullum
1018 3844 1234 3907 sprevit.
1267 3846 1331 3895 Ut
1360 3850 1455 3895 est.
1479 3845 1781 3910 Sacerdotes
1834 3844 1911 3892 lui

266 3908 642 3972 cor'vidua:
696 3910 1054 3968 consolatus
1131 3927 1293 3968 sum.
1352 3909 1605 3970 Justitia
1661 3908 1917 3967 indutus

267 3988 565 4051 induantur
578 3987 851 4051 justitiam,
877 3988 973 4051 (Ps.
995 3991 1253 4051 cxxxr,9).
1274 3988 1633 4038 Misericordia
1655 3991 1707 4037 et
1726 3987 1919 4036 veritas

263 4054 466 4102 anima:
491 4050 629 4099 illius
658 4054 811 4098 erant
841 4050 1170 4099 indumenta.

263 4134 437 4187 sum,
497 4118 559 4173 et
630 4113 849 4173 vestivi
931 4112 1138 4191 [Vulg.
1228 4113 1491 4189 vestivit]
1579 4130 1681 4191 me
1760 4112 1921 4191 sicut

689 4192 902 4256 Corona
926 4190 1102 4255 regali,
1136 4192 1262 4256 quia
1292 4192 1346 4241 in
1376 4206 1458 4251 eo,
1492 4192 1641 4256 sicut
1655 4190 1919 4256 diadema,

253 4252 459 4319 judicii
492 4253 687 4302 veritas
716 4251 1010 4319 eminebat.w
1153 4251 1168 4256 “
1211 4316 1220 4319 _
1300 4317 1333 4319 η
1380 4316 1391 4319 _
1554 4251 1786 4303 Affectus
1812 4254 1921 4319 pie-

260 4316 657 4377 vestimento
687 4324 750 4377 et
779 4317 1154 4386 diademate,
1198 4316 1437 4390 judicio
1472 4335 1629 4375 meo.
1693 4317 1922 4376 Oculus

260 4396 400 4446 tatis
423 4396 541 4458 ejus
562 4395 644 4444 bis
660 4396 996 4446 sermonibus
1024 4396 1275 4445 ostendit.
1363 4397 1645 4444 Paternum
1677 4394 1923 4444 affectum

262 4460 374 4521 sui
434 4475 623 4531 caeco,
681 4467 743 4519 et
828 4477 935 4537 pes
983 4460 1229 4519 claudo.
1290 4460 1480 4519 Pater
1535 4477 1706 4519 eram
1766 4477 1920 4536 pau-

262 4538 493 4588 ostendi
512 4538 602 4586 eis.
626 4538 699 4588 Ne
724 4538 905 4601 utique
945 4538 1127 4601 aliqua
1148 4538 1538 4586 adversantium
1585 4543 1694 4587 arte
1747 4537 1920 4601 oppri-

267 4619 529 4682 pernm.
590 4603 669 4661 Et
749 4600 1002 4662 causam
1039 4600 1268 4682 inquam
1347 4601 1705 4682 nesciebam
1778 4600 1920 4660 dili-

266 4680 577 4731 merentur.
745 4741 753 4743 ξ
1050 4680 1313 4730 Fortiores
1342 4680 1406 4729 ad
1438 4680 1803 4729 devorandum
1834 4692 1931 4743 per

271 4743 653 4824 gentissime
738 4741 1220 4824 investigabam.
1306 4744 1721 4824 Conterebam
1798 4741 1930 4824 mo-

275 4821 463 4874 molas
492 4821 857 4885 designantur.
889 4822 1168 4871 Hominem
1201 4836 1444 4883 rapacem
1476 4823 1620 4881 dicit,
1668 4823 1734 4871 de
1781 4821 1932 4885 cujus

270 4899 381 4935 ore
411 4883 761 4934 substantiam
797 4885 1043 4947 pauperis
1072 4886 1120 4932 vi
1152 4885 1384 4934 abstulit.

267 4953 385 5011 Ias
438 4946 660 5026 iniqui,
722 4946 914 5008 etde
989 4948 1281 5007 dentibus
1333 4946 1501 5007 illius
1567 4947 1930 5007 auferebam

625 5026 685 5074 In
718 5026 1055 5096 carne._quia
1083 5028 1296 5096 sapiens
1326 5026 1563 5089 quotidie
1585 5030 1707 5076 ante
1739 5040 1793 5073 se
1824 5039 1936 5075 mo-

266 5088 424 5139 ritur
454 5100 562 5150 prae
590 5088 777 5136 timore
808 5089 914 5137 diei
941 5088 1145 5150 judicii.

272 5151 597 5233 praedam.
646 5152 1079 5233 Dicebamque
1141 5170 1154 5211 :
1216 5153 1283 5212 In
1354 5151 1565 5210 nidulo
1628 5169 1765 5233 meo
1798 5169 1931 5210 mo-

352 5232 475 5279 Dies
498 5244 623 5279 suos
645 5230 696 5277 in
719 5231 1106 5281 resurrectione
1132 5232 1312 5280 beatos
1335 5244 1447 5278 esse
1466 5232 1631 5291 optat.
1670 5230 1799 5293 Spes
1821 5243 1939 5278 mea

296 5294 459 5373 riar,
494 5302 557 5354 et
584 5295 742 5353 sicut
772 5294 984 5373 palma
1034 5294 1466 5373 multiplicabo
1524 5293 1674 5351 dies.
1744 5293 1940 5373 Radix

283 5378 349 5423 et
383 5372 688 5436 ﬁdes,_quze
715 5372 897 5421 in’bac
928 5372 1323 5436 exspectatibne
1354 5386 1468 5421 mea
1498 5376 1639 5425 sunt,
1665 5375 1847 5436 patent
1872 5372 1939 5436 ad

276 5436 483 5485 divina
515 5434 746 5497 eldquia.
1024 5434 1039 5436 “
1498 5435 1746 5485 Memoria
1776 5435 1941 5483 divini

271 5514 439 5560 mea
503 5505 725 5575 aperta
782 5503 872 5558 est
930 5517 1108 5559 secus
1169 5516 1385 5575 aquas,
1451 5506 1513 5558 et
1573 5516 1672 5558 ros
1732 5516 1941 5557 mora-

276 5578 445 5626 verbi
472 5578 523 5626 in
546 5581 784 5639 tempore
806 5577 1184 5627 tribulationis.
1226 5577 1447 5625 Fructus
1477 5576 1743 5626 credentis
1760 5578 1944 5627 crescit

276 5642 470 5703 bitur
526 5641 591 5700 in
660 5642 968 5701 messione
1032 5660 1190 5702 mea.
1271 5641 1481 5702 Gloria
1566 5658 1705 5701 mea
1790 5659 1943 5701 sem-

276 5732 508 5786 semper
525 5733 623 5786 pro
636 5723 835 5786 interno
850 5720 1063 5784 gaudio,
1080 5735 1133 5771 re
1138 5721 1391 5786 pugnatio
1404 5720 1552 5786 fortis
1569 5721 1805 5786 signatur
1826 5733 1947 5771 con-

279 5783 423 5869 per
468 5783 901 5857 innovabitur,
930 5791 991 5845 ct
1021 5783 1433 5846 arcns’mcus
1464 5783 1525 5845 in
1564 5783 1754 5846 manu
1806 5802 1947 5845 mea

632 5920 895 5984 PATIOL.
944 5920 1168 5985 XXIII.

2021 3277 2319 3336 tabantur
2372 3273 2637 3351 indigni.
2692 3274 2982 3351 Egestate
3049 3280 3112 3336 et
3167 3277 3331 3337 fame
3388 3276 3652 3336 steriles.

2950 3354 3061 3402 Prae
3093 3354 3306 3404 miseria
3328 3360 3378 3405 et
3408 3356 3656 3405 aviditate

2020 3416 2165 3497 qui,
2211 3415 2522 3475 rodebant
2585 3414 3067 3497 in__solitudine.
3126 3419 3502 3497 Squalentes
3557 3428 3655 3479 ca-

2021 3494 2079 3545 e'a
2102 3495 2277 3546 etiam.
2300 3507 2419 3556 qua:
2450 3497 2600 3542 extra
2628 3494 2805 3543 cibum
2834 3500 2986 3545 erant
3016 3494 3311 3556 hominum,
3330 3499 3412 3547 vel
3428 3499 3661 3551 ferarum

2022 3559 2302 3618 lamitate
2376 3563 2438 3615 et
2527 3558 2797 3629 miseria,
2874 3558 3104 3619 herbas
3191 3561 3663 3621 manducabant

2022 3643 2276 3699 tanquam
2301 3634 2501 3699 epulas,
2524 3648 2585 3699 ac
2609 3634 2822 3699 delicias
2854 3637 3191 3697 invadebant,
3223 3640 3499 3688 humectas
3533 3652 3661 3687 con-

2022 3696 2229 3781 [ιζᾲἰθ.
2293 3696 2737 3781 ωθρᾴθῦεηῐ]
2782 3704 2843 3757 et
2900 3700 3199 3760 arborum
3258 3704 3542 3775 cortices,
3601 3704 3666 3762 et

2022 3776 2186 3828 valles
2216 3790 2324 3840 pne
2356 3776 2517 3824 nimia
2546 3779 2775 3838 egestate
2806 3781 3085 3829 sectantes.

2023 3843 2204 3902 radix
2282 3840 2720 3918 juniperorum
2796 3846 2931 3899 erat
2991 3842 3165 3901 cibus
3240 3860 3481 3903 eorum.
3543 3840 3661 3913 Qui

2025 3924 2100 3981 de
2158 3918 2560 4001 convallibus
2608 3920 2727 3979 ista
2800 3920 3135 3999 rapientes,
3198 3940 3340 3983 cum
3418 3922 3671 4001 singula

2026 4001 2450 4080 reperissent,
2486 3998 2567 4059 ad
2615 4017 2689 4057 ea
2766 3998 2906 4080 cum
2966 4002 3241 4063 clamore
3298 3998 3663 4064 currebant.

2029 4077 2138 4131 Hoc
2168 4080 2413 4142 superius
2441 4077 2648 4127 locutus
2670 4081 2765 4142 est.
2784 4079 2994 4129 dicens:
3026 4082 3165 4139 Quos
3187 4083 3383 4132 imbres
3405 4084 3673 4133 montium

2027 4149 2095 4206 1n
2155 4141 2419 4203 desertis
2464 4141 2839 4202 habitabant
2896 4146 3295 4219 torrentium,
3339 4153 3400 4207 et
3455 4147 3519 4205 in
3576 4163 3677 4206 ca-

2027 4224 2265 4286 irrigant.
2639 4284 2648 4286 _
3326 4226 3379 4273 id
3410 4230 3505 4274 est.
3538 4225 3591 4273 Si
3619 4225 3674 4272 in

2028 4284 2238 4347 vernis
2294 4290 2499 4348 terrai,
2558 4284 2655 4341 vel
2730 4302 2918 4361 super
2974 4287 3275 4363 glaream.
3338 4290 3457 4359 Qui
3511 4289 3677 4348 inter

2032 4370 2163 4415 aestu
2196 4379 2292 4413 suo
2346 4364 2717 4411 vilissimorum
2748 4365 2976 4412 sentium
3010 4366 3145 4416 foliis
3176 4372 3507 4419 tegerentur.

2033 4429 2466 4506 hujuscemodi
2501 4427 2896 4499 laetabantur,
2934 4436 2996 4487 et
3027 4448 3158 4492 esse
3224 4431 3341 4490 sub
3394 4430 3680 4491 sensibus

2035 4509 2291 4570 delicias
2321 4506 2795 4589 computabant.
2833 4508 2973 4567 Filii
3004 4512 3337 4571 stultorum
3381 4518 3445 4572 et
3496 4511 3680 4589 igno-

2440 4586 2669 4653 ebseuri,
2693 4589 2745 4635 et
2769 4589 3023 4653 memeria
3052 4591 3265 4652 penitus
3293 4590 3516 4653 indigni.

2040 4650 2382 4732 bilium,_et
2439 4650 2502 4708 in
2563 4655 2730 4709 terra
2786 4650 3219 4732 penitus-non
3279 4650 3684 4732 apparentes.

2043 4734 2221 4791 Nunc
2305 4730 2367 4787 in
2452 4747 2670 4789 eorum
2754 4730 3068 4791 canticum
3142 4730 3572 4803 versus—sum,
3624 4735 3689 4791 et

2049 4814 2247 4871 factus
2331 4826 2467 4868 sum
2552 4810 2641 4869 eis
2726 4811 3150 4887 proverbium.
3224 4813 3689 4874 Abominantur

2918 4892 3196 4943 manifesta
3225 4896 3365 4950 sunt,
3399 4905 3495 4942 nec
3525 4891 3690 4939 inter-

2047 4968 2168 5021 me,
2203 4956 2265 5009 et
2295 4951 2478 5023 longe
2512 4948 2760 5027 fugiunt
2815 4970 2853 5011 a
2906 4972 3025 5025 me,
3088 4961 3149 5016 et
3206 4948 3424 5015 faciem
3484 4970 3690 5013 meam

2046 5031 2343 5093 pretatione
2375 5030 2624 5078 historica
2658 5030 2912 5108 indigent.
3016 5034 3124 5108 Prte
3138 5034 3487 5108 multitudine
3516 5032 3692 5108 plaga-

2047 5111 2393 5172 conspuere
2455 5111 2604 5172 non
2688 5101 3005 5153 verentur.
3085 5098 3450 5156 Pbaretram
3524 5098 3693 5156 enim

2048 5187 2185 5230 rum,
2207 5171 2413 5234 quibus
2436 5171 2675 5239 diabolus
2693 5172 3040 5239 affligiteum,
3108 5177 3233 5239 quia
3254 5188 3361 5237 prie
3383 5175 3563 5223 dolore
3586 5183 3697 5224 non

2049 5255 2227 5318 suain
2272 5237 2654 5318 aperuit._et
2699 5235 2929 5318 afflixit
2987 5235 3226 5318 me,'et
3258 5235 3533 5300 frenum
3594 5255 3701 5318 po-

2051 5316 2223 5383 potuit
2243 5316 2352 5383 nisi
2386 5314 2670 5363 difficulter
2699 5314 2857 5377 loqui.
2890 5315 3106 5383 boceest,
3130 5317 3323 5369 divinae
3352 5319 3561 5383 virtutis
3582 5314 3699 5383 pere

2052 5382 2177 5437 suit
2242 5379 2303 5437 in
2389 5396 2458 5437 os
2518 5396 2747 5447 meum,
2810 5386 2873 5437 et
2923 5380 3001 5439 ad
3060 5382 3380 5443 dexteram
3437 5379 3698 5441 orientis

2054 5459 2217 5523 missu
2242 5456 2878 5523 illatm_sunt._lp.se_enim
2910 5459 3087 5507 oriens
3118 5475 3182 5510 ex
3206 5462 3335 5521 alto,
3366 5462 3479 5523 ipse
3511 5461 3702 5509 dexte-

2053 5535 2128 5575 ra.
2148 5520 2205 5567 id
2237 5523 2333 5576 est,
2366 5520 2530 5568 virtus
2561 5518 2833 5568 Altissimi.
3320 5518 3327 5521 ’
3365 5518 3707 5573 Calainitates

2054 5582 2433 5643 calamitatis
2514 5600 2667 5642 metr
2753 5584 2918 5642 illico
2991 5596 3421 5647 surrexerunt.
3508 5586 3708 5645 Pedes

2055 5663 2317 5725 frequenti
2330 5661 2646 5725 repetitione
2662 5675 2744 5709 me
2759 5662 2842 5710 afﬂ
2855 5664 3077 5727 igentes,
3096 5666 3237 5715 velut
3255 5667 3503 5716 fluctibus
3522 5670 3709 5727 omneg

2056 5718 2228 5810 meos
2299 5718 2798 5810 subverterunt,_
2862 5718 2925 5787 et
3007 5718 3460 5810 oppresserunt
3526 5718 3711 5806 quasi

2055 5808 2169 5857 vias
2204 5807 2377 5856 rectas
2406 5804 2827 5856 conversationis
2857 5818 2988 5858 mete
3022 5804 3417 5860 subverterunt.

3310 5921 3391 5987 48
