4114 6170
320 330 470 404 Mil

1262 330 1678 404 EXPOSITIO
1722 333 2332 402 INTERLINEARIS
2378 334 2588 401 LIBRI
2632 328 2794 401 JOB.

3573 331 3731 400 im

602 467 795 534 Magna
821 481 928 529 res,
958 470 1176 539 Deoque
1199 470 1495 539 plurimum,
1516 473 1875 535 acceptabilis,
1906 476 1965 522 ut
1992 472 2049 539 Α
2078 487 2237 539 quam
2268 472 2332 521 de
2362 472 2683 539 virtute__Dei
2713 474 2766 521 et
2797 466 3087 539 justitia__in
3122 467 3397 539 prmdictis
3412 467 3621 539 locutus
3652 474 3736 521 est

315 531 478 584 homo
492 531 839 584 errores—suos
850 547 961 583 non
975 531 1393 585 erubescatcouﬁ
1403 537 1498 585 teri
1508 573 1520 590 .
1534 541 1585 585 et
1596 531 1783 597 parum
1800 550 1853 585 se
1866 550 1962 597 pro

314 604 378 657 et
419 597 634 677 dicet:
682 598 964 667 Peccavi,
1016 604 1075 658 et
1106 616 1250 658 vere
1294 600 1549 677 deliqui,
1588 606 1649 658 et
1693 606 1761 659 ut
1792 618 1960 659 eram

316 676 520 725 meritis
556 675 674 737 ejus
695 690 807 724 esse
840 690 1050 737 passum
1071 676 1226 734 dicat,
1241 675 1542 737 Agnitiouis
1578 678 1666 727 Dei
1686 679 1881 735 lucem,
1912 683 1964 726 et

312 740 542 817 dignus
586 757 711 799 non
777 739 1006 817 recepi.
1069 740 1385 801 Liberabit
1444 741 1719 801 animam
1782 760 1958 801 suam

312 820 578 869 immensa
605 818 721 881 ejus
748 818 1009 884 beneﬁcia
1038 819 1361 884 illuminatus
1387 825 1654 884 agnoscet.

310 900 390 943 ne
452 888 740 961 pergeret
798 882 860 939 in
919 883 1263 956 interitum,
1336 882 1445 944 sed
1499 886 1712 943 vivens
1754 884 1958 943 lucem

358 1023 367 1035 _
395 1024 409 1035 ‘
503 961 772 1035 Atteritur,
802 965 961 1035 atque
983 962 1098 1022 ipsa
1115 962 1383 1035 attritione
1407 968 1647 1035 purgata,
1682 963 1956 1035 libe_ratur.

310 1024 618 1104 videretn
666 1026 821 1083 Ecce
896 1026 1032 1084 bzec
1115 1028 1325 1085 omnia
1396 1024 1694 1104 operatur
1771 1030 1955 1085 Deus.

312 1103 366 1152 id
390 1108 485 1161 est,
501 1103 584 1153 vel
609 1103 787 1167 labore
802 1104 1180 1162 conversionis,
1207 1103 1593 1155 veltentatione
1609 1104 1955 1167 probationis.

313 1167 515 1246 tribus
584 1166 820 1246 vicibus
867 1185 983 1246 per
1030 1168 1331 1246 singulos,
1390 1176 1459 1229 ut
1506 1175 1754 1229 revocet
1821 1170 1954 1229 ani-

311 1245 705 1311 vetforinidine
738 1245 1037 1311 solutionis.
1106 1307 1115 1311 _
1142 1245 1181 1311 λ
1228 1248 1294 1297 de
1322 1262 1427 1311 quo
1460 1249 1659 1296 lumine
1699 1248 1959 1311 Propheta

313 1308 464 1357 dicit:
485 1309 545 1356 Ut
550 1307 781 1370 placeam
797 1322 966 1355 coram
985 1309 1084 1356 Deo
1096 1307 1149 1356 in
1161 1307 1353 1358 lumine
1368 1313 1640 1359 viventium
1655 1311 1757 1369 (Ps.
1772 1307 1954 1370 Lv,13).

316 1390 486 1431 meas
530 1389 747 1430 eorum
793 1390 829 1429 a
872 1374 1297 1449 corruptione,
1345 1382 1406 1433 et
1448 1375 1761 1433 illuminet
1821 1376 1957 1433 luce

354 1513 366 1525 _
503 1452 764 1526 “Doceute
785 1464 888 1526 me,
905 1452 1163 1526 obediens
1182 1456 1311 1511 esto,
1340 1458 1393 1503 et
1408 1455 1586 1526 praebe
1617 1466 1956 1502 consensum.

311 1514 678 1574 viventium.
728 1514 995 1573 Attende
1037 1515 1180 1587 Job,
1236 1527 1298 1576 et
1355 1517 1503 1576 audi
1548 1536 1666 1588 me,
1716 1523 1779 1576 et
1822 1523 1956 1576 tace

312 1594 377 1658 Ut
407 1592 756 1649 ineruditum,
790 1594 871 1641 vel
902 1593 1265 1658 impatientem
1290 1596 1445 1658 jubet
1473 1600 1664 1644 tacere.

312 1656 461 1716 dum
523 1674 641 1734 ego
688 1657 955 1733 loquar:
1004 1657 1053 1715 si
1123 1656 1331 1718 autem
1392 1660 1583 1717 habes
1645 1658 1813 1735 quod
1873 1658 1958 1715 lo-

1412 1738 1505 1785 Hic
1534 1737 1649 1786 vult
1678 1735 1956 1785 ostendere

311 1796 548 1879 quaris,
612 1796 920 1879 responde
992 1798 1171 1871 mihi,
1234 1800 1511 1879 loquere.
1579 1800 1735 1860 Volo
1790 1800 1954 1859 enim

311 1877 422 1926 suis
443 1876 782 1926 sermonibus
795 1881 1033 1925 sanctum
1046 1878 1145 1927 Job
1159 1876 1501 1928 emendatum
1522 1884 1573 1928 et
1594 1880 1813 1928 veritate
1836 1892 1957 1928 con-

313 1946 373 2000 te
401 1957 710 2018 apparere
744 1940 1020 2020 justum:
1072 1943 1243 2020 quod
1290 1942 1341 2001 si
1384 1961 1512 2003 non
1558 1943 1775 2013 habes,
1808 1942 1958 2001 audi

312 2020 529 2078 victum,
559 2023 612 2067 et
641 2019 786 2071 quod
816 2025 999 2069 contra
1029 2022 1227 2071 amicos
1263 2036 1390 2071 suos
1422 2023 1630 2072 locutus
1660 2025 1813 2077 esset,
1849 2034 1958 2069 non

312 2086 451 2131 esset
480 2080 707 2143 amplius
735 2080 1027 2131 locuturus.

314 2150 613 2218 me,tace,
647 2144 887 2205 docebo
918 2152 976 2205 te
1005 2146 1376 2225 sapientiam
1410 2166 1637 2208 meam.

854 2279 1112 2341 CAPUT
1165 2281 1424 2341 XXXIV.

373 2383 536 2442 Quasi
566 2395 629 2431 ex
651 2385 915 2447 sententia
932 2387 1281 2446 pronuntiare
1299 2386 1509 2447 dicitur,
1532 2390 1584 2436 et
1603 2388 1818 2436 beatum
1837 2387 1957 2447 Job,

391 2446 813 2507 Prouuntians
882 2448 1095 2525 itaque
1166 2450 1327 2522 Eliu,
1393 2452 1581 2510 etiam
1656 2451 1792 2509 haec
1864 2446 1955 2509 lo?

313 2527 442 2576 dum
473 2527 731 2575 adversus
758 2527 950 2593 impios
992 2529 1313 2593 generaliter
1346 2529 1614 2592 disputat,
1648 2530 1961 2593 participem

311 2598 496 2651 cutus
552 2596 683 2669 est.
746 2590 969 2669 Audite
1026 2592 1341 2669 sapientes
1402 2590 1593 2653 verba
1650 2590 1855 2663 ’mea,'
1899 2600 1960 2653 et

314 2682 503 2733 eorum
530 2668 646 2733 vult
673 2668 914 2731 intelligi.
1084 2668 1231 2721 Sicut
1261 2672 1502 2722 faucibus
1531 2672 1771 2721 ciborum
1801 2685 1962 2733 sapor

312 2732 545 2793 eruditi
633 2734 985 2791 auscultate
1070 2752 1191 2794 me.
1266 2737 1450 2796 Auris
1520 2737 1683 2795 enim
1770 2732 1962 2796 verba

314 2810 663 2877 dignoscitur,
695 2810 769 2859 ita
796 2815 848 2859 et
876 2812 1039 2860 verba
1067 2814 1274 2862 aurium
1302 2814 1504 2877 judicio
1543 2815 1962 2876 comprobantur

316 2876 565 2956 probat,
614 2880 676 2956 et
717 2880 935 2956 guttur
990 2894 1162 2956 escas
1210 2876 1396 2955 guStu
1450 2877 1796 2955 dijudiciat.
1848 2879 1953 2937 Ju»

508 2952 788 3020 quodest:
823 2954 969 3002 Prius
988 2952 1348 3015 discutiamus,
1377 2952 1668 3020 antequam
1690 2957 1961 3006 hominem

316 3017 550 3077 dicium
612 3016 919 3093 eligamus
961 3020 1162 3091 nobis,
1230 3028 1292 3080 et
1360 3016 1539 3080 inter'
1581 3039 1695 3080 nos
1754 3021 1963 3080 videa-

318 3096 759 3146 condemnemus.
1044 3099 1160 3147 Non
1190 3098 1333 3148 hunc
1353 3113 1650 3149 sermonem
1683 3100 1781 3149 Job
1813 3100 1960 3149 dixit.

318 3178 458 3219 mus
488 3159 641 3237 quid
686 3160 764 3217 sit
814 3160 1055 3221 melius.
1106 3164 1262 3233 Quia
1308 3164 1463 3221 dixit
1536 3164 1698 3223 Job:
1744 3165 1961 3225 Justus

566 3237 807 3304 similiter
825 3243 877 3287 et
907 3240 1006 3288 hoc
1032 3241 1203 3303 ipsum
1236 3256 1345 3290 non
1374 3242 1618 3304 legimus.

316 3319 481 3384 sum,
533 3303 800 3384 et_Deus_
871 3304 1175 3364 subvertit
1228 3303 1538 3384 judicium
1590 3324 1821 3365 meum.
1897 3308 1963 3365 in

306 3381 657 3460 judicando
702 3382 865 3441 enim
917 3402 1013 3444 me
1065 3381 1459 3445 mendacium
1503 3390 1643 3456 est;
1690 3385 1966 3445 violenta

1302 3463 1627 3513 Subauditur
1654 3463 1843 3519 nullus.
1875 3464 1965 3526 qui

316 3526 376 3572 ut
397 3522 612 3587 iniquus
623 3521 805 3585 utique
819 3527 871 3572 et
892 3525 1086 3587 impius
1103 3526 1263 3574 Deum
1278 3527 1627 3583 subsanuare,
1652 3530 1705 3574 et
1726 3521 1968 3574 deridere

316 3585 550 3664 sagitta
594 3603 734 3666 mea
772 3585 1033 3666 absque
1094 3596 1369 3666 peccato.
1448 3590 1596 3661 Quis
1640 3595 1731 3648 est
1764 3589 1857 3647 vir
1900 3595 1969 3647 ut

317 3677 429 3716 non
462 3664 667 3731 metuit.
688 3664 852 3731 Cujus
874 3664 1073 3731 viscera
1090 3664 1342 3731 tanquam
1364 3680 1515 3731 aquai
1536 3668 1863 3718 abundantia
1880 3682 1967 3716 ve-

316 3740 460 3777 neno
491 3726 655 3793 hujus
688 3729 954 3793 passionis
984 3726 1217 3793 impleta"
1232 3735 1374 3780 sunt.

318 3796 415 3853 est
496 3790 665 3871 Job,‘
752 3792 861 3868 qui
922 3790 1081 3853 bibit
1148 3794 1704 3854 subsannationem
1790 3792 1970 3871 quasi

646 3869 778 3917 Item
812 3872 1069 3921 invidiose
1101 3873 1167 3921 de
1198 3875 1306 3923 Deo
1335 3878 1578 3923 sanctum
1606 3873 1703 3922 Job
1733 3869 1968 3921 locutum

319 3932 606 4020 aquam?
648 3932 781 4020 Qui
844 3936 1131 4013 graditur
1192 3956 1335 3997 cum
1380 3936 1789 4020 operantibus
1817 3935 1970 4020 -inig

319 4011 487 4061 fuisse
517 4013 789 4061 mentitur.
855 4011 871 4013 ⁷
1423 4011 1442 4016 ⁷
1629 4015 1681 4064 Si
1712 4015 1785 4063 ita
1814 4014 1973 4064 fuerit

314 4073 655 4156 quitatem,
701 4082 763 4135 et
805 4077 1091 4137 ambulat
1132 4096 1273 4138 cum
1309 4078 1454 4138 viris
1510 4078 1763 4156 impiis?
1806 4078 1973 4138 Dixit

314 4153 919 4228 quispiamuiagnus,ut
944 4158 1052 4228 D_e_o
1073 4158 1127 4205 in
1140 4153 1732 4228 omnibusjussionibus
1748 4157 1863 4219 ejus
1875 4158 1973 4206 im-

310 4219 547 4297 enim:
596 4219 731 4277 Non
792 4219 1064 4297 placebit
1110 4221 1203 4280 vir
1258 4219 1411 4293 Deo,
1461 4220 1706 4281 etiamsi
1749 4239 1971 4281 cucur-

320 4295 539 4360 plendis
565 4295 835 4346 occurrat:
861 4298 1005 4360 quod
1029 4304 1269 4350 sanctum
1290 4301 1389 4349 Job
1410 4300 1585 4350 dicere
1605 4304 1715 4348 neu
1732 4300 1978 4349 memini-

322 4371 465 4426 mus.
754 4360 913 4417 Quasi
943 4363 1189 4426 exposita
1218 4363 1485 4426 impietate
1515 4362 1683 4411 sancti
1701 4362 1820 4426 Job,
1842 4367 1893 4411 et
1921 4362 1975 4411 in

319 4420 477 4482 rerit
546 4439 689 4481 cum
749 4441 845 4483 eo.
893 4420 1039 4484 Ideo
1084 4426 1201 4485 viri
1254 4420 1517 4497 cordati,
1566 4425 1779 4485 audite
1807 4420 1971 4498 'me;

321 4499 501 4579 mledio
511 4498 845 4579 audieutium
861 4503 1065 4579 prolata
1077 4505 1131 4579 in
1148 4505 1403 4579 invidiam
1417 4506 1535 4579 .iob,
1547 4505 1636 4567 qui
1650 4504 1979 4579 quasiimpia

320 4562 490 4646 absit
555 4581 613 4646 a
670 4567 796 4646 Deo
861 4562 1192 4645 impietas,
1279 4574 1341 4628 et
1383 4568 1463 4628 ab
1516 4562 1973 4646 omnipotente
2008 4576 2218 4641 [irem
2290 4562 2517 4646 ‘egeni,
2593 4571 2654 4625 et
2697 4564 2944 4646 audiret

320 4641 657 4711 sit‘locutus,
687 4644 752 4693 de
772 4641 1031 4711 aequitate
1060 4648 1147 4695 Dei
1178 4661 1238 4696 ac
1263 4648 1477 4711 justitiar
1498 4641 1754 4711 disputat.

322 4704 648 4793 iniquitas.
733 4704 921 4793 Dpus
1004 4712 1186 4793 enim
1246 4704 1519 4793 hominis
1582 4704 1823 4793 :reddet
1890 4710 1969 4782 ei,

324 4783 612 4859 manifesta
622 4783 1254 4859 sunthuacmechistorica
1266 4789 1702 4859 interpretatione
1716 4790 1975 4859 indigent.

324 4853 416 4936 eti
455 4850 673 4936 juxtas
704 4850 884 4936 fvias
954 4854 1345 4936 singulorum
1393 4850 1752 4936 frestituet.
1819 4856 1978 4913 Vere

325 4928 455 5001 quia
481 4928 673 5001 merita
701 4928 1080 5001 innocentium:
1102 4947 1195 4996 per
1225 4932 1568 5001 afflictionem
1604 4935 1779 4994 auget.

318 4993 497 5053 enim
541 4993 704 5053 Deus
749 5012 874 5055 non
918 4993 1364 5057 condemnabit
1406 4996 1657 5066 frustra,
1683 4993 1782 5055 iet
1851 5012 1981 5055 om-

1412 5074 1753 5131 Subauditur,
1783 5074 1982 5123 nullum

325 5130 638 5216 nipotens
661 5152 790 5216 non
833 5137 1135 5199 subvertit
1172 5137 1503 5216 judicium.
1572 5130 1768 5209 Quem
1828 5156 1979 5197 con-

326 5209 531 5290 citum,
550 5213 687 5290 quiu
706 5213 820 5275 ipse
841 5229 1001 5279 quam
1024 5209 1212 5280 poteris
1235 5222 1314 5267 est
1341 5216 1601 5290 conditor,
1624 5220 1733 5265 tam
1756 5217 1875 5278 pius
1905 5218 1985 5265 est

320 5273 803 5369 -stituit:alium
857 5273 1055 5359 super
1116 5290 1347 5341 terram
1378 5282 1435 5369 ?_‘
1476 5273 1816 5369 autnquein
1868 5299 1982 5359 po-

334 5356 662 5423 moderator.
694 5359 785 5419 qui
820 5356 961 5423 opus
986 5374 1141 5410 suum
1173 5361 1465 5423 cognoscit,
1494 5356 1763 5423 etrdiligit.

334 5420 465 5481 suit
527 5438 766 5502 super
809 5420 1026 5484 orbem
1115 5420 1301 5502 quem
1414 5420 1754 5483 fabricatus
1821 5421 1987 5502 est?

334 5504 442 5553 Cor
454 5500 598 5549 enim
615 5499 877 5567 dirigitur,
894 5504 936 5551 si
949 5502 1014 5552 ad
1028 5499 1262 5567 superna
1285 5502 1615 5552 sublevatur.
1640 5502 1882 5552 Animam
1904 5500 1981 5549 di-

338 5567 580 5637 xituquas
602 5563 832 5637 viviﬁcat
861 5563 1157 5637 hominem,
1190 5567 1709 5637 vitam‘prsasentem,
1734 5578 1852 5637 quae
1874 5578 1985 5637 cor-

412 5626 561 5689 ribus
589 5626 787 5674 nostris
818 5640 913 5689 per
942 5628 1232 5679 anhelitum
1264 5642 1329 5677 ex
1350 5626 1451 5675 hoc
1482 5641 1603 5676 aere
1636 5626 1985 5676 ministratur.

412 5642 561 5676 "0113
590 5642 787 5674 ΠΟΒΠΊΒ
818 5642 913 5689 per
942 5642 1232 5679 anhelitum
1264 5642 1329 5677 ex
1352 5642 1451 5675 HOC
1482 5642 1603 5676 aere
1636 5642 1985 5676 ministratur.

336 5642 732 5754 gidirexerit
782 5692 861 5750 ad
906 5710 1048 5752 eum
1082 5710 1190 5752 cor
1236 5710 1443 5765 suum,
1490 5690 1776 5769 spiritum
1822 5690 1987 5749 illius

595 5781 717 5817 cum
745 5770 917 5844 aufert
943 5770 1016 5844 ab
1044 5771 1406 5844 hominibEB-n
1454 5833 1466 5844 ,
1519 5839 1528 5844 _
1742 5832 1753 5844 .

334 5836 406 5897 et
448 5834 682 5892 statum
734 5833 813 5893 ad
880 5853 945 5895 se
1002 5836 1229 5896 trahet.
1281 5833 1539 5895 Deﬁciet
1586 5833 1789 5894 omnis
1840 5850 1987 5893 caro

1650 5914 1835 5962 Postea
1863 5926 1989 5975 ergo

330 5973 553 6050 simul,
600 5979 663 6037 et
710 5974 903 6040 homo
944 5977 1011 6040 in
1055 5978 1326 6043 cinerem
1369 5981 1734 6041 revertetur.
1782 5976 1847 6038 Si
1880 5973 1989 6039 ha-

2038 1610 2041 1613 ν
2065 1576 2117 1626 et
2147 1576 2465 1627 sacerdotes.

2079 534 2184 596 lies
2228 556 2377 613 ergo
2427 534 2839 606 intellectum,
2898 534 3046 595 audi
3112 535 3281 613 quod
3340 534 3592 606 dicitur,
3667 540 3730 596 et

2074 618 2206 670 Eliu.
2240 629 2447 665 rursum
2472 616 2731 664 convertit
2752 629 2807 663 se
2828 614 2894 663 ad
2910 614 3027 663 Job.
3156 614 3497 664 Manifestum
3519 618 3615 673 est,
3649 615 3727 663 in-

2074 679 2361 740 ausculta
2432 697 2646 739 vocem
2724 678 2957 756 eloquii
3030 676 3174 736 mei.
3236 678 3553 755 Numquid
3617 678 3727 755 qui

2072 760 2201 823 quit,
2229 758 2697 823 quodis,quijuste
2724 756 3175 823 etreutejudicare
3208 768 3316 804 non
3343 756 3528 823 diligit,
3554 770 3728 819 neque

2072 819 2197 882 non
2247 819 2423 881 amat
2458 819 2791 899 judicium,
2866 820 3073 879 sanari
3120 819 3375 896 potest?
3434 821 3511 879 Et
3564 839 3723 898 quo-

2072 902 2302 962 sanareia
2314 902 2450 949 vitiis
2466 901 2715 955 animum,
2733 913 2903 961 neque
2918 900 3179 962 corrigere
3193 912 3515 961 quemquam
3530 904 3722 962 potest:

2070 970 2124 1013 et
2146 961 2414 1026 quomodo
2436 967 2489 1011 tu
2522 964 2706 1020 Deum,
2727 966 3026 1026 senatorem
3048 961 3366 1024 languorum
3391 961 3720 1018 nostrorum,

2070 1024 2349 1088 iniciuitate
2380 1030 2560 1074 notare
2596 1038 2767 1085 pressu
2778 1024 2909 1073 mis?

2075 1085 2261 1149 modo
2308 1096 2373 1148 tu
2407 1107 2547 1148 eum
2594 1088 2703 1165 qui
2766 1087 2975 1165 justus
3029 1091 3121 1145 est
3179 1085 3241 1143 in
3264 1090 3525 1165 tantum
3570 1103 3723 1165 con-

2321 1169 2433 1216 Non
2457 1168 2593 1228 regis
2611 1164 2812 1229 utique,
2846 1166 2886 1214 si
2911 1166 3142 1228 iniquus,
3173 1178 3231 1213 es
3260 1164 3315 1212 in
3348 1166 3521 1229 ipsum
3553 1164 3723 1213 rebel-

2070 1232 2377 1292 demnas?
2420 1227 2536 1301 Qui
2580 1227 2730 1289 dicit
2786 1230 2936 1307 regi,
2990 1227 3324 1306 apostata;
3374 1227 3482 1305 qui
3541 1233 3726 1307 vocat

2068 1312 2130 1360 lis
2147 1351 2159 1372 ,
2180 1324 2287 1359 non
2321 1309 2536 1365 ducum,
2552 1311 2593 1357 si
2612 1309 2758 1371 impii
2784 1306 2909 1357 sunt
2937 1310 3081 1357 Deus
3103 1320 3389 1372 personam
3404 1306 3610 1372 accipit,
3633 1307 3727 1356 sed

2066 1368 2361 1423 secundum
2391 1368 2713 1433 singularem
2737 1372 3000 1434 justitiam
3031 1368 3179 1434 suam
3212 1368 3339 1434 dicit
3358 1368 3680 1434 regiiiuiquo
3711 1383 3723 1434 _:

2065 1437 2341 1498 Apostata.
2366 1497 2372 1498 γ
2489 1431 2508 1498 ί
2740 1431 2752 1434 ⁷
2879 1495 2889 1498 _
3141 1431 3357 1498 Scribis,
3387 1436 3443 1481 et
3470 1431 3724 1481 Pharisaei

2058 1494 2324 1578 judices
2360 1497 2626 1575 impios;
2682 1500 2743 1555 et
2786 1495 2895 1573 qui
2952 1513 3077 1553 non
3110 1494 3342 1578 accipit
3385 1512 3722 1573 personam

3014 1576 3231 1636 propter
3259 1578 3472 1636 peccata
3516 1586 3724 1634 eorum,

2064 1641 2439 1720 principum,
2542 1655 2709 1720 nec__
2750 1636 3083 1720 cognovit_
3140 1642 3477 1720 tyranuum
3574 1654 3717 1720 cum

2066 1714 2297 1782 Populus
2322 1718 2633 1766 Judaaorum
2660 1715 2991 1777 disceptabat
3011 1714 3275 1782 adversus
3305 1714 3596 1782 Christum,
3628 1715 3723 1777 qui

2066 1776 2184 1832 cum
2216 1782 2365 1830 dives
2387 1784 2540 1835 esset,
2574 1792 2777 1839 pauper
2810 1776 2902 1837 pro
2936 1777 3092 1825 nobis
3122 1776 3295 1825 factus
3327 1780 3424 1825 est.

1990 1844 2034 1908 Β
2063 1846 2441 1924 disceptaret
2510 1837 2810 1901 adversus
2881 1858 3229 1918 pauperem
3249 1841 3506 1924 ‘IAOpus
3555 1837 3721 1924 enim

3281 1917 3582 1975 Quamlibet
3610 1916 3729 1967 fero

2072 2004 2373 2047 manuum
2433 2001 2688 2043 suarum
2775 1986 2922 2041 sunt
2982 1980 3297 2050 universi;
3373 1986 3433 2041 et
3517 1980 3725 2040 subito

2069 2067 2133 2116 de
2146 2068 2247 2114 hac
2266 2066 2375 2113 vita
2394 2062 2648 2113 tollantur
2666 2062 2853 2123 iniqui,
2878 2059 3053 2108 subito
3074 2064 3130 2108 et
3146 2062 3365 2123 repente
3378 2058 3651 2123 tolluntur,
3668 2060 3725 2108 in

2068 2129 2244 2178 subita
2270 2128 2603 2188 tempestate.
2642 2186 2652 2188 _
2760 2120 2775 2123 ⁷
2897 2183 2934 2188 η
3208 2120 3347 2183 quia
3377 2120 3537 2188 finem
3566 2134 3725 2170 suum

2073 2182 2437 2260 morientur,
2511 2192 2572 2247 et
2640 2186 2701 2244 in
2776 2183 2982 2243 media
3038 2188 3219 2242 nocte
3295 2182 3721 2242 turbabuntur

2068 2269 2351 2329 cogitando
2370 2264 2663 2329 praevidere
2682 2264 2942 2329 nesciunt.
2966 2264 3004 2310 N
3015 2261 3175 2329 ullum
3195 2262 3411 2329 habebit
3423 2260 3723 2329 adjutorem

2066 2323 2351 2389 violentus,
2375 2323 2486 2389 quo
2500 2327 2666 2389 possit
2692 2326 2805 2389 erui
2832 2339 2863 2373 a
2882 2324 3141 2389 supplicio
3164 2323 3362 2389 mortis.
3387 2324 3596 2389 Absque
3614 2338 3725 2372 ma-

2069 2410 2162 2453 nu,
2177 2394 2227 2443 id
2261 2386 2356 2452 est,
2373 2386 2574 2451 absque
2596 2387 2844 2453 praesidio
2858 2387 2957 2435 erit
2976 2386 3244 2453 violentus
3266 2386 3512 2453 inimicus
3529 2386 3725 2435 ductus

2074 2449 2843 2537 po'pulihpertran‘sibunt,
2901 2456 2962 2509 et
3018 2450 3303 2509 auferent
3372 2449 3717 2509 violentum

2071 2535 2137 2587 ad
2164 2535 2507 2599 supplicium.

2071 2589 2309 2678 absque
2378 2614 2590 2678 manu.
2636 2591 2845 2678 __Oculi
2915 2590 3083 2678 enim
3142 2589 3277 2667 ejus
3344 2608 3533 2669 super
3590 2590 3722 2651 vias

2185 2717 2189 2721 .
2208 2672 2226 2678 ’
2510 2672 2845 2723 Manifestum
2878 2674 2972 2719 est.

2070 2741 2421 2811 hominum,
2485 2744 2549 2797 et
2617 2753 2835 2795 omnes
2891 2750 3193 2811 gressus”
3232 2749 3446 2811 eorum
3521 2731 3727 2811 consi-

2350 2809 2425 2867 De
2455 2818 2556 2866 hoc
2588 2814 2860 2863 Psalmista
2883 2809 2990 2863 ait:
3026 2811 3130 2871 Quo
3151 2809 3235 2859 ibo
3255 2825 3286 2859 a
3312 2810 3501 2874 spiritu
3520 2814 3608 2860 tuo
3630 2810 3658 2859 7
3677 2814 3730 2862 et

2071 2884 2280 2946 reliqua
2311 2877 2467 2943 (Psal.
2493 2878 2749 2946 cxxxviii).

2072 2935 2272 3008 derat.
2316 2935 2460 3004 Non
2510 2945 2656 3002 sunt
2710 2937 3005 3005 tenebrae,
3071 2942 3133 2995 et
3176 2953 3298 2995 non
3346 2940 3440 2995 est
3496 2935 3726 2997 umbra

2076 3025 2317 3099 mortis,
2362 3030 2424 3085 et
2469 3020 2938 3081 abscondantur
2967 3016 3091 3075 ibi:
3155 3015 3304 3093 quia
3374 3022 3726 3099 operantur

2446 3101 2642 3151 idcirco
2670 3108 3304 3160 namquermemoramur,
3337 3095 3428 3160 qui
3458 3098 3587 3160 tunc
3610 3106 3723 3160 non

2071 3167 2491 3246 iniquitatem.
2556 3167 2767 3240 Neque
2804 3157 2990 3246 :enim
3042 3165 3137 3218 est
3168 3157 3455 3246 ultra’in
3516 3157 3722 3218 homi-

2075 3236 2375 3311 possumus,
2408 3258 2475 3293 ne
2506 3256 2650 3291 nunc
2668 3236 2830 3311 'quod_
2845 3251 3129 3311 possumus
3156 3236 3514 3311 negligamus.
3567 3297 3579 3309 .
3653 3298 3694 3311 η

2077 3298 2171 3372 his
2204 3298 2533 3390 poteState,
2573 3311 2640 3390 ut
2699 3298 2905 3390 veniat
2961 3301 3058 3390 ad
3088 3298 3424 3390 Dominum
3451 3298 3725 3390 judi:

2292 3389 2407 3437 Jam
2436 3385 2683 3448 superius
2712 3382 2979 3448 diximus;
3010 3383 3067 3428 ut
3095 3379 3297 3448 factum
3326 3384 3406 3428 est
3426 3378 3507 3448 _de_
3530 3377 3643 3427 Heli
3673 3381 3729 3448 et

2075 3452 2265 3513 cium.
2321 3442 2615 3510 Conteret
2684 3446 2913 3505 mullos
2975 3448 3036 3503 et
3091 3442 3581 3503 innumerabiles
3638 3447 3722 3512 et,

2077 3530 2339 3587 Samuele,
2365 3528 2526 3577 David
2551 3530 2603 3575 et
2632 3522 3128 3587 Saule,Judaeoru_m
3148 3525 3201 3587 et
3221 3521 3475 3587 _Ge_ntiu_m
3496 3520 3728 3587 populo.

2966 3586 3036 3632 De
3064 3582 3263 3645 Judieis
3291 3582 3517 3644 intelligi
3531 3585 3727 3645 potest,

2077 3661 2243 3715 stare
2292 3651 2477 3712 faciet
2536 3649 2693 3709 alios
2760 3664 2875 3725 pro
2933 3646 3041 3705 eis.
3104 3644 3297 3725 Novit
3334 3645 3730 3725 enim_op_era

2077 3734 2169 3798 qui
2184 3734 2340 3781 nocte
2357 3728 2683 3798 infidelitatis
2694 3722 2947 3798 excaecati
2959 3727 3160 3798 sunt,et
3170 3722 3472 3798 puniuntur
3478 3722 3728 3798 vindicta.

2080 3789 2321 3867 eorum,
2371 3802 2437 3853 et
2494 3792 2728 3852 idcirco
2790 3789 3050 3867 inducet
3104 3790 3730 3867 noctem,_e_t_conte—_

2346 3874 2541 3922 Omnes
2570 3872 2877 3933 peccatores
2899 3871 2949 3917 et
2984 3866 3134 3929 impii
3162 3868 3350 3933 contra
3380 3863 3613 3933 inditum
3634 3863 3734 3913 sibi

2080 3943 2318 3999 rentur.
2378 3928 2587 4007 Quasi'
2616 3931 2845 4011 impios
2912 3928 3219 4011 percussit
3285 3946 3392 4011 eos
3458 3928 3523 3987 in
3593 3928 3733 4011 loco

2081 4019 2282 4068 bonum
2304 4006 2509 4065 natura;
2529 4006 2726 4074 agunt;
2746 4006 3038 4073 omnesque
3055 4008 3187 4074 Avias
3214 4007 3588 4074 mandatorum
3621 4006 3736 4066 Dei,

2082 4080 2449 4141 videntium.
2536 4071 2653 4147 Qui
2708 4074 2888 4153 quasi
2952 4071 3274 4153 industria
3344 4078 3737 4153 recesseruut

2083 4175 2213 4225 quas
2243 4160 2353 4225 suis
2383 4148 2929 4225 cordibusingenitas
2951 4152 3427 4225 habebant,_nosse
3458 4154 3512 4199 et
3539 4148 3731 4199 intelli-

2084 4213 2205 4286 gere
2227 4219 2676 4274 detrectaverunt,
2712 4213 2961 4286 ut_opere_
2984 4213 3281 4286 implereni.

2086 4274 2166 4348 ab
2197 4304 2293 4357 eo,
2353 4291 2416 4345 et
2457 4298 2679 4343 omnes
2735 4274 2867 4338 vias
2910 4274 3075 4355 ejus'
3116 4274 3470 4357 intelligere
3514 4274 3735 4357 nolue-_

2384 4365 2571 4412 contra
2600 4359 2847 4409 homines
2876 4352 3087 4419 quoque
3122 4355 3282 4419 impie
3313 4356 3548 4419 egerant,
3581 4355 3641 4401 ut
3671 4352 3738 4401 ad

2384 4370 2571 4412 contra
2602 4370 2847 4409 nomines
2876 4370 3087 4419 quoque
3122 4370 3191 4404 im
3234 4370 3282 4404 ie
3313 4370 3548 4417 egerant,
3581 4370 3641 4401 ut
3671 4370 3738 4401 an

2086 4433 2282 4488 runt:
2332 4432 2402 4486 ut
2443 4423 2770 4503 pervenire
2813 4421 3091 4481 facerent
3149 4370 3231 4478 ad
3288 4434 3463 4503 eum_
3496 4416 3739 4477 clamo-

2088 4509 2252 4557 Deum
2285 4496 2582 4569 pauperum
2612 4505 2664 4551 et
2692 4513 2983 4569 egenorum
3016 4511 3121 4547 vox
3160 4496 3488 4547 ascenderet.

3054 4579 3271 4648 vocem
3315 4642 3325 4648 _
3357 4575 3709 4648 pauperum
3722 4600 3737 4617 .

2086 4652 2193 4700 Deo
2224 4637 2407 4712 paceni
2430 4637 2716 4712 tribuente,
2739 4643 2919 4712 nullus
2938 4637 3437 4712 hominumpote’rit
3456 4637 3737 4697 discutere,

2086 4716 2145 4761 ut
2173 4704 2509 4765 condemnet.
2542 4708 2595 4757 id
2626 4711 2706 4757 est
2749 4706 2944 4756 factum
2975 4704 3092 4766 ejus
3126 4704 3333 4751 irritum
3363 4712 3638 4766 revocare.

2088 4760 2228 4855 Ipso
2270 4760 2506 4835 autem.
2554 4770 2935 4855 concedente
2981 4760 3223 4855 pacem,
3275 4765 3440 4855 quis.
3478 4760 3742 4855 est-Aqui

2601 4850 2709 4899 Nisi
2730 4849 2842 4912 ipse
2876 4841 3125 4912 dignatus
3154 4841 3320 4912 fuerit
3342 4857 3397 4912 se
3427 4841 3631 4912 homini
3663 4853 3743 4889 re-

2090 4916 2469 4978 condemnet
2502 4916 2530 4973 ?
2615 4916 2705 4974 Ex
2754 4904 2908 4991 'quo
2933 4904 2961 4912 ν
2993 4906 3393 4991 absconderit
3493 4904 3742 4965 vultum

2091 4996 2288 5052 velare,
2322 4995 2501 5043 nullus
2532 4993 2643 5041 suis
2672 4987 2876 5041 virib'us
2904 4989 3101 5039 intueri
3132 4987 3352 5052 valebit.

2092 5046 2299 5132 suum,
2385 5058 2525 5136 quis
2606 5062 2699 5136 est
2764 5054 2923 5136 iqui‘
2976 5050 3499 5136 contempletur“
3539 5046 3746 5136 eum?

2092 5140 2251 5198 Deus,
2267 5125 2656 5201 quod'voluerit
2678 5125 2850 5184 faciet.
2882 5131 3165 5196 Iiypocrita
3187 5125 3663 5201 diabolusdicitur,
3683 5138 3747 5175 eo

2093 5205 2171 5263 Et
2226 5191 2414 5279 super
2470 5203 2709 5279 gentes,
2787 5204 2855 5279 et
2912 5191 3101 5279 super
3135 5210 3375 5279 omnes
3432 5191 3745 5279 homines,

2094 5281 2239 5345 quod
2258 5267 2320 5329 se
2335 5267 2683 5345 transﬁgurat
2700 5278 2753 5325 in
2770 5267 3028 5345 Augetur-ri
3045 5273 3320 5345 lucis,cum
3344 5272 3457 5345 ipse
3472 5270 3652 5334 potius
3680 5267 3750 5318 sit

2095 5334 2203 5423 qui
2238 5334 2717 5421 regnare'facit
2772 5334 3093 5399 hominem
3156 5334 3751 5465 hypocritampro-

2096 5423 2654 5465 mmtnrtanehrarum.
2674 5418 3111 5465 ilicemoiudicio
3126 5418 3197 5465 De
3272 5418 3544 5464 ominatur
3568 5425 3750 5465 impiis

2096 5411 2654 5473 auctortEnebrarum.
2674 5419 2764 5467 Hic
2776 5432 2901 5481 ergo
2908 5418 3111 5481 judicio
3126 5411 3217 5481 Dei
3236 5411 3750 5481 dominaturimpiis

2899 5476 3056 5539 Quasi
3078 5481 3131 5528 in
3158 5477 3359 5542 judicio
3391 5476 3745 5527 constitutum

2096 5552 2537 5635 pter-peccata
2606 5544 2846 5635 populi.
2904 5544 3062 5615 Quia
3102 5540 3252 5621 ergo
3310 5540 3557 5603 locutus
3598 5552 3742 5599 sum

2096 5624 2354 5692 permittit
2383 5624 2684 5692 interloqui.

2097 5677 2177 5751 ad
2260 5677 2620 5761 Dominum,
2710 5692 2768 5747 te
2834 5704 3087 5765 quoque
3153 5677 3743 5765 nonhprohibebo:

2097 5772 2213 5820 Non
2245 5771 2387 5819 enim
2419 5769 2727 5832 requireret,
2753 5766 2795 5815 si
2828 5762 2882 5814 se
2915 5762 3091 5832 crasse
3121 5762 3456 5832 credidisset.

2098 5818 2446 5908 Siiieirravi,
2494 5818 2561 5892 tu
2618 5818 2774 5891 doce
2828 5849 2950 5891 me.
3014 5830 3081 5891 Si
3138 5826 3510 5907 inquitatem
3570 5818 3746 5880 locu-

2475 5913 2528 5962 id
2559 5915 2658 5973 est,
2694 5923 2802 5961 non
2838 5909 3043 5975 loquar.

2112 5984 2215 6041 tus
2286 5996 2448 6055 sum,
2504 5961 2676 6039 ultra
2730 5993 2857 6037 non
2908 5961 3160 6037 addam.
3220 5961 3537 6045 Numquid
3592 5978 3630 6022 ι
3688 5964 3753 6022 te
