  <div class='ocr_page' id='page_1' title='image "/cluster/home/n/w/nwhite01/storage/ocr_20150623/23/hvd.32044052772480/769.png"; bbox 0 0 4128 6186; ppageno 0'>
   <div class='ocr_carea' id='block_1_1' title="bbox 425 340 584 407">
    <p class='ocr_par' dir='ltr' id='par_1_1' title="bbox 425 340 584 407">
     <span class='ocr_line' id='line_1_1' title="bbox 425 340 584 407; baseline 0.006 -1"><span class='ocrx_word' id='word_1_1' title='bbox 425 340 584 407; x_wconf 70' lang='lat' dir='ltr'>i898</span> 
     </span>
    </p>
   </div>
   <div class='ocr_carea' id='block_1_2' title="bbox 638 477 1234 546">
    <p class='ocr_par' dir='ltr' id='par_1_2' title="bbox 638 477 1234 546">
     <span class='ocr_line' id='line_1_2' title="bbox 638 477 1234 546; baseline 0.005 -16"><span class='ocrx_word' id='word_1_2' title='bbox 638 479 689 530; x_wconf 87' lang='lat' dir='ltr'>id</span> <span class='ocrx_word' id='word_1_3' title='bbox 722 482 818 544; x_wconf 84' lang='lat' dir='ltr'>est,</span> <span class='ocrx_word' id='word_1_4' title='bbox 851 477 1234 546; x_wconf 85' lang='lat' dir='ltr'>blasphemiam</span> 
     </span>
    </p>
   </div>
   <div class='ocr_carea' id='block_1_3' title="bbox 425 544 2066 626">
    <p class='ocr_par' dir='ltr' id='par_1_3' title="bbox 425 544 2066 626">
     <span class='ocr_line' id='line_1_3' title="bbox 425 544 2066 626; baseline -0.001 -19"><span class='ocrx_word' id='word_1_5' title='bbox 425 544 594 626; x_wconf 84' lang='lat' dir='ltr'>Deus</span> <span class='ocrx_word' id='word_1_6' title='bbox 648 554 915 626; x_wconf 86' lang='lat' dir='ltr'>expetet</span> <span class='ocrx_word' id='word_1_7' title='bbox 972 544 1151 619; x_wconf 79' lang='lat' dir='ltr'>eam,</span> <span class='ocrx_word' id='word_1_8' title='bbox 1223 546 1331 626; x_wconf 90' lang='lat' dir='ltr'>qui</span> <span class='ocrx_word' id='word_1_9' title='bbox 1387 545 1704 626; x_wconf 82' lang='lat' dir='ltr'>displicuit</span> <span class='ocrx_word' id='word_1_10' title='bbox 1759 547 1927 606; x_wconf 84' lang='lat' dir='ltr'>tibi?</span> <span class='ocrx_word' id='word_1_11' title='bbox 1975 549 2066 606; x_wconf 87' lang='lat' dir='ltr'>&#39;l‘u</span> 
     </span>
    </p>
   </div>
   <div class='ocr_carea' id='block_1_4' title="bbox 429 624 2074 689">
    <p class='ocr_par' dir='ltr' id='par_1_4' title="bbox 429 624 2074 689">
     <span class='ocr_line' id='line_1_4' title="bbox 429 624 2074 689; baseline 0 -15"><span class='ocrx_word' id='word_1_12' title='bbox 429 624 758 689; x_wconf 78' lang='lat' dir='ltr'>quodiniqut</span> <span class='ocrx_word' id='word_1_13' title='bbox 776 630 964 683; x_wconf 81' lang='lat' dir='ltr'>sesset,</span> <span class='ocrx_word' id='word_1_14' title='bbox 984 627 1128 689; x_wconf 88' lang='lat' dir='ltr'>quod</span> <span class='ocrx_word' id='word_1_15' title='bbox 1159 627 1209 675; x_wconf 88' lang='lat' dir='ltr'>vi</span> <span class='ocrx_word' id='word_1_16' title='bbox 1230 624 1440 689; x_wconf 59' lang='lat' dir='ltr'>injustas</span> <span class='ocrx_word' id='word_1_17' title='bbox 1472 624 1820 688; x_wconf 80' lang='lat' dir='ltr'>correptionis</span> <span class='ocrx_word' id='word_1_18' title='bbox 1841 626 2074 686; x_wconf 83' lang='lat' dir='ltr'>exigeret</span> 
     </span>
    </p>
   </div>
   <div class='ocr_carea' id='block_1_5' title="bbox 429 689 2070 768">
    <p class='ocr_par' dir='ltr' id='par_1_5' title="bbox 429 689 2070 768">
     <span class='ocr_line' id='line_1_5' title="bbox 429 689 2070 768; baseline -0.001 -19"><span class='ocrx_word' id='word_1_19' title='bbox 429 689 595 749; x_wconf 90' lang='lat' dir='ltr'>enim</span> <span class='ocrx_word' id='word_1_20' title='bbox 654 689 918 767; x_wconf 87' lang='lat' dir='ltr'>coepisti</span> <span class='ocrx_word' id='word_1_21' title='bbox 981 691 1171 767; x_wconf 90' lang='lat' dir='ltr'>loqui,</span> <span class='ocrx_word' id='word_1_22' title='bbox 1235 698 1295 748; x_wconf 91' lang='lat' dir='ltr'>et</span> <span class='ocrx_word' id='word_1_23' title='bbox 1352 709 1474 749; x_wconf 89' lang='lat' dir='ltr'>non</span> <span class='ocrx_word' id='word_1_24' title='bbox 1535 708 1651 766; x_wconf 84' lang='lat' dir='ltr'>ego</span> <span class='ocrx_word' id='word_1_25' title='bbox 1705 707 1718 747; x_wconf 92' lang='lat'>:</span> <span class='ocrx_word' id='word_1_26' title='bbox 1794 692 1963 768; x_wconf 90' lang='lat' dir='ltr'>quod</span> <span class='ocrx_word' id='word_1_27' title='bbox 2021 689 2070 747; x_wconf 88' lang='lat' dir='ltr'>si</span> 
     </span>
    </p>
   </div>
   <div class='ocr_carea' id='block_1_6' title="bbox 431 768 2072 830">
    <p class='ocr_par' dir='ltr' id='par_1_6' title="bbox 431 768 2072 830">
     <span class='ocr_line' id='line_1_6' title="bbox 431 768 2072 830; baseline 0 -14"><span class='ocrx_word' id='word_1_28' title='bbox 431 771 541 828; x_wconf 88' lang='lat' dir='ltr'>ate,</span> <span class='ocrx_word' id='word_1_29' title='bbox 557 771 616 816; x_wconf 91' lang='lat' dir='ltr'>ut</span> <span class='ocrx_word' id='word_1_30' title='bbox 634 782 849 817; x_wconf 89' lang='lat' dir='ltr'>necesse</span> <span class='ocrx_word' id='word_1_31' title='bbox 863 773 1062 818; x_wconf 88' lang='lat' dir='ltr'>essette</span> <span class='ocrx_word' id='word_1_32' title='bbox 1094 769 1288 830; x_wconf 82' lang='lat' dir='ltr'>iniuste</span> <span class='ocrx_word' id='word_1_33' title='bbox 1311 769 1559 818; x_wconf 83' lang='lat' dir='ltr'>afﬂictum</span> <span class='ocrx_word' id='word_1_34' title='bbox 1581 772 1766 817; x_wconf 89' lang='lat' dir='ltr'>contra</span> <span class='ocrx_word' id='word_1_35' title='bbox 1787 782 1907 818; x_wconf 89' lang='lat' dir='ltr'>eum</span> <span class='ocrx_word' id='word_1_36' title='bbox 1931 768 2072 830; x_wconf 86' lang='lat' dir='ltr'>loqui</span> 
     </span>
    </p>
   </div>
   <div class='ocr_carea' id='block_1_7' title="bbox 430 830 2074 894">
    <p class='ocr_par' dir='ltr' id='par_1_7' title="bbox 430 830 2074 894">
     <span class='ocr_line' id='line_1_7' title="bbox 430 830 2074 894; baseline -0.001 -14"><span class='ocrx_word' id='word_1_37' title='bbox 430 830 1047 894; x_wconf 30' lang='lat' dir='ltr'>blasphemiamtetideo</span> <span class='ocrx_word' id='word_1_38' title='bbox 1072 831 1460 894; x_wconf 88' lang='lat' dir='ltr'>displicuittibi.</span> <span class='ocrx_word' id='word_1_39' title='bbox 1495 833 1567 879; x_wconf 93' lang='lat' dir='ltr'>De</span> <span class='ocrx_word' id='word_1_40' title='bbox 1598 831 1828 880; x_wconf 81' lang='lat' dir='ltr'>melioris</span> <span class='ocrx_word' id='word_1_41' title='bbox 1853 831 2074 894; x_wconf 86' lang='lat' dir='ltr'>scientia</span> 
     </span>
    </p>
   </div>
   <div class='ocr_carea' id='block_1_8' title="bbox 432 892 2073 956">
    <p class='ocr_par' dir='ltr' id='par_1_8' title="bbox 432 892 2073 956">
     <span class='ocr_line' id='line_1_8' title="bbox 432 892 2073 956; baseline -0.001 -15"><span class='ocrx_word' id='word_1_42' title='bbox 432 907 530 956; x_wconf 87' lang='lat' dir='ltr'>pro</span> <span class='ocrx_word' id='word_1_43' title='bbox 552 894 801 955; x_wconf 78' lang='lat' dir='ltr'>superbia</span> <span class='ocrx_word' id='word_1_44' title='bbox 830 892 1108 942; x_wconf 71' lang='lat' dir='ltr'>dubitavit.</span> <span class='ocrx_word' id='word_1_45' title='bbox 1160 892 1173 894; x_wconf 72' lang='grc'><em>’</em></span> <span class='ocrx_word' id='word_1_46' title='bbox 1434 894 1549 942; x_wconf 87' lang='lat' dir='ltr'>Eliu</span> <span class='ocrx_word' id='word_1_47' title='bbox 1580 898 1822 942; x_wconf 79' lang='lat' dir='ltr'>sanctum</span> <span class='ocrx_word' id='word_1_48' title='bbox 1852 893 1952 942; x_wconf 86' lang='lat' dir='ltr'>Job</span> <span class='ocrx_word' id='word_1_49' title='bbox 1984 894 2073 940; x_wconf 83' lang='lat' dir='ltr'>de-</span> 
     </span>
    </p>
   </div>
   <div class='ocr_carea' id='block_1_9' title="bbox 432 956 2070 1034">
    <p class='ocr_par' dir='ltr' id='par_1_9' title="bbox 432 956 2070 1034">
     <span class='ocr_line' id='line_1_9' title="bbox 432 956 2070 1034; baseline 0.001 -18"><span class='ocrx_word' id='word_1_50' title='bbox 432 957 586 1034; x_wconf 91' lang='lat' dir='ltr'>quid</span> <span class='ocrx_word' id='word_1_51' title='bbox 691 956 855 1016; x_wconf 84' lang='lat' dir='ltr'>nosti</span> <span class='ocrx_word' id='word_1_52' title='bbox 941 956 1186 1028; x_wconf 90' lang='lat' dir='ltr'>melius,</span> <span class='ocrx_word' id='word_1_53' title='bbox 1279 957 1559 1034; x_wconf 81' lang='lat' dir='ltr'>loquere.</span> <span class='ocrx_word' id='word_1_54' title='bbox 1645 958 1772 1016; x_wconf 88' lang='lat' dir='ltr'>Viri</span> <span class='ocrx_word' id='word_1_55' title='bbox 1840 956 2070 1018; x_wconf 86' lang='lat' dir='ltr'>intelli—</span> 
     </span>
    </p>
   </div>
   <div class='ocr_carea' id='block_1_10' title="bbox 430 1035 2074 1098">
    <p class='ocr_par' dir='ltr' id='par_1_10' title="bbox 430 1035 2074 1098">
     <span class='ocr_line' id='line_1_10' title="bbox 430 1035 2074 1098; baseline -0.001 -14"><span class='ocrx_word' id='word_1_56' title='bbox 430 1036 677 1098; x_wconf 88' lang='lat' dir='ltr'>spiciens,</span> <span class='ocrx_word' id='word_1_57' title='bbox 697 1035 958 1084; x_wconf 88' lang='lat' dir='ltr'>convertit</span> <span class='ocrx_word' id='word_1_58' title='bbox 973 1050 1026 1083; x_wconf 88' lang='lat' dir='ltr'>se</span> <span class='ocrx_word' id='word_1_59' title='bbox 1039 1040 1103 1084; x_wconf 86' lang='lat' dir='ltr'>ad</span> <span class='ocrx_word' id='word_1_60' title='bbox 1119 1050 1211 1084; x_wconf 91' lang='lat' dir='ltr'>cos</span> <span class='ocrx_word' id='word_1_61' title='bbox 1223 1037 1311 1098; x_wconf 85' lang='lat' dir='ltr'>qui</span> <span class='ocrx_word' id='word_1_62' title='bbox 1325 1037 1564 1084; x_wconf 87' lang='lat' dir='ltr'>cominus</span> <span class='ocrx_word' id='word_1_63' title='bbox 1577 1035 2074 1095; x_wconf 85' lang='lat' dir='ltr'>adstabant,etdixit</span> 
     </span>
    </p>
   </div>
   <div class='ocr_carea' id='block_1_11' title="bbox 429 1099 2073 1176">
    <p class='ocr_par' dir='ltr' id='par_1_11' title="bbox 429 1099 2073 1176">
     <span class='ocr_line' id='line_1_11' title="bbox 429 1099 2073 1176; baseline -0.001 -18"><span class='ocrx_word' id='word_1_64' title='bbox 429 1105 648 1176; x_wconf 82' lang='lat' dir='ltr'>gentes</span> <span class='ocrx_word' id='word_1_65' title='bbox 700 1100 1035 1176; x_wconf 87' lang='lat' dir='ltr'>loquantur</span> <span class='ocrx_word' id='word_1_66' title='bbox 1093 1099 1267 1170; x_wconf 90' lang='lat' dir='ltr'>mihi,</span> <span class='ocrx_word' id='word_1_67' title='bbox 1329 1108 1389 1158; x_wconf 92' lang='lat' dir='ltr'>et</span> <span class='ocrx_word' id='word_1_68' title='bbox 1418 1101 1519 1158; x_wconf 89' lang='lat' dir='ltr'>via</span> <span class='ocrx_word' id='word_1_69' title='bbox 1575 1100 1822 1166; x_wconf 80' lang='lat' dir='ltr'>saniens</span> <span class='ocrx_word' id='word_1_70' title='bbox 1858 1099 2073 1158; x_wconf 83' lang='lat' dir='ltr'>audiat</span> 
     </span>
    </p>
   </div>
   <div class='ocr_carea' id='block_1_12' title="bbox 491 1177 2070 1241">
    <p class='ocr_par' dir='ltr' id='par_1_12' title="bbox 491 1177 2070 1241">
     <span class='ocr_line' id='line_1_12' title="bbox 491 1177 2070 1241; baseline -0.001 -15"><span class='ocrx_word' id='word_1_71' title='bbox 491 1177 615 1226; x_wconf 91' lang='lat' dir='ltr'>Sine</span> <span class='ocrx_word' id='word_1_72' title='bbox 645 1177 902 1240; x_wconf 89' lang='lat' dir='ltr'>discipula</span> <span class='ocrx_word' id='word_1_73' title='bbox 931 1178 1142 1228; x_wconf 85' lang='lat' dir='ltr'>beatum</span> <span class='ocrx_word' id='word_1_74' title='bbox 1172 1179 1270 1228; x_wconf 87' lang='lat' dir='ltr'>Job</span> <span class='ocrx_word' id='word_1_75' title='bbox 1299 1177 1534 1227; x_wconf 90' lang='lat' dir='ltr'>locutum</span> <span class='ocrx_word' id='word_1_76' title='bbox 1565 1178 1802 1235; x_wconf 84' lang='lat' dir='ltr'>credidit,</span> <span class='ocrx_word' id='word_1_77' title='bbox 1836 1178 1962 1241; x_wconf 84' lang='lat' dir='ltr'>quia</span> <span class='ocrx_word' id='word_1_78' title='bbox 1988 1177 2070 1239; x_wconf 90' lang='lat' dir='ltr'>ju-</span> 
     </span>
    </p>
   </div>
   <div class='ocr_carea' id='block_1_13' title="bbox 427 1241 2074 1312">
    <p class='ocr_par' dir='ltr' id='par_1_13' title="bbox 427 1241 2074 1312">
     <span class='ocr_line' id='line_1_13' title="bbox 427 1241 2074 1312; baseline -0.001 -12"><span class='ocrx_word' id='word_1_79' title='bbox 427 1259 548 1300; x_wconf 90' lang='lat' dir='ltr'>me.</span> <span class='ocrx_word' id='word_1_80' title='bbox 609 1241 728 1299; x_wconf 85' lang='lat' dir='ltr'>Job</span> <span class='ocrx_word' id='word_1_81' title='bbox 785 1249 994 1301; x_wconf 91' lang='lat' dir='ltr'>autem</span> <span class='ocrx_word' id='word_1_82' title='bbox 1053 1243 1240 1302; x_wconf 83' lang='lat' dir='ltr'>stulte</span> <span class='ocrx_word' id='word_1_83' title='bbox 1289 1242 1534 1302; x_wconf 85' lang='lat' dir='ltr'>locutus</span> <span class='ocrx_word' id='word_1_84' title='bbox 1591 1249 1703 1312; x_wconf 90' lang='lat' dir='ltr'>est,</span> <span class='ocrx_word' id='word_1_85' title='bbox 1765 1247 1827 1301; x_wconf 88' lang='lat' dir='ltr'>et</span> <span class='ocrx_word' id='word_1_86' title='bbox 1885 1245 2074 1300; x_wconf 88' lang='lat' dir='ltr'>verba</span> 
     </span>
    </p>
   </div>
   <div class='ocr_carea' id='block_1_14' title="bbox 434 1319 1719 1380">
    <p class='ocr_par' dir='ltr' id='par_1_14' title="bbox 434 1319 1719 1380">
     <span class='ocr_line' id='line_1_14' title="bbox 434 1319 1719 1380; baseline 0 -12"><span class='ocrx_word' id='word_1_87' title='bbox 434 1323 574 1368; x_wconf 87' lang='lat' dir='ltr'>stum</span> <span class='ocrx_word' id='word_1_88' title='bbox 606 1333 661 1368; x_wconf 90' lang='lat' dir='ltr'>se</span> <span class='ocrx_word' id='word_1_89' title='bbox 691 1320 748 1367; x_wconf 91' lang='lat' dir='ltr'>in</span> <span class='ocrx_word' id='word_1_90' title='bbox 777 1319 886 1367; x_wconf 86' lang='lat' dir='ltr'>suis</span> <span class='ocrx_word' id='word_1_91' title='bbox 914 1322 1166 1380; x_wconf 81' lang='lat' dir='ltr'>operibus</span> <span class='ocrx_word' id='word_1_92' title='bbox 1198 1320 1358 1370; x_wconf 86' lang='lat' dir='ltr'>fuisse</span> <span class='ocrx_word' id='word_1_93' title='bbox 1389 1323 1719 1370; x_wconf 81' lang='lat' dir='ltr'>memoravit.</span> 
     </span>
    </p>
   </div>
   <div class='ocr_carea' id='block_1_15' title="bbox 680 1381 2071 1446">
    <p class='ocr_par' dir='ltr' id='par_1_15' title="bbox 680 1381 2071 1446">
     <span class='ocr_line' id='line_1_15' title="bbox 680 1381 2071 1446; baseline -0.001 -17"><span class='ocrx_word' id='word_1_94' title='bbox 680 1382 1017 1431; x_wconf 82' lang='lat' dir='ltr'>manifestum</span> <span class='ocrx_word' id='word_1_95' title='bbox 1047 1388 1144 1433; x_wconf 90' lang='lat' dir='ltr'>est.</span> <span class='ocrx_word' id='word_1_96' title='bbox 1179 1385 1312 1440; x_wconf 90' lang='lat' dir='ltr'>Quia</span> <span class='ocrx_word' id='word_1_97' title='bbox 1340 1384 1404 1432; x_wconf 87' lang='lat' dir='ltr'>ab</span> <span class='ocrx_word' id='word_1_98' title='bbox 1434 1385 1548 1446; x_wconf 87' lang='lat' dir='ltr'>ipso</span> <span class='ocrx_word' id='word_1_99' title='bbox 1579 1388 1789 1432; x_wconf 89' lang='lat' dir='ltr'>creatus</span> <span class='ocrx_word' id='word_1_100' title='bbox 1811 1386 1887 1431; x_wconf 88' lang='lat' dir='ltr'>est</span> <span class='ocrx_word' id='word_1_101' title='bbox 1911 1381 2071 1429; x_wconf 91' lang='lat' dir='ltr'>homo</span> 
     </span>
    </p>
   </div>
   <div class='ocr_carea' id='block_1_16' title="bbox 428 1444 2074 1524">
    <p class='ocr_par' dir='ltr' id='par_1_16' title="bbox 428 1444 2074 1524">
     <span class='ocr_line' id='line_1_16' title="bbox 428 1444 2074 1524; baseline -0.001 -20"><span class='ocrx_word' id='word_1_102' title='bbox 428 1444 599 1504; x_wconf 91' lang='lat' dir='ltr'>illius</span> <span class='ocrx_word' id='word_1_103' title='bbox 627 1463 753 1504; x_wconf 92' lang='lat' dir='ltr'>non</span> <span class='ocrx_word' id='word_1_104' title='bbox 814 1452 1040 1505; x_wconf 88' lang='lat' dir='ltr'>sonant</span> <span class='ocrx_word' id='word_1_105' title='bbox 1095 1444 1512 1524; x_wconf 81' lang='lat' dir='ltr'>disciplinam.</span> <span class='ocrx_word' id='word_1_106' title='bbox 1573 1449 1757 1506; x_wconf 89' lang='lat' dir='ltr'>Pater</span> <span class='ocrx_word' id='word_1_107' title='bbox 1801 1447 2074 1523; x_wconf 89' lang='lat' dir='ltr'>mi,pro-</span> 
     </span>
    </p>
   </div>
   <div class='ocr_carea' id='block_1_17' title="bbox 495 1524 2070 1589">
    <p class='ocr_par' dir='ltr' id='par_1_17' title="bbox 495 1524 2070 1589">
     <span class='ocr_line' id='line_1_17' title="bbox 495 1524 2070 1589; baseline 0 -17"><span class='ocrx_word' id='word_1_108' title='bbox 495 1524 563 1572; x_wconf 88' lang='lat' dir='ltr'>sit</span> <span class='ocrx_word' id='word_1_109' title='bbox 589 1525 644 1572; x_wconf 90' lang='lat' dir='ltr'>in</span> <span class='ocrx_word' id='word_1_110' title='bbox 658 1538 719 1573; x_wconf 89' lang='lat' dir='ltr'>eo</span> <span class='ocrx_word' id='word_1_111' title='bbox 735 1525 935 1588; x_wconf 83' lang='lat' dir='ltr'>jugiter</span> <span class='ocrx_word' id='word_1_112' title='bbox 950 1524 1106 1588; x_wconf 81' lang='lat' dir='ltr'>plaga</span> <span class='ocrx_word' id='word_1_113' title='bbox 1127 1526 1340 1588; x_wconf 84' lang='lat' dir='ltr'>Flagelli</span> <span class='ocrx_word' id='word_1_114' title='bbox 1362 1526 1522 1589; x_wconf 80' lang='lat' dir='ltr'>hujus</span> <span class='ocrx_word' id='word_1_115' title='bbox 1535 1527 1741 1588; x_wconf 79' lang='lat' dir='ltr'>plagam</span> <span class='ocrx_word' id='word_1_116' title='bbox 1755 1525 2070 1589; x_wconf 83' lang='lat' dir='ltr'>eiinﬂigere.</span> 
     </span>
    </p>
   </div>
   <div class='ocr_carea' id='block_1_18' title="bbox 429 1587 2070 1666">
    <p class='ocr_par' dir='ltr' id='par_1_18' title="bbox 429 1587 2070 1666">
     <span class='ocr_line' id='line_1_18' title="bbox 429 1587 2070 1666; baseline -0.001 -18"><span class='ocrx_word' id='word_1_117' title='bbox 429 1587 615 1648; x_wconf 86' lang='lat' dir='ltr'>betur</span> <span class='ocrx_word' id='word_1_118' title='bbox 643 1589 763 1649; x_wconf 87' lang='lat' dir='ltr'>Job</span> <span class='ocrx_word' id='word_1_119' title='bbox 810 1587 1022 1666; x_wconf 18' lang='lat' dir='ltr'>iusque</span> <span class='ocrx_word' id='word_1_120' title='bbox 1048 1587 1148 1649; x_wconf 78' lang='lat' dir='ltr'>ad</span> <span class='ocrx_word' id='word_1_121' title='bbox 1197 1587 1384 1649; x_wconf 83' lang='lat' dir='ltr'>ﬁnem</span> <span class='ocrx_word' id='word_1_122' title='bbox 1412 1587 1551 1661; x_wconf 57' lang='lat' dir='ltr'>{ne</span> <span class='ocrx_word' id='word_1_123' title='bbox 1568 1587 1814 1649; x_wconf 88' lang='lat' dir='ltr'>desinas</span> <span class='ocrx_word' id='word_1_124' title='bbox 1845 1588 1923 1648; x_wconf 94' lang='lat' dir='ltr'>ab</span> <span class='ocrx_word' id='word_1_125' title='bbox 1955 1587 2070 1647; x_wconf 82' lang='lat' dir='ltr'>ho-</span> 
     </span>
    </p>
   </div>
   <div class='ocr_carea' id='block_1_19' title="bbox 963 1667 2073 1732">
    <p class='ocr_par' dir='ltr' id='par_1_19' title="bbox 963 1667 2073 1732">
     <span class='ocr_line' id='line_1_19' title="bbox 963 1667 2073 1732; baseline -0.003 -16"><span class='ocrx_word' id='word_1_126' title='bbox 963 1667 1123 1732; x_wconf 75' lang='lat' dir='ltr'>Addit</span> <span class='ocrx_word' id='word_1_127' title='bbox 1150 1669 1215 1717; x_wconf 91' lang='lat' dir='ltr'>ad</span> <span class='ocrx_word' id='word_1_128' title='bbox 1243 1669 1516 1717; x_wconf 88' lang='lat' dir='ltr'>cumulum</span> <span class='ocrx_word' id='word_1_129' title='bbox 1548 1673 1902 1732; x_wconf 86' lang='lat' dir='ltr'>peccatorum,</span> <span class='ocrx_word' id='word_1_130' title='bbox 1939 1670 1995 1714; x_wconf 90' lang='lat' dir='ltr'>ut</span> <span class='ocrx_word' id='word_1_131' title='bbox 2020 1667 2073 1714; x_wconf 90' lang='lat' dir='ltr'>in</span> 
     </span>
    </p>
   </div>
   <div class='ocr_carea' id='block_1_20' title="bbox 431 1729 2074 1810">
    <p class='ocr_par' dir='ltr' id='par_1_20' title="bbox 431 1729 2074 1810">
     <span class='ocr_line' id='line_1_20' title="bbox 431 1729 2074 1810; baseline 0 -22"><span class='ocrx_word' id='word_1_132' title='bbox 431 1729 600 1810; x_wconf 76' lang='lat' dir='ltr'>mine</span> <span class='ocrx_word' id='word_1_133' title='bbox 658 1729 1030 1810; x_wconf 88' lang='lat' dir='ltr'>iniquitatis.</span> <span class='ocrx_word' id='word_1_134' title='bbox 1115 1733 1271 1802; x_wconf 87' lang='lat' dir='ltr'>Quia</span> <span class='ocrx_word' id='word_1_135' title='bbox 1340 1733 1514 1792; x_wconf 89' lang='lat' dir='ltr'>addit</span> <span class='ocrx_word' id='word_1_136' title='bbox 1549 1729 1758 1810; x_wconf 39' lang='lat' dir='ltr'>’super</span> <span class='ocrx_word' id='word_1_137' title='bbox 1814 1735 2074 1810; x_wconf 88' lang='lat' dir='ltr'>peccata</span> 
     </span>
    </p>
   </div>
   <div class='ocr_carea' id='block_1_21' title="bbox 428 1808 2072 1872">
    <p class='ocr_par' dir='ltr' id='par_1_21' title="bbox 428 1808 2072 1872">
     <span class='ocr_line' id='line_1_21' title="bbox 428 1808 2072 1872; baseline -0.001 -14"><span class='ocrx_word' id='word_1_138' title='bbox 428 1808 773 1872; x_wconf 65' lang='lat' dir='ltr'>blasphemia}</span> <span class='ocrx_word' id='word_1_139' title='bbox 793 1810 990 1858; x_wconf 87' lang='lat' dir='ltr'>crimen</span> <span class='ocrx_word' id='word_1_140' title='bbox 1004 1810 1257 1859; x_wconf 82' lang='lat' dir='ltr'>incurrat.</span> <span class='ocrx_word' id='word_1_141' title='bbox 1270 1808 1820 1861; x_wconf 78' lang='lat' dir='ltr'>Condemneturinter</span> <span class='ocrx_word' id='word_1_142' title='bbox 1832 1809 2072 1859; x_wconf 83' lang='lat' dir='ltr'>nosinte-</span> 
     </span>
    </p>
   </div>
   <div class='ocr_carea' id='block_1_22' title="bbox 429 1872 1143 1950">
    <p class='ocr_par' dir='ltr' id='par_1_22' title="bbox 429 1872 1143 1950">
     <span class='ocr_line' id='line_1_22' title="bbox 429 1872 1143 1950; baseline 0 -18"><span class='ocrx_word' id='word_1_143' title='bbox 429 1890 544 1932; x_wconf 89' lang='lat' dir='ltr'>sua</span> <span class='ocrx_word' id='word_1_144' title='bbox 627 1872 1087 1950; x_wconf 88' lang='lat' dir='ltr'>blasphemiam</span> <span class='ocrx_word' id='word_1_145' title='bbox 1131 1892 1143 1932; x_wconf 90' lang='lat'>:</span> 
     </span>
    </p>
   </div>
   <div class='ocr_carea' id='block_1_23' title="bbox 428 1951 2073 2016">
    <p class='ocr_par' dir='ltr' id='par_1_23' title="bbox 428 1951 2073 2016">
     <span class='ocr_line' id='line_1_23' title="bbox 428 1951 2073 2016; baseline -0.001 -16"><span class='ocrx_word' id='word_1_146' title='bbox 428 1951 549 2016; x_wconf 80' lang='lat' dir='ltr'>rirn,</span> <span class='ocrx_word' id='word_1_147' title='bbox 583 1955 722 2016; x_wconf 11' lang='lat' dir='ltr'>neget</span> <span class='ocrx_word' id='word_1_148' title='bbox 749 1952 903 2016; x_wconf 87' lang='lat' dir='ltr'>nobis</span> <span class='ocrx_word' id='word_1_149' title='bbox 924 1951 1183 2016; x_wconf 84' lang='lat' dir='ltr'>injustitia</span> <span class='ocrx_word' id='word_1_150' title='bbox 1212 1957 1489 2016; x_wconf 89' lang='lat' dir='ltr'>reputetur</span> <span class='ocrx_word' id='word_1_151' title='bbox 1513 1968 1524 2012; x_wconf 92' lang='lat'><strong>;</strong></span> <span class='ocrx_word' id='word_1_152' title='bbox 1547 1953 1744 2016; x_wconf 82' lang='lat' dir='ltr'>absque</span> <span class='ocrx_word' id='word_1_153' title='bbox 1775 1957 1957 2016; x_wconf 86' lang='lat' dir='ltr'>nostro</span> <span class='ocrx_word' id='word_1_154' title='bbox 1979 1954 2073 2016; x_wconf 36' lang='lat' dir='ltr'>crit</span> 
     </span>
    </p>
   </div>
   <div class='ocr_carea' id='block_1_24' title="bbox 430 2013 2075 2078">
    <p class='ocr_par' dir='ltr' id='par_1_24' title="bbox 430 2013 2075 2078">
     <span class='ocr_line' id='line_1_24' title="bbox 430 2013 2075 2078; baseline -0.001 -16"><span class='ocrx_word' id='word_1_155' title='bbox 430 2014 575 2062; x_wconf 87' lang='lat' dir='ltr'>mine</span> <span class='ocrx_word' id='word_1_156' title='bbox 597 2015 714 2071; x_wconf 88' lang='lat' dir='ltr'>erit,</span> <span class='ocrx_word' id='word_1_157' title='bbox 734 2015 776 2060; x_wconf 90' lang='lat' dir='ltr'>si</span> <span class='ocrx_word' id='word_1_158' title='bbox 827 2013 1167 2078; x_wconf 85' lang='lat' dir='ltr'>postmodum</span> <span class='ocrx_word' id='word_1_159' title='bbox 1198 2013 1361 2064; x_wconf 82' lang='lat' dir='ltr'>Deum</span> <span class='ocrx_word' id='word_1_160' title='bbox 1384 2013 1674 2078; x_wconf 81' lang='lat' dir='ltr'>provocare</span> <span class='ocrx_word' id='word_1_161' title='bbox 1699 2014 2006 2078; x_wconf 84' lang='lat' dir='ltr'>tentaverit;</span> <span class='ocrx_word' id='word_1_162' title='bbox 2031 2013 2075 2061; x_wconf 93' lang='lat' dir='ltr'>si</span> 
     </span>
    </p>
   </div>
   <div class='ocr_carea' id='block_1_25' title="bbox 432 2077 2074 2153">
    <p class='ocr_par' dir='ltr' id='par_1_25' title="bbox 432 2077 2074 2153">
     <span class='ocr_line' id='line_1_25' title="bbox 432 2077 2074 2153; baseline -0.001 -27"><span class='ocrx_word' id='word_1_163' title='bbox 432 2089 497 2153; x_wconf 61' lang='lat' dir='ltr'>ei:</span> <span class='ocrx_word' id='word_1_164' title='bbox 521 2081 702 2153; x_wconf 74' lang='lat' dir='ltr'>nostra</span> <span class='ocrx_word' id='word_1_165' title='bbox 722 2077 1015 2153; x_wconf 79' lang='lat' dir='ltr'>assertione</span> <span class='ocrx_word' id='word_1_166' title='bbox 1037 2080 1331 2153; x_wconf 61' lang='lat' dir='ltr'>cognoscit,</span> <span class='ocrx_word' id='word_1_167' title='bbox 1349 2077 1497 2153; x_wconf 73' lang='lat' dir='ltr'>quod</span> <span class='ocrx_word' id='word_1_168' title='bbox 1509 2091 1855 2153; x_wconf 74' lang='lat' dir='ltr'>nequaquam</span> <span class='ocrx_word' id='word_1_169' title='bbox 1879 2077 2074 2124; x_wconf 78' lang='lat' dir='ltr'>divinte</span> 
     </span>
    </p>
   </div>
   <div class='ocr_carea' id='block_1_26' title="bbox 432 2139 2076 2219">
    <p class='ocr_par' dir='ltr' id='par_1_26' title="bbox 432 2139 2076 2219">
     <span class='ocr_line' id='line_1_26' title="bbox 432 2139 2076 2219; baseline 0 -21"><span class='ocrx_word' id='word_1_170' title='bbox 432 2139 798 2217; x_wconf 77' lang='lat' dir='ltr'>stringatur,</span> <span class='ocrx_word' id='word_1_171' title='bbox 889 2145 950 2200; x_wconf 90' lang='lat' dir='ltr'>et</span> <span class='ocrx_word' id='word_1_172' title='bbox 1019 2147 1166 2200; x_wconf 90' lang='lat' dir='ltr'>tunc</span> <span class='ocrx_word' id='word_1_173' title='bbox 1258 2139 1728 2219; x_wconf 49' lang='lat' dir='ltr'>ad&#39;judiciuuf</span> <span class='ocrx_word' id='word_1_174' title='bbox 1779 2145 2076 2219; x_wconf 86' lang='lat' dir='ltr'>provocet</span> 
     </span>
    </p>
   </div>
   <div class='ocr_carea' id='block_1_27' title="bbox 434 2218 1058 2269">
    <p class='ocr_par' dir='ltr' id='par_1_27' title="bbox 434 2218 1058 2269">
     <span class='ocr_line' id='line_1_27' title="bbox 434 2218 1058 2269; baseline -0.002 -1"><span class='ocrx_word' id='word_1_175' title='bbox 434 2219 815 2268; x_wconf 83' lang='lat' dir='ltr'>examinationi</span> <span class='ocrx_word' id='word_1_176' title='bbox 847 2218 1058 2269; x_wconf 81' lang='lat' dir='ltr'>suftlcit.</span> 
     </span>
    </p>
   </div>
   <div class='ocr_carea' id='block_1_28' title="bbox 433 2281 1246 2344">
    <p class='ocr_par' dir='ltr' id='par_1_28' title="bbox 433 2281 1246 2344">
     <span class='ocr_line' id='line_1_28' title="bbox 433 2281 1246 2344; baseline 0.002 -2"><span class='ocrx_word' id='word_1_177' title='bbox 433 2281 830 2343; x_wconf 83' lang='lat' dir='ltr'>sermonibus</span> <span class='ocrx_word' id='word_1_178' title='bbox 872 2283 998 2343; x_wconf 89' lang='lat' dir='ltr'>suis</span> <span class='ocrx_word' id='word_1_179' title='bbox 1027 2285 1246 2344; x_wconf 88' lang='lat' dir='ltr'>Deum.</span> 
     </span>
    </p>
   </div>
   <div class='ocr_carea' id='block_1_29' title="bbox 990 2497 1529 2558">
    <p class='ocr_par' dir='ltr' id='par_1_29' title="bbox 990 2497 1529 2558">
     <span class='ocr_line' id='line_1_29' title="bbox 990 2497 1529 2558; baseline 0 -1"><span class='ocrx_word' id='word_1_180' title='bbox 990 2498 1032 2557; x_wconf 79' lang='grc' dir='ltr'>Ο</span> <span class='ocrx_word' id='word_1_181' title='bbox 1047 2497 1250 2558; x_wconf 83' lang='lat' dir='ltr'>APUT</span> <span class='ocrx_word' id='word_1_182' title='bbox 1293 2497 1529 2557; x_wconf 81' lang='lat' dir='ltr'>XXXV.</span> 
     </span>
    </p>
   </div>
   <div class='ocr_carea' id='block_1_30' title="bbox 512 2673 2072 2752">
    <p class='ocr_par' dir='ltr' id='par_1_30' title="bbox 512 2673 2072 2752">
     <span class='ocr_line' id='line_1_30' title="bbox 512 2673 2072 2752; baseline 0.001 -18"><span class='ocrx_word' id='word_1_183' title='bbox 512 2673 713 2752; x_wconf 79' lang='lat' dir='ltr'>Igitur</span> <span class='ocrx_word' id='word_1_184' title='bbox 798 2673 933 2734; x_wconf 80' lang='lat' dir='ltr'>Elin</span> <span class='ocrx_word' id='word_1_185' title='bbox 1037 2673 1171 2734; x_wconf 72' lang='lat' dir='ltr'>haec</span> <span class='ocrx_word' id='word_1_186' title='bbox 1268 2693 1516 2734; x_wconf 89' lang='lat' dir='ltr'>rursum</span> <span class='ocrx_word' id='word_1_187' title='bbox 1601 2674 1849 2735; x_wconf 90' lang='lat' dir='ltr'>locutus</span> <span class='ocrx_word' id='word_1_188' title='bbox 1919 2681 2072 2736; x_wconf 88' lang='lat' dir='ltr'>est:</span> 
     </span>
    </p>
   </div>
   <div class='ocr_carea' id='block_1_31' title="bbox 434 2752 2078 2818">
    <p class='ocr_par' dir='ltr' id='par_1_31' title="bbox 434 2752 2078 2818">
     <span class='ocr_line' id='line_1_31' title="bbox 434 2752 2078 2818; baseline 0.001 -15"><span class='ocrx_word' id='word_1_189' title='bbox 434 2753 532 2803; x_wconf 90' lang='lat' dir='ltr'>Per</span> <span class='ocrx_word' id='word_1_190' title='bbox 560 2766 748 2818; x_wconf 83' lang='lat' dir='ltr'>omnes</span> <span class='ocrx_word' id='word_1_191' title='bbox 778 2752 893 2801; x_wconf 87' lang='lat' dir='ltr'>illas</span> <span class='ocrx_word' id='word_1_192' title='bbox 936 2767 1128 2818; x_wconf 89' lang='lat' dir='ltr'>novem</span> <span class='ocrx_word' id='word_1_193' title='bbox 1157 2755 1532 2817; x_wconf 84' lang='lat' dir='ltr'>responsiones</span> <span class='ocrx_word' id='word_1_194' title='bbox 1561 2753 1703 2803; x_wconf 87' lang='lat' dir='ltr'>beati</span> <span class='ocrx_word' id='word_1_195' title='bbox 1731 2753 1850 2814; x_wconf 86' lang='lat' dir='ltr'>Job,</span> <span class='ocrx_word' id='word_1_196' title='bbox 1877 2755 2078 2818; x_wconf 85' lang='lat' dir='ltr'>quibus</span> 
     </span>
    </p>
   </div>
   <div class='ocr_carea' id='block_1_32' title="bbox 432 2815 2074 2897">
    <p class='ocr_par' dir='ltr' id='par_1_32' title="bbox 432 2815 2074 2897">
     <span class='ocr_line' id='line_1_32' title="bbox 432 2815 2074 2897; baseline 0.001 -20"><span class='ocrx_word' id='word_1_197' title='bbox 432 2815 751 2897; x_wconf 86' lang='lat' dir='ltr'>Numquid</span> <span class='ocrx_word' id='word_1_198' title='bbox 817 2835 998 2897; x_wconf 81' lang='lat' dir='ltr'>aequa</span> <span class='ocrx_word' id='word_1_199' title='bbox 1055 2817 1168 2877; x_wconf 83' lang='lat' dir='ltr'>tibi</span> <span class='ocrx_word' id='word_1_200' title='bbox 1237 2815 1550 2877; x_wconf 74' lang='lat' dir='ltr'>videbitur</span> <span class='ocrx_word' id='word_1_201' title='bbox 1599 2823 1709 2878; x_wconf 88' lang='lat' dir='ltr'>tua</span> <span class='ocrx_word' id='word_1_202' title='bbox 1752 2815 2074 2895; x_wconf 79' lang='lat' dir='ltr'>cogitatio,</span> 
     </span>
    </p>
   </div>
   <div class='ocr_carea' id='block_1_33' title="bbox 433 2895 2076 2960">
    <p class='ocr_par' dir='ltr' id='par_1_33' title="bbox 433 2895 2076 2960">
     <span class='ocr_line' id='line_1_33' title="bbox 433 2895 2076 2960; baseline 0.001 -14"><span class='ocrx_word' id='word_1_203' title='bbox 433 2895 759 2947; x_wconf 60' lang='lat' dir='ltr'>amicis&#39;suis</span> <span class='ocrx_word' id='word_1_204' title='bbox 789 2895 855 2946; x_wconf 92' lang='lat' dir='ltr'>ad</span> <span class='ocrx_word' id='word_1_205' title='bbox 869 2897 1106 2960; x_wconf 88' lang='lat' dir='ltr'>singulas</span> <span class='ocrx_word' id='word_1_206' title='bbox 1126 2912 1306 2947; x_wconf 89' lang='lat' dir='ltr'>eorum</span> <span class='ocrx_word' id='word_1_207' title='bbox 1327 2898 1762 2947; x_wconf 84' lang='lat' dir='ltr'>interlocutiones</span> <span class='ocrx_word' id='word_1_208' title='bbox 1784 2898 2076 2960; x_wconf 87' lang='lat' dir='ltr'>respondit,</span> 
     </span>
    </p>
   </div>
   <div class='ocr_carea' id='block_1_34' title="bbox 433 2961 2076 3030">
    <p class='ocr_par' dir='ltr' id='par_1_34' title="bbox 433 2961 2076 3030">
     <span class='ocr_line' id='line_1_34' title="bbox 433 2961 2076 3030; baseline 0 -10"><span class='ocrx_word' id='word_1_209' title='bbox 433 2966 506 3020; x_wconf 89' lang='lat' dir='ltr'>ut</span> <span class='ocrx_word' id='word_1_210' title='bbox 561 2961 849 3021; x_wconf 89' lang='lat' dir='ltr'>diceres:</span> <span class='ocrx_word' id='word_1_211' title='bbox 911 2962 1150 3022; x_wconf 82' lang='lat' dir='ltr'>Justior</span> <span class='ocrx_word' id='word_1_212' title='bbox 1214 2965 1341 3021; x_wconf 90' lang='lat' dir='ltr'>Deo</span> <span class='ocrx_word' id='word_1_213' title='bbox 1397 2961 1591 3020; x_wconf 88' lang='lat' dir='ltr'>sum?</span> <span class='ocrx_word' id='word_1_214' title='bbox 1651 2961 1888 3030; x_wconf 82' lang='lat' dir='ltr'>Dixisti,</span> <span class='ocrx_word' id='word_1_215' title='bbox 1954 2980 2076 3021; x_wconf 90' lang='lat' dir='ltr'>non</span> 
     </span>
    </p>
   </div>
   <div class='ocr_carea' id='block_1_35' title="bbox 435 3039 2078 3102">
    <p class='ocr_par' dir='ltr' id='par_1_35' title="bbox 435 3039 2078 3102">
     <span class='ocr_line' id='line_1_35' title="bbox 435 3039 2078 3102; baseline 0 -14"><span class='ocrx_word' id='word_1_216' title='bbox 435 3039 771 3089; x_wconf 87' lang='lat' dir='ltr'>nihilhorum</span> <span class='ocrx_word' id='word_1_217' title='bbox 784 3043 1026 3090; x_wconf 88' lang='lat' dir='ltr'>sanctum</span> <span class='ocrx_word' id='word_1_218' title='bbox 1037 3041 1136 3090; x_wconf 84' lang='lat' dir='ltr'>Job</span> <span class='ocrx_word' id='word_1_219' title='bbox 1149 3040 1343 3090; x_wconf 87' lang='lat' dir='ltr'>dixisse</span> <span class='ocrx_word' id='word_1_220' title='bbox 1355 3039 1819 3102; x_wconf 86' lang='lat' dir='ltr'>deprehendimus:</span> <span class='ocrx_word' id='word_1_221' title='bbox 1835 3041 1924 3089; x_wconf 90' lang='lat' dir='ltr'>sed</span> <span class='ocrx_word' id='word_1_222' title='bbox 1938 3055 2078 3088; x_wconf 90' lang='lat' dir='ltr'>arro—</span> 
     </span>
    </p>
   </div>
   <div class='ocr_carea' id='block_1_36' title="bbox 436 3103 2079 3165">
    <p class='ocr_par' dir='ltr' id='par_1_36' title="bbox 436 3103 2079 3165">
     <span class='ocr_line' id='line_1_36' title="bbox 436 3103 2079 3165; baseline 0.001 -15"><span class='ocrx_word' id='word_1_223' title='bbox 436 3105 677 3165; x_wconf 83' lang='lat' dir='ltr'>gantium</span> <span class='ocrx_word' id='word_1_224' title='bbox 693 3103 852 3152; x_wconf 83' lang='lat' dir='ltr'>moris</span> <span class='ocrx_word' id='word_1_225' title='bbox 867 3107 962 3160; x_wconf 90' lang='lat' dir='ltr'>est,</span> <span class='ocrx_word' id='word_1_226' title='bbox 979 3108 1035 3152; x_wconf 91' lang='lat' dir='ltr'>ut</span> <span class='ocrx_word' id='word_1_227' title='bbox 1048 3117 1165 3152; x_wconf 89' lang='lat' dir='ltr'>cum</span> <span class='ocrx_word' id='word_1_228' title='bbox 1186 3117 1293 3152; x_wconf 88' lang='lat' dir='ltr'>non</span> <span class='ocrx_word' id='word_1_229' title='bbox 1309 3117 1464 3164; x_wconf 89' lang='lat' dir='ltr'>possu</span> <span class='ocrx_word' id='word_1_230' title='bbox 1474 3107 1532 3151; x_wconf 92' lang='lat' dir='ltr'>nt</span> <span class='ocrx_word' id='word_1_231' title='bbox 1542 3103 1930 3163; x_wconf 88' lang='lat' dir='ltr'>reprehendere</span> <span class='ocrx_word' id='word_1_232' title='bbox 1938 3105 2079 3164; x_wconf 87' lang='lat' dir='ltr'>juste</span> 
     </span>
    </p>
   </div>
   <div class='ocr_carea' id='block_1_37' title="bbox 435 3165 2078 3243">
    <p class='ocr_par' dir='ltr' id='par_1_37' title="bbox 435 3165 2078 3243">
     <span class='ocr_line' id='line_1_37' title="bbox 435 3165 2078 3243; baseline 0 -18"><span class='ocrx_word' id='word_1_233' title='bbox 435 3165 552 3225; x_wconf 89' lang='lat' dir='ltr'>tibi</span> <span class='ocrx_word' id='word_1_234' title='bbox 635 3165 904 3243; x_wconf 86' lang='lat' dir='ltr'>placebit</span> <span class='ocrx_word' id='word_1_235' title='bbox 983 3167 1154 3242; x_wconf 90' lang='lat' dir='ltr'>quod</span> <span class='ocrx_word' id='word_1_236' title='bbox 1234 3173 1469 3225; x_wconf 88' lang='lat' dir='ltr'>rectum</span> <span class='ocrx_word' id='word_1_237' title='bbox 1529 3172 1659 3235; x_wconf 88' lang='lat' dir='ltr'>est;</span> <span class='ocrx_word' id='word_1_238' title='bbox 1746 3167 1846 3224; x_wconf 91' lang='lat' dir='ltr'>vel</span> <span class='ocrx_word' id='word_1_239' title='bbox 1929 3166 2078 3241; x_wconf 90' lang='lat' dir='ltr'>quid</span> 
     </span>
    </p>
   </div>
   <div class='ocr_carea' id='block_1_38' title="bbox 437 3218 2926 3318">
    <p class='ocr_par' dir='ltr' id='par_1_38' title="bbox 437 3218 2926 3318">
     <span class='ocr_line' id='line_1_38' title="bbox 437 3218 2926 3318; baseline 0.003 -27"><span class='ocrx_word' id='word_1_240' title='bbox 589 3218 2078 3318; x_wconf 38' lang='lat' dir='ltr'>gratissimae}aggessi;qagdgnsaepiae;</span> <span class='ocrx_word' id='word_1_241' title='bbox 2109 3233 2150 3298; x_wconf 92' lang='lat' dir='ltr'>C</span> <span class='ocrx_word' id='word_1_242' title='bbox 2188 3219 2680 3318; x_wconf 45' lang='grc' dir='ltr'>ἓΒΪΫξξξξᾸιλῗξξ)</span> <span class='ocrx_word' id='word_1_243' title='bbox 2707 3218 2926 3318; x_wconf 46' lang='grc' dir='ltr'>ἓξὲξ(ζὲ</span> 
     </span>
    </p>
   </div>
   <div class='ocr_carea' id='block_1_39' title="bbox 429 3306 2078 3384">
    <p class='ocr_par' dir='ltr' id='par_1_39' title="bbox 429 3306 2078 3384">
     <span class='ocr_line' id='line_1_39' title="bbox 429 3306 2078 3384; baseline 0.002 -18"><span class='ocrx_word' id='word_1_244' title='bbox 429 3306 568 3384; x_wconf 14' lang='lat' dir='ltr'>tibi,</span> <span class='ocrx_word' id='word_1_245' title='bbox 635 3306 925 3382; x_wconf 92' lang='lat' dir='ltr'>prodero,</span> <span class='ocrx_word' id='word_1_246' title='bbox 996 3309 1045 3364; x_wconf 87' lang='lat' dir='ltr'>si</span> <span class='ocrx_word' id='word_1_247' title='bbox 1101 3325 1216 3383; x_wconf 85' lang='lat' dir='ltr'>ego</span> <span class='ocrx_word' id='word_1_248' title='bbox 1301 3306 1696 3384; x_wconf 86' lang='lat' dir='ltr'>peccavero?</span> <span class='ocrx_word' id='word_1_249' title='bbox 1741 3311 1958 3384; x_wconf 86' lang='lat' dir='ltr'>itaque</span> <span class='ocrx_word' id='word_1_250' title='bbox 2017 3315 2078 3369; x_wconf 90' lang='lat' dir='ltr'>et</span> 
     </span>
    </p>
   </div>
   <div class='ocr_carea' id='block_1_40' title="bbox 429 3383 1908 3447">
    <p class='ocr_par' dir='ltr' id='par_1_40' title="bbox 429 3383 1908 3447">
     <span class='ocr_line' id='line_1_40' title="bbox 429 3383 1908 3447; baseline 0 -15"><span class='ocrx_word' id='word_1_251' title='bbox 429 3383 575 3446; x_wconf 91' lang='lat' dir='ltr'>quod</span> <span class='ocrx_word' id='word_1_252' title='bbox 607 3396 719 3445; x_wconf 90' lang='lat' dir='ltr'>npn</span> <span class='ocrx_word' id='word_1_253' title='bbox 751 3388 1041 3445; x_wconf 90' lang='lat' dir='ltr'>potuerunt</span> <span class='ocrx_word' id='word_1_254' title='bbox 1071 3386 1114 3433; x_wconf 91' lang='lat' dir='ltr'>ei</span> <span class='ocrx_word' id='word_1_255' title='bbox 1145 3383 1534 3434; x_wconf 83' lang='lat' dir='ltr'>rationabiliter</span> <span class='ocrx_word' id='word_1_256' title='bbox 1566 3383 1908 3447; x_wconf 81' lang='lat' dir='ltr'>respondere.</span> 
     </span>
    </p>
   </div>
   <div class='ocr_carea' id='block_1_41' title="bbox 426 3447 2077 3525">
    <p class='ocr_par' dir='ltr' id='par_1_41' title="bbox 426 3447 2077 3525">
     <span class='ocr_line' id='line_1_41' title="bbox 426 3447 2077 3525; baseline 0.001 -18"><span class='ocrx_word' id='word_1_257' title='bbox 426 3465 543 3525; x_wconf 86' lang='lat' dir='ltr'>ego</span> <span class='ocrx_word' id='word_1_258' title='bbox 605 3447 994 3524; x_wconf 89' lang='lat' dir='ltr'>respondebo</span> <span class='ocrx_word' id='word_1_259' title='bbox 1065 3448 1458 3508; x_wconf 89' lang='lat' dir='ltr'>sermonibus</span> <span class='ocrx_word' id='word_1_260' title='bbox 1516 3449 1665 3519; x_wconf 86' lang='lat' dir='ltr'>tuis,</span> <span class='ocrx_word' id='word_1_261' title='bbox 1746 3455 1807 3508; x_wconf 91' lang='lat' dir='ltr'>et</span> <span class='ocrx_word' id='word_1_262' title='bbox 1860 3449 2077 3510; x_wconf 89' lang='lat' dir='ltr'>amicis</span> 
     </span>
    </p>
   </div>
   <div class='ocr_carea' id='block_1_42' title="bbox 676 3527 2074 3591">
    <p class='ocr_par' dir='ltr' id='par_1_42' title="bbox 676 3527 2074 3591">
     <span class='ocr_line' id='line_1_42' title="bbox 676 3527 2074 3591; baseline 0.004 -17"><span class='ocrx_word' id='word_1_263' title='bbox 676 3527 783 3574; x_wconf 81' lang='lat' dir='ltr'>Hoc</span> <span class='ocrx_word' id='word_1_264' title='bbox 811 3527 884 3575; x_wconf 87' lang='lat' dir='ltr'>ait</span> <span class='ocrx_word' id='word_1_265' title='bbox 904 3527 1037 3588; x_wconf 89' lang='lat' dir='ltr'>Elin,</span> <span class='ocrx_word' id='word_1_266' title='bbox 1070 3529 1161 3591; x_wconf 89' lang='lat' dir='ltr'>qui</span> <span class='ocrx_word' id='word_1_267' title='bbox 1195 3528 1357 3576; x_wconf 90' lang='lat' dir='ltr'>Deum</span> <span class='ocrx_word' id='word_1_268' title='bbox 1390 3528 1734 3590; x_wconf 85' lang='lat' dir='ltr'>corporaliter</span> <span class='ocrx_word' id='word_1_269' title='bbox 1757 3529 1885 3576; x_wconf 90' lang='lat' dir='ltr'>locis</span> <span class='ocrx_word' id='word_1_270' title='bbox 1904 3533 2074 3580; x_wconf 85' lang='lat' dir='ltr'>teneri</span> 
     </span>
    </p>
   </div>
   <div class='ocr_carea' id='block_1_43' title="bbox 424 3588 2076 3670">
    <p class='ocr_par' dir='ltr' id='par_1_43' title="bbox 424 3588 2076 3670">
     <span class='ocr_line' id='line_1_43' title="bbox 424 3588 2076 3670; baseline 0.004 -23"><span class='ocrx_word' id='word_1_271' title='bbox 424 3588 549 3670; x_wconf 77' lang='lat' dir='ltr'>tuis</span> <span class='ocrx_word' id='word_1_272' title='bbox 625 3595 854 3670; x_wconf 86' lang='lat' dir='ltr'>tecum.</span> <span class='ocrx_word' id='word_1_273' title='bbox 934 3588 1202 3670; x_wconf 80' lang='lat' dir='ltr'>Suspice</span> <span class='ocrx_word' id='word_1_274' title='bbox 1280 3588 1506 3650; x_wconf 75' lang='lat' dir='ltr'>coelum</span> <span class='ocrx_word' id='word_1_275' title='bbox 1568 3598 1628 3650; x_wconf 86' lang='lat' dir='ltr'>et</span> <span class='ocrx_word' id='word_1_276' title='bbox 1676 3591 1952 3663; x_wconf 91' lang='lat' dir='ltr'>intuere,</span> <span class='ocrx_word' id='word_1_277' title='bbox 2015 3605 2076 3654; x_wconf 90' lang='lat' dir='ltr'>et</span> 
     </span>
    </p>
   </div>
   <div class='ocr_carea' id='block_1_44' title="bbox 423 3667 2075 3732">
    <p class='ocr_par' dir='ltr' id='par_1_44' title="bbox 423 3667 2075 3732">
     <span class='ocr_line' id='line_1_44' title="bbox 423 3667 2075 3732; baseline 0.002 -14"><span class='ocrx_word' id='word_1_278' title='bbox 423 3667 946 3732; x_wconf 85' lang='lat' dir='ltr'>arbitrabatur.quod</span> <span class='ocrx_word' id='word_1_279' title='bbox 958 3671 1012 3718; x_wconf 91' lang='lat' dir='ltr'>in</span> <span class='ocrx_word' id='word_1_280' title='bbox 1027 3667 1087 3719; x_wconf 69' lang='lat' dir='ltr'>ei:</span> <span class='ocrx_word' id='word_1_281' title='bbox 1096 3671 1248 3719; x_wconf 86' lang='lat' dir='ltr'>celsis</span> <span class='ocrx_word' id='word_1_282' title='bbox 1259 3673 1346 3718; x_wconf 87' lang='lat' dir='ltr'>tan</span> <span class='ocrx_word' id='word_1_283' title='bbox 1357 3675 1467 3718; x_wconf 89' lang='lat' dir='ltr'>tum</span> <span class='ocrx_word' id='word_1_284' title='bbox 1479 3675 1849 3720; x_wconf 90' lang='lat' dir='ltr'>commoretur.</span> <span class='ocrx_word' id='word_1_285' title='bbox 1861 3672 1934 3720; x_wconf 82' lang='lat' dir='ltr'>Ac</span> <span class='ocrx_word' id='word_1_286' title='bbox 1944 3673 1987 3719; x_wconf 89' lang='lat' dir='ltr'>si</span> <span class='ocrx_word' id='word_1_287' title='bbox 1999 3673 2075 3722; x_wconf 92' lang='lat' dir='ltr'>di-</span> 
     </span>
    </p>
   </div>
   <div class='ocr_carea' id='block_1_45' title="bbox 426 3731 2073 3812">
    <p class='ocr_par' dir='ltr' id='par_1_45' title="bbox 426 3731 2073 3812">
     <span class='ocr_line' id='line_1_45' title="bbox 426 3731 2073 3812; baseline 0.004 -22"><span class='ocrx_word' id='word_1_288' title='bbox 426 3731 856 3812; x_wconf 85' lang='lat' dir='ltr'>contemplarc</span> <span class='ocrx_word' id='word_1_289' title='bbox 888 3733 1146 3806; x_wconf 80' lang='lat' dir='ltr'>aethera,</span> <span class='ocrx_word' id='word_1_290' title='bbox 1181 3733 1351 3812; x_wconf 93' lang='lat' dir='ltr'>quod</span> <span class='ocrx_word' id='word_1_291' title='bbox 1380 3734 1566 3793; x_wconf 80' lang='lat' dir='ltr'>altior</span> <span class='ocrx_word' id='word_1_292' title='bbox 1597 3740 1656 3794; x_wconf 91' lang='lat' dir='ltr'>te</span> <span class='ocrx_word' id='word_1_293' title='bbox 1686 3735 1784 3794; x_wconf 86' lang='lat' dir='ltr'>sit.</span> <span class='ocrx_word' id='word_1_294' title='bbox 1818 3735 1881 3794; x_wconf 90' lang='lat' dir='ltr'>Si</span> <span class='ocrx_word' id='word_1_295' title='bbox 1933 3754 2073 3812; x_wconf 89' lang='lat' dir='ltr'>pec-</span> 
     </span>
    </p>
   </div>
   <div class='ocr_carea' id='block_1_46' title="bbox 426 3811 2068 3877">
    <p class='ocr_par' dir='ltr' id='par_1_46' title="bbox 426 3811 2068 3877">
     <span class='ocr_line' id='line_1_46' title="bbox 426 3811 2068 3877; baseline 0.002 -17"><span class='ocrx_word' id='word_1_296' title='bbox 426 3811 725 3860; x_wconf 86' lang='lat' dir='ltr'>ceret:Non</span> <span class='ocrx_word' id='word_1_297' title='bbox 747 3813 972 3871; x_wconf 85' lang='lat' dir='ltr'>enim,te</span> <span class='ocrx_word' id='word_1_298' title='bbox 986 3811 1260 3875; x_wconf 82' lang='lat' dir='ltr'>peccante,</span> <span class='ocrx_word' id='word_1_299' title='bbox 1291 3814 1397 3862; x_wconf 90' lang='lat' dir='ltr'>Deo</span> <span class='ocrx_word' id='word_1_300' title='bbox 1411 3813 1609 3877; x_wconf 84' lang='lat' dir='ltr'>aliquid</span> <span class='ocrx_word' id='word_1_301' title='bbox 1623 3812 1802 3861; x_wconf 88' lang='lat' dir='ltr'>damni</span> <span class='ocrx_word' id='word_1_302' title='bbox 1829 3811 2068 3864; x_wconf 78' lang='lat' dir='ltr'>infertur.</span> 
     </span>
    </p>
   </div>
   <div class='ocr_carea' id='block_1_47' title="bbox 1425 3876 2071 3939">
    <p class='ocr_par' dir='ltr' id='par_1_47' title="bbox 1425 3876 2071 3939">
     <span class='ocr_line' id='line_1_47' title="bbox 1425 3876 2071 3939; baseline 0.005 -15"><span class='ocrx_word' id='word_1_303' title='bbox 1425 3876 1552 3924; x_wconf 87' lang='lat' dir='ltr'>Vera</span> <span class='ocrx_word' id='word_1_304' title='bbox 1573 3881 1754 3924; x_wconf 87' lang='lat' dir='ltr'>tamen</span> <span class='ocrx_word' id='word_1_305' title='bbox 1784 3879 1924 3932; x_wconf 88' lang='lat' dir='ltr'>sunt,</span> <span class='ocrx_word' id='word_1_306' title='bbox 1953 3891 2071 3939; x_wconf 76' lang='lat' dir='ltr'>quae</span> 
     </span>
    </p>
   </div>
   <div class='ocr_carea' id='block_1_48' title="bbox 423 3936 2069 4016">
    <p class='ocr_par' dir='ltr' id='par_1_48' title="bbox 423 3936 2069 4016">
     <span class='ocr_line' id='line_1_48' title="bbox 423 3936 2069 4016; baseline 0.004 -23"><span class='ocrx_word' id='word_1_307' title='bbox 423 3936 685 4016; x_wconf 86' lang='lat' dir='ltr'>caveris,</span> <span class='ocrx_word' id='word_1_308' title='bbox 735 3938 882 4016; x_wconf 88' lang='lat' dir='ltr'>quid</span> <span class='ocrx_word' id='word_1_309' title='bbox 941 3939 996 3996; x_wconf 89' lang='lat' dir='ltr'>ei</span> <span class='ocrx_word' id='word_1_310' title='bbox 1056 3939 1365 3997; x_wconf 81' lang='lat' dir='ltr'>nocebis?</span> <span class='ocrx_word' id='word_1_311' title='bbox 1436 3947 1497 3997; x_wconf 89' lang='lat' dir='ltr'>et</span> <span class='ocrx_word' id='word_1_312' title='bbox 1546 3940 1594 3997; x_wconf 88' lang='lat' dir='ltr'>si</span> <span class='ocrx_word' id='word_1_313' title='bbox 1637 3936 2069 4016; x_wconf 66' lang='lat' dir='ltr'>multiplicata:</span> 
     </span>
    </p>
   </div>
   <div class='ocr_carea' id='block_1_49' title="bbox 420 4013 2066 4079">
    <p class='ocr_par' dir='ltr' id='par_1_49' title="bbox 420 4013 2066 4079">
     <span class='ocr_line' id='line_1_49' title="bbox 420 4013 2066 4079; baseline 0.004 -18"><span class='ocrx_word' id='word_1_314' title='bbox 420 4013 694 4079; x_wconf 84' lang='lat' dir='ltr'>dicuntur,</span> <span class='ocrx_word' id='word_1_315' title='bbox 709 4015 854 4076; x_wconf 90' lang='lat' dir='ltr'>quod</span> <span class='ocrx_word' id='word_1_316' title='bbox 870 4016 1119 4066; x_wconf 83' lang='lat' dir='ltr'>videlicet</span> <span class='ocrx_word' id='word_1_317' title='bbox 1139 4018 1248 4066; x_wconf 88' lang='lat' dir='ltr'>Deo</span> <span class='ocrx_word' id='word_1_318' title='bbox 1266 4031 1366 4065; x_wconf 94' lang='lat' dir='ltr'>nec</span> <span class='ocrx_word' id='word_1_319' title='bbox 1396 4022 1612 4079; x_wconf 87' lang='lat' dir='ltr'>peccata</span> <span class='ocrx_word' id='word_1_320' title='bbox 1625 4022 1808 4066; x_wconf 87' lang='lat' dir='ltr'>nostra</span> <span class='ocrx_word' id='word_1_321' title='bbox 1821 4013 2022 4068; x_wconf 78' lang='lat' dir='ltr'>nocean</span> <span class='ocrx_word' id='word_1_322' title='bbox 2032 4026 2066 4077; x_wconf 89' lang='lat' dir='ltr'>t,</span> 
     </span>
    </p>
   </div>
   <div class='ocr_carea' id='block_1_50' title="bbox 418 4077 2068 4148">
    <p class='ocr_par' dir='ltr' id='par_1_50' title="bbox 418 4077 2068 4148">
     <span class='ocr_line' id='line_1_50' title="bbox 418 4077 2068 4148; baseline 0.004 -24"><span class='ocrx_word' id='word_1_323' title='bbox 418 4089 518 4148; x_wconf 84' lang='lat' dir='ltr'>nec</span> <span class='ocrx_word' id='word_1_324' title='bbox 547 4077 684 4148; x_wconf 78' lang='lat' dir='ltr'>bene</span> <span class='ocrx_word' id='word_1_325' title='bbox 716 4082 864 4148; x_wconf 79' lang='lat' dir='ltr'>gesta</span> <span class='ocrx_word' id='word_1_326' title='bbox 893 4084 1232 4148; x_wconf 76' lang='lat' dir='ltr'>concurrant.</span> <span class='ocrx_word' id='word_1_327' title='bbox 1268 4080 1317 4128; x_wconf 92' lang='lat' dir='ltr'>Si</span> <span class='ocrx_word' id='word_1_328' title='bbox 1351 4077 1465 4129; x_wconf 81' lang='lat' dir='ltr'>vult</span> <span class='ocrx_word' id='word_1_329' title='bbox 1495 4085 1546 4129; x_wconf 90' lang='lat' dir='ltr'>te</span> <span class='ocrx_word' id='word_1_330' title='bbox 1579 4080 1777 4139; x_wconf 86' lang='lat' dir='ltr'>ulcisci,</span> <span class='ocrx_word' id='word_1_331' title='bbox 1807 4083 2068 4145; x_wconf 90' lang='lat' dir='ltr'>numquid</span> 
     </span>
    </p>
   </div>
   <div class='ocr_carea' id='block_1_51' title="bbox 456 4141 2074 4189">
    <p class='ocr_par' dir='ltr' id='par_1_51' title="bbox 456 4141 2074 4189">
     <span class='ocr_line' id='line_1_51' title="bbox 456 4141 2074 4189; baseline 0.002 -2"><span class='ocrx_word' id='word_1_332' title='bbox 456 4141 617 4188; x_wconf 88' lang='lat' dir='ltr'>cteris</span> <span class='ocrx_word' id='word_1_333' title='bbox 652 4141 919 4189; x_wconf 88' lang='lat' dir='ltr'>contraire</span> <span class='ocrx_word' id='word_1_334' title='bbox 933 4143 956 4188; x_wconf 72' lang='lat'>‘2</span> <span class='ocrx_word' id='word_1_335' title='bbox 1957 4141 1972 4145; x_wconf 71' lang='grc'><strong><em>“</em></strong></span> <span class='ocrx_word' id='word_1_336' title='bbox 2069 4145 2074 4148; x_wconf 87' lang='grc'><em>’</em></span> 
     </span>
    </p>
   </div>
   <div class='ocr_carea' id='block_1_52' title="bbox 446 4203 2068 4282">
    <p class='ocr_par' dir='ltr' id='par_1_52' title="bbox 446 4203 2068 4282">
     <span class='ocr_line' id='line_1_52' title="bbox 446 4203 2068 4282; baseline 0.003 -21"><span class='ocrx_word' id='word_1_337' title='bbox 446 4203 650 4261; x_wconf 87' lang='lat' dir='ltr'>ueriut</span> <span class='ocrx_word' id='word_1_338' title='bbox 726 4203 1091 4280; x_wconf 88' lang='lat' dir='ltr'>iniquitates</span> <span class='ocrx_word' id='word_1_339' title='bbox 1167 4209 1311 4274; x_wconf 81' lang='lat' dir='ltr'>tuae,</span> <span class='ocrx_word' id='word_1_340' title='bbox 1375 4205 1527 4282; x_wconf 89' lang='lat' dir='ltr'>quid</span> <span class='ocrx_word' id='word_1_341' title='bbox 1603 4206 1790 4265; x_wconf 81' lang='lat' dir='ltr'>facies</span> <span class='ocrx_word' id='word_1_342' title='bbox 1849 4214 2068 4267; x_wconf 86' lang='lat' dir='ltr'>contra</span> 
     </span>
    </p>
   </div>
   <div class='ocr_carea' id='block_1_53' title="bbox 541 4281 2067 4347">
    <p class='ocr_par' dir='ltr' id='par_1_53' title="bbox 541 4281 2067 4347">
     <span class='ocr_line' id='line_1_53' title="bbox 541 4281 2067 4347; baseline 0.005 -20"><span class='ocrx_word' id='word_1_343' title='bbox 541 4281 794 4347; x_wconf 77' lang='lat' dir='ltr'>Quamvis</span> <span class='ocrx_word' id='word_1_344' title='bbox 824 4283 980 4332; x_wconf 86' lang='lat' dir='ltr'>beato</span> <span class='ocrx_word' id='word_1_345' title='bbox 1007 4283 1107 4332; x_wconf 82' lang='lat' dir='ltr'>Job</span> <span class='ocrx_word' id='word_1_346' title='bbox 1125 4283 1312 4333; x_wconf 86' lang='lat' dir='ltr'>scienti</span> <span class='ocrx_word' id='word_1_347' title='bbox 1343 4281 1564 4346; x_wconf 82' lang='lat' dir='ltr'>majora,</span> <span class='ocrx_word' id='word_1_348' title='bbox 1596 4299 1933 4347; x_wconf 85' lang='lat' dir='ltr'>nequaquam</span> <span class='ocrx_word' id='word_1_349' title='bbox 1964 4287 2067 4336; x_wconf 87' lang='lat' dir='ltr'>dici</span> 
     </span>
    </p>
   </div>
   <div class='ocr_carea' id='block_1_54' title="bbox 416 4342 871 4395">
    <p class='ocr_par' dir='ltr' id='par_1_54' title="bbox 416 4342 871 4395">
     <span class='ocr_line' id='line_1_54' title="bbox 416 4342 871 4395; baseline 0.002 -4"><span class='ocrx_word' id='word_1_350' title='bbox 416 4342 516 4391; x_wconf 87' lang='lat' dir='ltr'>ista</span> <span class='ocrx_word' id='word_1_351' title='bbox 545 4343 871 4395; x_wconf 88' lang='lat' dir='ltr'>debuerunt.</span> 
     </span>
    </p>
   </div>
   <div class='ocr_carea' id='block_1_55' title="bbox 413 4407 2068 4486">
    <p class='ocr_par' dir='ltr' id='par_1_55' title="bbox 413 4407 2068 4486">
     <span class='ocr_line' id='line_1_55' title="bbox 413 4407 2068 4486; baseline 0.004 -21"><span class='ocrx_word' id='word_1_352' title='bbox 413 4423 555 4486; x_wconf 77' lang='lat' dir='ltr'>cum</span> <span class='ocrx_word' id='word_1_353' title='bbox 587 4407 838 4486; x_wconf 12' lang='lat' dir='ltr'>?7Porro</span> <span class='ocrx_word' id='word_1_354' title='bbox 890 4408 940 4466; x_wconf 89' lang='lat' dir='ltr'>si</span> <span class='ocrx_word' id='word_1_355' title='bbox 991 4407 1158 4485; x_wconf 86' lang='lat' dir='ltr'>juste</span> <span class='ocrx_word' id='word_1_356' title='bbox 1207 4409 1427 4486; x_wconf 86' lang='lat' dir='ltr'>egeris,</span> <span class='ocrx_word' id='word_1_357' title='bbox 1474 4409 1626 4486; x_wconf 88' lang='lat' dir='ltr'>quid</span> <span class='ocrx_word' id='word_1_358' title='bbox 1672 4409 1936 4469; x_wconf 87' lang='lat' dir='ltr'>donabis</span> <span class='ocrx_word' id='word_1_359' title='bbox 1957 4411 2068 4471; x_wconf 88' lang='lat' dir='ltr'>ei?</span> 
     </span>
    </p>
   </div>
   <div class='ocr_carea' id='block_1_56' title="bbox 411 4485 2061 4552">
    <p class='ocr_par' dir='ltr' id='par_1_56' title="bbox 411 4485 2061 4552">
     <span class='ocr_line' id='line_1_56' title="bbox 411 4485 2061 4552; baseline 0.003 -19"><span class='ocrx_word' id='word_1_360' title='bbox 411 4485 480 4534; x_wconf 88' lang='lat' dir='ltr'>Ut</span> <span class='ocrx_word' id='word_1_361' title='bbox 494 4485 655 4552; x_wconf 83' lang='lat' dir='ltr'>David</span> <span class='ocrx_word' id='word_1_362' title='bbox 669 4487 740 4552; x_wconf 81' lang='lat' dir='ltr'>ait</span> <span class='ocrx_word' id='word_1_363' title='bbox 752 4488 818 4552; x_wconf 81' lang='lat' dir='ltr'>ad</span> <span class='ocrx_word' id='word_1_364' title='bbox 844 4488 1039 4535; x_wconf 86' lang='lat' dir='ltr'>Deum:</span> <span class='ocrx_word' id='word_1_365' title='bbox 1062 4488 1316 4536; x_wconf 76' lang='lat' dir='ltr'>Bonorum</span> <span class='ocrx_word' id='word_1_366' title='bbox 1331 4485 1556 4537; x_wconf 74' lang='lat' dir='ltr'>meor/im</span> <span class='ocrx_word' id='word_1_367' title='bbox 1576 4503 1676 4537; x_wconf 86' lang='lat' dir='ltr'>non</span> <span class='ocrx_word' id='word_1_368' title='bbox 1700 4502 1831 4552; x_wconf 80' lang='lat' dir='ltr'>eges.</span> <span class='ocrx_word' id='word_1_369' title='bbox 1847 4489 1944 4547; x_wconf 88' lang='lat' dir='ltr'>Qui</span> <span class='ocrx_word' id='word_1_370' title='bbox 1967 4491 2061 4538; x_wconf 89' lang='lat' dir='ltr'>im-</span> 
     </span>
    </p>
   </div>
   <div class='ocr_carea' id='block_1_57' title="bbox 409 4549 2061 4630">
    <p class='ocr_par' dir='ltr' id='par_1_57' title="bbox 409 4549 2061 4630">
     <span class='ocr_line' id='line_1_57' title="bbox 409 4549 2061 4630; baseline 0.002 -22"><span class='ocrx_word' id='word_1_371' title='bbox 409 4555 523 4630; x_wconf 83' lang='lat' dir='ltr'>aut</span> <span class='ocrx_word' id='word_1_372' title='bbox 553 4549 703 4626; x_wconf 90' lang='lat' dir='ltr'>quid</span> <span class='ocrx_word' id='word_1_373' title='bbox 736 4551 812 4608; x_wconf 90' lang='lat' dir='ltr'>de</span> <span class='ocrx_word' id='word_1_374' title='bbox 871 4569 1060 4610; x_wconf 91' lang='lat' dir='ltr'>manu</span> <span class='ocrx_word' id='word_1_375' title='bbox 1120 4559 1227 4610; x_wconf 90' lang='lat' dir='ltr'>tuo</span> <span class='ocrx_word' id='word_1_376' title='bbox 1285 4551 1599 4629; x_wconf 81' lang='lat' dir='ltr'>accipiet?</span> <span class='ocrx_word' id='word_1_377' title='bbox 1656 4549 1904 4611; x_wconf 75' lang='lat' dir='ltr'>Hdmini</span> <span class='ocrx_word' id='word_1_378' title='bbox 1954 4555 2061 4630; x_wconf 89' lang='lat' dir='ltr'>qui</span> 
     </span>
    </p>
   </div>
   <div class='ocr_carea' id='block_1_58' title="bbox 407 4626 2060 4691">
    <p class='ocr_par' dir='ltr' id='par_1_58' title="bbox 407 4626 2060 4691">
     <span class='ocr_line' id='line_1_58' title="bbox 407 4626 2060 4691; baseline 0.004 -16"><span class='ocrx_word' id='word_1_379' title='bbox 407 4626 663 4691; x_wconf 86' lang='lat' dir='ltr'>pietatem</span> <span class='ocrx_word' id='word_1_380' title='bbox 677 4633 820 4677; x_wconf 85' lang='lat' dir='ltr'>tuam</span> <span class='ocrx_word' id='word_1_381' title='bbox 835 4631 1113 4678; x_wconf 61' lang='lat' dir='ltr'>tumulatus</span> <span class='ocrx_word' id='word_1_382' title='bbox 1128 4631 1301 4688; x_wconf 90' lang='lat' dir='ltr'>fuerit,</span> <span class='ocrx_word' id='word_1_383' title='bbox 1325 4630 1399 4679; x_wconf 90' lang='lat' dir='ltr'>illi</span> <span class='ocrx_word' id='word_1_384' title='bbox 1414 4626 1641 4679; x_wconf 78' lang='lat' dir='ltr'>nocebit.</span> <span class='ocrx_word' id='word_1_385' title='bbox 1741 4626 1989 4680; x_wconf 72' lang='lat' dir='ltr'>Similiter</span> <span class='ocrx_word' id='word_1_386' title='bbox 2008 4637 2060 4682; x_wconf 91' lang='lat' dir='ltr'>et</span> 
     </span>
    </p>
   </div>
   <div class='ocr_carea' id='block_1_59' title="bbox 407 4690 2050 4770">
    <p class='ocr_par' dir='ltr' id='par_1_59' title="bbox 407 4690 2050 4770">
     <span class='ocr_line' id='line_1_59' title="bbox 407 4690 2050 4770; baseline 0.003 -20"><span class='ocrx_word' id='word_1_387' title='bbox 407 4690 628 4770; x_wconf 74' lang='lat' dir='ltr'>Similis</span> <span class='ocrx_word' id='word_1_388' title='bbox 687 4693 776 4751; x_wconf 90' lang='lat' dir='ltr'>tui</span> <span class='ocrx_word' id='word_1_389' title='bbox 833 4700 946 4764; x_wconf 85' lang='lat' dir='ltr'>est,</span> <span class='ocrx_word' id='word_1_390' title='bbox 985 4693 1232 4753; x_wconf 87' lang='lat' dir='ltr'>nocebit</span> <span class='ocrx_word' id='word_1_391' title='bbox 1277 4695 1567 4770; x_wconf 89' lang='lat' dir='ltr'>impietas</span> <span class='ocrx_word' id='word_1_392' title='bbox 1598 4701 1728 4764; x_wconf 91' lang='lat' dir='ltr'>tua,</span> <span class='ocrx_word' id='word_1_393' title='bbox 1763 4701 1824 4754; x_wconf 90' lang='lat' dir='ltr'>et</span> <span class='ocrx_word' id='word_1_394' title='bbox 1853 4694 2050 4755; x_wconf 86' lang='lat' dir='ltr'>filium</span> 
     </span>
    </p>
   </div>
   <div class='ocr_carea' id='block_1_60' title="bbox 408 4769 2054 4836">
    <p class='ocr_par' dir='ltr' id='par_1_60' title="bbox 408 4769 2054 4836">
     <span class='ocr_line' id='line_1_60' title="bbox 408 4769 2054 4836; baseline 0.003 -18"><span class='ocrx_word' id='word_1_395' title='bbox 408 4769 771 4836; x_wconf 76' lang='lat' dir='ltr'>guijustitiam</span> <span class='ocrx_word' id='word_1_396' title='bbox 786 4773 1043 4836; x_wconf 86' lang='lat' dir='ltr'>sequitur,</span> <span class='ocrx_word' id='word_1_397' title='bbox 1056 4773 1201 4821; x_wconf 85' lang='lat' dir='ltr'>illum</span> <span class='ocrx_word' id='word_1_398' title='bbox 1213 4769 1397 4835; x_wconf 83' lang='lat' dir='ltr'>justita</span> <span class='ocrx_word' id='word_1_399' title='bbox 1409 4773 1698 4836; x_wconf 85' lang='lat' dir='ltr'>adjuvabit.</span> <span class='ocrx_word' id='word_1_400' title='bbox 1713 4774 1820 4822; x_wconf 88' lang='lat' dir='ltr'>Sub</span> <span class='ocrx_word' id='word_1_401' title='bbox 1835 4774 1930 4823; x_wconf 89' lang='lat' dir='ltr'>hac</span> <span class='ocrx_word' id='word_1_402' title='bbox 1941 4775 2054 4836; x_wconf 89' lang='lat' dir='ltr'>plu-</span> 
     </span>
    </p>
   </div>
   <div class='ocr_carea' id='block_1_61' title="bbox 405 4831 2050 4913">
    <p class='ocr_par' dir='ltr' id='par_1_61' title="bbox 405 4831 2050 4913">
     <span class='ocr_line' id='line_1_61' title="bbox 405 4831 2050 4913; baseline 0.002 -22"><span class='ocrx_word' id='word_1_403' title='bbox 405 4831 680 4913; x_wconf 80' lang='lat' dir='ltr'>hominis</span> <span class='ocrx_word' id='word_1_404' title='bbox 729 4831 1056 4911; x_wconf 84' lang='lat' dir='ltr'>adjuvabit</span> <span class='ocrx_word' id='word_1_405' title='bbox 1106 4831 1352 4912; x_wconf 76' lang='lat' dir='ltr'>justitia</span> <span class='ocrx_word' id='word_1_406' title='bbox 1409 4831 1538 4905; x_wconf 78' lang='lat' dir='ltr'>tua,</span> <span class='ocrx_word' id='word_1_407' title='bbox 1585 4843 1844 4913; x_wconf 90' lang='lat' dir='ltr'>propter</span> <span class='ocrx_word' id='word_1_408' title='bbox 1889 4831 2050 4897; x_wconf 50' lang='lat' dir='ltr'>m&#39;ul-</span> 
     </span>
    </p>
   </div>
   <div class='ocr_carea' id='block_1_62' title="bbox 405 4912 2050 4976">
    <p class='ocr_par' dir='ltr' id='par_1_62' title="bbox 405 4912 2050 4976">
     <span class='ocr_line' id='line_1_62' title="bbox 405 4912 2050 4976; baseline 0.002 -15"><span class='ocrx_word' id='word_1_409' title='bbox 405 4912 618 4976; x_wconf 85' lang='lat' dir='ltr'>ralitate</span> <span class='ocrx_word' id='word_1_410' title='bbox 648 4912 1026 4976; x_wconf 83' lang='lat' dir='ltr'>disputationis</span> <span class='ocrx_word' id='word_1_411' title='bbox 1056 4929 1164 4964; x_wconf 64' lang='lat' dir='ltr'>sure</span> <span class='ocrx_word' id='word_1_412' title='bbox 1195 4915 1306 4963; x_wconf 88' lang='lat' dir='ltr'>Elin</span> <span class='ocrx_word' id='word_1_413' title='bbox 1340 4912 1716 4964; x_wconf 25' lang='lat' dir='ltr'>sanctum’Job’</span> <span class='ocrx_word' id='word_1_414' title='bbox 1739 4916 1931 4964; x_wconf 89' lang='lat' dir='ltr'>talibus</span> <span class='ocrx_word' id='word_1_415' title='bbox 1963 4918 2050 4965; x_wconf 90' lang='lat' dir='ltr'>ad-</span> 
     </span>
    </p>
   </div>
   <div class='ocr_carea' id='block_1_63' title="bbox 411 4975 2046 5057">
    <p class='ocr_par' dir='ltr' id='par_1_63' title="bbox 411 4975 2046 5057">
     <span class='ocr_line' id='line_1_63' title="bbox 411 4975 2046 5057; baseline 0.002 -23"><span class='ocrx_word' id='word_1_416' title='bbox 411 4975 745 5057; x_wconf 86' lang='lat' dir='ltr'>titudinem</span> <span class='ocrx_word' id='word_1_417' title='bbox 804 4978 1328 5038; x_wconf 86' lang='lat' dir='ltr'>calumniatorum</span> <span class='ocrx_word' id='word_1_418' title='bbox 1376 4979 1761 5049; x_wconf 90' lang='lat' dir='ltr'>clamabunt,</span> <span class='ocrx_word' id='word_1_419' title='bbox 1824 4987 1885 5039; x_wconf 91' lang='lat' dir='ltr'>et</span> <span class='ocrx_word' id='word_1_420' title='bbox 1913 4980 2046 5057; x_wconf 85' lang='lat' dir='ltr'>eju-</span> 
     </span>
    </p>
   </div>
   <div class='ocr_carea' id='block_1_64' title="bbox 402 5055 2049 5121">
    <p class='ocr_par' dir='ltr' id='par_1_64' title="bbox 402 5055 2049 5121">
     <span class='ocr_line' id='line_1_64' title="bbox 402 5055 2049 5121; baseline 0.002 -18"><span class='ocrx_word' id='word_1_421' title='bbox 402 5055 616 5121; x_wconf 72' lang='lat' dir='ltr'>miscet;</span> <span class='ocrx_word' id='word_1_422' title='bbox 644 5057 823 5121; x_wconf 86' lang='lat' dir='ltr'>eisque</span> <span class='ocrx_word' id='word_1_423' title='bbox 845 5057 1069 5106; x_wconf 87' lang='lat' dir='ltr'>similem</span> <span class='ocrx_word' id='word_1_424' title='bbox 1092 5057 1293 5106; x_wconf 86' lang='lat' dir='ltr'>indicat</span> <span class='ocrx_word' id='word_1_425' title='bbox 1315 5073 1326 5106; x_wconf 90' lang='lat'>:</span> <span class='ocrx_word' id='word_1_426' title='bbox 1352 5058 1760 5107; x_wconf 86' lang='lat' dir='ltr'>calumniatores</span> <span class='ocrx_word' id='word_1_427' title='bbox 1791 5063 1842 5107; x_wconf 87' lang='lat' dir='ltr'>et</span> <span class='ocrx_word' id='word_1_428' title='bbox 1871 5055 2049 5121; x_wconf 78' lang='lat' dir='ltr'>tyran-</span> 
     </span>
    </p>
   </div>
   <div class='ocr_carea' id='block_1_65' title="bbox 403 5119 1306 5182">
    <p class='ocr_par' dir='ltr' id='par_1_65' title="bbox 403 5119 1306 5182">
     <span class='ocr_line' id='line_1_65' title="bbox 403 5119 1306 5182; baseline 0.004 -18"><span class='ocrx_word' id='word_1_429' title='bbox 403 5130 502 5182; x_wconf 76' lang='lat' dir='ltr'>nos</span> <span class='ocrx_word' id='word_1_430' title='bbox 534 5119 746 5182; x_wconf 89' lang='lat' dir='ltr'>iniquos</span> <span class='ocrx_word' id='word_1_431' title='bbox 777 5119 1027 5168; x_wconf 87' lang='lat' dir='ltr'>homines</span> <span class='ocrx_word' id='word_1_432' title='bbox 1057 5121 1306 5182; x_wconf 89' lang='lat' dir='ltr'>appellat.</span> 
     </span>
    </p>
   </div>
   <div class='ocr_carea' id='block_1_66' title="bbox 404 5179 2046 5273">
    <p class='ocr_par' dir='ltr' id='par_1_66' title="bbox 404 5179 2046 5273">
     <span class='ocr_line' id='line_1_66' title="bbox 404 5179 2046 5273; baseline 0.002 -33"><span class='ocrx_word' id='word_1_433' title='bbox 404 5179 654 5273; x_wconf 50' lang='lat' dir='ltr'>labant&quot;</span> <span class='ocrx_word' id='word_1_434' title='bbox 724 5190 988 5273; x_wconf 81' lang='lat' dir='ltr'>propter</span> <span class='ocrx_word' id='word_1_435' title='bbox 1074 5179 1200 5243; x_wconf 80' lang='lat' dir='ltr'>vim</span> <span class='ocrx_word' id='word_1_436' title='bbox 1282 5183 1526 5243; x_wconf 85' lang='lat' dir='ltr'>brachii</span> <span class='ocrx_word' id='word_1_437' title='bbox 1609 5188 2046 5262; x_wconf 88' lang='lat' dir='ltr'>tyrannorum.</span> 
     </span>
    </p>
   </div>
   <div class='ocr_carea' id='block_1_67' title="bbox 410 5259 1028 5324">
    <p class='ocr_par' dir='ltr' id='par_1_67' title="bbox 410 5259 1028 5324">
     <span class='ocr_line' id='line_1_67' title="bbox 410 5259 1028 5324; baseline 0.011 -18"><span class='ocrx_word' id='word_1_438' title='bbox 410 5259 693 5324; x_wconf 77' lang='lat' dir='ltr'>Multitudo</span> <span class='ocrx_word' id='word_1_439' title='bbox 722 5259 1028 5324; x_wconf 72' lang='lat' dir='ltr'>impiorum,</span> 
     </span>
    </p>
   </div>
   <div class='ocr_carea' id='block_1_68' title="bbox 412 5320 904 5372">
    <p class='ocr_par' dir='ltr' id='par_1_68' title="bbox 412 5320 904 5372">
     <span class='ocr_line' id='line_1_68' title="bbox 412 5320 904 5372; baseline 0.012 -6"><span class='ocrx_word' id='word_1_440' title='bbox 412 5348 423 5355; x_wconf 84' lang='lat'><em>-</em></span> <span class='ocrx_word' id='word_1_441' title='bbox 468 5320 551 5369; x_wconf 86' lang='lat' dir='ltr'>vel</span> <span class='ocrx_word' id='word_1_442' title='bbox 581 5320 904 5372; x_wconf 78' lang='lat' dir='ltr'>daemonum.</span> 
     </span>
    </p>
   </div>
   <div class='ocr_carea' id='block_1_69' title="bbox 404 5383 2050 5462">
    <p class='ocr_par' dir='ltr' id='par_1_69' title="bbox 404 5383 2050 5462">
     <span class='ocr_line' id='line_1_69' title="bbox 404 5383 2050 5462; baseline 0.002 -19"><span class='ocrx_word' id='word_1_443' title='bbox 404 5383 483 5443; x_wconf 87' lang='lat' dir='ltr'>Et</span> <span class='ocrx_word' id='word_1_444' title='bbox 541 5403 662 5444; x_wconf 93' lang='lat' dir='ltr'>non</span> <span class='ocrx_word' id='word_1_445' title='bbox 713 5388 902 5446; x_wconf 82' lang='lat' dir='ltr'>dixit:</span> <span class='ocrx_word' id='word_1_446' title='bbox 968 5388 1084 5449; x_wconf 90' lang='lat' dir='ltr'>Ubi</span> <span class='ocrx_word' id='word_1_447' title='bbox 1143 5394 1231 5447; x_wconf 88' lang='lat' dir='ltr'>est</span> <span class='ocrx_word' id='word_1_448' title='bbox 1292 5391 1471 5460; x_wconf 89' lang='lat' dir='ltr'>Deus,</span> <span class='ocrx_word' id='word_1_449' title='bbox 1529 5387 1635 5462; x_wconf 89' lang='lat' dir='ltr'>qui</span> <span class='ocrx_word' id='word_1_450' title='bbox 1702 5387 1847 5447; x_wconf 90' lang='lat' dir='ltr'>fecit</span> <span class='ocrx_word' id='word_1_451' title='bbox 1904 5390 2050 5448; x_wconf 84' lang='lat' dir='ltr'>me?</span> 
     </span>
    </p>
   </div>
   <div class='ocr_carea' id='block_1_70' title="bbox 551 5464 2047 5529">
    <p class='ocr_par' dir='ltr' id='par_1_70' title="bbox 551 5464 2047 5529">
     <span class='ocr_line' id='line_1_70' title="bbox 551 5464 2047 5529; baseline 0.003 -19"><span class='ocrx_word' id='word_1_452' title='bbox 551 5464 964 5529; x_wconf 74' lang='lat' dir='ltr'>consolationem</span> <span class='ocrx_word' id='word_1_453' title='bbox 995 5467 1048 5514; x_wconf 86' lang='lat' dir='ltr'>in</span> <span class='ocrx_word' id='word_1_454' title='bbox 1079 5467 1438 5515; x_wconf 72' lang='lat' dir='ltr'>tribulatione.</span> <span class='ocrx_word' id='word_1_455' title='bbox 1541 5467 1677 5514; x_wconf 85' lang='lat' dir='ltr'>Deus</span> <span class='ocrx_word' id='word_1_456' title='bbox 1706 5467 1907 5515; x_wconf 89' lang='lat' dir='ltr'>homini</span> <span class='ocrx_word' id='word_1_457' title='bbox 1939 5482 2047 5529; x_wconf 65' lang='lat' dir='ltr'>prie</span> 
     </span>
    </p>
   </div>
   <div class='ocr_carea' id='block_1_71' title="bbox 401 5525 2048 5603">
    <p class='ocr_par' dir='ltr' id='par_1_71' title="bbox 401 5525 2048 5603">
     <span class='ocr_line' id='line_1_71' title="bbox 401 5525 2048 5603; baseline 0.005 -20"><span class='ocrx_word' id='word_1_458' title='bbox 401 5525 508 5603; x_wconf 89' lang='lat' dir='ltr'>qui</span> <span class='ocrx_word' id='word_1_459' title='bbox 573 5527 745 5586; x_wconf 85' lang='lat' dir='ltr'>dedit</span> <span class='ocrx_word' id='word_1_460' title='bbox 801 5529 1082 5588; x_wconf 86' lang='lat' dir='ltr'>carmina</span> <span class='ocrx_word' id='word_1_461' title='bbox 1139 5530 1200 5587; x_wconf 92' lang='lat' dir='ltr'>in</span> <span class='ocrx_word' id='word_1_462' title='bbox 1263 5536 1464 5588; x_wconf 89' lang='lat' dir='ltr'>nocte.</span> <span class='ocrx_word' id='word_1_463' title='bbox 1525 5530 1640 5601; x_wconf 85' lang='lat' dir='ltr'>Qui</span> <span class='ocrx_word' id='word_1_464' title='bbox 1701 5531 1883 5590; x_wconf 88' lang='lat' dir='ltr'>docet</span> <span class='ocrx_word' id='word_1_465' title='bbox 1937 5525 2048 5591; x_wconf 83' lang='lat' dir='ltr'>nos</span> 
     </span>
    </p>
   </div>
   <div class='ocr_carea' id='block_1_72' title="bbox 398 5604 2043 5671">
    <p class='ocr_par' dir='ltr' id='par_1_72' title="bbox 398 5604 2043 5671">
     <span class='ocr_line' id='line_1_72' title="bbox 398 5604 2043 5671; baseline 0.004 -19"><span class='ocrx_word' id='word_1_466' title='bbox 398 5604 648 5671; x_wconf 82' lang='lat' dir='ltr'>omnibus</span> <span class='ocrx_word' id='word_1_467' title='bbox 679 5607 1040 5671; x_wconf 83' lang='lat' dir='ltr'>animantibus</span> <span class='ocrx_word' id='word_1_468' title='bbox 1062 5609 1322 5656; x_wconf 86' lang='lat' dir='ltr'>rationem</span> <span class='ocrx_word' id='word_1_469' title='bbox 1348 5613 1398 5655; x_wconf 80' lang='lat' dir='ltr'>el.</span> <span class='ocrx_word' id='word_1_470' title='bbox 1427 5609 1736 5671; x_wconf 84' lang='lat' dir='ltr'>sapientiam</span> <span class='ocrx_word' id='word_1_471' title='bbox 1760 5610 1921 5660; x_wconf 83' lang='lat' dir='ltr'>dedit.</span> <span class='ocrx_word' id='word_1_472' title='bbox 1943 5625 2043 5659; x_wconf 87' lang='lat' dir='ltr'>non</span> 
     </span>
    </p>
   </div>
   <div class='ocr_carea' id='block_1_73' title="bbox 397 5667 2042 5732">
    <p class='ocr_par' dir='ltr' id='par_1_73' title="bbox 397 5667 2042 5732">
     <span class='ocr_line' id='line_1_73' title="bbox 397 5667 2042 5732; baseline 0.004 -18"><span class='ocrx_word' id='word_1_473' title='bbox 397 5667 567 5716; x_wconf 89' lang='lat' dir='ltr'>solum</span> <span class='ocrx_word' id='word_1_474' title='bbox 592 5683 685 5731; x_wconf 87' lang='lat' dir='ltr'>per</span> <span class='ocrx_word' id='word_1_475' title='bbox 715 5674 916 5717; x_wconf 72' lang='lat' dir='ltr'>natura:</span> <span class='ocrx_word' id='word_1_476' title='bbox 948 5670 1272 5725; x_wconf 81' lang='lat' dir='ltr'>bonum,sed</span> <span class='ocrx_word' id='word_1_477' title='bbox 1293 5672 1450 5718; x_wconf 88' lang='lat' dir='ltr'>etiam</span> <span class='ocrx_word' id='word_1_478' title='bbox 1469 5667 1560 5732; x_wconf 81' lang='lat' dir='ltr'>per</span> <span class='ocrx_word' id='word_1_479' title='bbox 1588 5671 1769 5731; x_wconf 65' lang='lat' dir='ltr'>gratiis</span> <span class='ocrx_word' id='word_1_480' title='bbox 1800 5686 2042 5721; x_wconf 77' lang='lat' dir='ltr'>munera.</span> 
     </span>
    </p>
   </div>
   <div class='ocr_carea' id='block_1_74' title="bbox 397 5733 2043 5808">
    <p class='ocr_par' dir='ltr' id='par_1_74' title="bbox 397 5733 2043 5808">
     <span class='ocr_line' id='line_1_74' title="bbox 397 5733 2043 5808; baseline 0.004 -19"><span class='ocrx_word' id='word_1_481' title='bbox 397 5747 585 5808; x_wconf 85' lang='lat' dir='ltr'>super</span> <span class='ocrx_word' id='word_1_482' title='bbox 635 5733 926 5807; x_wconf 80' lang='lat' dir='ltr'>jumenta</span> <span class='ocrx_word' id='word_1_483' title='bbox 986 5738 1190 5800; x_wconf 53' lang='lat' dir='ltr'>terr-te,</span> <span class='ocrx_word' id='word_1_484' title='bbox 1243 5740 1303 5789; x_wconf 87' lang='lat' dir='ltr'>et</span> <span class='ocrx_word' id='word_1_485' title='bbox 1355 5752 1542 5808; x_wconf 85' lang='lat' dir='ltr'>super</span> <span class='ocrx_word' id='word_1_486' title='bbox 1592 5735 1874 5794; x_wconf 87' lang='lat' dir='ltr'>volucres</span> <span class='ocrx_word' id='word_1_487' title='bbox 1902 5737 2043 5795; x_wconf 63' lang='grc' dir='ltr'>εαξΙί</span> 
     </span>
    </p>
   </div>
   <div class='ocr_carea' id='block_1_75' title="bbox 399 5810 2039 5888">
    <p class='ocr_par' dir='ltr' id='par_1_75' title="bbox 399 5810 2039 5888">
     <span class='ocr_line' id='line_1_75' title="bbox 399 5810 2039 5888; baseline 0.004 -20"><span class='ocrx_word' id='word_1_488' title='bbox 399 5811 603 5870; x_wconf 85' lang='lat' dir='ltr'>erudit</span> <span class='ocrx_word' id='word_1_489' title='bbox 637 5831 772 5870; x_wconf 89' lang='lat' dir='ltr'>nos.</span> <span class='ocrx_word' id='word_1_490' title='bbox 837 5811 956 5873; x_wconf 90' lang='lat' dir='ltr'>Ubi</span> <span class='ocrx_word' id='word_1_491' title='bbox 1004 5810 1393 5879; x_wconf 84' lang='lat' dir='ltr'>clamabunt,</span> <span class='ocrx_word' id='word_1_492' title='bbox 1452 5819 1512 5869; x_wconf 91' lang='lat' dir='ltr'>et</span> <span class='ocrx_word' id='word_1_493' title='bbox 1570 5832 1692 5871; x_wconf 78' lang='lat' dir='ltr'>non</span> <span class='ocrx_word' id='word_1_494' title='bbox 1725 5817 2039 5888; x_wconf 85' lang='lat' dir='ltr'>exaudiet,</span> 
     </span>
    </p>
   </div>
   <div class='ocr_carea' id='block_1_76' title="bbox 399 5889 2040 5950">
    <p class='ocr_par' dir='ltr' id='par_1_76' title="bbox 399 5889 2040 5950">
     <span class='ocr_line' id='line_1_76' title="bbox 399 5889 2040 5950; baseline 0.004 -14"><span class='ocrx_word' id='word_1_495' title='bbox 399 5900 562 5950; x_wconf 87' lang='lat' dir='ltr'>quare</span> <span class='ocrx_word' id='word_1_496' title='bbox 577 5903 684 5939; x_wconf 89' lang='lat' dir='ltr'>non</span> <span class='ocrx_word' id='word_1_497' title='bbox 697 5890 1020 5940; x_wconf 87' lang='lat' dir='ltr'>exaudiantu</span> <span class='ocrx_word' id='word_1_498' title='bbox 1031 5903 1053 5936; x_wconf 91' lang='lat' dir='ltr'>r</span> <span class='ocrx_word' id='word_1_499' title='bbox 1065 5892 1370 5950; x_wconf 88' lang='lat' dir='ltr'>peccatores</span> <span class='ocrx_word' id='word_1_500' title='bbox 1384 5889 1702 5939; x_wconf 80' lang='lat' dir='ltr'>manifestat.</span> <span class='ocrx_word' id='word_1_501' title='bbox 1720 5893 1871 5942; x_wconf 82' lang='lat' dir='ltr'>Perse</span> <span class='ocrx_word' id='word_1_502' title='bbox 1881 5908 2040 5943; x_wconf 86' lang='lat' dir='ltr'>veran</span> 
     </span>
    </p>
   </div>
   <div class='ocr_carea' id='block_1_77' title="bbox 399 5949 2039 6035">
    <p class='ocr_par' dir='ltr' id='par_1_77' title="bbox 399 5949 2039 6035">
     <span class='ocr_line' id='line_1_77' title="bbox 399 5949 2039 6035; baseline 0.005 -26"><span class='ocrx_word' id='word_1_503' title='bbox 399 5949 660 6032; x_wconf 85' lang='lat' dir='ltr'>propter</span> <span class='ocrx_word' id='word_1_504' title='bbox 709 5949 1081 6035; x_wconf 84' lang='lat' dir='ltr'>superbiam</span> <span class='ocrx_word' id='word_1_505' title='bbox 1125 5949 1460 6012; x_wconf 89' lang='lat' dir='ltr'>malorum.</span> <span class='ocrx_word' id='word_1_506' title='bbox 1525 5954 1660 6013; x_wconf 86' lang='lat' dir='ltr'>Non</span> <span class='ocrx_word' id='word_1_507' title='bbox 1709 5971 1858 6032; x_wconf 86' lang='lat' dir='ltr'>ergo</span> <span class='ocrx_word' id='word_1_508' title='bbox 1905 5958 2039 6018; x_wconf 87' lang='lat' dir='ltr'>fru-</span> 
     </span>
    </p>
   </div>
   <div class='ocr_carea' id='block_1_78' title="bbox 1916 347 2335 416">
    <p class='ocr_par' dir='ltr' id='par_1_78' title="bbox 1916 347 2335 416">
     <span class='ocr_line' id='line_1_78' title="bbox 1916 347 2335 416; baseline -0.005 -2"><span class='ocrx_word' id='word_1_509' title='bbox 1916 347 2335 416; x_wconf 80' lang='lat' dir='ltr'><strong>APPENDIX.</strong></span> 
     </span>
    </p>
   </div>
   <div class='ocr_carea' id='block_1_79' title="bbox 1765 479 3823 556">
    <p class='ocr_par' dir='ltr' id='par_1_79' title="bbox 1765 479 3823 556">
     <span class='ocr_line' id='line_1_79' title="bbox 1765 479 3823 556; baseline -0.001 -24"><span class='ocrx_word' id='word_1_510' title='bbox 1765 482 1840 556; x_wconf 55' lang='lat' dir='ltr'>’lju</span> <span class='ocrx_word' id='word_1_511' title='bbox 1857 481 2068 556; x_wconf 64' lang='lat' dir='ltr'>dixisti,</span> <span class='ocrx_word' id='word_1_512' title='bbox 2099 490 2152 556; x_wconf 75' lang='grc' dir='ltr'><strong>Α</strong></span> <span class='ocrx_word' id='word_1_513' title='bbox 2180 489 2262 534; x_wconf 87' lang='lat' dir='ltr'>tes</span> <span class='ocrx_word' id='word_1_514' title='bbox 2291 485 2341 534; x_wconf 88' lang='lat' dir='ltr'>in</span> <span class='ocrx_word' id='word_1_515' title='bbox 2357 484 2508 556; x_wconf 76' lang='lat' dir='ltr'>malis</span> <span class='ocrx_word' id='word_1_516' title='bbox 2521 481 2868 556; x_wconf 80' lang='lat' dir='ltr'>non_exaudit</span> <span class='ocrx_word' id='word_1_517' title='bbox 2882 483 3038 541; x_wconf 87' lang='lat' dir='ltr'>Deus,</span> <span class='ocrx_word' id='word_1_518' title='bbox 3055 483 3107 534; x_wconf 91' lang='lat' dir='ltr'>et</span> <span class='ocrx_word' id='word_1_519' title='bbox 3125 481 3320 556; x_wconf 66' lang='lat' dir='ltr'>(rustra</span> <span class='ocrx_word' id='word_1_520' title='bbox 3331 479 3584 556; x_wconf 40' lang='lat' dir='ltr'>clam-ant,</span> <span class='ocrx_word' id='word_1_521' title='bbox 3601 481 3694 556; x_wconf 83' lang='lat' dir='ltr'>qui</span> <span class='ocrx_word' id='word_1_522' title='bbox 3714 494 3823 530; x_wconf 87' lang='lat' dir='ltr'>non</span> 
     </span>
    </p>
   </div>
   <div class='ocr_carea' id='block_1_80' title="bbox 2108 5482 2894 5544">
    <p class='ocr_par' dir='ltr' id='par_1_80' title="bbox 2108 5482 2894 5544">
     <span class='ocr_line' id='line_1_80' title="bbox 2108 5482 2894 5544; baseline 0.001 -1"><span class='ocrx_word' id='word_1_523' title='bbox 2108 5501 2299 5544; x_wconf 88' lang='lat' dir='ltr'>-cum</span> <span class='ocrx_word' id='word_1_524' title='bbox 2373 5482 2560 5541; x_wconf 86' lang='lat' dir='ltr'>vincti</span> <span class='ocrx_word' id='word_1_525' title='bbox 2640 5483 2894 5544; x_wconf 88' lang='lat' dir='ltr'>fuerint.</span> 
     </span>
    </p>
   </div>
   <div class='ocr_carea' id='block_1_81' title="bbox 3671 345 3824 411">
    <p class='ocr_par' dir='ltr' id='par_1_81' title="bbox 3671 345 3824 411">
     <span class='ocr_line' id='line_1_81' title="bbox 3671 345 3824 411; baseline 0 -1"><span class='ocrx_word' id='word_1_526' title='bbox 3671 345 3824 411; x_wconf 71' lang='grc'>1524</span> 
     </span>
    </p>
   </div>
   <div class='ocr_carea' id='block_1_82' title="bbox 2180 546 3819 626">
    <p class='ocr_par' dir='ltr' id='par_1_82' title="bbox 2180 546 3819 626">
     <span class='ocr_line' id='line_1_82' title="bbox 2180 546 3819 626; baseline -0.002 -19"><span class='ocrx_word' id='word_1_527' title='bbox 2180 556 2308 608; x_wconf 90' lang='lat' dir='ltr'>stra</span> <span class='ocrx_word' id='word_1_528' title='bbox 2368 550 2579 609; x_wconf 89' lang='lat' dir='ltr'>audiet</span> <span class='ocrx_word' id='word_1_529' title='bbox 2631 551 2815 616; x_wconf 89' lang='lat' dir='ltr'>Deus,</span> <span class='ocrx_word' id='word_1_530' title='bbox 2878 555 2940 608; x_wconf 88' lang='lat' dir='ltr'>et</span> <span class='ocrx_word' id='word_1_531' title='bbox 2986 548 3386 626; x_wconf 86' lang='lat' dir='ltr'>omnipotens</span> <span class='ocrx_word' id='word_1_532' title='bbox 3433 546 3819 626; x_wconf 85' lang='lat' dir='ltr'>singulorum</span> 
     </span>
    </p>
   </div>
   <div class='ocr_carea' id='block_1_83' title="bbox 2180 624 3822 682">
    <p class='ocr_par' dir='ltr' id='par_1_83' title="bbox 2180 624 3822 682">
     <span class='ocr_line' id='line_1_83' title="bbox 2180 624 3822 682; baseline -0.002 -6"><span class='ocrx_word' id='word_1_533' title='bbox 2180 633 2453 677; x_wconf 88' lang='lat' dir='ltr'>merentur</span> <span class='ocrx_word' id='word_1_534' title='bbox 2482 628 2671 677; x_wconf 85' lang='lat' dir='ltr'>audiri.</span> <span class='ocrx_word' id='word_1_535' title='bbox 2881 628 3148 676; x_wconf 84' lang='lat' dir='ltr'>Patieuter</span> <span class='ocrx_word' id='word_1_536' title='bbox 3168 624 3402 682; x_wconf 80' lang='lat' dir='ltr'>sustine,</span> <span class='ocrx_word' id='word_1_537' title='bbox 3432 629 3485 674; x_wconf 88' lang='lat' dir='ltr'>et</span> <span class='ocrx_word' id='word_1_538' title='bbox 3514 625 3622 673; x_wconf 89' lang='lat' dir='ltr'>noli</span> <span class='ocrx_word' id='word_1_539' title='bbox 3650 624 3822 673; x_wconf 81' lang='lat' dir='ltr'>dicere</span> 
     </span>
    </p>
   </div>
   <div class='ocr_carea' id='block_1_84' title="bbox 2182 689 3824 752">
    <p class='ocr_par' dir='ltr' id='par_1_84' title="bbox 2182 689 3824 752">
     <span class='ocr_line' id='line_1_84' title="bbox 2182 689 3824 752; baseline -0.002 -2"><span class='ocrx_word' id='word_1_540' title='bbox 2182 709 2402 752; x_wconf 88' lang='lat' dir='ltr'>causas</span> <span class='ocrx_word' id='word_1_541' title='bbox 2459 693 2822 751; x_wconf 88' lang='lat' dir='ltr'>intuebitur.</span> <span class='ocrx_word' id='word_1_542' title='bbox 2875 692 3076 750; x_wconf 89' lang='lat' dir='ltr'>Etiam</span> <span class='ocrx_word' id='word_1_543' title='bbox 3159 708 3300 749; x_wconf 92' lang='lat' dir='ltr'>cum</span> <span class='ocrx_word' id='word_1_544' title='bbox 3347 689 3630 748; x_wconf 81' lang='lat' dir='ltr'>dixeris:</span> <span class='ocrx_word' id='word_1_545' title='bbox 3693 691 3824 747; x_wconf 82' lang='lat' dir='ltr'>Non</span> 
     </span>
    </p>
   </div>
   <div class='ocr_carea' id='block_1_85' title="bbox 2181 766 3828 832">
    <p class='ocr_par' dir='ltr' id='par_1_85' title="bbox 2181 766 3828 832">
     <span class='ocr_line' id='line_1_85' title="bbox 2181 766 3828 832; baseline -0.002 -14"><span class='ocrx_word' id='word_1_546' title='bbox 2181 771 2571 832; x_wconf 87' lang='lat' dir='ltr'>providentiam</span> <span class='ocrx_word' id='word_1_547' title='bbox 2605 770 2694 819; x_wconf 89' lang='lat' dir='ltr'>Dei</span> <span class='ocrx_word' id='word_1_548' title='bbox 2724 783 2832 818; x_wconf 91' lang='lat' dir='ltr'>non</span> <span class='ocrx_word' id='word_1_549' title='bbox 2864 783 2977 818; x_wconf 87' lang='lat' dir='ltr'>esse</span> <span class='ocrx_word' id='word_1_550' title='bbox 3004 770 3058 817; x_wconf 92' lang='lat' dir='ltr'>in</span> <span class='ocrx_word' id='word_1_551' title='bbox 3091 768 3312 818; x_wconf 90' lang='lat' dir='ltr'>mundo.</span> <span class='ocrx_word' id='word_1_552' title='bbox 3463 766 3680 829; x_wconf 89' lang='lat' dir='ltr'>judiciis</span> <span class='ocrx_word' id='word_1_553' title='bbox 3714 768 3828 829; x_wconf 85' lang='lat' dir='ltr'>ejus</span> 
     </span>
    </p>
   </div>
   <div class='ocr_carea' id='block_1_86' title="bbox 2182 833 3828 910">
    <p class='ocr_par' dir='ltr' id='par_1_86' title="bbox 2182 833 3828 910">
     <span class='ocr_line' id='line_1_86' title="bbox 2182 833 3828 910; baseline -0.002 -17"><span class='ocrx_word' id='word_1_554' title='bbox 2182 835 2536 894; x_wconf 90' lang='lat' dir='ltr'>considerat</span> <span class='ocrx_word' id='word_1_555' title='bbox 2587 852 2600 906; x_wconf 90' lang='lat'><strong>;</strong></span> <span class='ocrx_word' id='word_1_556' title='bbox 2681 833 2896 910; x_wconf 86' lang='lat' dir='ltr'>judica</span> <span class='ocrx_word' id='word_1_557' title='bbox 2967 850 3180 892; x_wconf 88' lang='lat' dir='ltr'>coram</span> <span class='ocrx_word' id='word_1_558' title='bbox 3240 850 3336 904; x_wconf 91' lang='lat' dir='ltr'>eo,</span> <span class='ocrx_word' id='word_1_559' title='bbox 3415 839 3478 890; x_wconf 91' lang='lat' dir='ltr'>et</span> <span class='ocrx_word' id='word_1_560' title='bbox 3533 837 3828 908; x_wconf 84' lang='lat' dir='ltr'>exspecta</span> 
     </span>
    </p>
   </div>
   <div class='ocr_carea' id='block_1_87' title="bbox 2182 910 3828 976">
    <p class='ocr_par' dir='ltr' id='par_1_87' title="bbox 2182 910 3828 976">
     <span class='ocr_line' id='line_1_87' title="bbox 2182 910 3828 976; baseline -0.003 -14"><span class='ocrx_word' id='word_1_561' title='bbox 2182 913 2483 962; x_wconf 87' lang='lat' dir='ltr'>consentire</span> <span class='ocrx_word' id='word_1_562' title='bbox 2499 914 2621 976; x_wconf 90' lang='lat' dir='ltr'>quia</span> <span class='ocrx_word' id='word_1_563' title='bbox 2635 912 2818 976; x_wconf 86' lang='lat' dir='ltr'>statuit</span> <span class='ocrx_word' id='word_1_564' title='bbox 2838 913 2977 976; x_wconf 87' lang='lat' dir='ltr'>diem</span> <span class='ocrx_word' id='word_1_565' title='bbox 2995 911 3202 974; x_wconf 89' lang='lat' dir='ltr'>judicii.</span> <span class='ocrx_word' id='word_1_566' title='bbox 3219 913 3327 959; x_wconf 86' lang='lat' dir='ltr'>Hoc</span> <span class='ocrx_word' id='word_1_567' title='bbox 3344 912 3519 959; x_wconf 89' lang='lat' dir='ltr'>totum</span> <span class='ocrx_word' id='word_1_568' title='bbox 3547 910 3602 957; x_wconf 90' lang='lat' dir='ltr'>in</span> <span class='ocrx_word' id='word_1_569' title='bbox 3635 923 3828 976; x_wconf 79' lang='lat' dir='ltr'>expro-</span> 
     </span>
    </p>
   </div>
   <div class='ocr_carea' id='block_1_88' title="bbox 2182 973 3827 1037">
    <p class='ocr_par' dir='ltr' id='par_1_88' title="bbox 2182 973 3827 1037">
     <span class='ocr_line' id='line_1_88' title="bbox 2182 973 3827 1037; baseline -0.003 -13"><span class='ocrx_word' id='word_1_570' title='bbox 2182 975 2479 1024; x_wconf 87' lang='lat' dir='ltr'>brationem</span> <span class='ocrx_word' id='word_1_571' title='bbox 2501 973 2665 1024; x_wconf 80' lang='lat' dir='ltr'>sancti</span> <span class='ocrx_word' id='word_1_572' title='bbox 2681 975 2782 1022; x_wconf 82' lang='lat' dir='ltr'>Job</span> <span class='ocrx_word' id='word_1_573' title='bbox 2797 973 3042 1036; x_wconf 81' lang='lat' dir='ltr'>loquitur,</span> <span class='ocrx_word' id='word_1_574' title='bbox 3067 987 3226 1037; x_wconf 90' lang='lat' dir='ltr'>quem</span> <span class='ocrx_word' id='word_1_575' title='bbox 3256 977 3316 1022; x_wconf 90' lang='lat' dir='ltr'>ut</span> <span class='ocrx_word' id='word_1_576' title='bbox 3343 986 3492 1022; x_wconf 88' lang='lat' dir='ltr'>reum</span> <span class='ocrx_word' id='word_1_577' title='bbox 3513 985 3702 1034; x_wconf 72' lang='lat' dir='ltr'>poenas</span> <span class='ocrx_word' id='word_1_578' title='bbox 3728 973 3827 1029; x_wconf 86' lang='lat' dir='ltr'>hic,</span> 
     </span>
    </p>
   </div>
   <div class='ocr_carea' id='block_1_89' title="bbox 2183 1038 3820 1110">
    <p class='ocr_par' dir='ltr' id='par_1_89' title="bbox 2183 1038 3820 1110">
     <span class='ocr_line' id='line_1_89' title="bbox 2183 1038 3820 1110; baseline -0.003 -12"><span class='ocrx_word' id='word_1_579' title='bbox 2183 1057 2368 1110; x_wconf 89' lang='lat' dir='ltr'>eum;</span> <span class='ocrx_word' id='word_1_580' title='bbox 2414 1057 2578 1098; x_wconf 90' lang='lat' dir='ltr'>nunc</span> <span class='ocrx_word' id='word_1_581' title='bbox 2635 1038 2799 1096; x_wconf 89' lang='lat' dir='ltr'>enim</span> <span class='ocrx_word' id='word_1_582' title='bbox 2859 1055 2980 1097; x_wconf 92' lang='lat' dir='ltr'>non</span> <span class='ocrx_word' id='word_1_583' title='bbox 3039 1038 3226 1096; x_wconf 89' lang='lat' dir='ltr'>infert</span> <span class='ocrx_word' id='word_1_584' title='bbox 3278 1039 3552 1095; x_wconf 90' lang='lat' dir='ltr'>furorem</span> <span class='ocrx_word' id='word_1_585' title='bbox 3613 1054 3820 1107; x_wconf 88' lang='lat' dir='ltr'>suum,</span> 
     </span>
    </p>
   </div>
   <div class='ocr_carea' id='block_1_90' title="bbox 2182 1114 3829 1179">
    <p class='ocr_par' dir='ltr' id='par_1_90' title="bbox 2182 1114 3829 1179">
     <span class='ocr_line' id='line_1_90' title="bbox 2182 1114 3829 1179; baseline -0.002 -14"><span class='ocrx_word' id='word_1_586' title='bbox 2182 1118 2297 1166; x_wconf 88' lang='lat' dir='ltr'>etin</span> <span class='ocrx_word' id='word_1_587' title='bbox 2313 1119 2494 1167; x_wconf 84' lang='lat' dir='ltr'>futuro</span> <span class='ocrx_word' id='word_1_588' title='bbox 2507 1115 2710 1179; x_wconf 88' lang='lat' dir='ltr'>majora</span> <span class='ocrx_word' id='word_1_589' title='bbox 2720 1130 2998 1178; x_wconf 83' lang='lat' dir='ltr'>passurum</span> <span class='ocrx_word' id='word_1_590' title='bbox 3012 1117 3469 1165; x_wconf 86' lang='lat' dir='ltr'>dicit.Convictum</span> <span class='ocrx_word' id='word_1_591' title='bbox 3486 1114 3829 1179; x_wconf 84' lang='lat' dir='ltr'>sanctumJob</span> 
     </span>
    </p>
   </div>
   <div class='ocr_carea' id='block_1_91' title="bbox 2181 1178 3824 1256">
    <p class='ocr_par' dir='ltr' id='par_1_91' title="bbox 2181 1178 3824 1256">
     <span class='ocr_line' id='line_1_91' title="bbox 2181 1178 3824 1256; baseline -0.002 -17"><span class='ocrx_word' id='word_1_592' title='bbox 2181 1199 2295 1241; x_wconf 91' lang='lat' dir='ltr'>nec</span> <span class='ocrx_word' id='word_1_593' title='bbox 2329 1178 2647 1240; x_wconf 87' lang='lat' dir='ltr'>ulciscitur</span> <span class='ocrx_word' id='word_1_594' title='bbox 2698 1180 2899 1239; x_wconf 92' lang='lat' dir='ltr'>scelus</span> <span class='ocrx_word' id='word_1_595' title='bbox 2955 1180 3158 1239; x_wconf 90' lang='lat' dir='ltr'>valde.</span> <span class='ocrx_word' id='word_1_596' title='bbox 3217 1182 3384 1256; x_wconf 86' lang='lat' dir='ltr'>Ergo</span> <span class='ocrx_word' id='word_1_597' title='bbox 3430 1179 3662 1238; x_wconf 88' lang='lat' dir='ltr'>frustra</span> <span class='ocrx_word' id='word_1_598' title='bbox 3708 1178 3824 1237; x_wconf 86' lang='lat' dir='ltr'>Job</span> 
     </span>
    </p>
   </div>
   <div class='ocr_carea' id='block_1_92' title="bbox 2183 1257 3828 1322">
    <p class='ocr_par' dir='ltr' id='par_1_92' title="bbox 2183 1257 3828 1322">
     <span class='ocr_line' id='line_1_92' title="bbox 2183 1257 3828 1322; baseline -0.003 -14"><span class='ocrx_word' id='word_1_599' title='bbox 2183 1261 2295 1308; x_wconf 88' lang='lat' dir='ltr'>Eliu</span> <span class='ocrx_word' id='word_1_600' title='bbox 2325 1259 2929 1322; x_wconf 88' lang='lat' dir='ltr'>arbitratur,etquadam</span> <span class='ocrx_word' id='word_1_601' title='bbox 2959 1260 3244 1308; x_wconf 89' lang='lat' dir='ltr'>verborum</span> <span class='ocrx_word' id='word_1_602' title='bbox 3267 1258 3473 1322; x_wconf 86' lang='lat' dir='ltr'>ratione</span> <span class='ocrx_word' id='word_1_603' title='bbox 3499 1257 3828 1322; x_wconf 83' lang='lat' dir='ltr'>conclusum.</span> 
     </span>
    </p>
   </div>
   <div class='ocr_carea' id='block_1_93' title="bbox 2181 1320 3825 1402">
    <p class='ocr_par' dir='ltr' id='par_1_93' title="bbox 2181 1320 3825 1402">
     <span class='ocr_line' id='line_1_93' title="bbox 2181 1320 3825 1402; baseline -0.003 -19"><span class='ocrx_word' id='word_1_604' title='bbox 2181 1324 2428 1402; x_wconf 90' lang='lat' dir='ltr'>aperuit</span> <span class='ocrx_word' id='word_1_605' title='bbox 2484 1341 2553 1382; x_wconf 92' lang='lat' dir='ltr'>os</span> <span class='ocrx_word' id='word_1_606' title='bbox 2607 1320 2819 1394; x_wconf 84' lang='lat' dir='ltr'>suum,</span> <span class='ocrx_word' id='word_1_607' title='bbox 2877 1329 2939 1382; x_wconf 92' lang='lat' dir='ltr'>ct</span> <span class='ocrx_word' id='word_1_608' title='bbox 3022 1323 3260 1400; x_wconf 88' lang='lat' dir='ltr'>absque</span> <span class='ocrx_word' id='word_1_609' title='bbox 3317 1320 3579 1380; x_wconf 90' lang='lat' dir='ltr'>scientia</span> <span class='ocrx_word' id='word_1_610' title='bbox 3636 1321 3825 1379; x_wconf 87' lang='lat' dir='ltr'>verba</span> 
     </span>
    </p>
   </div>
   <div class='ocr_carea' id='block_1_94' title="bbox 2186 1403 2581 1482">
    <p class='ocr_par' dir='ltr' id='par_1_94' title="bbox 2186 1403 2581 1482">
     <span class='ocr_line' id='line_1_94' title="bbox 2186 1403 2581 1482; baseline -0.003 -20"><span class='ocrx_word' id='word_1_611' title='bbox 2186 1403 2581 1482; x_wconf 86' lang='lat' dir='ltr'>multiplicat.</span> 
     </span>
    </p>
   </div>
   <div class='ocr_carea' id='block_1_95' title="bbox 2181 1478 3828 1552">
    <p class='ocr_par' dir='ltr' id='par_1_95' title="bbox 2181 1478 3828 1552">
     <span class='ocr_line' id='line_1_95' title="bbox 2181 1478 3828 1552; baseline -0.002 -22"><span class='ocrx_word' id='word_1_612' title='bbox 2181 1483 2348 1552; x_wconf 64' lang='lat' dir='ltr'>Tanto</span> <span class='ocrx_word' id='word_1_613' title='bbox 2374 1478 2516 1552; x_wconf 74' lang='lat' dir='ltr'>enim</span> <span class='ocrx_word' id='word_1_614' title='bbox 2548 1485 2856 1552; x_wconf 72' lang='lat' dir='ltr'>arrogantes</span> <span class='ocrx_word' id='word_1_615' title='bbox 2892 1479 3516 1552; x_wconf 42' lang='lat' dir='ltr'>semetipsos-doctiores</span> <span class='ocrx_word' id='word_1_616' title='bbox 3541 1478 3828 1552; x_wconf 76' lang='lat' dir='ltr'>ostendere</span> 
     </span>
    </p>
   </div>
   <div class='ocr_carea' id='block_1_96' title="bbox 2180 1541 3831 1617">
    <p class='ocr_par' dir='ltr' id='par_1_96' title="bbox 2180 1541 3831 1617">
     <span class='ocr_line' id='line_1_96' title="bbox 2180 1541 3831 1617; baseline -0.002 -24"><span class='ocrx_word' id='word_1_617' title='bbox 2180 1545 2322 1617; x_wconf 75' lang='lat' dir='ltr'>(volu</span> <span class='ocrx_word' id='word_1_618' title='bbox 2333 1547 2615 1608; x_wconf 86' lang='lat' dir='ltr'>ut)quanta</span> <span class='ocrx_word' id='word_1_619' title='bbox 2625 1541 2944 1607; x_wconf 49' lang='lat' dir='ltr'>se&#39;poterunt</span> <span class='ocrx_word' id='word_1_620' title='bbox 2954 1541 3341 1605; x_wconf 87' lang='lat' dir='ltr'>multiplicitate</span> <span class='ocrx_word' id='word_1_621' title='bbox 3354 1541 3700 1607; x_wconf 77' lang='lat' dir='ltr'>loquacitatis</span> <span class='ocrx_word' id='word_1_622' title='bbox 3713 1555 3831 1604; x_wconf 87' lang='lat' dir='ltr'>ape-</span> 
     </span>
    </p>
   </div>
   <div class='ocr_carea' id='block_1_97' title="bbox 2181 1619 2307 1656">
    <p class='ocr_par' dir='ltr' id='par_1_97' title="bbox 2181 1619 2307 1656">
     <span class='ocr_line' id='line_1_97' title="bbox 2181 1619 2307 1656; baseline 0.008 -1"><span class='ocrx_word' id='word_1_623' title='bbox 2181 1619 2287 1656; x_wconf 79' lang='lat' dir='ltr'>mre</span> <span class='ocrx_word' id='word_1_624' title='bbox 2298 1645 2307 1656; x_wconf 89' lang='lat'>.</span> 
     </span>
    </p>
   </div>
   <div class='ocr_carea' id='block_1_98' title="bbox 2721 1739 3282 1802">
    <p class='ocr_par' dir='ltr' id='par_1_98' title="bbox 2721 1739 3282 1802">
     <span class='ocr_line' id='line_1_98' title="bbox 2721 1739 3282 1802; baseline -0.005 -1"><span class='ocrx_word' id='word_1_625' title='bbox 2721 1740 2976 1802; x_wconf 84' lang='lat' dir='ltr'>CAPUT</span> <span class='ocrx_word' id='word_1_626' title='bbox 3022 1739 3282 1800; x_wconf 87' lang='lat' dir='ltr'>XXXVI.</span> 
     </span>
    </p>
   </div>
   <div class='ocr_carea' id='block_1_99' title="bbox 1214 1863 3829 1952">
    <p class='ocr_par' dir='ltr' id='par_1_99' title="bbox 1214 1863 3829 1952">
     <span class='ocr_line' id='line_1_99' title="bbox 1214 1863 3829 1952; baseline -0.002 -19"><span class='ocrx_word' id='word_1_627' title='bbox 1214 1875 1376 1933; x_wconf 88' lang='lat' dir='ltr'>inter</span> <span class='ocrx_word' id='word_1_628' title='bbox 1434 1893 1548 1934; x_wconf 90' lang='lat' dir='ltr'>nos</span> <span class='ocrx_word' id='word_1_629' title='bbox 1627 1875 1874 1933; x_wconf 91' lang='lat' dir='ltr'>interim</span> <span class='ocrx_word' id='word_1_630' title='bbox 1933 1863 2151 1932; x_wconf 88' lang='lat' dir='ltr'>con-B</span> <span class='ocrx_word' id='word_1_631' title='bbox 2261 1873 2510 1935; x_wconf 85' lang='lat' dir='ltr'>Addens</span> <span class='ocrx_word' id='word_1_632' title='bbox 2575 1891 2827 1952; x_wconf 89' lang='lat' dir='ltr'>quoque</span> <span class='ocrx_word' id='word_1_633' title='bbox 2907 1873 3068 1946; x_wconf 86' lang='lat' dir='ltr'>Eliu,</span> <span class='ocrx_word' id='word_1_634' title='bbox 3157 1871 3322 1952; x_wconf 66' lang='lat' dir='ltr'>haec</span> <span class='ocrx_word' id='word_1_635' title='bbox 3381 1869 3631 1952; x_wconf 84' lang='lat' dir='ltr'>locutus</span> <span class='ocrx_word' id='word_1_636' title='bbox 3690 1875 3829 1952; x_wconf 75' lang='lat' dir='ltr'>est:</span> 
     </span>
    </p>
   </div>
   <div class='ocr_carea' id='block_1_100' title="bbox 2187 1950 3832 2032">
    <p class='ocr_par' dir='ltr' id='par_1_100' title="bbox 2187 1950 3832 2032">
     <span class='ocr_line' id='line_1_100' title="bbox 2187 1950 3832 2032; baseline -0.002 -18"><span class='ocrx_word' id='word_1_637' title='bbox 2187 1954 2436 2016; x_wconf 88' lang='lat' dir='ltr'>Sustine</span> <span class='ocrx_word' id='word_1_638' title='bbox 2469 1971 2566 2013; x_wconf 87' lang='lat' dir='ltr'>me</span> <span class='ocrx_word' id='word_1_639' title='bbox 2599 1950 2974 2032; x_wconf 73' lang='lat' dir='ltr'>paululum,</span> <span class='ocrx_word' id='word_1_640' title='bbox 3008 1957 3071 2012; x_wconf 91' lang='lat' dir='ltr'>et</span> <span class='ocrx_word' id='word_1_641' title='bbox 3097 1950 3408 2032; x_wconf 84' lang='lat' dir='ltr'>indicabo</span> <span class='ocrx_word' id='word_1_642' title='bbox 3433 1950 3588 2022; x_wconf 91' lang='lat' dir='ltr'>tibi;</span> <span class='ocrx_word' id='word_1_643' title='bbox 3625 1951 3832 2032; x_wconf 85' lang='lat' dir='ltr'>adhuc</span> 
     </span>
    </p>
   </div>
   <div class='ocr_carea' id='block_1_101' title="bbox 2433 2030 3831 2095">
    <p class='ocr_par' dir='ltr' id='par_1_101' title="bbox 2433 2030 3831 2095">
     <span class='ocr_line' id='line_1_101' title="bbox 2433 2030 3831 2095; baseline -0.002 -14"><span class='ocrx_word' id='word_1_644' title='bbox 2433 2033 2535 2082; x_wconf 85' lang='lat' dir='ltr'>hoc</span> <span class='ocrx_word' id='word_1_645' title='bbox 2563 2030 2658 2093; x_wconf 80' lang='lat' dir='ltr'>est,</span> <span class='ocrx_word' id='word_1_646' title='bbox 2691 2046 2787 2095; x_wconf 90' lang='lat' dir='ltr'>pro</span> <span class='ocrx_word' id='word_1_647' title='bbox 2811 2033 3016 2095; x_wconf 88' lang='lat' dir='ltr'>justitia</span> <span class='ocrx_word' id='word_1_648' title='bbox 3045 2035 3098 2082; x_wconf 89' lang='lat' dir='ltr'>et</span> <span class='ocrx_word' id='word_1_649' title='bbox 3131 2044 3293 2080; x_wconf 88' lang='lat' dir='ltr'>causa</span> <span class='ocrx_word' id='word_1_650' title='bbox 3322 2030 3432 2079; x_wconf 90' lang='lat' dir='ltr'>Dei.</span> <span class='ocrx_word' id='word_1_651' title='bbox 3463 2032 3536 2095; x_wconf 5' lang='lat' dir='ltr'>In,</span> <span class='ocrx_word' id='word_1_652' title='bbox 3554 2031 3831 2079; x_wconf 84' lang='lat' dir='ltr'>nominata</span> 
     </span>
    </p>
   </div>
   <div class='ocr_carea' id='block_1_102' title="bbox 2185 2093 3825 2174">
    <p class='ocr_par' dir='ltr' id='par_1_102' title="bbox 2185 2093 3825 2174">
     <span class='ocr_line' id='line_1_102' title="bbox 2185 2093 3825 2174; baseline -0.002 -18"><span class='ocrx_word' id='word_1_653' title='bbox 2185 2096 2351 2156; x_wconf 91' lang='lat' dir='ltr'>enim</span> <span class='ocrx_word' id='word_1_654' title='bbox 2401 2097 2628 2170; x_wconf 90' lang='lat' dir='ltr'>habeo,</span> <span class='ocrx_word' id='word_1_655' title='bbox 2674 2093 2842 2174; x_wconf 81' lang='lat' dir='ltr'>quod</span> <span class='ocrx_word' id='word_1_656' title='bbox 2900 2115 3014 2174; x_wconf 87' lang='lat' dir='ltr'>pro</span> <span class='ocrx_word' id='word_1_657' title='bbox 3045 2099 3171 2155; x_wconf 94' lang='lat' dir='ltr'>Deo</span> <span class='ocrx_word' id='word_1_658' title='bbox 3233 2095 3476 2170; x_wconf 89' lang='lat' dir='ltr'>loquar.</span> <span class='ocrx_word' id='word_1_659' title='bbox 3530 2093 3825 2172; x_wconf 80' lang='lat' dir='ltr'>Repetam</span> 
     </span>
    </p>
   </div>
   <div class='ocr_carea' id='block_1_103' title="bbox 2183 2174 3827 2235">
    <p class='ocr_par' dir='ltr' id='par_1_103' title="bbox 2183 2174 3827 2235">
     <span class='ocr_line' id='line_1_103' title="bbox 2183 2174 3827 2235; baseline -0.002 -9"><span class='ocrx_word' id='word_1_660' title='bbox 2183 2175 2408 2226; x_wconf 88' lang='lat' dir='ltr'>scientia</span> <span class='ocrx_word' id='word_1_661' title='bbox 2435 2179 2612 2225; x_wconf 87' lang='lat' dir='ltr'>tumor</span> <span class='ocrx_word' id='word_1_662' title='bbox 2633 2176 2809 2225; x_wconf 88' lang='lat' dir='ltr'>cordis</span> <span class='ocrx_word' id='word_1_663' title='bbox 2837 2175 3155 2224; x_wconf 84' lang='lat' dir='ltr'>declaratur.</span> <span class='ocrx_word' id='word_1_664' title='bbox 3182 2174 3248 2222; x_wconf 92' lang='lat' dir='ltr'>Ut</span> <span class='ocrx_word' id='word_1_665' title='bbox 3277 2174 3404 2222; x_wconf 90' lang='lat' dir='ltr'>dum</span> <span class='ocrx_word' id='word_1_666' title='bbox 3431 2174 3580 2235; x_wconf 89' lang='lat' dir='ltr'>quasi</span> <span class='ocrx_word' id='word_1_667' title='bbox 3612 2186 3714 2234; x_wconf 87' lang='lat' dir='ltr'>pro</span> <span class='ocrx_word' id='word_1_668' title='bbox 3736 2174 3827 2222; x_wconf 86' lang='lat' dir='ltr'>Dei</span> 
     </span>
    </p>
   </div>
   <div class='ocr_carea' id='block_1_104' title="bbox 2185 2237 3830 2318">
    <p class='ocr_par' dir='ltr' id='par_1_104' title="bbox 2185 2237 3830 2318">
     <span class='ocr_line' id='line_1_104' title="bbox 2185 2237 3830 2318; baseline -0.002 -19"><span class='ocrx_word' id='word_1_669' title='bbox 2185 2240 2509 2299; x_wconf 89' lang='lat' dir='ltr'>scientiam</span> <span class='ocrx_word' id='word_1_670' title='bbox 2572 2258 2871 2318; x_wconf 87' lang='lat' dir='ltr'>meama</span> <span class='ocrx_word' id='word_1_671' title='bbox 2924 2237 3253 2318; x_wconf 70' lang='lat' dir='ltr'>principio,</span> <span class='ocrx_word' id='word_1_672' title='bbox 3315 2243 3389 2318; x_wconf 82' lang='lat' dir='ltr'>et</span> <span class='ocrx_word' id='word_1_673' title='bbox 3414 2242 3830 2318; x_wconf 28' lang='lat' dir='ltr'>_op‘e_ratorem</span> 
     </span>
    </p>
   </div>
   <div class='ocr_carea' id='block_1_105' title="bbox 2181 2315 3837 2381">
    <p class='ocr_par' dir='ltr' id='par_1_105' title="bbox 2181 2315 3837 2381">
     <span class='ocr_line' id='line_1_105' title="bbox 2181 2315 3837 2381; baseline 0 -16"><span class='ocrx_word' id='word_1_674' title='bbox 2181 2318 2386 2381; x_wconf 89' lang='lat' dir='ltr'>justitia</span> <span class='ocrx_word' id='word_1_675' title='bbox 2400 2318 2650 2381; x_wconf 88' lang='lat' dir='ltr'>loquitur,</span> <span class='ocrx_word' id='word_1_676' title='bbox 2676 2317 2816 2380; x_wconf 90' lang='lat' dir='ltr'>apud</span> <span class='ocrx_word' id='word_1_677' title='bbox 2837 2315 3282 2381; x_wconf 79' lang='lat' dir='ltr'>humanajudicia</span> <span class='ocrx_word' id='word_1_678' title='bbox 3303 2315 3563 2378; x_wconf 88' lang='lat' dir='ltr'>quidquid</span> <span class='ocrx_word' id='word_1_679' title='bbox 3582 2328 3837 2380; x_wconf 86' lang='lat' dir='ltr'>arrogan-</span> 
     </span>
    </p>
   </div>
   <div class='ocr_carea' id='block_1_106' title="bbox 2184 2379 3836 2440">
    <p class='ocr_par' dir='ltr' id='par_1_106' title="bbox 2184 2379 3836 2440">
     <span class='ocr_line' id='line_1_106' title="bbox 2184 2379 3836 2440; baseline -0.001 -11"><span class='ocrx_word' id='word_1_680' title='bbox 2184 2379 2269 2429; x_wconf 79' lang='lat' dir='ltr'>ter</span> <span class='ocrx_word' id='word_1_681' title='bbox 2299 2379 2791 2430; x_wconf 30' lang='lat' dir='ltr'>efﬂuit‘excusetur.</span> <span class='ocrx_word' id='word_1_682' title='bbox 3026 2381 3085 2428; x_wconf 89' lang='lat' dir='ltr'>In</span> <span class='ocrx_word' id='word_1_683' title='bbox 3115 2379 3218 2428; x_wconf 90' lang='lat' dir='ltr'>hoc</span> <span class='ocrx_word' id='word_1_684' title='bbox 3244 2382 3433 2440; x_wconf 89' lang='lat' dir='ltr'>quarto</span> <span class='ocrx_word' id='word_1_685' title='bbox 3467 2379 3727 2427; x_wconf 86' lang='lat' dir='ltr'>sermone</span> <span class='ocrx_word' id='word_1_686' title='bbox 3741 2391 3836 2427; x_wconf 82' lang='lat' dir='ltr'>suo</span> 
     </span>
    </p>
   </div>
   <div class='ocr_carea' id='block_1_107' title="bbox 2188 2441 3838 2522">
    <p class='ocr_par' dir='ltr' id='par_1_107' title="bbox 2188 2441 3838 2522">
     <span class='ocr_line' id='line_1_107' title="bbox 2188 2441 3838 2522; baseline -0.001 -18"><span class='ocrx_word' id='word_1_687' title='bbox 2188 2461 2397 2522; x_wconf 85' lang='lat' dir='ltr'>meum</span> <span class='ocrx_word' id='word_1_688' title='bbox 2456 2445 2737 2522; x_wconf 89' lang='lat' dir='ltr'>probabo</span> <span class='ocrx_word' id='word_1_689' title='bbox 2783 2443 3047 2520; x_wconf 89' lang='lat' dir='ltr'>justum.</span> <span class='ocrx_word' id='word_1_690' title='bbox 3104 2443 3310 2522; x_wconf 6' lang='lat' dir='ltr'>iVereg</span> <span class='ocrx_word' id='word_1_691' title='bbox 3359 2443 3525 2500; x_wconf 89' lang='lat' dir='ltr'>enim</span> <span class='ocrx_word' id='word_1_692' title='bbox 3595 2441 3838 2522; x_wconf 83' lang='lat' dir='ltr'>absque</span> 
     </span>
    </p>
   </div>
   <div class='ocr_carea' id='block_1_108' title="bbox 2185 2520 3839 2586">
    <p class='ocr_par' dir='ltr' id='par_1_108' title="bbox 2185 2520 3839 2586">
     <span class='ocr_line' id='line_1_108' title="bbox 2185 2520 3839 2586; baseline -0.002 -15"><span class='ocrx_word' id='word_1_693' title='bbox 2185 2521 2252 2572; x_wconf 90' lang='lat' dir='ltr'>de</span> <span class='ocrx_word' id='word_1_694' title='bbox 2275 2520 2526 2586; x_wconf 79' lang='lat' dir='ltr'>singulari</span> <span class='ocrx_word' id='word_1_695' title='bbox 2551 2523 2760 2586; x_wconf 88' lang='lat' dir='ltr'>justitia</span> <span class='ocrx_word' id='word_1_696' title='bbox 2778 2523 2868 2572; x_wconf 91' lang='lat' dir='ltr'>Dei</span> <span class='ocrx_word' id='word_1_697' title='bbox 2890 2521 3154 2585; x_wconf 82' lang='lat' dir='ltr'>profundo</span> <span class='ocrx_word' id='word_1_698' title='bbox 3185 2520 3409 2586; x_wconf 78' lang='lat' dir='ltr'>nimium</span> <span class='ocrx_word' id='word_1_699' title='bbox 3429 2523 3482 2569; x_wconf 90' lang='lat' dir='ltr'>et</span> <span class='ocrx_word' id='word_1_700' title='bbox 3495 2520 3718 2586; x_wconf 75' lang='lat' dir='ltr'>copioso</span> <span class='ocrx_word' id='word_1_701' title='bbox 3734 2534 3839 2586; x_wconf 79' lang='lat' dir='ltr'>ser-</span> 
     </span>
    </p>
   </div>
   <div class='ocr_carea' id='block_1_109' title="bbox 2190 2584 3840 2662">
    <p class='ocr_par' dir='ltr' id='par_1_109' title="bbox 2190 2584 3840 2662">
     <span class='ocr_line' id='line_1_109' title="bbox 2190 2584 3840 2662; baseline -0.001 -17"><span class='ocrx_word' id='word_1_702' title='bbox 2190 2584 2520 2646; x_wconf 83' lang='lat' dir='ltr'>mendacio</span> <span class='ocrx_word' id='word_1_703' title='bbox 2553 2584 2905 2647; x_wconf 71' lang='lat' dir='ltr'>sermones</span> <span class='ocrx_word' id='word_1_704' title='bbox 2955 2586 3100 2657; x_wconf 90' lang='lat' dir='ltr'>mei,</span> <span class='ocrx_word' id='word_1_705' title='bbox 3149 2591 3212 2644; x_wconf 93' lang='lat' dir='ltr'>et</span> <span class='ocrx_word' id='word_1_706' title='bbox 3239 2584 3516 2662; x_wconf 90' lang='lat' dir='ltr'>perfecta</span> <span class='ocrx_word' id='word_1_707' title='bbox 3573 2584 3840 2644; x_wconf 87' lang='lat' dir='ltr'>scientia</span> 
     </span>
    </p>
   </div>
   <div class='ocr_carea' id='block_1_110' title="bbox 2186 2662 3842 2728">
    <p class='ocr_par' dir='ltr' id='par_1_110' title="bbox 2186 2662 3842 2728">
     <span class='ocr_line' id='line_1_110' title="bbox 2186 2662 3842 2728; baseline -0.001 -15"><span class='ocrx_word' id='word_1_708' title='bbox 2186 2678 2345 2714; x_wconf 90' lang='lat' dir='ltr'>mone</span> <span class='ocrx_word' id='word_1_709' title='bbox 2374 2667 2730 2728; x_wconf 88' lang='lat' dir='ltr'>prosequitur.</span> <span class='ocrx_word' id='word_1_710' title='bbox 2859 2666 3071 2715; x_wconf 61' lang='lat' dir='ltr'>Naturae</span> <span class='ocrx_word' id='word_1_711' title='bbox 3094 2666 3210 2726; x_wconf 81' lang='lat' dir='ltr'>ejus</span> <span class='ocrx_word' id='word_1_712' title='bbox 3236 2663 3381 2712; x_wconf 92' lang='lat' dir='ltr'>bona</span> <span class='ocrx_word' id='word_1_713' title='bbox 3402 2662 3652 2728; x_wconf 75' lang='lat' dir='ltr'>voluntas</span> <span class='ocrx_word' id='word_1_714' title='bbox 3667 2666 3768 2725; x_wconf 84' lang='lat' dir='ltr'>est,</span> <span class='ocrx_word' id='word_1_715' title='bbox 3783 2669 3842 2712; x_wconf 92' lang='lat' dir='ltr'>ut</span> 
     </span>
    </p>
   </div>
   <div class='ocr_carea' id='block_1_111' title="bbox 2186 2725 3832 2808">
    <p class='ocr_par' dir='ltr' id='par_1_111' title="bbox 2186 2725 3832 2808">
     <span class='ocr_line' id='line_1_111' title="bbox 2186 2725 3832 2808; baseline -0.001 -20"><span class='ocrx_word' id='word_1_716' title='bbox 2186 2725 2562 2808; x_wconf 77' lang='lat' dir='ltr'>probabitur</span> <span class='ocrx_word' id='word_1_717' title='bbox 2632 2729 2767 2790; x_wconf 90' lang='lat' dir='ltr'>tibi.</span> <span class='ocrx_word' id='word_1_718' title='bbox 2829 2731 2992 2808; x_wconf 89' lang='lat' dir='ltr'>Deus</span> <span class='ocrx_word' id='word_1_719' title='bbox 3050 2725 3335 2808; x_wconf 77' lang='lat' dir='ltr'>potentes</span> <span class='ocrx_word' id='word_1_720' title='bbox 3393 2744 3518 2786; x_wconf 88' lang='lat' dir='ltr'>non</span> <span class='ocrx_word' id='word_1_721' title='bbox 3569 2725 3832 2808; x_wconf 76' lang='lat' dir='ltr'>abjicit,</span> 
     </span>
    </p>
   </div>
   <div class='ocr_carea' id='block_1_112' title="bbox 2189 2805 3842 2872">
    <p class='ocr_par' dir='ltr' id='par_1_112' title="bbox 2189 2805 3842 2872">
     <span class='ocr_line' id='line_1_112' title="bbox 2189 2805 3842 2872; baseline -0.002 -16"><span class='ocrx_word' id='word_1_722' title='bbox 2189 2805 2319 2857; x_wconf 72' lang='lat' dir='ltr'>nulli</span> <span class='ocrx_word' id='word_1_723' title='bbox 2353 2809 2605 2867; x_wconf 89' lang='lat' dir='ltr'>invideat,</span> <span class='ocrx_word' id='word_1_724' title='bbox 2631 2810 2758 2872; x_wconf 86' lang='lat' dir='ltr'>quia</span> <span class='ocrx_word' id='word_1_725' title='bbox 2777 2821 2934 2857; x_wconf 88' lang='lat' dir='ltr'>nemo</span> <span class='ocrx_word' id='word_1_726' title='bbox 2951 2805 3302 2872; x_wconf 52' lang='lat' dir='ltr'>eiLquamvis</span> <span class='ocrx_word' id='word_1_727' title='bbox 3320 2809 3509 2872; x_wconf 81' lang='lat' dir='ltr'>potens</span> <span class='ocrx_word' id='word_1_728' title='bbox 3538 2805 3630 2872; x_wconf 66' lang='lat' dir='ltr'>sit,</span> <span class='ocrx_word' id='word_1_729' title='bbox 3644 2807 3842 2867; x_wconf 86' lang='lat' dir='ltr'>poterit</span> 
     </span>
    </p>
   </div>
   <div class='ocr_carea' id='block_1_113' title="bbox 2187 2867 3840 2932">
    <p class='ocr_par' dir='ltr' id='par_1_113' title="bbox 2187 2867 3840 2932">
     <span class='ocr_line' id='line_1_113' title="bbox 2187 2867 3840 2932; baseline -0.002 -13"><span class='ocrx_word' id='word_1_730' title='bbox 2187 2872 2407 2932; x_wconf 64' lang='lat' dir='ltr'>aequari.</span> <span class='ocrx_word' id='word_1_731' title='bbox 2652 2867 2665 2872; x_wconf 80' lang='grc'><strong><em>“</em></strong></span> <span class='ocrx_word' id='word_1_732' title='bbox 2963 2931 2969 2932; x_wconf 16' lang='grc' dir='ltr'>ί</span> <span class='ocrx_word' id='word_1_733' title='bbox 3002 2867 3175 2918; x_wconf 83' lang='lat' dir='ltr'>Elates</span> <span class='ocrx_word' id='word_1_734' title='bbox 3197 2868 3439 2925; x_wconf 88' lang='lat' dir='ltr'>destruit,</span> <span class='ocrx_word' id='word_1_735' title='bbox 3455 2867 3690 2916; x_wconf 85' lang='lat' dir='ltr'>humiles</span> <span class='ocrx_word' id='word_1_736' title='bbox 3711 2881 3840 2916; x_wconf 75' lang='lat' dir='ltr'>vero</span> 
     </span>
    </p>
   </div>
   <div class='ocr_carea' id='block_1_114' title="bbox 2189 2931 3837 3011">
    <p class='ocr_par' dir='ltr' id='par_1_114' title="bbox 2189 2931 3837 3011">
     <span class='ocr_line' id='line_1_114' title="bbox 2189 2931 3837 3011; baseline -0.002 -18"><span class='ocrx_word' id='word_1_737' title='bbox 2189 2931 2329 2993; x_wconf 83' lang='lat' dir='ltr'>cum</span> <span class='ocrx_word' id='word_1_738' title='bbox 2381 2937 2443 2992; x_wconf 88' lang='lat' dir='ltr'>et</span> <span class='ocrx_word' id='word_1_739' title='bbox 2491 2933 2624 3011; x_wconf 91' lang='lat' dir='ltr'>ipse</span> <span class='ocrx_word' id='word_1_740' title='bbox 2675 2938 2896 3011; x_wconf 89' lang='lat' dir='ltr'>potens</span> <span class='ocrx_word' id='word_1_741' title='bbox 2925 2931 3027 2992; x_wconf 89' lang='lat' dir='ltr'>sit.</span> <span class='ocrx_word' id='word_1_742' title='bbox 3090 2932 3212 2992; x_wconf 88' lang='lat' dir='ltr'>Sed</span> <span class='ocrx_word' id='word_1_743' title='bbox 3267 2949 3393 2990; x_wconf 89' lang='lat' dir='ltr'>non</span> <span class='ocrx_word' id='word_1_744' title='bbox 3447 2933 3652 3011; x_wconf 83' lang='lat' dir='ltr'>salvat</span> <span class='ocrx_word' id='word_1_745' title='bbox 3711 2932 3837 3011; x_wconf 85' lang='lat' dir='ltr'>im-</span> 
     </span>
    </p>
   </div>
   <div class='ocr_carea' id='block_1_115' title="bbox 2188 3010 3839 3075">
    <p class='ocr_par' dir='ltr' id='par_1_115' title="bbox 2188 3010 3839 3075">
     <span class='ocr_line' id='line_1_115' title="bbox 2188 3010 3839 3075; baseline -0.003 -14"><span class='ocrx_word' id='word_1_746' title='bbox 2188 3013 2381 3062; x_wconf 86' lang='lat' dir='ltr'>liberos</span> <span class='ocrx_word' id='word_1_747' title='bbox 2400 3010 2688 3074; x_wconf 28' lang='lat' dir='ltr'>redditper’</span> <span class='ocrx_word' id='word_1_748' title='bbox 2703 3012 3045 3075; x_wconf 67' lang='lat' dir='ltr'>justitisesuas</span> <span class='ocrx_word' id='word_1_749' title='bbox 3067 3015 3326 3060; x_wconf 87' lang='lat' dir='ltr'>tenorem.</span> <span class='ocrx_word' id='word_1_750' title='bbox 3374 3072 3408 3075; x_wconf 43' lang='grc' dir='ltr'>η</span> <span class='ocrx_word' id='word_1_751' title='bbox 3457 3013 3515 3058; x_wconf 89' lang='lat' dir='ltr'>ut</span> <span class='ocrx_word' id='word_1_752' title='bbox 3543 3010 3619 3059; x_wconf 86' lang='lat' dir='ltr'>ait</span> <span class='ocrx_word' id='word_1_753' title='bbox 3639 3010 3805 3058; x_wconf 81' lang='lat' dir='ltr'>David</span> <span class='ocrx_word' id='word_1_754' title='bbox 3825 3024 3839 3057; x_wconf 90' lang='lat'>:</span> 
     </span>
    </p>
   </div>
   <div class='ocr_carea' id='block_1_116' title="bbox 2191 3072 3837 3154">
    <p class='ocr_par' dir='ltr' id='par_1_116' title="bbox 2191 3072 3837 3154">
     <span class='ocr_line' id='line_1_116' title="bbox 2191 3072 3837 3154; baseline -0.001 -20"><span class='ocrx_word' id='word_1_755' title='bbox 2191 3077 2350 3154; x_wconf 90' lang='lat' dir='ltr'>pios,</span> <span class='ocrx_word' id='word_1_756' title='bbox 2400 3082 2461 3136; x_wconf 87' lang='lat' dir='ltr'>et</span> <span class='ocrx_word' id='word_1_757' title='bbox 2508 3072 2818 3153; x_wconf 78' lang='lat' dir='ltr'>judicium</span> <span class='ocrx_word' id='word_1_758' title='bbox 2879 3075 3260 3152; x_wconf 89' lang='lat' dir='ltr'>pauperibus</span> <span class='ocrx_word' id='word_1_759' title='bbox 3310 3072 3552 3144; x_wconf 85' lang='lat' dir='ltr'>tribuit,</span> <span class='ocrx_word' id='word_1_760' title='bbox 3585 3080 3648 3132; x_wconf 93' lang='lat' dir='ltr'>et</span> <span class='ocrx_word' id='word_1_761' title='bbox 3708 3092 3837 3154; x_wconf 88' lang='lat' dir='ltr'>non</span> 
     </span>
    </p>
   </div>
   <div class='ocr_carea' id='block_1_117' title="bbox 2193 3153 3838 3218">
    <p class='ocr_par' dir='ltr' id='par_1_117' title="bbox 2193 3153 3838 3218">
     <span class='ocr_line' id='line_1_117' title="bbox 2193 3153 3838 3218; baseline -0.002 -15"><span class='ocrx_word' id='word_1_762' title='bbox 2193 3153 2336 3203; x_wconf 74' lang='lat' dir='ltr'>Oculi</span> <span class='ocrx_word' id='word_1_763' title='bbox 2354 3155 2564 3204; x_wconf 75' lang='lat' dir='ltr'>Domini</span> <span class='ocrx_word' id='word_1_764' title='bbox 2582 3169 2732 3216; x_wconf 84' lang='lat' dir='ltr'>super</span> <span class='ocrx_word' id='word_1_765' title='bbox 2741 3155 2929 3218; x_wconf 79' lang='lat' dir='ltr'>justas,</span> <span class='ocrx_word' id='word_1_766' title='bbox 2944 3157 2996 3203; x_wconf 91' lang='lat' dir='ltr'>et</span> <span class='ocrx_word' id='word_1_767' title='bbox 3012 3154 3228 3217; x_wconf 87' lang='lat' dir='ltr'>reliqua.</span> <span class='ocrx_word' id='word_1_768' title='bbox 3245 3154 3339 3202; x_wconf 83' lang='lat' dir='ltr'>Hic</span> <span class='ocrx_word' id='word_1_769' title='bbox 3360 3166 3511 3216; x_wconf 88' lang='lat' dir='ltr'>reges</span> <span class='ocrx_word' id='word_1_770' title='bbox 3531 3165 3644 3218; x_wconf 84' lang='lat' dir='ltr'>non</span> <span class='ocrx_word' id='word_1_771' title='bbox 3663 3153 3838 3218; x_wconf 77' lang='lat' dir='ltr'>solum</span> 
     </span>
    </p>
   </div>
   <div class='ocr_carea' id='block_1_118' title="bbox 2983 3215 3840 3291">
    <p class='ocr_par' dir='ltr' id='par_1_118' title="bbox 2983 3215 3840 3291">
     <span class='ocr_line' id='line_1_118' title="bbox 2983 3215 3840 3291; baseline -0.001 -16"><span class='ocrx_word' id='word_1_772' title='bbox 2983 3215 3149 3277; x_wconf 80' lang='lat' dir='ltr'>suos.</span> <span class='ocrx_word' id='word_1_773' title='bbox 3198 3221 3275 3277; x_wconf 84' lang='lat' dir='ltr'>Et</span> <span class='ocrx_word' id='word_1_774' title='bbox 3324 3234 3522 3291; x_wconf 88' lang='lat' dir='ltr'>reges,</span> <span class='ocrx_word' id='word_1_775' title='bbox 3577 3215 3639 3274; x_wconf 92' lang='lat' dir='ltr'>in</span> <span class='ocrx_word' id='word_1_776' title='bbox 3675 3215 3840 3274; x_wconf 89' lang='lat' dir='ltr'>solio</span> 
     </span>
    </p>
   </div>
   <div class='ocr_carea' id='block_1_119' title="bbox 2187 3293 3843 3360">
    <p class='ocr_par' dir='ltr' id='par_1_119' title="bbox 2187 3293 3843 3360">
     <span class='ocr_line' id='line_1_119' title="bbox 2187 3293 3843 3360; baseline -0.002 -14"><span class='ocrx_word' id='word_1_777' title='bbox 2187 3297 2475 3360; x_wconf 67' lang='lat' dir='ltr'>sicculihuj</span> <span class='ocrx_word' id='word_1_778' title='bbox 2487 3293 2564 3357; x_wconf 64' lang='lat' dir='ltr'>iis,</span> <span class='ocrx_word' id='word_1_779' title='bbox 2580 3297 2674 3346; x_wconf 88' lang='lat' dir='ltr'>sed</span> <span class='ocrx_word' id='word_1_780' title='bbox 2704 3297 2862 3346; x_wconf 84' lang='lat' dir='ltr'>etiam</span> <span class='ocrx_word' id='word_1_781' title='bbox 2874 3296 3284 3360; x_wconf 70' lang='lat' dir='ltr'>Ecclesizereges</span> <span class='ocrx_word' id='word_1_782' title='bbox 3313 3299 3366 3344; x_wconf 91' lang='lat' dir='ltr'>et</span> <span class='ocrx_word' id='word_1_783' title='bbox 3396 3293 3662 3360; x_wconf 41' lang='lat' dir='ltr'>praepositi</span> <span class='ocrx_word' id='word_1_784' title='bbox 3687 3294 3843 3343; x_wconf 41' lang='lat' dir='ltr'>intel‘</span> 
     </span>
    </p>
   </div>
   <div class='ocr_carea' id='block_1_120' title="bbox 2187 3356 3843 3422">
    <p class='ocr_par' dir='ltr' id='par_1_120' title="bbox 2187 3356 3843 3422">
     <span class='ocr_line' id='line_1_120' title="bbox 2187 3356 3843 3422; baseline -0.002 -15"><span class='ocrx_word' id='word_1_785' title='bbox 2187 3356 2474 3422; x_wconf 52' lang='lat' dir='ltr'>ligunturf</span> <span class='ocrx_word' id='word_1_786' title='bbox 2553 3356 2557 3357; x_wconf 52' lang='grc'><strong><em>⁷</em></strong></span> <span class='ocrx_word' id='word_1_787' title='bbox 2751 3360 2848 3416; x_wconf 88' lang='lat' dir='ltr'>Qui</span> <span class='ocrx_word' id='word_1_788' title='bbox 2874 3359 2956 3407; x_wconf 87' lang='lat' dir='ltr'>hic</span> <span class='ocrx_word' id='word_1_789' title='bbox 2984 3356 3244 3407; x_wconf 46' lang='lat' dir='ltr'>lmmilia‘ti</span> <span class='ocrx_word' id='word_1_790' title='bbox 3275 3356 3843 3422; x_wconf 80' lang='lat' dir='ltr'>sunt,illieriguntur.</span> 
     </span>
    </p>
   </div>
   <div class='ocr_carea' id='block_1_121' title="bbox 2184 3421 3846 3500">
    <p class='ocr_par' dir='ltr' id='par_1_121' title="bbox 2184 3421 3846 3500">
     <span class='ocr_line' id='line_1_121' title="bbox 2184 3421 3846 3500; baseline -0.001 -19"><span class='ocrx_word' id='word_1_791' title='bbox 2184 3421 2453 3482; x_wconf 80' lang='lat' dir='ltr'>cellocat</span> <span class='ocrx_word' id='word_1_792' title='bbox 2507 3422 2569 3480; x_wconf 90' lang='lat' dir='ltr'>in</span> <span class='ocrx_word' id='word_1_793' title='bbox 2633 3428 3053 3500; x_wconf 86' lang='lat' dir='ltr'>perpetuum;</span> <span class='ocrx_word' id='word_1_794' title='bbox 3113 3429 3176 3481; x_wconf 90' lang='lat' dir='ltr'>ct</span> <span class='ocrx_word' id='word_1_795' title='bbox 3231 3421 3321 3480; x_wconf 88' lang='lat' dir='ltr'>illi</span> <span class='ocrx_word' id='word_1_796' title='bbox 3362 3421 3720 3498; x_wconf 85' lang='lat' dir='ltr'>eriguntur,</span> <span class='ocrx_word' id='word_1_797' title='bbox 3781 3427 3846 3480; x_wconf 90' lang='lat' dir='ltr'>et</span> 
     </span>
    </p>
   </div>
   <div class='ocr_carea' id='block_1_122' title="bbox 2184 3500 3810 3611">
    <p class='ocr_par' dir='ltr' id='par_1_122' title="bbox 2184 3500 3810 3611">
     <span class='ocr_line' id='line_1_122' title="bbox 2184 3500 3810 3611; baseline -0.004 -61"><span class='ocrx_word' id='word_1_798' title='bbox 2184 3503 2302 3565; x_wconf 83' lang='lat' dir='ltr'>Ipsa</span> <span class='ocrx_word' id='word_1_799' title='bbox 2331 3506 2410 3550; x_wconf 87' lang='lat' dir='ltr'>est</span> <span class='ocrx_word' id='word_1_800' title='bbox 2440 3501 2612 3550; x_wconf 86' lang='lat' dir='ltr'>adhuc</span> <span class='ocrx_word' id='word_1_801' title='bbox 2635 3503 2867 3573; x_wconf 75' lang='lat' dir='ltr'>retentio</span> <span class='ocrx_word' id='word_1_802' title='bbox 2897 3500 3386 3611; x_wconf 45' lang='lat' dir='ltr'>peregrinationis.</span> <span class='ocrx_word' id='word_1_803' title='bbox 3800 3561 3810 3569; x_wconf 81' lang='lat'><strong><em>_</em></strong></span> 
     </span>
     <span class='ocr_line' id='line_1_123' title="bbox 2510 3563 3810 3611; baseline -0.003 0"><span class='ocrx_word' id='word_1_804' title='bbox 2510 3565 2750 3611; x_wconf 78' lang='lat' dir='ltr'>Fortibus</span> <span class='ocrx_word' id='word_1_805' title='bbox 2781 3563 2900 3611; x_wconf 76' lang='lat' dir='ltr'>vide</span> <span class='ocrx_word' id='word_1_806' title='bbox 2925 3567 3025 3611; x_wconf 72' lang='lat' dir='ltr'>lcet</span> <span class='ocrx_word' id='word_1_807' title='bbox 3056 3563 3265 3611; x_wconf 78' lang='lat' dir='ltr'>Indicus</span> <span class='ocrx_word' id='word_1_808' title='bbox 3298 3563 3388 3609; x_wconf 79' lang='lat' dir='ltr'>Dei</span> <span class='ocrx_word' id='word_1_809' title='bbox 3419 3565 3471 3608; x_wconf 87' lang='lat' dir='ltr'>et</span> <span class='ocrx_word' id='word_1_810' title='bbox 3499 3563 3810 3611; x_wconf 76' lang='lat' dir='ltr'>paupertati</span> 
     </span>
    </p>
   </div>
   <div class='ocr_carea' id='block_1_123' title="bbox 2510 3562 3844 3624">
    <p class='ocr_par' dir='ltr' id='par_1_123' title="bbox 2510 3562 3844 3624">
     <span class='ocr_line' id='line_1_124' title="bbox 2510 3562 3844 3624; baseline -0.001 -14"><span class='ocrx_word' id='word_1_811' title='bbox 2510 3565 2750 3612; x_wconf 82' lang='lat' dir='ltr'>Fortibus</span> <span class='ocrx_word' id='word_1_812' title='bbox 2781 3562 3025 3612; x_wconf 87' lang='lat' dir='ltr'>videlicet</span> <span class='ocrx_word' id='word_1_813' title='bbox 3045 3562 3265 3624; x_wconf 75' lang='lat' dir='ltr'>judiciis</span> <span class='ocrx_word' id='word_1_814' title='bbox 3298 3562 3388 3609; x_wconf 87' lang='lat' dir='ltr'>Dei</span> <span class='ocrx_word' id='word_1_815' title='bbox 3419 3565 3471 3608; x_wconf 88' lang='lat' dir='ltr'>et</span> <span class='ocrx_word' id='word_1_816' title='bbox 3499 3562 3844 3624; x_wconf 81' lang='lat' dir='ltr'>paupertatis</span> 
     </span>
    </p>
   </div>
   <div class='ocr_carea' id='block_1_124' title="bbox 2183 3622 3843 3690">
    <p class='ocr_par' dir='ltr' id='par_1_124' title="bbox 2183 3622 3843 3690">
     <span class='ocr_line' id='line_1_125' title="bbox 2183 3622 3843 3690; baseline -0.001 -18"><span class='ocrx_word' id='word_1_817' title='bbox 2183 3624 2400 3675; x_wconf 83' lang='lat' dir='ltr'>funibus</span> <span class='ocrx_word' id='word_1_818' title='bbox 2431 3627 2764 3688; x_wconf 77' lang='lat' dir='ltr'>colligantur.</span> <span class='ocrx_word' id='word_1_819' title='bbox 2808 3628 2971 3688; x_wconf 82' lang='lat' dir='ltr'>Opem</span> <span class='ocrx_word' id='word_1_820' title='bbox 3003 3622 3170 3673; x_wconf 79' lang='lat' dir='ltr'>divini</span> <span class='ocrx_word' id='word_1_821' title='bbox 3201 3624 3385 3690; x_wconf 79' lang='lat' dir='ltr'>auxilii</span> <span class='ocrx_word' id='word_1_822' title='bbox 3416 3636 3522 3690; x_wconf 83' lang='lat' dir='ltr'>non</span> <span class='ocrx_word' id='word_1_823' title='bbox 3554 3622 3843 3690; x_wconf 77' lang='lat' dir='ltr'>habentes.</span> 
     </span>
    </p>
   </div>
   <div class='ocr_carea' id='block_1_125' title="bbox 3358 3684 3844 3734">
    <p class='ocr_par' dir='ltr' id='par_1_125' title="bbox 3358 3684 3844 3734">
     <span class='ocr_line' id='line_1_126' title="bbox 3358 3684 3844 3734; baseline 0.002 -1"><span class='ocrx_word' id='word_1_824' title='bbox 3358 3686 3541 3733; x_wconf 84' lang='lat' dir='ltr'>Omnis</span> <span class='ocrx_word' id='word_1_825' title='bbox 3569 3684 3648 3733; x_wconf 87' lang='lat' dir='ltr'>rei</span> <span class='ocrx_word' id='word_1_826' title='bbox 3680 3684 3844 3734; x_wconf 73' lang='lat' dir='ltr'>bonae</span> 
     </span>
    </p>
   </div>
   <div class='ocr_carea' id='block_1_126' title="bbox 2181 3748 3846 3822">
    <p class='ocr_par' dir='ltr' id='par_1_126' title="bbox 2181 3748 3846 3822">
     <span class='ocr_line' id='line_1_127' title="bbox 2181 3748 3846 3822; baseline -0.001 -13"><span class='ocrx_word' id='word_1_827' title='bbox 2181 3750 2231 3809; x_wconf 91' lang='lat' dir='ltr'>si</span> <span class='ocrx_word' id='word_1_828' title='bbox 2288 3750 2518 3810; x_wconf 83' lang='lat' dir='ltr'>fuerint</span> <span class='ocrx_word' id='word_1_829' title='bbox 2572 3750 2634 3810; x_wconf 93' lang='lat' dir='ltr'>in</span> <span class='ocrx_word' id='word_1_830' title='bbox 2695 3751 2956 3822; x_wconf 89' lang='lat' dir='ltr'>catenis,</span> <span class='ocrx_word' id='word_1_831' title='bbox 3017 3754 3081 3810; x_wconf 91' lang='lat' dir='ltr'>et</span> <span class='ocrx_word' id='word_1_832' title='bbox 3165 3749 3520 3808; x_wconf 89' lang='lat' dir='ltr'>vinciantur</span> <span class='ocrx_word' id='word_1_833' title='bbox 3581 3748 3846 3807; x_wconf 87' lang='lat' dir='ltr'>funibus</span> 
     </span>
    </p>
   </div>
   <div class='ocr_carea' id='block_1_127' title="bbox 2179 3826 3847 3893">
    <p class='ocr_par' dir='ltr' id='par_1_127' title="bbox 2179 3826 3847 3893">
     <span class='ocr_line' id='line_1_128' title="bbox 2179 3826 3847 3893; baseline -0.001 -15"><span class='ocrx_word' id='word_1_834' title='bbox 2179 3829 2368 3892; x_wconf 86' lang='lat' dir='ltr'>inopes</span> <span class='ocrx_word' id='word_1_835' title='bbox 2397 3830 2584 3878; x_wconf 86' lang='lat' dir='ltr'>ctlccti.</span> <span class='ocrx_word' id='word_1_836' title='bbox 2703 3844 2799 3893; x_wconf 90' lang='lat' dir='ltr'>pro</span> <span class='ocrx_word' id='word_1_837' title='bbox 2832 3829 3083 3892; x_wconf 85' lang='lat' dir='ltr'>qualitate</span> <span class='ocrx_word' id='word_1_838' title='bbox 3113 3829 3444 3893; x_wconf 88' lang='lat' dir='ltr'>meritorum.</span> <span class='ocrx_word' id='word_1_839' title='bbox 3525 3826 3627 3893; x_wconf 28' lang='lat' dir='ltr'>‘vel</span> <span class='ocrx_word' id='word_1_840' title='bbox 3658 3827 3847 3876; x_wconf 85' lang='lat' dir='ltr'>Sancti</span> 
     </span>
    </p>
   </div>
   <div class='ocr_carea' id='block_1_128' title="bbox 2185 3889 3844 3971">
    <p class='ocr_par' dir='ltr' id='par_1_128' title="bbox 2185 3889 3844 3971">
     <span class='ocr_line' id='line_1_129' title="bbox 2185 3889 3844 3971; baseline -0.002 -19"><span class='ocrx_word' id='word_1_841' title='bbox 2185 3889 2595 3971; x_wconf 79' lang='lat' dir='ltr'>paupertatis.</span> <span class='ocrx_word' id='word_1_842' title='bbox 2665 3889 2976 3953; x_wconf 79' lang='lat' dir='ltr'>Indicabit</span> <span class='ocrx_word' id='word_1_843' title='bbox 3076 3892 3164 3951; x_wconf 90' lang='lat' dir='ltr'>eis</span> <span class='ocrx_word' id='word_1_844' title='bbox 3247 3909 3449 3971; x_wconf 83' lang='lat' dir='ltr'>opera</span> <span class='ocrx_word' id='word_1_845' title='bbox 3520 3889 3844 3971; x_wconf 80' lang='lat' dir='ltr'>ipsorum,</span> 
     </span>
    </p>
   </div>
   <div class='ocr_carea' id='block_1_129' title="bbox 2179 3969 3846 4034">
    <p class='ocr_par' dir='ltr' id='par_1_129' title="bbox 2179 3969 3846 4034">
     <span class='ocr_line' id='line_1_130' title="bbox 2179 3969 3846 4034; baseline -0.001 -14"><span class='ocrx_word' id='word_1_846' title='bbox 2179 3969 2465 4034; x_wconf 79' lang='lat' dir='ltr'>supernam</span> <span class='ocrx_word' id='word_1_847' title='bbox 2495 3972 2715 4033; x_wconf 78' lang='lat' dir='ltr'>gloriam</span> <span class='ocrx_word' id='word_1_848' title='bbox 2760 3977 3019 4029; x_wconf 88' lang='lat' dir='ltr'>amantes,</span> <span class='ocrx_word' id='word_1_849' title='bbox 3057 3985 3148 4033; x_wconf 89' lang='lat' dir='ltr'>per</span> <span class='ocrx_word' id='word_1_850' title='bbox 3176 3970 3545 4034; x_wconf 60' lang='lat' dir='ltr'>paenitentiam</span> <span class='ocrx_word' id='word_1_851' title='bbox 3580 3969 3846 4034; x_wconf 72' lang='lat' dir='ltr'>damnant</span> 
     </span>
    </p>
   </div>
   <div class='ocr_carea' id='block_1_130' title="bbox 2179 4031 3844 4083">
    <p class='ocr_par' dir='ltr' id='par_1_130' title="bbox 2179 4031 3844 4083">
     <span class='ocr_line' id='line_1_131' title="bbox 2179 4031 3844 4083; baseline -0.003 0"><span class='ocrx_word' id='word_1_852' title='bbox 2179 4031 2275 4083; x_wconf 79' lang='lat' dir='ltr'>sua</span> <span class='ocrx_word' id='word_1_853' title='bbox 2305 4034 2460 4082; x_wconf 88' lang='lat' dir='ltr'>mala.</span> <span class='ocrx_word' id='word_1_854' title='bbox 2499 4031 2521 4033; x_wconf 54' lang='grc'>⁷’</span> <span class='ocrx_word' id='word_1_855' title='bbox 3057 4031 3072 4033; x_wconf 73' lang='grc'><strong><em>“</em></strong></span> <span class='ocrx_word' id='word_1_856' title='bbox 3180 4031 3190 4032; x_wconf 47' lang='grc'><strong>“</strong></span> <span class='ocrx_word' id='word_1_857' title='bbox 3457 4032 3630 4080; x_wconf 85' lang='lat' dir='ltr'>Aures</span> <span class='ocrx_word' id='word_1_858' title='bbox 3658 4031 3844 4080; x_wconf 85' lang='lat' dir='ltr'>cordis</span> 
     </span>
    </p>
   </div>
   <div class='ocr_carea' id='block_1_131' title="bbox 2178 4094 3845 4174">
    <p class='ocr_par' dir='ltr' id='par_1_131' title="bbox 2178 4094 3845 4174">
     <span class='ocr_line' id='line_1_132' title="bbox 2178 4094 3845 4174; baseline -0.002 -17"><span class='ocrx_word' id='word_1_859' title='bbox 2178 4105 2240 4157; x_wconf 95' lang='lat' dir='ltr'>et</span> <span class='ocrx_word' id='word_1_860' title='bbox 2295 4099 2550 4167; x_wconf 88' lang='lat' dir='ltr'>scelera,</span> <span class='ocrx_word' id='word_1_861' title='bbox 2637 4096 2787 4174; x_wconf 91' lang='lat' dir='ltr'>quia</span> <span class='ocrx_word' id='word_1_862' title='bbox 2869 4095 3126 4156; x_wconf 89' lang='lat' dir='ltr'>violenti</span> <span class='ocrx_word' id='word_1_863' title='bbox 3186 4094 3438 4154; x_wconf 87' lang='lat' dir='ltr'>fuerint.</span> <span class='ocrx_word' id='word_1_864' title='bbox 3504 4094 3845 4154; x_wconf 77' lang='lat' dir='ltr'>Revelabit</span> 
     </span>
    </p>
   </div>
   <div class='ocr_carea' id='block_1_132' title="bbox 2178 4174 3844 4238">
    <p class='ocr_par' dir='ltr' id='par_1_132' title="bbox 2178 4174 3844 4238">
     <span class='ocr_line' id='line_1_133' title="bbox 2178 4174 3844 4238; baseline -0.002 -14"><span class='ocrx_word' id='word_1_865' title='bbox 2178 4177 2242 4224; x_wconf 94' lang='lat' dir='ltr'>ad</span> <span class='ocrx_word' id='word_1_866' title='bbox 2273 4175 2630 4225; x_wconf 88' lang='lat' dir='ltr'>obediendum</span> <span class='ocrx_word' id='word_1_867' title='bbox 2662 4176 2761 4224; x_wconf 90' lang='lat' dir='ltr'>sibi</span> <span class='ocrx_word' id='word_1_868' title='bbox 2803 4175 2943 4224; x_wconf 89' lang='lat' dir='ltr'>Deus</span> <span class='ocrx_word' id='word_1_869' title='bbox 2972 4189 3066 4238; x_wconf 91' lang='lat' dir='ltr'>per</span> <span class='ocrx_word' id='word_1_870' title='bbox 3094 4174 3472 4238; x_wconf 73' lang='lat' dir='ltr'>castigationes</span> <span class='ocrx_word' id='word_1_871' title='bbox 3512 4177 3566 4221; x_wconf 87' lang='lat' dir='ltr'>et</span> <span class='ocrx_word' id='word_1_872' title='bbox 3597 4178 3844 4238; x_wconf 82' lang='lat' dir='ltr'>secretas</span> 
     </span>
    </p>
   </div>
   <div class='ocr_carea' id='block_1_133' title="bbox 2177 4236 3844 4317">
    <p class='ocr_par' dir='ltr' id='par_1_133' title="bbox 2177 4236 3844 4317">
     <span class='ocr_line' id='line_1_134' title="bbox 2177 4236 3844 4317; baseline -0.002 -17"><span class='ocrx_word' id='word_1_873' title='bbox 2177 4258 2430 4317; x_wconf 91' lang='lat' dir='ltr'>quoque</span> <span class='ocrx_word' id='word_1_874' title='bbox 2496 4258 2677 4299; x_wconf 90' lang='lat' dir='ltr'>aures</span> <span class='ocrx_word' id='word_1_875' title='bbox 2735 4236 3077 4298; x_wconf 46' lang='lat' dir='ltr'>eorum&#39;ut</span> <span class='ocrx_word' id='word_1_876' title='bbox 3133 4237 3449 4315; x_wconf 87' lang='lat' dir='ltr'>corripiat,</span> <span class='ocrx_word' id='word_1_877' title='bbox 3506 4244 3570 4317; x_wconf 87' lang='lat' dir='ltr'>et</span> <span class='ocrx_word' id='word_1_878' title='bbox 3605 4236 3844 4317; x_wconf 72' lang='lat' dir='ltr'>loque-</span> 
     </span>
    </p>
   </div>
   <div class='ocr_carea' id='block_1_134' title="bbox 2175 4314 3844 4381">
    <p class='ocr_par' dir='ltr' id='par_1_134' title="bbox 2175 4314 3844 4381">
     <span class='ocr_line' id='line_1_135' title="bbox 2175 4314 3844 4381; baseline -0.002 -14"><span class='ocrx_word' id='word_1_879' title='bbox 2175 4314 2552 4381; x_wconf 77' lang='lat' dir='ltr'>ihspirationes</span> <span class='ocrx_word' id='word_1_880' title='bbox 2566 4317 2784 4381; x_wconf 88' lang='lat' dir='ltr'>aperiet,</span> <span class='ocrx_word' id='word_1_881' title='bbox 2802 4321 2861 4366; x_wconf 89' lang='lat' dir='ltr'>ut</span> <span class='ocrx_word' id='word_1_882' title='bbox 2883 4324 3208 4381; x_wconf 73' lang='lat' dir='ltr'>mternorum</span> <span class='ocrx_word' id='word_1_883' title='bbox 3225 4314 3488 4381; x_wconf 85' lang='lat' dir='ltr'>bonorum</span> <span class='ocrx_word' id='word_1_884' title='bbox 3502 4314 3844 4365; x_wconf 82' lang='lat' dir='ltr'>desiderium</span> 
     </span>
    </p>
   </div>
   <div class='ocr_carea' id='block_1_135' title="bbox 2175 4379 3846 4443">
    <p class='ocr_par' dir='ltr' id='par_1_135' title="bbox 2175 4379 3846 4443">
     <span class='ocr_line' id='line_1_136' title="bbox 2175 4379 3846 4443; baseline -0.002 -13"><span class='ocrx_word' id='word_1_885' title='bbox 2175 4379 2457 4443; x_wconf 82' lang='lat' dir='ltr'>percipiat;</span> <span class='ocrx_word' id='word_1_886' title='bbox 2477 4387 2526 4430; x_wconf 91' lang='lat' dir='ltr'>et</span> <span class='ocrx_word' id='word_1_887' title='bbox 2544 4379 2680 4428; x_wconf 81' lang='lat' dir='ltr'>mala</span> <span class='ocrx_word' id='word_1_888' title='bbox 2697 4394 2818 4442; x_wconf 64' lang='lat' dir='ltr'>quae</span> <span class='ocrx_word' id='word_1_889' title='bbox 2833 4380 3160 4429; x_wconf 81' lang='lat' dir='ltr'>extrinsecus</span> <span class='ocrx_word' id='word_1_890' title='bbox 3181 4379 3526 4443; x_wconf 84' lang='lat' dir='ltr'>perpetravit,</span> <span class='ocrx_word' id='word_1_891' title='bbox 3558 4382 3846 4443; x_wconf 62' lang='lat' dir='ltr'>agnoscatr</span> 
     </span>
    </p>
   </div>
   <div class='ocr_carea' id='block_1_136' title="bbox 2177 4441 3850 4521">
    <p class='ocr_par' dir='ltr' id='par_1_136' title="bbox 2177 4441 3850 4521">
     <span class='ocr_line' id='line_1_137' title="bbox 2177 4441 3850 4521; baseline -0.002 -18"><span class='ocrx_word' id='word_1_892' title='bbox 2177 4441 2278 4503; x_wconf 80' lang='lat' dir='ltr'>tur</span> <span class='ocrx_word' id='word_1_893' title='bbox 2324 4441 2429 4503; x_wconf 42' lang='lat' dir='ltr'>_ut</span> <span class='ocrx_word' id='word_1_894' title='bbox 2534 4441 2881 4502; x_wconf 83' lang='lat' dir='ltr'>revertatur</span> <span class='ocrx_word' id='word_1_895' title='bbox 2950 4443 3043 4521; x_wconf 37' lang='lat' dir='ltr'>.ab</span> <span class='ocrx_word' id='word_1_896' title='bbox 3127 4441 3459 4520; x_wconf 89' lang='lat' dir='ltr'>iniquitate</span> <span class='ocrx_word' id='word_1_897' title='bbox 3501 4459 3683 4521; x_wconf 85' lang='lat' dir='ltr'>_sua_.</span> <span class='ocrx_word' id='word_1_898' title='bbox 3778 4441 3850 4500; x_wconf 90' lang='lat' dir='ltr'>Si</span> 
     </span>
    </p>
   </div>
   <div class='ocr_carea' id='block_1_137' title="bbox 2176 4519 3850 4576">
    <p class='ocr_par' dir='ltr' id='par_1_137' title="bbox 2176 4519 3850 4576">
     <span class='ocr_line' id='line_1_138' title="bbox 2176 4519 3850 4576; baseline -0.003 -3"><span class='ocrx_word' id='word_1_899' title='bbox 2176 4524 2241 4573; x_wconf 93' lang='lat' dir='ltr'>Ut</span> <span class='ocrx_word' id='word_1_900' title='bbox 2295 4523 2546 4571; x_wconf 90' lang='lat' dir='ltr'>Salomon</span> <span class='ocrx_word' id='word_1_901' title='bbox 2589 4523 2686 4571; x_wconf 87' lang='lat' dir='ltr'>ait:</span> <span class='ocrx_word' id='word_1_902' title='bbox 2733 4519 2993 4570; x_wconf 51' lang='lat' dir='ltr'>illemoria</span> <span class='ocrx_word' id='word_1_903' title='bbox 3040 4522 3300 4570; x_wconf 76' lang='lat' dir='ltr'>Justorum</span> <span class='ocrx_word' id='word_1_904' title='bbox 3340 4535 3454 4569; x_wconf 85' lang='lat' dir='ltr'>cum</span> <span class='ocrx_word' id='word_1_905' title='bbox 3493 4519 3761 4576; x_wconf 73' lang='lat' dir='ltr'>laudibus,</span> <span class='ocrx_word' id='word_1_906' title='bbox 3790 4525 3850 4568; x_wconf 85' lang='lat' dir='ltr'>et</span> 
     </span>
    </p>
   </div>
   <div class='ocr_carea' id='block_1_138' title="bbox 2093 4583 3848 4662">
    <p class='ocr_par' dir='ltr' id='par_1_138' title="bbox 2093 4583 3848 4662">
     <span class='ocr_line' id='line_1_139' title="bbox 2093 4583 3848 4662; baseline -0.003 -15"><span class='ocrx_word' id='word_1_907' title='bbox 2093 4587 2482 4660; x_wconf 85' lang='lat' dir='ltr'>Daudierint</span> <span class='ocrx_word' id='word_1_908' title='bbox 2547 4591 2608 4645; x_wconf 91' lang='lat' dir='ltr'>et</span> <span class='ocrx_word' id='word_1_909' title='bbox 2670 4586 3171 4653; x_wconf 85' lang='lat' dir='ltr'>observaverint,</span> <span class='ocrx_word' id='word_1_910' title='bbox 3233 4583 3645 4662; x_wconf 89' lang='lat' dir='ltr'>complebunt</span> <span class='ocrx_word' id='word_1_911' title='bbox 3705 4583 3848 4642; x_wconf 64' lang='lat' dir='ltr'>dies</span> 
     </span>
    </p>
   </div>
   <div class='ocr_carea' id='block_1_139' title="bbox 2169 4661 3844 4727">
    <p class='ocr_par' dir='ltr' id='par_1_139' title="bbox 2169 4661 3844 4727">
     <span class='ocr_line' id='line_1_140' title="bbox 2169 4661 3844 4727; baseline -0.002 -13"><span class='ocrx_word' id='word_1_912' title='bbox 2169 4666 2381 4727; x_wconf 84' lang='lat' dir='ltr'>reliqua</span> <span class='ocrx_word' id='word_1_913' title='bbox 2413 4664 2570 4725; x_wconf 69' lang='lat' dir='ltr'>(Psal.</span> <span class='ocrx_word' id='word_1_914' title='bbox 2604 4666 2796 4725; x_wconf 78' lang='lat' dir='ltr'>xum).</span> <span class='ocrx_word' id='word_1_915' title='bbox 3167 4726 3170 4727; x_wconf 16' lang='grc' dir='ltr'><em>ν</em></span> <span class='ocrx_word' id='word_1_916' title='bbox 3388 4661 3410 4727; x_wconf 69' lang='grc' dir='ltr'> </span> <span class='ocrx_word' id='word_1_917' title='bbox 3511 4661 3574 4727; x_wconf 78' lang='lat' dir='ltr'>Si</span> <span class='ocrx_word' id='word_1_918' title='bbox 3601 4663 3714 4710; x_wconf 88' lang='lat' dir='ltr'>Deo</span> <span class='ocrx_word' id='word_1_919' title='bbox 3744 4662 3844 4711; x_wconf 83' lang='lat' dir='ltr'>do-</span> 
     </span>
    </p>
   </div>
   <div class='ocr_carea' id='block_1_140' title="bbox 2166 4725 3840 4802">
    <p class='ocr_par' dir='ltr' id='par_1_140' title="bbox 2166 4725 3840 4802">
     <span class='ocr_line' id='line_1_141' title="bbox 2166 4725 3840 4802; baseline -0.002 -14"><span class='ocrx_word' id='word_1_920' title='bbox 2166 4725 2312 4789; x_wconf 77' lang='lat' dir='ltr'>suos</span> <span class='ocrx_word' id='word_1_921' title='bbox 2345 4729 2407 4786; x_wconf 91' lang='lat' dir='ltr'>in</span> <span class='ocrx_word' id='word_1_922' title='bbox 2443 4729 2631 4796; x_wconf 86' lang='lat' dir='ltr'>bono,</span> <span class='ocrx_word' id='word_1_923' title='bbox 2668 4735 2730 4787; x_wconf 91' lang='lat' dir='ltr'>et</span> <span class='ocrx_word' id='word_1_924' title='bbox 2762 4744 2960 4787; x_wconf 88' lang='lat' dir='ltr'>annos</span> <span class='ocrx_word' id='word_1_925' title='bbox 2987 4745 3130 4785; x_wconf 89' lang='lat' dir='ltr'>suos</span> <span class='ocrx_word' id='word_1_926' title='bbox 3160 4726 3220 4784; x_wconf 92' lang='lat' dir='ltr'>in</span> <span class='ocrx_word' id='word_1_927' title='bbox 3255 4725 3480 4802; x_wconf 87' lang='lat' dir='ltr'>gloria.</span> <span class='ocrx_word' id='word_1_928' title='bbox 3515 4725 3583 4786; x_wconf 90' lang='lat' dir='ltr'>Si</span> <span class='ocrx_word' id='word_1_929' title='bbox 3614 4734 3840 4784; x_wconf 89' lang='lat' dir='ltr'>autem</span> 
     </span>
    </p>
   </div>
   <div class='ocr_carea' id='block_1_141' title="bbox 2161 4803 3842 4869">
    <p class='ocr_par' dir='ltr' id='par_1_141' title="bbox 2161 4803 3842 4869">
     <span class='ocr_line' id='line_1_142' title="bbox 2161 4803 3842 4869; baseline -0.003 -12"><span class='ocrx_word' id='word_1_930' title='bbox 2161 4813 2314 4857; x_wconf 87' lang='lat' dir='ltr'>caute</span> <span class='ocrx_word' id='word_1_931' title='bbox 2326 4813 2532 4856; x_wconf 89' lang='lat' dir='ltr'>contem</span> <span class='ocrx_word' id='word_1_932' title='bbox 2544 4808 2858 4869; x_wconf 89' lang='lat' dir='ltr'>pscrint,per</span> <span class='ocrx_word' id='word_1_933' title='bbox 2870 4807 3009 4854; x_wconf 89' lang='lat' dir='ltr'>hanc</span> <span class='ocrx_word' id='word_1_934' title='bbox 3035 4805 3422 4869; x_wconf 80' lang='lat' dir='ltr'>mortalitatem</span> <span class='ocrx_word' id='word_1_935' title='bbox 3431 4803 3498 4869; x_wconf 80' lang='lat' dir='ltr'>de</span> <span class='ocrx_word' id='word_1_936' title='bbox 3514 4803 3619 4869; x_wconf 79' lang='lat' dir='ltr'>hoc</span> <span class='ocrx_word' id='word_1_937' title='bbox 3628 4805 3842 4854; x_wconf 57' lang='lat' dir='ltr'>saeculo</span> 
     </span>
    </p>
   </div>
   <div class='ocr_carea' id='block_1_142' title="bbox 2163 4866 3842 4947">
    <p class='ocr_par' dir='ltr' id='par_1_142' title="bbox 2163 4866 3842 4947">
     <span class='ocr_line' id='line_1_143' title="bbox 2163 4866 3842 4947; baseline -0.002 -17"><span class='ocrx_word' id='word_1_938' title='bbox 2163 4890 2288 4930; x_wconf 90' lang='lat' dir='ltr'>non</span> <span class='ocrx_word' id='word_1_939' title='bbox 2383 4866 2715 4942; x_wconf 87' lang='lat' dir='ltr'>audierint,</span> <span class='ocrx_word' id='word_1_940' title='bbox 2768 4866 3156 4929; x_wconf 46' lang='lat' dir='ltr'>&#39;transibunt</span> <span class='ocrx_word' id='word_1_941' title='bbox 3209 4886 3320 4947; x_wconf 91' lang='lat' dir='ltr'>per</span> <span class='ocrx_word' id='word_1_942' title='bbox 3404 4866 3722 4947; x_wconf 81' lang='lat' dir='ltr'>&#39;gladium,</span> <span class='ocrx_word' id='word_1_943' title='bbox 3755 4876 3842 4926; x_wconf 79' lang='lat' dir='ltr'>‘et</span> 
     </span>
    </p>
   </div>
   <div class='ocr_carea' id='block_1_143' title="bbox 2167 4946 3841 5013">
    <p class='ocr_par' dir='ltr' id='par_1_143' title="bbox 2167 4946 3841 5013">
     <span class='ocr_line' id='line_1_144' title="bbox 2167 4946 3841 5013; baseline -0.003 -14"><span class='ocrx_word' id='word_1_944' title='bbox 2167 4949 2540 5013; x_wconf 65' lang='lat' dir='ltr'>praeteribunt,</span> <span class='ocrx_word' id='word_1_945' title='bbox 2574 4960 2624 4998; x_wconf 87' lang='lat' dir='ltr'>et.</span> <span class='ocrx_word' id='word_1_946' title='bbox 2654 4949 3054 5013; x_wconf 81' lang='lat' dir='ltr'>deputabuntur</span> <span class='ocrx_word' id='word_1_947' title='bbox 3073 4948 3164 4997; x_wconf 90' lang='lat' dir='ltr'>ubi</span> <span class='ocrx_word' id='word_1_948' title='bbox 3195 4946 3339 4996; x_wconf 84' lang='lat' dir='ltr'>stulti</span> <span class='ocrx_word' id='word_1_949' title='bbox 3371 4946 3647 5013; x_wconf 77' lang='lat' dir='ltr'>constituti</span> <span class='ocrx_word' id='word_1_950' title='bbox 3683 4953 3841 5013; x_wconf 74' lang='lat' dir='ltr'>eunt,</span> 
     </span>
    </p>
   </div>
   <div class='ocr_carea' id='block_1_144' title="bbox 2984 5008 3840 5072">
    <p class='ocr_par' dir='ltr' id='par_1_144' title="bbox 2984 5008 3840 5072">
     <span class='ocr_line' id='line_1_145' title="bbox 2984 5008 3840 5072; baseline -0.001 -14"><span class='ocrx_word' id='word_1_951' title='bbox 2984 5011 3159 5072; x_wconf 86' lang='lat' dir='ltr'>Ipsum</span> <span class='ocrx_word' id='word_1_952' title='bbox 3181 5014 3425 5058; x_wconf 85' lang='lat' dir='ltr'>sanctum</span> <span class='ocrx_word' id='word_1_953' title='bbox 3453 5008 3557 5056; x_wconf 84' lang='lat' dir='ltr'>Jub</span> <span class='ocrx_word' id='word_1_954' title='bbox 3588 5009 3840 5070; x_wconf 84' lang='lat' dir='ltr'>apertius</span> 
     </span>
    </p>
   </div>
   <div class='ocr_carea' id='block_1_145' title="bbox 2163 5073 3838 5134">
    <p class='ocr_par' dir='ltr' id='par_1_145' title="bbox 2163 5073 3838 5134">
     <span class='ocr_line' id='line_1_146' title="bbox 2163 5073 3838 5134; baseline -0.001 0"><span class='ocrx_word' id='word_1_955' title='bbox 2163 5081 2620 5134; x_wconf 77' lang='lat' dir='ltr'>consumantur</span> <span class='ocrx_word' id='word_1_956' title='bbox 2674 5075 2736 5133; x_wconf 91' lang='lat' dir='ltr'>in</span> <span class='ocrx_word' id='word_1_957' title='bbox 2787 5074 3073 5134; x_wconf 89' lang='lat' dir='ltr'>stultitia.</span> <span class='ocrx_word' id='word_1_958' title='bbox 3136 5073 3549 5132; x_wconf 87' lang='lat' dir='ltr'>Simulatores</span> <span class='ocrx_word' id='word_1_959' title='bbox 3609 5079 3674 5132; x_wconf 88' lang='lat' dir='ltr'>et</span> <span class='ocrx_word' id='word_1_960' title='bbox 3736 5090 3838 5132; x_wconf 88' lang='lat' dir='ltr'>ca-</span> 
     </span>
    </p>
   </div>
   <div class='ocr_carea' id='block_1_146' title="bbox 2158 5150 3831 5215">
    <p class='ocr_par' dir='ltr' id='par_1_146' title="bbox 2158 5150 3831 5215">
     <span class='ocr_line' id='line_1_147' title="bbox 2158 5150 3831 5215; baseline -0.002 -13"><span class='ocrx_word' id='word_1_961' title='bbox 2158 5155 2213 5202; x_wconf 92' lang='lat' dir='ltr'>in</span> <span class='ocrx_word' id='word_1_962' title='bbox 2248 5153 2350 5203; x_wconf 89' lang='lat' dir='ltr'>hoc</span> <span class='ocrx_word' id='word_1_963' title='bbox 2373 5153 2488 5202; x_wconf 87' lang='lat' dir='ltr'>loco</span> <span class='ocrx_word' id='word_1_964' title='bbox 2515 5153 2724 5203; x_wconf 87' lang='lat' dir='ltr'>videtur</span> <span class='ocrx_word' id='word_1_965' title='bbox 2740 5153 2855 5202; x_wconf 88' lang='lat' dir='ltr'>Eliu</span> <span class='ocrx_word' id='word_1_966' title='bbox 2874 5153 3025 5214; x_wconf 89' lang='lat' dir='ltr'>quasi</span> <span class='ocrx_word' id='word_1_967' title='bbox 3039 5167 3107 5202; x_wconf 79' lang='lat' dir='ltr'>ex</span> <span class='ocrx_word' id='word_1_968' title='bbox 3119 5152 3334 5215; x_wconf 91' lang='lat' dir='ltr'>obliquo</span> <span class='ocrx_word' id='word_1_969' title='bbox 3356 5154 3663 5215; x_wconf 85' lang='lat' dir='ltr'>percutere,</span> <span class='ocrx_word' id='word_1_970' title='bbox 3680 5150 3831 5214; x_wconf 87' lang='lat' dir='ltr'>quod</span> 
     </span>
    </p>
   </div>
   <div class='ocr_carea' id='block_1_147' title="bbox 2157 5213 3832 5279">
    <p class='ocr_par' dir='ltr' id='par_1_147' title="bbox 2157 5213 3832 5279">
     <span class='ocr_line' id='line_1_148' title="bbox 2157 5213 3832 5279; baseline -0.001 -15"><span class='ocrx_word' id='word_1_971' title='bbox 2157 5216 2271 5279; x_wconf 88' lang='lat' dir='ltr'>ipse</span> <span class='ocrx_word' id='word_1_972' title='bbox 2301 5217 2453 5278; x_wconf 89' lang='lat' dir='ltr'>quasi</span> <span class='ocrx_word' id='word_1_973' title='bbox 2484 5216 2672 5265; x_wconf 89' lang='lat' dir='ltr'>callide</span> <span class='ocrx_word' id='word_1_974' title='bbox 2704 5221 2756 5265; x_wconf 89' lang='lat' dir='ltr'>et</span> <span class='ocrx_word' id='word_1_975' title='bbox 2785 5213 3030 5278; x_wconf 85' lang='lat' dir='ltr'>nequiter</span> <span class='ocrx_word' id='word_1_976' title='bbox 3053 5213 3325 5279; x_wconf 58' lang='lat' dir='ltr'>ageret,&#39;__et</span> <span class='ocrx_word' id='word_1_977' title='bbox 3353 5213 3576 5262; x_wconf 86' lang='lat' dir='ltr'>minime</span> <span class='ocrx_word' id='word_1_978' title='bbox 3608 5213 3832 5262; x_wconf 75' lang='lat' dir='ltr'>curaret</span> 
     </span>
    </p>
   </div>
   <div class='ocr_carea' id='block_1_148' title="bbox 2158 5276 3838 5341">
    <p class='ocr_par' dir='ltr' id='par_1_148' title="bbox 2158 5276 3838 5341">
     <span class='ocr_line' id='line_1_149' title="bbox 2158 5276 3838 5341; baseline -0.002 -14"><span class='ocrx_word' id='word_1_979' title='bbox 2158 5276 2407 5327; x_wconf 76' lang='lat' dir='ltr'>invocare</span> <span class='ocrx_word' id='word_1_980' title='bbox 2439 5279 2626 5334; x_wconf 87' lang='lat' dir='ltr'>Deum,</span> <span class='ocrx_word' id='word_1_981' title='bbox 2660 5283 2716 5327; x_wconf 91' lang='lat' dir='ltr'>ut</span> <span class='ocrx_word' id='word_1_982' title='bbox 2748 5292 2779 5326; x_wconf 89' lang='lat' dir='ltr'>a</span> <span class='ocrx_word' id='word_1_983' title='bbox 2807 5276 3020 5340; x_wconf 76' lang='lat' dir='ltr'>flagello</span> <span class='ocrx_word' id='word_1_984' title='bbox 3052 5277 3222 5341; x_wconf 64' lang='lat' dir='ltr'>plagae</span> <span class='ocrx_word' id='word_1_985' title='bbox 3252 5276 3838 5341; x_wconf 68' lang='lat' dir='ltr'>illiuseruereteum.</span> 
     </span>
    </p>
   </div>
   <div class='ocr_carea' id='block_1_149' title="bbox 2165 5337 3840 5418">
    <p class='ocr_par' dir='ltr' id='par_1_149' title="bbox 2165 5337 3840 5418">
     <span class='ocr_line' id='line_1_150' title="bbox 2165 5337 3840 5418; baseline -0.002 -17"><span class='ocrx_word' id='word_1_986' title='bbox 2165 5342 2276 5401; x_wconf 91' lang='lat' dir='ltr'>lidi</span> <span class='ocrx_word' id='word_1_987' title='bbox 2352 5343 2509 5401; x_wconf 90' lang='lat' dir='ltr'>iram</span> <span class='ocrx_word' id='word_1_988' title='bbox 2569 5341 2680 5401; x_wconf 89' lang='lat' dir='ltr'>Dei</span> <span class='ocrx_word' id='word_1_989' title='bbox 2745 5337 3396 5418; x_wconf 38' lang='lat' dir='ltr'>provocantfneque</span> <span class='ocrx_word' id='word_1_990' title='bbox 3451 5337 3840 5400; x_wconf 87' lang='lat' dir='ltr'>clamabunt</span> 
     </span>
    </p>
   </div>
   <div class='ocr_carea' id='block_1_150' title="bbox 2827 5418 3838 5482">
    <p class='ocr_par' dir='ltr' id='par_1_150' title="bbox 2827 5418 3838 5482">
     <span class='ocr_line' id='line_1_151' title="bbox 2827 5418 3838 5482; baseline -0.002 -13"><span class='ocrx_word' id='word_1_991' title='bbox 2827 5420 3018 5469; x_wconf 75' lang='lat' dir='ltr'>Anima</span> <span class='ocrx_word' id='word_1_992' title='bbox 3048 5420 3353 5482; x_wconf 88' lang='lat' dir='ltr'>iniquorum</span> <span class='ocrx_word' id='word_1_993' title='bbox 3384 5431 3599 5480; x_wconf 90' lang='lat' dir='ltr'>semper</span> <span class='ocrx_word' id='word_1_994' title='bbox 3629 5418 3683 5466; x_wconf 88' lang='lat' dir='ltr'>in</span> <span class='ocrx_word' id='word_1_995' title='bbox 3701 5423 3838 5468; x_wconf 83' lang='lat' dir='ltr'>tem—</span> 
     </span>
    </p>
   </div>
   <div class='ocr_carea' id='block_1_151' title="bbox 2985 5481 3836 5559">
    <p class='ocr_par' dir='ltr' id='par_1_151' title="bbox 2985 5481 3836 5559">
     <span class='ocr_line' id='line_1_152' title="bbox 2985 5481 3836 5559; baseline 0 -17"><span class='ocrx_word' id='word_1_996' title='bbox 2985 5481 3284 5544; x_wconf 81' lang='lat' dir='ltr'>Morietur</span> <span class='ocrx_word' id='word_1_997' title='bbox 3347 5481 3412 5541; x_wconf 91' lang='lat' dir='ltr'>in</span> <span class='ocrx_word' id='word_1_998' title='bbox 3444 5488 3836 5559; x_wconf 85' lang='lat' dir='ltr'>tempestate</span> 
     </span>
    </p>
   </div>
   <div class='ocr_carea' id='block_1_152' title="bbox 2157 5561 3836 5625">
    <p class='ocr_par' dir='ltr' id='par_1_152' title="bbox 2157 5561 3836 5625">
     <span class='ocr_line' id='line_1_153' title="bbox 2157 5561 3836 5625; baseline -0.002 -14"><span class='ocrx_word' id='word_1_999' title='bbox 2157 5565 2419 5625; x_wconf 83' lang='lat' dir='ltr'>potestate</span> <span class='ocrx_word' id='word_1_1000' title='bbox 2447 5561 2696 5625; x_wconf 85' lang='lat' dir='ltr'>vitiorum</span> <span class='ocrx_word' id='word_1_1001' title='bbox 2726 5564 2842 5612; x_wconf 87' lang='lat' dir='ltr'>erit.</span> <span class='ocrx_word' id='word_1_1002' title='bbox 2902 5624 2906 5625; x_wconf 14' lang='grc' dir='ltr'>ί</span> <span class='ocrx_word' id='word_1_1003' title='bbox 2939 5563 3156 5612; x_wconf 90' lang='lat' dir='ltr'>vitiosos</span> <span class='ocrx_word' id='word_1_1004' title='bbox 3184 5561 3269 5611; x_wconf 90' lang='lat' dir='ltr'>vel</span> <span class='ocrx_word' id='word_1_1005' title='bbox 3291 5561 3430 5625; x_wconf 75' lang='lat' dir='ltr'>vitia</span> <span class='ocrx_word' id='word_1_1006' title='bbox 3459 5572 3577 5609; x_wconf 83' lang='lat' dir='ltr'>esse</span> <span class='ocrx_word' id='word_1_1007' title='bbox 3609 5561 3836 5610; x_wconf 61' lang='lat' dir='ltr'>moveri-</span> 
     </span>
    </p>
   </div>
   <div class='ocr_carea' id='block_1_153' title="bbox 2157 5623 3698 5696">
    <p class='ocr_par' dir='ltr' id='par_1_153' title="bbox 2157 5623 3698 5696">
     <span class='ocr_line' id='line_1_154' title="bbox 2157 5623 3698 5696; baseline -0.005 -20"><span class='ocrx_word' id='word_1_1008' title='bbox 2157 5623 2276 5696; x_wconf 77' lang='lat' dir='ltr'>mus</span> <span class='ocrx_word' id='word_1_1009' title='bbox 2307 5637 2427 5687; x_wconf 71' lang='lat' dir='ltr'>quas</span> <span class='ocrx_word' id='word_1_1010' title='bbox 2460 5624 2659 5672; x_wconf 88' lang='lat' dir='ltr'>nullam</span> <span class='ocrx_word' id='word_1_1011' title='bbox 2690 5625 2742 5673; x_wconf 90' lang='lat' dir='ltr'>in</span> <span class='ocrx_word' id='word_1_1012' title='bbox 2777 5639 2832 5675; x_wconf 88' lang='lat' dir='ltr'>se</span> <span class='ocrx_word' id='word_1_1013' title='bbox 2865 5624 3114 5696; x_wconf 72' lang='lat' dir='ltr'>virtutem</span> <span class='ocrx_word' id='word_1_1014' title='bbox 3137 5624 3301 5696; x_wconf 77' lang='lat' dir='ltr'>animi</span> <span class='ocrx_word' id='word_1_1015' title='bbox 3333 5623 3577 5696; x_wconf 39' lang='lat' dir='ltr'>habent;</span> <span class='ocrx_word' id='word_1_1016' title='bbox 3685 5684 3698 5696; x_wconf 45' lang='lat'><strong>.</strong></span> 
     </span>
    </p>
   </div>
   <div class='ocr_carea' id='block_1_154' title="bbox 2163 5685 3830 5754">
    <p class='ocr_par' dir='ltr' id='par_1_154' title="bbox 2163 5685 3830 5754">
     <span class='ocr_line' id='line_1_155' title="bbox 2163 5685 3830 5754; baseline -0.004 -4"><span class='ocrx_word' id='word_1_1017' title='bbox 2163 5685 2381 5750; x_wconf 81' lang='lat' dir='ltr'>anima</span> <span class='ocrx_word' id='word_1_1018' title='bbox 2430 5706 2670 5754; x_wconf 78' lang='lat' dir='ltr'>eorum.</span> <span class='ocrx_word' id='word_1_1019' title='bbox 2722 5696 2782 5748; x_wconf 91' lang='lat' dir='ltr'>et</span> <span class='ocrx_word' id='word_1_1020' title='bbox 2840 5689 2966 5746; x_wconf 90' lang='lat' dir='ltr'>vita</span> <span class='ocrx_word' id='word_1_1021' title='bbox 2997 5706 3213 5748; x_wconf 91' lang='lat' dir='ltr'>eorum</span> <span class='ocrx_word' id='word_1_1022' title='bbox 3269 5687 3432 5746; x_wconf 92' lang='lat' dir='ltr'>inter</span> <span class='ocrx_word' id='word_1_1023' title='bbox 3487 5685 3830 5745; x_wconf 74' lang='lat' dir='ltr'>eﬂ‘emina-</span> 
     </span>
    </p>
   </div>
   <div class='ocr_carea' id='block_1_155' title="bbox 2309 5767 3285 5829">
    <p class='ocr_par' dir='ltr' id='par_1_155' title="bbox 2309 5767 3285 5829">
     <span class='ocr_line' id='line_1_156' title="bbox 2309 5767 3285 5829; baseline -0.005 -11"><span class='ocrx_word' id='word_1_1024' title='bbox 2309 5768 2532 5818; x_wconf 73' lang='lat' dir='ltr'>Sanctus</span> <span class='ocrx_word' id='word_1_1025' title='bbox 2561 5767 2625 5815; x_wconf 87' lang='lat' dir='ltr'>de</span> <span class='ocrx_word' id='word_1_1026' title='bbox 2654 5767 2894 5829; x_wconf 85' lang='lat' dir='ltr'>qualibet</span> <span class='ocrx_word' id='word_1_1027' title='bbox 2923 5767 3285 5817; x_wconf 75' lang='lat' dir='ltr'>tribulatione.</span> 
     </span>
    </p>
   </div>
   <div class='ocr_carea' id='block_1_156' title="bbox 2152 5827 3827 5908">
    <p class='ocr_par' dir='ltr' id='par_1_156' title="bbox 2152 5827 3827 5908">
     <span class='ocr_line' id='line_1_157' title="bbox 2152 5827 3827 5908; baseline -0.005 -16"><span class='ocrx_word' id='word_1_1028' title='bbox 2152 5837 2270 5892; x_wconf 90' lang='lat' dir='ltr'>tos.</span> <span class='ocrx_word' id='word_1_1029' title='bbox 2338 5830 2568 5908; x_wconf 62' lang='lat' dir='ltr'>ltlripict</span> <span class='ocrx_word' id='word_1_1030' title='bbox 2639 5827 2979 5908; x_wconf 78' lang='lat' dir='ltr'>pauperem</span> <span class='ocrx_word' id='word_1_1031' title='bbox 3064 5831 3142 5891; x_wconf 91' lang='lat' dir='ltr'>de</span> <span class='ocrx_word' id='word_1_1032' title='bbox 3205 5827 3827 5908; x_wconf 25' lang='lat' dir='ltr'>angustia‘suaret</span> 
     </span>
    </p>
   </div>
   <div class='ocr_carea' id='block_1_157' title="bbox 2151 5904 3820 6019">
    <p class='ocr_par' dir='ltr' id='par_1_157' title="bbox 2151 5904 3820 6019">
     <span class='ocr_line' id='line_1_158' title="bbox 2151 5904 3820 6019; baseline -0.005 -57"><span class='ocrx_word' id='word_1_1033' title='bbox 2151 5904 2567 5962; x_wconf 78' lang='lat' dir='ltr'>consolationem</span> <span class='ocrx_word' id='word_1_1034' title='bbox 2580 5909 2632 5958; x_wconf 90' lang='lat' dir='ltr'>in</span> <span class='ocrx_word' id='word_1_1035' title='bbox 2643 5904 2979 5968; x_wconf 46' lang='lat' dir='ltr'>aure—cordis,</span> <span class='ocrx_word' id='word_1_1036' title='bbox 2997 5910 3163 5960; x_wconf 89' lang='lat' dir='ltr'>Deum</span> <span class='ocrx_word' id='word_1_1037' title='bbox 3177 5909 3283 5959; x_wconf 90' lang='lat' dir='ltr'>illic</span> <span class='ocrx_word' id='word_1_1038' title='bbox 3297 5904 3820 6019; x_wconf 41' lang='lat' dir='ltr'>audieudtgmrqiopcﬁ‘t</span> 
     </span>
    </p>
   </div>
   <div class='ocr_carea' id='block_1_158' title="bbox 3603 5979 3822 6020">
    <p class='ocr_par' dir='ltr' id='par_1_158' title="bbox 3603 5979 3822 6020">
     <span class='ocr_line' id='line_1_159' title="bbox 3603 5979 3822 6020; baseline -0.009 0"><span class='ocrx_word' id='word_1_1039' title='bbox 3603 5981 3668 6020; x_wconf 77' lang='lat' dir='ltr'>OC</span> <span class='ocrx_word' id='word_1_1040' title='bbox 3693 5979 3822 6020; x_wconf 64' lang='lat'><strong>1000</strong></span> 
     </span>
    </p>
   </div>
  </div>
