4128 6186
255 340 410 415 183⁸1

1266 344 1680 409 EXCERPTA
1721 338 1825 407 EX
1866 331 2290 407 CUMMENT.’
2322 342 2400 404 1N
2443 336 2606 405 JOB.

1401 1072 2526 1210 CONCLUSIO.

1559 1382 1845 1444 GLORIA
1891 1378 2051 1444 TIBI
2097 1376 2379 1456 PATER,

1107 1483 1394 1545 GLORIA
1438 1481 1891 1553 UNIGENITO,
1930 1482 2094 1542 CUM
2139 1482 2446 1542 SANGTO
2492 1482 2830 1554 SPIRITU,

1452 1579 1528 1638 IN
1576 1578 2086 1639 SEMPITERNA
2132 1578 2485 1640 SECULA.

338 2036 551 2089 Beatus
580 2048 715 2089 vero
744 2031 856 2087 Job
888 2048 957 2087 ex
996 2030 1121 2087 suis
1175 2029 1369 2085 verbis
1420 2032 1477 2085 et
1524 2027 1920 2101 passionibus,
1952 2031 2006 2096 Α
2038 2030 2214 2085 ﬁdem
2246 2031 2317 2085 ad
2348 2030 2644 2086 Christum
2690 2032 3050 2087 venientium
3082 2032 3282 2088 otl‘eret
3319 2031 3371 2087 ei
3403 2031 3680 2088 innocen-

270 2121 488 2178 Christi
548 2119 833 2193 expressit
907 2119 1245 2191 imaginem.
1323 2117 1545 2187 Conqu
1602 2132 1735 2172 vero
1793 2119 1922 2188 ejus

268 2208 593 2267 carnalium
634 2213 839 2282 typum
894 2207 1182 2280 designat,
1244 2206 1344 2278 qui
1396 2205 1552 2261 intra
1602 2204 1921 2261 Ecclesiam

268 2299 471 2372 positi,
501 2299 681 2354 vitam
712 2296 1111 2370 spiritualium
1154 2296 1417 2352 moribus
1465 2294 1590 2351 suis
1634 2294 1924 2351 scandali-

269 2392 423 2444 zant.
456 2386 647 2442 Amici
677 2387 805 2457 ejus
838 2388 1086 2458 ﬁguram
1137 2385 1541 2441 haereticorum
1593 2385 1924 2456 designant.

270 2476 398 2532 Eliu
427 2492 562 2532 vero
589 2475 935 2549 gentilitatis
965 2474 1174 2530 habuit
1212 2474 1553 2546 imaginem.
1607 2473 1716 2528 Sed
1769 2488 1927 2528 nune

269 2566 560 2622 exstincta
615 2564 937 2637 gentilitate
996 2568 1171 2636 atque
1230 2562 1469 2630 abolita,
1540 2561 1794 2617 haeretici
1854 2561 1925 2617 ad

275 2654 572 2709 Christum
604 2670 639 2707 a
677 2657 792 2709 Deo
824 2652 1281 2726 pramittuntur,
1327 2656 1383 2707 et
1414 2667 1518 2723 per
1547 2650 1927 2706 mediatorem

274 2743 395 2800 Deo
454 2741 883 2798 reconciliatur.
958 2741 1025 2796 In
1098 2740 1439 2797 holocausta
1506 2756 1639 2795 vero
1705 2743 1928 2811 septem

278 2838 589 2888 taurorum
619 2835 677 2887 et
705 2830 979 2899 arietum,
1009 2831 1338 2887 orationum
1390 2834 1565 2901 atque
1608 2828 1930 2901 eleemosy-

285 2938 495 2977 narum
580 2919 981 2977 satisfactione
1040 2918 1382 2991 poenitentia
1455 2919 1928 2974 demonstratur.

281 3010 444 3076 Quod
501 3013 697 3065 autem
756 3008 855 3076 ait,
927 3010 1190 3064 Dominus
1254 3010 1488 3078 suscepit
1552 3008 1752 3078 faciem
1814 3007 1930 3074 Job,

282 3104 341 3154 et
397 3097 666 3170 reliqua;
721 3102 785 3153 ut
832 3098 1091 3153 Joannes
1139 3096 1255 3153 ait:
1316 3098 1435 3169 Ipse
1488 3099 1567 3152 est
1617 3096 1935 3167 propitiatio

282 3187 434 3260 apud
461 3192 701 3244 Patrem.
753 3186 848 3243 Sic
900 3188 1095 3259 itaque
1139 3186 1316 3242 facies
1356 3184 1674 3241 Salvatoris
1703 3202 1737 3240 a
1767 3184 1935 3240 Patre

283 3276 624 3349 suscipitur,
658 3277 799 3332 dum
830 3280 888 3332 et
926 3276 1050 3348 ipse
1106 3274 1342 3331 exaudit
1393 3278 1449 3330 et
1496 3274 1808 3330 exauditur
1834 3290 1936 3346 pro

2034 2118 2177 2173 tiam
2252 2135 2443 2186 suam,
2530 2119 2862 2191 mentisque
2930 2120 3343 2176 obedientiam.
3421 2122 3686 2176 Dominus

2036 2211 2219 2262 autem
2266 2209 2578 2263 novissimis
2626 2208 2723 2264 Job
2773 2208 3051 2263 benedixit
3094 2209 3272 2277 magis
3312 2222 3477 2279 quam
3521 2211 3681 2277 prin-

2035 2298 2178 2369 cipio
2208 2297 2343 2367 ejus.
2380 2295 2669 2368 Principia
2698 2296 2914 2352 Christi
2946 2296 3046 2352 Dei
3095 2301 3153 2352 et
3198 2297 3429 2353 Domini
3475 2298 3685 2367 nostri,

2035 2384 2181 2457 legis
2212 2384 2388 2456 Moysi
2421 2385 2657 2440 exordia
2685 2400 2813 2441 esse
2858 2385 3173 2457 significat,
3205 2385 3523 2441 novissima
3550 2402 3685 2442 vero

2040 2475 2170 2544 ejus
2198 2473 2577 2546 Evangelium
2610 2489 2741 2530 esse
2771 2479 3081 2544 monstrat,
3120 2479 3178 2531 et
3207 2473 3412 2531 melior
3438 2479 3529 2531 est
3558 2491 3681 2530 ma-

2045 2561 2342 2618 nifestatio
2377 2562 2638 2618 veritatis
2660 2562 2718 2618 in
2736 2562 3250 2635 Evangelio,quam
3274 2562 3686 2636 allegoriarum

2040 2651 2253 2706 umbra
2282 2651 2342 2706 in
2390 2650 2581 2707 Veteri
2632 2652 3028 2707 Testamento.
3071 2652 3255 2716 Quam
3286 2668 3419 2708 vero
3458 2651 3687 2725 signiﬁ-

2041 2739 2331 2796 cationem
2385 2737 2730 2795 animalium
2778 2739 3060 2795 vocabula
3116 2739 3176 2795 in
3220 2756 3283 2796 se
3332 2740 3689 2809 contineant,

2043 2828 2102 2883 in
2136 2827 2419 2900 principio
2452 2827 2629 2899 hujus
2662 2827 2853 2901 aperis
2903 2828 3121 2885 dixisse
3169 2845 3262 2885 me
3292 2828 3554 2885 memini.
3588 2830 3688 2885 Se-

2044 2922 2203 2989 ptem
2237 2916 2341 2971 filii
2378 2917 2779 2989 septiformem
2821 2917 3071 2989 gratiam
3113 2916 3365 2990 Spiritus
3392 2918 3598 2985 sancti,
3634 2922 3692 2974 et

2044 3010 2164 3061 tres
2195 3005 2325 3061 ﬁlias
2356 3005 2566 3078 legem,
2602 3005 2937 3079 prophetas,
2989 3012 3047 3061 et
3090 3006 3471 3079 Evangelium
3513 3007 3692 3080 signi-

2048 3094 2242 3150 ﬁcant.
2276 3094 2525 3149 Nomina
2554 3093 2808 3150 ﬁliarum
2836 3095 2986 3165 ejus,
3020 3096 3166 3162 Dies,
3201 3094 3409 3166 Cassia,
3455 3095 3687 3151 Cornus-

2046 3184 2207 3240 tibia.
2246 3185 2375 3239 Dies
2416 3199 2552 3255 ergo
2602 3181 2693 3238 lex
2743 3182 2844 3238 Dei
2892 3187 3001 3252 est,
3053 3200 3179 3255 quas
3230 3184 3301 3239 ad
3333 3183 3690 3256 agnitionem

2046 3272 2330 3339 veritatis,
2376 3276 2604 3327 noctem
2672 3270 2946 3327 humanas
2992 3272 3331 3344 ignorantia
3378 3272 3693 3329 illuminat.

285 3366 477 3422 nobis.
509 3367 571 3420 Et
619 3366 822 3437 adjecit
871 3367 1151 3433 Dominus,
1202 3368 1259 3419 et
1305 3362 1550 3434 reliqua.
1602 3362 1734 3461 ‘llla-
1759 3363 1939 3461 igitur
1969 3397 2016 3461 Β
2050 3362 2236 3417 Cassia
2284 3366 2496 3461 sanctas
2533 3360 2829 3461 unctionis
2889 3362 3129 3461 domum
3186 3366 3294 3461 est.
3345 3362 3696 3418 Cornustzbia

283 3454 482 3511 addita
514 3459 655 3510 sunt
683 3453 913 3510 Christo
945 3453 1215 3522 Domino,
1264 3469 1399 3508 cum
1443 3450 1658 3523 populo
1704 3452 1935 3507 Judan-

283 3560 437 3613 rum,
470 3543 737 3616 gentium
770 3542 1085 3598 multitudo
1118 3541 1373 3597 additur.
1419 3540 1612 3596 Omnes
1659 3542 1861 3611 fratres
1886 3548 1939 3595 et

280 3647 509 3687 sorores.
572 3632 777 3687 Omnis
849 3631 1117 3703 cognatio
1172 3628 1371 3703 p0puli
1444 3629 1805 3694 Judaaorum,
1866 3628 1937 3682 de

284 3734 537 3792 quorum
572 3719 794 3777 familia
822 3718 1086 3775 Christus
1118 3723 1292 3774 natus
1324 3721 1431 3774 est.
1483 3717 1609 3773 Sive
1652 3715 1937 3789 generali-

285 3814 375 3865 ter
442 3808 707 3864 omnium
761 3809 1023 3881 gentium
1092 3806 1533 3862 multitudinem
1614 3804 1939 3879 intelligere

287 3914 627 3970 possumus.
663 3898 768 3965 Qui
790 3900 950 3969 prius
979 3901 1243 3953 noverant
1266 3897 1635 3953 eum.0mnes
1665 3896 1849 3951 sancti
1883 3900 1940 3951 et

290 3987 582 4060 prOphetae
612 3986 712 4058 qui
744 3988 1015 4041 eumdem
1060 3986 1335 4041 videbant
1381 3986 1438 4040 in
1486 3985 1728 4057 Spiritu,
1762 4000 1936 4056 quem

294 4076 475 4131 etiam
528 4075 587 4131 in
647 4091 821 4131 carne
873 4079 1187 4131 venturum
1248 4073 1656 4130 annutiabant.
1688 4073 1936 4130 Comede-

280 4172 416 4221 runt
444 4181 565 4219 cum
613 4181 698 4222 eo.
750 4162 915 4221 Nunc
963 4164 1018 4219 in
1070 4164 1245 4219 domo
1294 4162 1561 4218 Ecclesia:
1600 4161 1935 4231 Salvatoris,

283 4264 487 4309 omnes
518 4252 720 4309 ﬁdeles
767 4252 1199 4324 Scripturarum
1247 4251 1751 4307 exhortationibus
1803 4251 1935 4307 reﬁ-

279 4341 537 4398 ciuntur.
584 4344 657 4397 Et
724 4351 1012 4398 moverunt
1084 4358 1250 4413 super
1304 4357 1428 4398 eum
1482 4348 1667 4412 caput.
1720 4340 1937 4396 Omnes

280 4431 467 4487 sancti
500 4429 867 4487 exsultantes
896 4430 1050 4502 quod
1084 4429 1364 4503 spiritalis
1406 4434 1463 4485 et
1512 4428 1659 4485 sacri
1719 4427 1935 4485 Christi

281 4519 526 4576 convivii
577 4518 762 4575 etl‘ecti
804 4524 944 4576 sunt
995 4518 1327 4592 participes.
1374 4519 1439 4575 Et
1482 4517 1761 4575 consolati
1808 4526 1937 4575 sunt

281 4620 406 4663 eum
435 4628 454 4663 :
509 4607 868 4665 Salvatorem
916 4612 1184 4665 nostrum
1220 4625 1333 4664 non
1384 4607 1756 4664 mediocriter
1797 4622 1934 4664 con-

280 4695 525 4766 solatur,
556 4698 711 4769 quod
746 4713 847 4769 per
876 4697 1003 4768 ejus
1034 4698 1368 4769 passionem
1422 4696 1680 4751 mundus
1708 4696 1932 4752 redem-

2046 3450 2582 3523 competentissime
2666 3448 3026 3522 Evangelicis
3107 3450 3291 3523 copiis
3364 3456 3691 3524 coaptatur.

2045 3540 2235 3595 Cornu
2310 3555 2444 3594 vero
2518 3538 2588 3593 ad
2663 3538 3008 3609 dignitatem
3086 3538 3355 3594 Ecclesiae
3422 3540 3691 3612 pertinet.

2046 3627 2553 3691 Quemadmodum
2584 3642 2719 3680 vero
2750 3626 2957 3681 beatus
2987 3626 3097 3681 Job
3129 3632 3263 3697 post
3290 3627 3575 3682 damnum
3607 3627 3696 3682 di-

2046 3721 2204 3771 tatus
2246 3719 2336 3771 est
2364 3714 2421 3769 in
2455 3714 2613 3781 ﬁliis,
2650 3716 2729 3769 ita
2772 3718 2830 3769 et
2859 3714 3123 3769 Salvator
3150 3718 3281 3786 post
3313 3715 3691 3771 amissionem

2047 3803 2372 3860 inﬁdelium
2403 3802 2761 3867 Judaaorum,
2793 3802 3015 3857 ditatus
3046 3806 3134 3857 est
3164 3803 3223 3857 in
3255 3803 3550 3875 gentibus.
3578 3804 3703 3860 Non

2045 3902 2175 3951 sunt
2202 3902 2386 3949 autem
2416 3894 2657 3948 inventae
2684 3892 2945 3947 mulieres
2980 3893 3255 3963 speciosa,
3307 3893 3446 3964 quia
3492 3892 3697 3949 electo-

2047 4000 2179 4039 rum
2214 3983 2421 4039 animm
2452 3997 2626 4037 omne
2656 3982 2807 4052 quod
2858 3980 2915 4036 in
2948 3986 3102 4037 terra
3148 3986 3541 4050 conversatur,
3575 3990 3704 4040 sua?

2046 4070 2503 4144 pulchritudinis
2524 4070 2729 4126 decore
2750 4070 3469 4143 transcendunt.Deditque
3494 4074 3574 4127 eis
3593 4087 3694 4144 pa-~

2047 4168 2131 4217 ter
2151 4177 2302 4229 suus,
2334 4164 2391 4215 et
2419 4158 2912 4231 reliqua.Sorores
2941 4175 3073 4214 cum
3107 4160 3385 4216 fratribus
3416 4162 3490 4216 ad
3520 4161 3701 4217 here:

2045 4249 2288 4306 ditatem
2319 4246 2581 4316 veniunt,
2615 4248 2753 4321 quia
2782 4248 2999 4303 inﬁrmi
3034 4248 3089 4303 in
3138 4264 3381 4321 regnum
3429 4251 3525 4306 Dei
3558 4264 3697 4308 cum

2048 4339 2298 4395 fortibus
2356 4338 2766 4394 admittuntur.
2817 4338 2879 4392 Et
2925 4339 3061 4393 vidit
3088 4338 3233 4409 ﬁlios
3283 4353 3429 4395 suos.
3480 4334 3695 4396 Sancta

2045 4427 2301 4483 Ecclesia
2324 4426 2478 4483 videt
2516 4425 2665 4482 ﬁlios
2714 4442 2876 4492 suos,
2929 4441 3063 4481 cum
3118 4427 3366 4499 primam
3428 4424 3689 4485 ﬁdeiium

2046 4516 2303 4573 sobolem
2360 4514 2683 4587 conspicit:
2728 4515 2881 4571 videt
2924 4514 3074 4571 ﬁlios
3117 4514 3391 4585 ﬁliorum,
3444 4533 3577 4573 cum
3616 4512 3696 4574 ab“

2044 4605 2264 4661 eisdem
2297 4600 2569 4660 ﬁdelibus
2600 4603 2743 4660 alios
2774 4603 2964 4676 gignit
3006 4603 3228 4660 ﬁdeles.
3274 4605 3343 4661 Et
3372 4605 3544 4679 plena
3569 4606 3690 4663 die-

2044 4711 2176 4749 rum
2221 4694 2488 4759 moritur,
2538 4693 2676 4765 quia
2725 4709 2826 4764 per
2855 4692 2973 4748 haec
3011 4695 3379 4751 transeuntis
3404 4699 3698 4768 tempora,

279 4790 417 4859 ptus
465 4764 592 4843 est:
626 4764 922 4842 Intulisse'
962 4764 1156 4842 autem
1216 4786 1359 4842 dicit
1406 4784 1548 4841 Filio
1594 4801 1701 4840 suo
1746 4785 1930 4841 Deum
1963 4764 2006 4832 (ἶ
2045 4786 2320 4855 operatur
2358 4781 2511 4853 quod
2559 4764 2811 4838 transire
2860 4798 2973 4837 non
3025 4783 3257 4854 poterit,
3310 4784 3447 4855 quia
3488 4764 3689 4841 ﬁdetes

279 4874 507 4930 Patrem
540 4875 761 4931 malum
795 4874 1087 4947 passionis
1123 4880 1179 4931 et
1208 4874 1434 4941 mortis,
1477 4878 1541 4929 ut
1570 4874 1652 4930 ait
1681 4877 1931 4946 Aposto-

277 4962 409 5020 ius:
445 4965 553 5032 Qui
576 4966 803 5036 proprio
834 4965 983 5021 Filio
1026 4980 1123 5021 suo
1179 4979 1289 5019 non
1338 4963 1600 5036 pepercit.
1650 4966 1717 5017 Et
1772 4962 1933 5018 dede-

278 5061 410 5109 runt
440 5056 495 5111 ei
524 5056 897 5127 unusquisque
940 5068 1092 5109 orem
1128 5069 1319 5109 unam.
1382 5050 1800 5125 Unusquisque
1830 5066 1934 5124 per

2040 4870 2307 4927 Ecclesia:
2341 4875 2398 4926 et
2441 4887 2616 4944 opera
2660 4871 2811 4928 bona
2858 4887 2991 4928 cum
3039 4871 3265 4927 Christo
3303 4871 3365 4929 in
3403 4876 3695 4930 aeternum

2042 4964 2433 5034 perseverant.
