4114 6170
530 295 556 353 1
569 293 688 354 539

2020 294 2440 360 APPENDIX.

3711 307 3820 366 {MO

523 534 3823 568 Ἥ

1715 821 2729 982 EXCERPTA

1317 1274 1497 1382 EX
1586 1276 2515 1386 COMMENTABIO
2614 1281 2730 1384 IN
2829 1278 3252 1387 JOBUM

886 1659 1007 1735 Qui
1031 1661 1493 1741 manuscriptum
1523 1659 1952 1722 Amstelodami
1976 1662 2038 1721 in
2070 1660 2416 1722 bibliotheca
2447 1660 2522 1722 cl.
2567 1661 2702 1741 Viri
2725 1661 2930 1724 Mum
2963 1663 3260 1724 MEIBOMII
3292 1660 3558 1722 exstabat

1597 1901 1686 1956 ET
1725 1900 2060 1958 PUTA'I‘UR
2099 1899 2270 1958 ESSE
2311 1902 2368 1958 S.
2412 1900 2838 1970 HIERONYMI,

592 2132 729 2196 Huc
757 2133 1017 2217 primum
1049 2132 1374 2215 (Vallarsio
1404 2133 1717 2214 loquente)
1745 2132 1994 2272 adscita,
2019 2151 2239 2196 necnon
2269 2133 2502 2227 aliquot
2530 2134 2668 2196 locis
2697 2144 2896 2211 aucta,
2927 2143 3105 2216 atque
3137 2133 3446 2195 emendata
3475 2152 3547 2194 ex
3572 2132 3786 2193 Romano

1894 2234 1929 2272 α
1960 2225 2080 2272 tero
2108 2225 2528 2272 manuscrznto.

1894 2225 2080 2275 altera
2108 2225 2528 2296 manuscripto.

1002 2672 1159 2758 EX
1233 2670 1806 2762 PROOEMIO
1865 2673 2008 2758 AD
2071 2670 2390 2763 HUNC
2453 2647 3421 2762 COMMENTARIUM.

1745 3173 1847 3232 DE
1892 3173 2111 3234 MODO
2156 3175 2604 3235 EXPONENDI
2629 3175 2672 3233 ¹.

568 3651 844 3718 Quaedam
902 3649 1178 3709 historice
1219 3650 1316 3708 hic
1363 3651 1660 3719 dicuntur,
1710 3655 1768 3709 et
1815 3653 2140 3725 allegorice,
2170 3652 2226 3718 Α
2254 3653 2652 3724 confunditur,
2677 3653 2941 3727 exemplo
3001 3653 3239 3710 maximi
3298 3654 3581 3723 hominis,
3623 3653 3734 3708 sine
3760 3645 3854 3718 lege

497 3745 554 3799 et
601 3740 918 3798 moraliter.
968 3741 1242 3806 Quaedam
1293 3744 1594 3814 nequeunt
1639 3743 1710 3798 ad
1761 3741 2013 3798 litteram
2065 3759 2153 3797 ac-

499 3829 635 3903 cipi,
669 3829 809 3902 quia
835 3845 1078 3886 erronea
1107 3833 1326 3898 essent,
1375 3829 1464 3886 vel
1511 3829 1907 3902 impossibilia
1925 3831 1967 3902 ',
1999 3829 2085 3885 vel
2118 3848 2153 3886 a

496 3936 559 3977 se
615 3917 863 3974 invicem
915 3918 1348 3989 discordantia;
1400 3923 1466 3974 ut
1507 3919 1608 3975 sub
1667 3935 1770 3991 quo
1826 3927 2150 3988 curvantur,

493 4010 592 4082 qui
618 4011 840 4079 portant
869 4003 1083 4063 urbem:
1115 4008 1283 4080 quasi
1312 4008 1580 4081 gigantes
1612 4009 1896 4064 mundum
1914 4008 2148 4076 vehant,

495 4097 566 4153 Et
594 4113 606 4152 :
641 4096 818 4168 Elegit
847 4096 1205 4169 suspendium
1233 4099 1422 4153 anima
1452 4113 1613 4158 mea;
1655 4097 1822 4169 quasi
1874 4101 1992 4152 tam
2047 4114 2148 4169 pa-

497 4184 652 4242 tiens
680 4183 818 4241 velit
848 4185 1167 4256 suspendio
1197 4185 1376 4241 vitam
1415 4185 1600 4242 ﬁnire.
1651 4186 1722 4240 Et
1755 4203 1766 4240 :
1816 4187 2007 4241 Pereat
2035 4187 2149 4242 dies

494 4276 557 4329 in
587 4290 697 4346 qua
724 4283 889 4330 natus
907 4290 1056 4342 sum,
1083 4278 1194 4331 etc.
1227 4273 1555 4346 Aliquando
1586 4275 1689 4345 qui
1719 4290 1957 4330 sensum
1989 4272 2148 4330 litte-

495 4379 571 4418 rae
629 4361 895 4436 negligit,
935 4362 1198 4418 veritatis
1241 4361 1439 4418 lumen
1493 4362 1604 4418 sibi
1646 4363 1971 4431 abscondit,
2004 4363 2146 4418 dum

499 4451 860 4508 intrinsecus
892 4451 1052 4507 aliud
1083 4451 1416 4522 querendo,
1449 4451 1603 4524 quod
1635 4455 1722 4507 est
1751 4452 1912 4518 foris,
1936 4453 2145 4524 perdit:

495 4541 639 4596 dum
665 4539 736 4596 de
777 4540 1192 4597 misericordia:
1248 4541 1524 4613 operibus
1581 4539 1753 4598 dicit:
1814 4541 1873 4597 Si
1928 4543 2144 4611 negavi,

495 4628 637 4702 quod
664 4628 931 4698 volebant,
961 4629 1318 4702 pauperibus.

566 4717 810 4776 Divinus
839 4735 1050 4787 sermo,
1083 4717 1234 4776 sicut
1265 4717 1596 4792 mysteriis3
1635 4717 1950 4790 prudentes
1982 4735 2146 4776 exer-

495 4812 622 4866 cet:
656 4807 738 4864 ita
777 4807 1086 4881 superﬁcie
1134 4805 1432 4880 simplices
1474 4807 1710 4876 refovet,
1759 4807 1896 4879 quia
1943 4812 2033 4865 est
2083 4813 2148 4865 ut

494 4897 710 4953 ﬂuvius
735 4895 950 4968 planus
977 4900 1035 4953 et
1065 4895 1240 4966 altus,
1275 4896 1334 4951 in
1365 4912 1479 4968 quo
1509 4913 1696 4968 equus
1731 4897 2013 4964 ambulet,
2039 4897 2149 4954 ele-

494 4986 644 5060 phas
674 4989 850 5042 natet.

841 5073 1068 5132 homini
1125 5073 1261 5131 data
1312 5078 1400 5131 est
1451 5073 1587 5131 lex:
1643 5073 1982 5132 inobedicns
2029 5073 2142 5148 legi
2173 5041 2221 5107 Β

568 5269 585 5303 ί
622 5270 778 5343 Hanc
808 5269 1040 5343 prafert
1069 5269 1315 5343 Roman.
1363 5286 1501 5343 ms,
1527 5269 1906 5343 epigraphen,
1945 5271 2056 5343 qui
2088 5275 2146 5327 et

496 5343 692 5413 totum
713 5339 889 5413 hocce
917 5341 1267 5413 prooemium
1297 5339 1578 5397 undecim“
1611 5339 1776 5413 quasi
1826 5339 2014 5398 titulis
2046 5347 2145 5398 aut

499 5411 792 5494 capitibus
818 5411 1146 5494 distinguit:

516 5487 528 5517 ⁵
568 5482 586 5484 ⁷
615 5482 969 5538 Concinnius
1000 5482 1060 5538 in
1115 5485 1359 5541 Roman.
1395 5500 1532 5553 ms.,
1581 5484 1731 5552 Quod
1777 5500 2004 5542 erronea
2031 5488 2146 5542 sint

498 5556 580 5614 vel
605 5555 989 5627 impossibilia,
1022 5556 1107 5611 vel
1127 5573 1160 5611 a
1189 5572 1262 5624 se,
1295 5560 1404 5612 etc.

567 5628 590 5666 ⁸
619 5625 753 5688 Erat
781 5642 850 5686 ex
878 5625 1265 5685 Meibomiano
1297 5628 1422 5687 cod.
1450 5628 1796 5698 ministeriis,
1847 5628 2000 5702 quod
2033 5628 2144 5687 Ro-

2261 3742 2362 3814 qui
2393 3741 2655 3816 legaliter
2683 3743 2840 3798 vixit.
2874 3743 3055 3811 Unde,
3082 3744 3334 3800 erubesce
3363 3744 3557 3811 Sidon,
3589 3742 3643 3798 id
3670 3744 3746 3797 est
3770 3740 3856 3791 sta-

2259 3829 2457 3888 bilitas
2488 3831 2544 3886 in
2578 3829 2706 3904 lege
2727 3831 3049 3904 positorum
3076 3851 3090 3901 ;
3141 3834 3222 3889 ait
3250 3849 3429 3902 mare,
3479 3833 3537 3887 id
3568 3834 3651 3887 est
3675 3822 3854 3900 gentili-

2261 3924 2370 3989 tas,
2404 3935 2531 3991 quaa
2563 3921 2705 3977 dum
2737 3919 2922 3993 legem
2975 3920 3254 3988 custodit,
3306 3921 3607 3978 auditores
3644 3915 3769 3990 legis
3791 3927 3855 3968 re-

2260 4007 2511 4080 darguit.

2331 4096 2555 4152 Dicitur
2583 4099 2772 4154 Moses
2812 4097 2932 4154 haec
2983 4099 3052 4154 de
3095 4099 3298 4167 Jacob,
3358 4099 3534 4171 quasi
3581 4097 3648 4152 de
3677 4095 3856 4150 antece-

2258 4187 2431 4242 dente
2457 4187 2787 4260 scripsisse,
2821 4187 2958 4260 quia
3010 4188 3069 4243 in
3121 4187 3329 4244 Genesi
3376 4185 3599 4260 legitur
3623 4182 3783 4242 Jobab
3807 4177 3857 4232 de

2256 4275 2408 4331 Esau
2467 4276 2871 4343 descendisse,
2917 4281 2974 4332 et
3014 4276 3153 4332 Bela
3201 4276 3321 4332 filio
3368 4281 3518 4333 Beor
3565 4276 3622 4331 in
3662 4280 3857 4343 regnum

2258 4365 2632 4421 successisse.
2658 4366 2768 4422 Sed
2800 4381 2928 4421 mos
2958 4370 3048 4420 est
3066 4365 3216 4421 sacri
3251 4365 3504 4437 Eloquii,
3537 4365 3594 4419 in
3621 4358 3858 4434 prioribus

2257 4452 2521 4525 patribus
2552 4453 2802 4510 breviter
2832 4453 3004 4527 longe
3035 4459 3167 4526 post
3191 4458 3470 4510 secutura
3499 4450 3856 4526 perstringam,

2255 4541 2399 4597 dum
2425 4541 2498 4598 ad
2547 4542 2661 4599 alia
2708 4547 2998 4616 pr0perat.
3050 4543 3177 4601 Non
3236 4542 3418 4616 igitur
3478 4543 3590 4599 fuit
3637 4539 3732 4596 Job
3760 4536 3859 4590 ante

2256 4628 2465 4703 legem,
2525 4631 2625 4688 sed
2701 4636 2962 4704 tempore
3009 4633 3308 4689 Judicum.
3368 4633 3479 4698 Qui
3539 4631 3658 4704 ipse
3709 4622 3858 4680 verius

2254 4719 2508 4776 creditur
2536 4725 2702 4795 gesta
2729 4721 2977 4778 victoriae
2999 4722 3021 4756 ⁴
3062 4739 3182 4778 suae
3229 4720 3565 4794 scripssise.
3593 4718 3701 4774 Nec
3733 4711 3861 4770 nocet

2255 4809 2411 4881 quod
2443 4809 2561 4865 ait:
2610 4810 2758 4866 dixit
2783 4809 2870 4866 vel
2929 4812 3059 4882 fecit
3115 4810 3223 4867 hoc
3251 4810 3400 4867 Joh:
3465 4809 3608 4882 quia
3662 4820 3772 4861 mos
3795 4800 3858 4855 est

2255 4898 2462 4967 sancti,
2492 4899 2562 4955 de
2604 4916 2666 4956 se
2713 4900 2882 4972 quasi
2930 4901 3000 4956 de
3049 4898 3182 4956 aliis
3229 4898 3413 4972 loqui.
3469 4897 3718 4971 Spiritus
3741 4887 3859 4948 enim

2255 4991 2344 5044 est
2386 4988 2485 5060 qui
2542 4987 2803 5060 loquitur
2857 4989 2916 5043 in
2972 4987 3090 5044 illis
3145 4989 3216 5044 de
3265 4987 3435 5059 ipsis,
3471 4987 3625 5044 sicut
3653 4985 3717 5040 de
3743 4977 3854 5036 aliis.

2253 5075 2415 5132 Unde
2445 5076 2688 5148 angelus
2719 5076 2864 5133 Mosi
2894 5077 3066 5133 modo
3117 5075 3360 5149 angelus
3399 5075 3639 5143 dicitur,
3679 5069 3766 5144 qui
3788 5078 3853 5120 ex-

2254 5287 2411 5345 r_na_n.
2472 5272 2767 5345 emendat,
2824 5275 2998 5345 atque
3055 5271 3180 5345 ipse
3236 5271 3446 5345 borum
3493 5271 3857 5345 Excerptorggl

2256 5342 2452 5415 Editor
2494 5344 2552 5398 in
2609 5329 2767 5399 Actis
2823 5329 3034 5398 erudit.
3078 5329 3518 5415 ‘Lipsiensibus
3567 5329 3702 5415 anuli
3742 5329 3854 5415 ,1711

2254 5414 2640 5487 castigaverat
2725 5415 2881 5486 quod
2968 5399 3358 5487 perspicuum,
3427 5414 3530 5487 sit,
3601 5407 3755 5466 innui

2254 5479 2436 5555 hujus
2485 5486 2678 5558 operis
2735 5479 2986 5542 auctore.
3024 5479 3262 5542 sensum
3337 5485 3651 5558 Scriptura:
3700 5479 3858 5550 mysti-

2253 5572 2407 5612 cum.

2324 5628 2347 5665 ⁴
2377 5628 2513 5703 Leg.
2546 5629 2813 5689 historia.
