4114 6170
272 240 421 303 1541

1281 241 1693 304 EXCERPTA
1736 241 1837 304 ET
1879 240 2289 304 COMMENT.
2334 242 2411 303 ΙΝ
2457 240 2621 305 JOB.

3515 242 3542 299 1
3552 240 3670 303 542

264 374 453 430 terius
485 372 697 429 servit:
733 373 904 429 modo
936 372 1230 445 dominus,
1277 375 1377 445 qui
1426 375 1673 432 interius
1719 376 1917 448 praesi-
1946 376 2000 442 Α
2031 378 2130 432 sed
2159 377 2279 432 haec
2305 376 2571 449 despicit.
2605 374 2860 431 Orbitate
2890 374 3069 447 prolis
3140 376 3241 431 sed
3290 375 3441 430 hanc
3476 391 3672 447 aequa-

266 464 384 519 det.
416 463 578 519 Unde
610 468 668 519 et
698 463 873 519 David
902 479 914 517 :
952 462 1238 531 Attendite,
1266 465 1499 535 populus
1542 482 1707 532 meus,
1743 467 1919 537 legem

264 570 466 608 meum.
502 552 626 608 Non
650 553 807 607 enim
842 552 1094 624 populus
1124 552 1211 608 vel
1245 552 1333 607 lex
1371 559 1491 609 erat
1539 554 1715 610 David
1744 559 1785 623 ¹,
1817 554 1915 609 sed

266 643 417 713 ejus,
451 641 550 713 qui
586 641 645 696 in
678 658 742 697 eo
774 641 1055 714 loquitur.

340 749 410 802 Et
441 764 475 803 a
498 746 725 819 gentili,
757 747 911 803 sicut
941 764 974 803 a
1002 743 1222 815 Judaeo,
1244 746 1431 803 voluit
1458 747 1921 821 prophetari,qui

268 853 375 909 pro
404 840 653 908 utroque
684 835 899 909 populo
926 841 1180 892 venerat.

344 952 714 1008 Infructuosa
779 950 1105 1023 loquacitas
1183 952 1351 1024 quasi
1426 953 1734 1009 verborum
1788 953 1926 1010 folia

274 1040 551 1097 adivinis
616 1045 930 1106 resecatur,
995 1041 1134 1096 dum
1204 1040 1261 1096 in
1320 1041 1538 1113 templo
1582 1043 1679 1098 Dei
1714 1059 1925 1098 nemus

275 1128 526 1203 plantari
595 1130 957 1201 prohibetur.
1032 1130 1342 1201 Indignum
1424 1134 1533 1201 est,
1614 1136 1678 1186 ut
1753 1132 1927 1188 verba

276 1218 530 1277 coelestis
587 1217 806 1275 oraculi
866 1218 1297 1291 restringantur
1336 1221 1445 1276 sub
1497 1220 1713 1292 regulis
1744 1226 1926 1277 Dona-

274 1309 340 1363 ti.

354 1414 551 1470 Virtus
578 1414 687 1469 Job
718 1414 779 1469 in
839 1414 1033 1485 quiete
1093 1430 1307 1486 magna
1365 1414 1473 1469 fuit
1531 1415 1639 1470 sibi
1694 1421 1833 1471 nota
1871 1420 1927 1472 et

278 1509 412 1559 Deo.
451 1504 553 1559 sed
587 1502 832 1575 ﬂagellis
863 1508 1175 1571 commota,
1210 1507 1276 1558 ut
1320 1509 1601 1575 aromata,
1636 1505 1805 1559 nobis
1838 1522 1923 1560 re-

278 1592 454 1648 dolet.
488 1592 651 1647 Unde
705 1596 761 1646 et
821 1592 965 1647 fides
1016 1608 1197 1664 grano
1257 1592 1479 1663 sinapis
1531 1597 1923 1665 comparatur,

278 1682 433 1753 quod
481 1698 594 1736 non
645 1680 962 1736 contritum
1012 1680 1141 1736 lene
1187 1684 1296 1749 est,
1345 1682 1445 1735 sed
1487 1682 1537 1736 si
1585 1682 1923 1751 conteritur,

276 1770 615 1836 inardescit,
649 1773 706 1825 et
748 1770 901 1842 quod
945 1769 1162 1825 latebat
1194 1770 1252 1824 in
1296 1785 1383 1837 eo,
1417 1770 1629 1841 prodit.
1678 1770 1837 1827 Unde
1868 1771 1927 1827 in
1959 1758 2007 1823 B

277 1858 546 1931 psalmo;
581 1860 642 1914 In
685 1858 775 1914 die
834 1858 1114 1914 mandavit
1170 1859 1431 1913 Dominus
1481 1860 1931 1917 misericordiam

276 1965 455 2015 suam,
502 1958 552 2004 et
604 1956 755 2003 nocte
798 1948 1093 2003 declaravit
1140 1964 1277 2003 eam.
1328 1948 1556 2003 Donum
1609 1948 1931 2005 misericor-

278 2037 407 2105 diae,
436 2037 589 2108 quod
618 2036 675 2091 in
727 2036 842 2092 diei
888 2037 1081 2108 quiete
1130 2036 1484 2108 praacipitur,
1533 2042 1699 2092 nocte
1729 2038 1928 2095 adver-

280 2125 476 2182 sitatis
528 2123 887 2180 manifestari
936 2124 1168 2180 dicitur.
1220 2123 1570 2197 Flagellatur
1624 2130 1840 2198 autem,
1866 2132 1932 2183 ut

279 2219 339 2271 et
366 2213 519 2270 inter
548 2212 711 2269 mala
734 2214 953 2286 gratias
983 2229 1154 2286 agere
1194 2213 1405 2270 sciret:
1454 2215 1608 2286 quod
1640 2233 1755 2270 uno
1805 2232 1931 2288 pro-

283 2304 433 2359 fecto
464 2303 663 2359 deerat
682 2304 721 2357 ².
754 2302 915 2365 Quod
949 2318 1084 2374 ergo
1139 2302 1326 2358 hostis
1370 2304 1442 2358 ad
1492 2303 1713 2359 malum
1746 2306 1929 2377 petiit,

276 2392 435 2448 Deus
466 2392 538 2447 ad
570 2392 788 2447 bonum
823 2390 1227 2463 permisit.Nec
1260 2395 1423 2463 putet
1452 2392 1930 2465 quis,aliquando

280 2482 458 2537 verba
486 2481 595 2537 Job
625 2480 1120 2552 reprehendenda,
1182 2496 1357 2552 quem
1406 2480 1560 2536 Deus
1598 2482 1740 2538 adeo
1772 2500 1928 2539 com-

278 2571 555 2639 mendat;
591 2570 649 2625 in
708 2587 845 2641 quo,
902 2570 1071 2641 quasi
1131 2569 1344 2638 medio,
1406 2569 1675 2626 diabolus
1732 2577 1933 2629 contra

278 2659 595 2715 Dominum
627 2663 829 2715 certat.
864 2659 1025 2723 Quod
1057 2675 1189 2713 vero
1210 2660 1231 2692 ³
1261 2658 1413 2714 bona
1443 2675 1551 2715 sua
1578 2665 1794 2728 narrat,
1814 2678 1930 2718 non

279 2753 372 2805 est
401 2748 755 2821 arrogantia,
790 2749 891 2803 sed
924 2763 1028 2819 per
1058 2764 1126 2803 ea
1155 2764 1236 2817 se,
1270 2764 1341 2802 ne
1388 2748 1677 2819 desperet,
1719 2751 1929 2806 contir-

281 2842 426 2902 mat,
459 2854 593 2893 cum
625 2854 728 2908 per
754 2841 838 2892 tot
869 2836 1025 2892 mala
1053 2840 1109 2892 et
1147 2836 1468 2892 amicorum
1500 2839 1812 2909 opprobria
1840 2857 1932 2896 co-

279 2930 518 2998 geretur
546 2927 854 2998 desperare
884 2926 955 2981 de
983 2926 1104 2981 vita
1132 2942 1257 2981 sua.

356 3041 527 3097 Omni
557 3055 767 3113 genere
797 3041 1141 3097 tentationis
1173 3040 1377 3096 feritur
1406 3040 1534 3096 Job.
1570 3043 1810 3099 Damnis
1842 3062 1928 3101 re-

2028 466 2265 521 nimiter
2294 466 2469 521 dolel.
2522 464 2905 520 Percussione
2936 464 3147 530 carnis,
3180 481 3354 535 quam
3388 463 3675 536 patienter

2029 553 2252 609 tolerat.
2287 554 2356 609 Et
2386 555 2507 609 hmo
2539 556 2773 609 luerunt
2804 552 2969 624 quasi
2996 553 3242 608 exterior
3272 554 3524 625 impetus
3556 550 3676 607 bel-

2028 642 2091 713 1i,
2123 647 2180 698 et
2209 644 2376 714 quasi
2427 643 2623 698 hostes
2668 660 2701 699 a
2750 643 2892 698 facie
2951 646 3299 714 pugnantes.
3347 642 3512 698 Intus
3540 657 3673 697 vero

2030 746 2133 803 per
2165 749 2401 788 uxorem
2434 732 2602 804 quasi
2633 749 2734 803 per
2763 732 2946 787 civem
2970 747 3136 787 mens
3176 731 3428 787 sustinet
3456 747 3677 788 venena

2031 822 2259 879 consilii
2284 840 2297 890 ;
2333 822 2433 877 sed
2464 826 2519 877 et
2549 821 2699 876 hanc
2729 820 3021 893 sapienter
3045 820 3231 875 docet.

2102 911 2287 966 Amici
2315 912 2386 966 ad
2436 910 2890 966 consolationem
2941 909 3203 977 veniunt,
3254 910 3353 964 sed
3388 910 3459 965 ad
3492 910 3676 966 incre-

2032 1001 2327 1072 pationem
2362 999 2690 1071 prosiliunt.
2742 1000 2897 1054 Inter
2923 1015 3068 1070 quos
3101 1003 3156 1053 et
3187 998 3429 1053 ultimus
3453 998 3676 1069 junior.

2034 1090 2240 1154 Quod‘
2295 1088 2571 1159 indignus
2627 1089 2723 1156 sit,
2785 1087 2978 1144 acrius
3038 1088 3334 1159 increpat;
3397 1088 3534 1160 quia
3574 1087 3678 1144 ali-

2035 1180 2269 1251 quando
2324 1178 2455 1249 plus
2527 1178 2879 1233 conturbant
2949 1177 3142 1241 verba,
3177 1194 3354 1249 quam
3412 1176 3676 1234 vulnera.

2037 1273 2183 1323 Ecce
2213 1268 2381 1339 quasi
2433 1267 2631 1323 hostes
2678 1284 2745 1321 ex
2792 1265 2991 1322 latere.
3044 1270 3152 1320 Per
3195 1265 3436 1321 vulnera
3466 1267 3677 1338 proba-

2034 1362 2130 1411 tur
2174 1356 2486 1429 patientia;
2550 1354 2649 1410 illa
2706 1356 2931 1425 robore,
2993 1354 3100 1409 hac
3156 1354 3379 1410 ratione
3438 1370 3676 1427 supera-

2032 1446 2134 1503 vit.

2105 1534 2289 1589 Amici
2317 1534 2425 1589 Job
2458 1534 2645 1606 magis
2696 1533 3029 1605 ignorantia
3075 1532 3466 1604 deliquerunt,
3501 1548 3681 1604 quam

2036 1623 2278 1678 malitia.
2310 1622 2433 1677 Non
2466 1622 2621 1677 enim
2677 1626 2877 1677 tantus
2929 1621 3015 1675 vir
3072 1620 3290 1676 amicos
3319 1621 3554 1692 iniquos
3585 1620 3685 1676 ha-

2037 1712 2187 1779 buit,
2232 1712 2331 1766 sed
2383 1711 2524 1766 dum
2574 1727 2811 1766 causam
2862 1708 3309 1780 percussionum
3356 1709 3685 1764 discernere

2039 1804 2355 1873 nequeunt,
2392 1798 2451 1853 in
2473 1798 2708 1871 culpam
2739 1796 3498 1853 labuntur.Percussionum
3528 1796 3686 1852 enim

2038 1890 2153 1946 alia
2180 1893 2287 1956 est,
2322 1905 2438 1961 qua
2470 1888 2757 1960 premitur
2803 1887 3043 1958 iniquus
3094 1890 3158 1941 ut
3203 1886 3516 1959 puniatur;
3552 1884 3686 1957 alia,

2038 1983 2104 2034 ut
2133 1978 2494 2049 corrigatur:
2530 1976 2663 2043 alia,
2699 1992 2769 2030 ne
2804 1976 3001 2029 futura
3040 1975 3367 2031 committat
3396 1993 3407 2041 ;
3456 1973 3589 2041 alia,
3624 1976 3691 2029 ut

2040 2084 2173 2123 cum
2208 2066 2475 2137 sequitur
2506 2065 2687 2131 salus,
2718 2064 2981 2120 Salvator
3010 2063 3264 2135 amplius
3298 2066 3545 2118 ametur.
3580 2067 3688 2117 Bo-

2042 2174 2154 2212 nus
2197 2155 2245 2210 si
2287 2153 2635 2226 percutitur,
2683 2152 2892 2207 merita
2948 2150 3367 2206 cumulantur:
3401 2150 3556 2221 quod
3588 2165 3688 2205 ne-

2041 2246 2290 2301 scientes
2321 2242 2702 2315 distinguere,
2737 2256 3084 2313 percussum
3108 2256 3209 2311 pro
3232 2237 3405 2311 culpa
3421 2238 3687 2293 credunt.

2042 2334 2203 2390 Unde
2232 2337 2288 2388 et
2316 2331 2489 2387 citius
2520 2331 2591 2385 ad
2636 2330 2863 2385 veniam
2908 2329 3174 2385 redeunt.
3222 2330 3376 2392 Quos
3422 2331 3572 2382 Deus
3605 2325 3689 2382 sic

2040 2422 2333 2489 humiliat,
2369 2425 2432 2476 ut
2462 2437 2577 2476 non
2609 2420 2722 2475 nisi
2755 2436 2857 2491 per
2880 2433 3031 2486 eam,
3066 2432 3241 2489 quem
3282 2418 3687 2488 despexerunt,

2042 2514 2107 2569 ad
2142 2511 2388 2584 gratiam
2423 2510 2724 2581 reciperet.

2111 2600 2470 2656 Moraliter".
2512 2596 2690 2653 Multa
2729 2598 2850 2653 fa...
2908 2598 3219 2651 Innumera
3259 2595 3432 2651 turba
3478 2594 3692 2667 cogita-

2039 2679 2285 2757 tionum,
2322 2705 2447 2760 qua:
2483 2686 2649 2759 quasi
2682 2685 2904 2741 ancilla:
2947 2684 3206 2751 domina,
3238 2688 3295 2739 et
3321 2683 3569 2749 ratione,
3596 2683 3694 2738 ab-

2043 2783 2205 2835 sente
2234 2794 2383 2849 opus
2430 2772 2731 2843 deserunt,
2781 2778 3174 2847 perstrepunt,
3225 2777 3281 2828 et
3312 2788 3380 2828 ea
3410 2773 3691 2828 redeunte

2041 2885 2174 2923 cum
2207 2865 2437 2922 silentio
2461 2867 2793 2936 operantur.
2824 2863 2921 2917 llis
2941 2861 3181 2929 scilicet,
3214 2862 3369 2917 unde
3390 2860 3693 2915 dominam

2044 2959 2099 3012 in
2133 2972 2335 3012 earum
2368 2953 2747 3009 multitudine
2783 2952 3017 3007 animus
3063 2955 3320 3023 superat.
3371 2948 3693 3007 Orientales

2042 3051 2097 3102 et
2137 3044 2374 3118 angelos
2404 3044 2613 3099 orienti
2654 3041 2768 3097 luci
2822 3042 3171 3098 inhaerentes
3229 3040 3427 3113 magni
3483 3053 3693 3095 sumus

285 3146 442 3196 rum,
482 3130 698 3201 quibus
744 3134 949 3202 potens
980 3130 1037 3185 in
1066 3129 1300 3195 saeculo
1333 3131 1548 3186 moveri
1582 3134 1926 3204 putabatur;
1970 3122 2012 3188 C
2044 3153 2244 3193 eorum
2278 3134 2445 3203 socii,
2476 3138 2585 3189 etc.

362 3311 378 3344 ¹
408 3308 469 3363 Id
502 3312 589 3364 est
630 3310 866 3364 Davidis.

359 3381 380 3453 ξ
404 3380 677 3453 Fortasse
706 3380 1017 3453 legendum
1045 3383 1308 3453 perfecto.

354 3452 375 3486 ³
403 3452 660 3508 Rursum
692 3450 968 3509 mendose
998 3450 1283 3524 scriptum
1308 3451 1366 3507 in
1386 3450 1776 3510 Meibomiano
1807 3460 1932 3515 cod.

279 3539 415 3579 vera
446 3540 550 3596 pro
582 3540 725 3581 vero.

2084 3334 2087 3337 δ
2116 3316 2136 3388 ξ
2168 3316 2302 3386 Leg.
2334 3315 2645 3388 uitiinuset
2672 3310 3066 3388 iunior,_qu_od.
3302 3384 3310 3388 _
3392 3378 3426 3388 __
3534 3376 3568 3388 Α
3639 3372 3654 3388 ⁸

2116 3381 2137 3413 ⁸
2167 3376 2537 3441 Postremum
2570 3376 2744 3455 hocce
2775 3376 3119 3455 capitulum,
3152 3398 3267 3455 quo
3296 3378 3503 3455 tertius
3533 3376 3693 3432 Scri—

2089 3464 2232 3513 turaz
2265 3473 2473 3511 sensus
2522 3453 2961 3526 explicaturiad
3011 3453 3279 3509 Auctoris
3317 3454 3599 3518 mentem,
3628 3462 3698 3504 ex

2089 3476 2232 3513 ωτθθ
2265 3476 2473 3511 εθηευε
2522 3476 2845 3526 ϐΧριιοᾶιυΓ
2889 3476 2961 3508 au
3011 3476 3042 3507 Β

2047 3476 2309 3586 ﬁemano
2338 3526 2648 3599 archetypo
2680 3524 3042 3582 sutiecimus.
