4114 6170
511 230 666 296 1643
1997 226 2418 302 APPENDIX.
3689 242 3792 316 mi

506 360 3792 400 Μ
2953 377 3793 416 *Ἥ

1717 503 1820 564 EX
1865 503 2043 566 IPSO
2087 505 2696 572 COMMENTARIO.

2105 668 2312 684 ἡ

1120 791 1201 847 Ad
1231 790 1362 864 Cap.
1394 793 1434 848 I.
1473 792 1526 846 1.

564 879 813 935 Necesse
833 883 924 935 est
974 883 1039 934 ut
1094 879 1529 953 simplicitatem
1581 879 1866 938 columbae
1931 883 2150 940 astutia

493 969 783 1042 serpentis
813 969 1105 1040 instituat,
1138 975 1196 1024 et
1224 970 1503 1026 astutiam
1536 969 1886 1042 simplicitas
1919 977 2146 1045 tempe-

491 1064 601 1114 ret.
636 1057 800 1115 Unde
825 1057 1092 1114 Christus
1122 1058 1182 1113 in
1229 1058 1503 1116 columba
1531 1064 1588 1116 et
1635 1059 1770 1132 igne
1824 1062 2099 1133 apparuit
2129 1078 2144 1117 :

493 1147 634 1219 quia
665 1146 820 1218 pleni
861 1145 960 1202 illo
991 1146 1075 1202 sic
1125 1147 1563 1204 mansuetudini
1615 1147 2016 1220 simplicitatis
2047 1151 2146 1207 de-

487 1234 772 1304 serviunt,
802 1237 864 1289 ut
896 1239 1102 1290 contra
1140 1235 1295 1291 mala
1342 1235 1464 1292 zelo
1519 1236 1886 1294 rectitudinis
1937 1254 2146 1294 accen-

485 1321 722 1377 dantur.
761 1323 978 1378 Timens
1007 1324 1239 1380 Deum‘.
1272 1323 1545 1381 Salomon
1572 1342 1584 1381 ε
1625 1326 1734 1393 Qui
1765 1328 1919 1382 timet
1950 1328 2145 1394 Deum,

483 1410 629 1465 nihil
661 1410 918 1482 negligit.
953 1411 1217 1469 Recede»:
1246 1431 1279 1468 a
1303 1415 1471 1470 malo.
1508 1414 1650 1469 ltem
1683 1413 1998 1471 Salomon:
2034 1417 2145 1485 Qui

487 1501 548 1555 in
575 1516 684 1556 uno
714 1500 966 1572 oﬂendil.
1018 1503 1200 1557 multa
1245 1502 1383 1559 bona
1425 1503 1628 1574 perdit.
1678 1503 1847 1559 Prius
1896 1521 2147 1577 persona

485 1592 620 1662 apta
651 1589 1027 1660 describitur,
1058 1606 1239 1662 quam
1271 1607 1470 1664 pugna
1500 1594 1628 1664 ejus
1659 1592 1913 1660 dicatur,
1952 1598 2018 1648 ut
2053 1597 2142 1649 ta-

482 1676 555 1734 lis
589 1694 762 1750 posse
783 1678 970 1734 vicem
1002 1679 1242 1736 reddere
1272 1679 1557 1737 videatur.

1074 1767 1153 1824 Ad
1181 1768 1312 1841 Cap.
1346 1771 1439 1837 III,
1471 1772 1525 1825 8.

549 1855 877 1912 Maledicunt
903 1858 978 1926 ei,
1025 1859 1122 1928 qui
1165 1859 1499 1914 maledicunt
1553 1859 1685 1915 diei.
1717 1859 2033 1916 Moraliter.
2073 1861 2138 1916 In

479 1945 658 2001 veteri
707 1945 1109 2002 translatione.
1183 1945 1472 2004 Maledicat
1517 1964 1658 2016 eam,
1713 1950 1808 2019 qui
1861 1948 2140 2005 maledicit

479 2032 644 2101 diem,
679 2035 775 2106 qui
798 2043 1059 2106 capturus
1101 2039 1176 2091 est
1205 2038 1423 2106 grande
1466 2041 1663 2094 cetum.
1697 2037 2000 2108 Diabolus,
2038 2039 2136 2110 qui

481 2122 653 2178 modo
705 2139 838 2188 nox,
897 2123 956 2178 in
989 2125 1103 2179 ﬁne
1148 2125 1259 2180 erit
1286 2125 1450 2180 visus
1480 2125 1627 2192 dies,
1660 2141 1793 2181 cum
1826 2125 2140 2182 extolletur

479 2227 661 2284 supra
687 2227 861 2267 omne
893 2211 949 2266 id
983 2213 1137 2284 quod
1189 2213 1405 2268 dicitur
1447 2218 1622 2279 Deus,
1670 2213 1755 2270 vel
1789 2215 1947 2286 quod
2000 2214 2136 2270 coli-

477 2303 593 2354 tur.
613 2299 724 2356 Sed
759 2301 931 2356 modo
955 2301 1240 2356 malitiam
1275 2304 1404 2372 ejus
1435 2302 1723 2358 destruit:
1767 2304 1867 2375 qui
1918 2303 1975 2358 in
2026 2305 2141 2359 line

479 2387 728 2443 adventu
750 2405 856 2444 suo
878 2389 1197 2460 potentiam
1241 2390 1370 2461 ejus
1393 2391 1690 2447 destruet:
1727 2391 1828 2463 qui
1864 2392 1920 2446 in
1968 2392 2140 2464 aquis

482 2477 669 2532 sancti
717 2476 996 2548 baptismi
1045 2477 1268 2548 grande
1319 2482 1534 2545 cetum,
1582 2479 1640 2534 id
1694 2485 1786 2535 est
1843 2479 2138 2536 fortitudi-

480 2581 614 2620 nem
674 2564 827 2635 ejus,
886 2565 1222 2636 exstinguit.
1285 2566 1370 2621 νει
1428 2566 1766 2623 maledicunt
1822 2570 1895 2640 ei,
1944 2568 2003 2624 id
2050 2572 2140 2626 est

483 2652 662 2724 nocti,
694 2653 963 2708 tenebras
991 2655 1325 2710 damnando
1361 2655 1702 2712 nuntiantes
1723 2655 1888 2712 electi
1922 2657 2134 2730 angeli.

482 2742 596 2810 Qui
624 2741 961 2799 maledicunt
987 2742 1121 2810 diei,
1155 2743 1211 2798 id
1245 2748 1354 2811 est,
1388 2745 1486 2816 qui
1518 2744 1712 2800 ﬁctam
1746 2747 1875 2814 ejus
1905 2745 2137 2802 clarita-

485 2837 626 2898 tem,
659 2846 777 2902 qua
805 2831 1182 2904 praesumpsit
1210 2832 1454 2904 aequalis
1480 2834 1594 2889 Deo
1620 2835 1764 2898 fieri,
1809 2834 2137 2908 despicien-

481 2920 616 2975 dam
670 2926 1019 2976 monstrant.
1075 2923 1180 2990 Qui
1225 2924 1414 2993 parati
1439 2927 1569 2978 sunt
1613 2925 1896 2990 suscitare,
1943 2923 2000 2979 id
2049 2928 2140 2980 est

484 3007 762 3074 relaxare,
815 3014 878 3064 ut
916 3009 1055 3064 totis
1096 3009 1318 3066 viribus
1364 3017 1566 3066 contra
1615 3011 1930 3066 Ecclesium
1979 3018 2134 3085 agat.

488 3093 650 3152 Modo
683 3097 898 3170 ligatus
928 3101 1162 3153 tenetur
1189 3097 1248 3153 in
1300 3099 1512 3171 abysso
1555 3104 1613 3154 et
1661 3116 1918 3171 pressus,
1951 3106 2007 3156 et
2037 3100 2138 3172 qui

485 3186 776 3255 superbus
818 3202 932 3256 prae
980 3185 1114 3240 aliis
1157 3202 1220 3241 se
1269 3187 1496 3254 extulit,
1553 3188 1888 3244 substratus
1932 3189 2138 3244 ditioni

483 3288 686 3327 eorum
736 3273 1070 3340 succubuit,
1105 3279 1171 3329 ut
1227 3275 1402 3330 modo
1446 3275 1533 3330 eis
1585 3276 1873 3332 ministris
1921 3276 2138 3349 ligatus

487 3359 682 3416 lateat.
716 3361 822 3416 etsi
854 3360 912 3416 in
947 3362 1061 3418 fine
1091 3361 1319 3419 solutus
1349 3368 1546 3435 aperte
1576 3363 1730 3420 bella
1757 3369 1941 3438 gerat.

1014 3451 1093 3507 Ad
1125 3452 1254 3523 Cap.
1285 3452 1374 3520 IV,
1399 3454 1488 3519 10,
1516 3453 1602 3509 11.
2247 3453 2464 3508 certius
2494 3451 2710 3507 habere
2766 3451 3082 3521 credimus,
3125 3467 3302 3525 quam
3352 3455 3512 3526 quod
3564 3454 3618 3508 in
3649 3451 3760 3508 sinu
3783 3453 3845 3503 te-

555 3541 874 3611 Postquam
925 3539 1240 3596 clementer
1296 3541 1544 3608 monuit,
1603 3546 1800 3615 aperte
1847 3541 2128 3616 increpat.
2165 3532 2206 3596 C
2245 3557 2475 3596 nemus.
2521 3541 2583 3596 In
2610 3540 2739 3596 sinu
2774 3557 2910 3613 ergo
2951 3558 3113 3612 spcm
3157 3543 3477 3614 repositam
3531 3541 3719 3608 tenuit,
3746 3536 3849 3610 quis

484 3629 716 3700 Rugitus
761 3629 956 3700 leonis,
1005 3629 1064 3684 id
1113 3635 1221 3695 est,
1277 3630 1557 3686 severitas
1609 3636 1665 3686 et
1722 3637 1906 3687 terror
1949 3632 2136 3704 ipsius
2247 3647 2383 3688 vera
2441 3629 2786 3686 certitudine
2842 3631 2915 3685 de
2972 3646 3076 3702 spe
3129 3631 3578 3688 resurrectionis
3623 3641 3846 3703 praesum-

480 3717 613 3774 Job.
653 3719 761 3774 Vox
809 3718 1027 3784 (mente,
1082 3717 1406 3790 loquacitas
1454 3720 1768 3791 coniugis:
1812 3720 1998 3776 dentes
2047 3739 2136 3777 ca-
2247 3719 2384 3791 psit.
2448 3723 2724 3790 Expresse
2780 3717 2998 3773 indicat
3052 3719 3353 3775 veritatem
3433 3715 3847 3776 resurrectionis.

483 3807 748 3870 tutorum,
781 3807 1039 3862 edacitas
1088 3806 1366 3874 ﬁliorum,
1399 3807 1697 3863 destructa
1727 3813 1834 3864 est.
1871 3809 1972 3864 His
2005 3809 2138 3881 rigi-
2245 3808 2369 3863 Non
2401 3806 2555 3863 alius
2587 3808 2852 3875 moritur,
2885 3806 3038 3862 alius
3086 3809 3341 3881 resurgit
3373 3825 3386 3863 :
3439 3815 3507 3864 ut
3551 3809 3647 3881 qui
3692 3805 3849 3860 dicunt

2245 3894 2541 3952 invisibile
2571 3911 2783 3967 corpus
2817 3897 3100 3962 futurum,
3134 3897 3233 3951 sed
3266 3897 3422 3952 idem
3458 3898 3604 3970 ipse.
3648 3894 3850 3950 Redem-

2248 3990 2380 4057 ptor
2409 4001 2576 4040 meus
2608 3984 2764 4051 vivit,
2796 3989 2854 4039 et
2879 4001 2981 4056 per
3031 3984 3523 4041 resurrectionem
3557 3999 3716 4056 spero
3741 3976 3848 4034 mihi

2181 798 2236 864 Α
2265 799 2394 868 eius
2425 799 2617 867 elatio,
2651 801 2788 873 quia
2817 819 3134 874 percussus
3164 805 3238 860 ab
3284 803 3472 862 aliena
3506 805 3806 881 lasionepro-

2255 887 2509 944 hibetur.
2538 890 2750 946 Eadem
2781 892 2968 964 typice
3001 893 3073 949 de
3119 893 3425 951 haereticis.
3477 895 3571 951 Leo
3609 898 3805 956 diabolus

2256 991 2361 1048 pro
2391 977 2630 1034 saevitia.
2666 980 2868 1036 Leaena
2898 980 3098 1038 civitas
3130 983 3357 1038 mundi.
3391 983 3805 1056 Babylonia,leoni

2257 1065 2496 1132 sociata,
2528 1067 2725 1123 catuli.
2779 1069 2885 1133 Qui
2918 1071 3070 1141 quod
3115 1071 3344 1143 reprobi
3376 1072 3446 1128 ab
3474 1072 3576 1130 illis
3600 1075 3804 1146 generati,

2255 1155 2328 1210 ab
2357 1154 2452 1210 his
2481 1162 2684 1212 cavent
2715 1157 2823 1213 sibi
2855 1159 3063 1214 sancti.
3095 1165 3170 1214 At
3198 1160 3454 1216 haeretici
3485 1161 3648 1217 securi
3669 1165 3810 1219 omnia

2256 1259 2320 1299 se
2347 1259 2657 1316 superasse
2697 1251 2922 1318 putant,
2971 1248 3138 1320 quasi
3191 1249 3420 1304 dicant:
3474 1249 3590 1306 Ideo
3631 1268 3722 1306 non
3744 1254 3810 1308 ﬂa-

2255 1331 2563 1405 gellamur,
2587 1335 2728 1405 quia
2755 1336 3027 1392 virtutem
3058 1337 3271 1393 diaboli
3303 1337 3654 1406 vincimus,et
3673 1356 3813 1395 vocem

2255 1419 2311 1474 id
2344 1425 2435 1476 est
2475 1421 2722 1494 gloriam
2783 1423 3002 1490 saeculi,
3054 1430 3110 1479 et
3157 1424 3381 1494 dentes,
3432 1426 3486 1480 id
3533 1431 3612 1482 est
3647 1443 3816 1498 persna-

2255 1508 2480 1565 sionem
2522 1512 2928 1583 reproborum.
2981 1513 3171 1586 Tigris
3220 1513 3436 1569 iterum
3481 1513 3709 1570 diabolus
3744 1530 3813 1587 pro

2255 1599 2601 1654 multiformi
2650 1601 2888 1669 astutia,
2937 1600 3023 1656 vel
3071 1601 3504 1674 myrmicoleon,
3547 1603 3632 1674 qui
3672 1609 3817 1659 contra

2255 1686 2593 1743 resistentes
2642 1689 2872 1758 debilis,
2931 1691 3134 1747 contra
3206 1691 3622 1748 consentientes
3682 1692 3811 1747 fortis.

2251 1776 2432 1841 Quem
2463 1777 2668 1832 dicunt
2695 1778 2960 1850 periisse,
2994 1779 3093 1852 qui
3127 1779 3186 1834 in
3243 1779 3328 1835 eis
3359 1780 3605 1852 praedam
3631 1796 3722 1835 non
3745 1780 3816 1835 lm-

2249 1863 2367 1918 bet.
2401 1864 2520 1919 Hoc
2551 1867 2694 1937 pro”
2720 1866 2933 1937 gaudio
2974 1871 3263 1938 repetunt,
3315 1867 3456 1939 quia
3485 1883 3630 1941 sape
3666 1868 3818 1940 repeti-

2248 1955 2346 2008 tur
2368 1955 2522 2025 quod
2556 1971 2659 2026 per
2685 1954 2967 2027 gaudium
3000 1955 3234 2012 dicitur.

2796 2043 2874 2098 Ad
2914 2045 3052 2115 Cap.
3084 2044 3220 2112 XIX,
3255 2046 3344 2099 24.

2319 2121 2481 2187 Quod
2523 2122 2581 2176 in
2632 2121 2874 2193 plumbo
2939 2124 3235 2190 scribitur,
3308 2125 3488 2181 citius
3533 2123 3742 2180 deletur.
3779 2125 3823 2180 in

2249 2209 2410 2265 silice
2449 2210 2686 2266 difﬁcile
2706 2211 3008 2278 scribitur,
3042 2213 3143 2268 sed
3173 2218 3389 2269 manet.
3423 2214 3514 2268 Sic
3540 2215 3714 2269 δυάδα
3735 2229 3822 2268 ver-

2248 2298 2322 2354 ba
2351 2299 2452 2356 Dei
2484 2301 2597 2355 cito
2639 2299 2844 2372 recipit
2889 2305 2948 2356 et
2995 2302 3248 2357 deserit:
3302 2303 3600 2374 gentilitas.
3621 2303 3698 2356 vix
3722 2301 3827 2357 reci-

2248 2387 2350 2459 pit,
2383 2388 2485 2444 sed
2517 2388 2743 2444 fortiter
2771 2394 2979 2444 servat.

2769 2477 2847 2532 Ad
2873 2477 3002 2549 Cap.
3035 2476 3160 2544 XIX,
3191 2479 3381 2534 25-27.

2318 2564 2439 2619 Scio
2490 2567 2638 2620 enim
2689 2566 2844 2637 quod
2891 2566 3193 2638 redemptor
3236 2580 3392 2621 meus
3443 2568 3588 2624 vivit.
3633 2564 3737 2621 Non
3775 2564 3835 2619 ait

2245 2654 2510 2722 conditor,
2567 2654 2668 2709 sed
2715 2654 3046 2726 redemptor,
3094 2671 3228 2710 eum
3279 2661 3477 2727 aperte
3523 2654 3830 2715 denuntians,

2247 2741 2683 2815 qui,postquam
2715 2743 2913 2798 omnia
2932 2743 3247 2805 creavit.de
3272 2743 3604 2815 captivitate
3621 2742 3838 2816 passione

2247 2848 2354 2886 sua
2383 2848 2489 2887 nos
2518 2832 2786 2888 redemit.
2841 2831 2995 2887 Vivit
3037 2835 3256 2898 autem,
3314 2834 3473 2904 quod
3505 2833 3648 2888 inter
3673 2843 3836 2886 manus

2249 2920 2564 2992 impiorum
2595 2921 2886 2976 occubuit.
2931 2925 3107 2993 Quem
3134 2923 3354 2977 visurus
3395 2938 3522 2977 sum
3552 2937 3657 2993 ego,
3685 2919 3731 2974 id
3755 2922 3836 2982 est,

2247 3026 2378 3065 caro
2411 3014 2610 3065 nostra
2665 3014 2795 3082 post
2847 3009 3331 3066 resurrectionem
3393 3012 3597 3067 eadem
3649 3009 3756 3070 erit.
3797 3009 3837 3060 et

2247 3098 2493 3153 diversa.
2523 3098 2736 3153 Eadem
2772 3115 2868 3170 per
2901 3102 3196 3168 naturam,
3230 3099 3464 3156 diversa
3496 3115 3598 3172 per
3621 3097 3839 3171 gloriam,

2248 3183 2482 3256 Eritque
2524 3185 2870 3257 spiritualis,
2926 3187 3064 3258 quia
3088 3186 3576 3260 incorruptibilis,
3607 3193 3659 3242 et
3686 3184 3839 3258 palpa-

2247 3273 2402 3343 bilis,
2436 3274 2576 3346 quia
2605 3291 2717 3329 non
2749 3275 3042 3330 amittitur
3079 3276 3336 3332 essentia
3381 3277 3605 3332 veracis
3650 3280 3841 3330 nature.

2249 3365 2499 3434 Reposita
2528 3367 2605 3418 est
2635 3362 2750 3418 haec
2784 3379 2904 3435 spes
2950 3378 3074 3420 mea
3112 3365 3176 3424 in
3223 3367 3351 3420 sinu
3395 3379 3540 3422 meo.
3592 3362 3731 3419 Nihil
3769 3375 3845 3415 nos

484 3896 596 3950 dus
625 3893 864 3964 insulat,
901 3895 1070 3966 quasi
1119 3895 1178 3951 in
1240 3911 1298 3950 re
1358 3896 1654 3951 damnata.
1707 3897 1915 3966 Tigridi
1961 3897 2134 3953 etiam

482 3981 592 4038 Job
623 3986 942 4054 comparat,
977 3999 1078 4054 pro
1113 3983 1360 4039 maculis
1389 3983 1802 4040 simulationis.
1828 3985 2139 4058 Hypocrita

485 4071 644 4126 enim
675 4070 776 4142 qui
807 4075 1000 4127 rectus
1030 4071 1279 4140 videtur,
1340 4072 1516 4128 habet
1544 4073 1786 4130 latentia
1816 4074 1975 4141 vitia,
2007 4092 2134 4146 qua:

485 4159 800 4232 aliquando
831 4161 1199 4232 erumpentia
1227 4160 1478 4216 colorem
1527 4163 1773 4218 variant.
1824 4164 2022 4220 Praeda
2048 4168 2138 4220 est

475 4249 772 4320 justorum
825 4247 1030 4321 gloria,
1075 4267 1252 4321 quam
1300 4249 1412 4306 sibi
1460 4250 1683 4322 arripit.
1738 4255 1960 4308 Putans
2000 4269 2135 4325 ergo

483 4337 594 4392 iste
623 4341 895 4392 sanctum
926 4338 1035 4394 Job
1084 4339 1255 4406 bona,
1317 4355 1444 4410 qua:
1498 4339 1554 4393 in
1608 4355 1674 4394 eo
1724 4344 1980 4406 noverat,
2036 4358 2138 4412 per

483 4425 816 4498 hypocrisin
853 4425 1132 4494 tenuisse,
1185 4427 1372 4484 dicit:
1427 4429 1603 4498 Tigris
1644 4431 1833 4500 periit,
1884 4428 1994 4485 hoc
2025 4434 2134 4498 est,

482 4513 735 4570 varietas
768 4513 1164 4571 simulationis
1193 4520 1306 4571 tuae
1357 4516 1643 4572 exstincta
1675 4522 1782 4586 est,
1818 4517 1958 4589 quia
1987 4517 2139 4574 adu-

483 4603 623 4659 latio
653 4601 845 4658 laudis
874 4602 1086 4675 ablata.
1122 4609 1230 4660 Pro
1257 4605 1462 4677 tigride
1497 4604 1591 4660 hic
1621 4607 1776 4678 apud
1811 4607 1956 4661 LXX
1985 4624 2138 4679 myr-

481 4691 748 4748 micoleon
777 4690 1009 4764 legitur,
1043 4693 1196 4765 quod
1253 4693 1450 4749 Latine
1497 4692 1710 4748 dicitur
1760 4693 2133 4751 formicarum

483 4781 595 4851 leo,
626 4779 716 4837 vel
747 4781 1099 4854 expressius,
1160 4781 1402 4838 formica
1450 4781 1558 4838 leo.
1611 4783 1712 4838 Est
1763 4788 1956 4839 autem
2011 4801 2138 4856 par-

2245 4072 2499 4129 similem
2529 4090 2542 4140 ;
2577 4077 2642 4128 ut
2671 4071 2793 4128 aliis
2825 4073 2997 4146 virga:
3029 4078 3374 4129 manserunt
3403 4075 3604 4140 aridae,
3655 4071 3745 4128 sed
3769 4065 3852 4124 vir.

2245 4180 2319 4234 ga
2347 4163 2559 4229 Aaron,
2608 4161 2666 4216 id
2707 4166 2796 4217 est
2838 4177 3048 4234 corpus
3087 4161 3406 4218 sacerdotis
3446 4163 3653 4229 nostri,
3701 4161 3749 4215 in
3776 4155 3853 4210 ilo-

2246 4267 2368 4306 rem
2400 4249 2844 4306 resurrectionis
2875 4251 3086 4322 erupit,
3135 4267 3251 4321 quo
3301 4253 3444 4308 ﬂore
3500 4249 3758 4308 sacerdos
3781 4241 3853 4300 ille

2246 4339 2592 4406 ostenditur,
2628 4339 2728 4410 qui
2754 4354 2857 4410 pro
2889 4339 3056 4394 nobis
3085 4338 3436 4412 interpellat.

2796 4427 2875 4482 Ad
2913 4430 3046 4498 Cap.
3074 4428 3223 4494 XXII,
3259 4429 3346 4484 li.

2316 4515 2380 4570 Et
2413 4517 2620 4585 impetu
2648 4532 2921 4587 aquarum
2959 4516 3406 4572 innundantium
3454 4534 3572 4574 non
3600 4523 3860 4588 Oppressum

2247 4606 2346 4661 iri.
2380 4604 2812 4661 Tribulationes
2862 4605 3030 4676 aquis
3081 4605 3514 4662 inundantibus
3563 4613 3853 4676 comparari:

2248 4699 2362 4765 tur,
2396 4693 2536 4764 quia
2565 4691 2693 4749 alia:
2724 4710 2900 4765 super
2929 4693 3079 4749 alias
3135 4694 3389 4762 irruunt,
3435 4695 3597 4752 sicut
3629 4693 3768 4749 unda
3793 4702 3861 4742 ευ-

2247 4797 2349 4853 per
2396 4781 2636 4836 undam.
2689 4781 2822 4838 Ideo
2868 4797 2983 4837 non
3034 4783 3284 4854 putabas
3334 4788 3390 4840 te
3421 4777 3854 4856 opprimendum,

483 4889 621 4928 vum
671 4871 912 4936 animal,
965 4873 1120 4942 quod
1187 4871 1376 4928 latens
1428 4871 1486 4924 in
1544 4871 1777 4942 pulvere
1823 4872 2216 4960 insidiaturD
2248 4869 2387 4942 quia
2435 4870 2733 4942 cogitabas
2795 4870 2977 4926 Deum
3026 4887 3138 4926 non
3189 4872 3382 4929 videre
3433 4872 3556 4927 haec
3608 4867 3854 4960 inferiore:

486 4960 769 5025 formicis,
801 4976 900 5016 eas
931 4961 1222 5029 comedit;
1273 4958 1608 5016 volatilibus
1657 4965 1714 5015 et
1743 4959 1872 5016 aliis
1905 4961 2134 5018 anima-

2248 4959 2312 5014 Et
2340 4977 2412 5015 an
2444 4959 2634 5014 adhuc
2665 4957 2887 5030 cogitas
2905 4957 3209 5014 ?Hazretici
3237 4976 3299 5015 se
3331 4960 3630 5033 sapientes
3659 4948 3851 5030 putant”

490 5047 650 5104 lihus
684 5048 928 5104 formica
956 5053 1064 5116 est,
1123 5066 1156 5104 a
1204 5048 1422 5121 quibus
1479 5048 1820 5104 comeditur.
1881 5049 1988 5106 Per
2026 5050 2135 5106 hoc
2244 5052 2300 5103 et
2330 5047 2575 5102 irrident
2629 5045 2972 5117 catholicos,
3027 5049 3180 5120 quod
3235 5053 3414 5104 Deum
3466 5064 3590 5104 non
3638 5041 3852 5102 timeant,

486 5140 648 5192 notat
675 5135 784 5191 Job
830 5137 1012 5193 fuisse
1066 5142 1262 5194 contra
1305 5141 1529 5194 erectos
1590 5137 1884 5204 timidum,
1935 5142 2137 5195 contra

2247 5136 2384 5209 quia
2415 5135 2792 5208 corporaliter
2822 5153 2956 5192 eum
2991 5153 3104 5192 non
3136 5137 3360 5205 vident;
3387 5153 3493 5193 nec
3526 5138 3736 5209 putant
3757 5140 3852 5186 eum

485 5223 781 5294 subjectos
809 5226 1111 5295 audacem,
1165 5227 1266 5282 sed
1313 5226 1442 5298 jam
1487 5241 1602 5281 non
1653 5225 1828 5282 habet
1877 5227 2134 5300 praedam
2243 5228 2474 5281 terrena
2505 5225 2699 5281 videre
2729 5240 2798 5280 ex
2828 5225 3171 5296 longinquo.
3206 5226 3324 5281 Imo
3349 5226 3507 5298 quod
3558 5221 3702 5280 caelo
3730 5215 3858 5275 altior

559 5402 577 5437 ¹
609 5401 772 5478 Hanc
803 5416 1034 5478 quoque
1063 5420 1131 5459 ex
1178 5405 1438 5462 Romano
1484 5419 1598 5462 ms.
1649 5405 1956 5478 pericopen
1989 5409 2132 5462 atte-

484 5486 620 5530 xere
640 5469 888 5542 placuit.

555 5544 580 5585 ¹
608 5541 878 5604 Fertasse
906 5542 1218 5620 legendum
1241 5562 1384 5623 prae.

2316 5406 2342 5439 ²
2397 5402 2854 5476 Rescribendum
2913 5408 3109 5459 censet
3181 5403 3368 5476 editor
3424 5397 3745 5474 Lipsiensis
3789 5392 3867 5476 hoc

2265 5479 2444 5604 iactq
2471 5491 2484 5530 :
2508 5477 2576 5532 Et
2598 5476 2654 5532 id
2682 5475 2859 5532 adhuc
2898 5477 3136 5548 cogitant
3182 5475 3452 5542 hwrelici,
3485 5476 3590 5548 qui
3615 5477 3864 5539 sesam-

2265 5562 2348 5605 σε.
2389 5564 2418 5604 c
2448 5563 2499 5603 c.

2332 5592 2348 5622 ,
2389 5587 2499 5604 ων.
