4114 6170
282 238 443 313 1545
1320 224 1737 318 excusem
1778 224 1882 315 ax
1924 248 2327 315 COMMENT.
2375 253 2453 313 IN
2498 251 2663 315 JOB.
3526 218 3687 318 usus

287 385 367 440 sit
396 387 456 440 et
485 382 655 456 quasi
684 382 745 438 in
797 378 952 441 nube
981 385 1171 442 latens
1204 402 1307 459 per
1353 385 1662 459 caliginem
1688 386 1931 458 judicct.
1965 386 2013 452 Α
2048 386 2209 443 Sic-ut
2258 388 2606 442 vestimenta
2656 402 2889 457 corpus,
2949 385 3033 443 sic
3079 385 3232 442 bona
3282 403 3455 458 opera
3504 392 3692 460 prote-

284 474 440 544 Ideo,
500 472 655 546 quod
730 472 885 530 inter
940 490 1046 531 nos
1119 479 1177 531 et
1243 474 1455 531 ccelum
1511 475 1680 533 aeriae
1739 478 1931 546 partes
2049 482 2198 547 gnnt
2244 476 2523 532 animam.
2558 474 2819 530 Haeretici
2868 474 3086 548 itaque,
3119 492 3250 532 cum
3299 477 3692 548 quorumdam

284 566 443 633 sunt,
475 566 551 631 et,
583 562 987 635 superioribus
1026 564 1307 635 intentus,
1342 563 1538 619 minus
1570 563 1763 619 videat
1792 562 1930 631 ima,
2050 566 2202 622 bona
2244 583 2419 639 Opera
2467 566 2797 636 destruunt,
2829 565 3175 621 vestimenta
3229 565 3454 620 tollunt.
3491 567 3698 635 Quibus

279 649 370 708 vel
401 650 667 707 ambiens
698 651 967 709 cardines
996 651 1146 724 cceli,
1180 651 1456 709 inferiora
1494 669 1610 708 non
1642 652 1932 724 respiciat.
2046 673 2155 711 non
2203 663 2280 711 est
2324 657 2718 727 operimentum
2759 655 2817 708 in
2865 656 3092 725 frigore.
3127 654 3563 725 Operimentum
3624 654 3698 710 ad

773 740 852 795 Ad
887 740 1018 814 Cap.
1043 742 1193 813 XXII,
1227 742 1314 813 15,
1350 741 1438 797 16.
2042 744 2338 816 justitiam
2388 745 2660 816 pertinet,
2711 743 2896 815 frigus
2951 744 3022 798 ad
3082 743 3335 815 culpam.
3388 744 3555 816 Alget
3609 760 3699 800 er-

352 828 621 901 Nunquid
672 832 921 885 semitam
993 831 1321 888 saeculorum
1374 830 1648 888 custodire
1713 832 1869 902 cupis
1913 830 1943 885 φ
2050 851 2143 908 go,
2204 837 2261 890 et
2315 834 2553 908 tegitur,
2615 833 2716 904 qui
2773 849 2841 888 ex
2898 831 3011 889 alio
3070 849 3243 904 opere
3309 832 3575 889 fervescit
3627 833 3702 889 ad

276 908 451 974 ‘Sicut
505 917 717 973 semita
773 918 1160 992 redemptoris
1208 919 1555 990 humilitas,
1605 920 1684 975 ita
1733 920 1943 975 semita
2043 923 2361 993 justitiam,
2408 940 2477 978 ex
2523 921 2635 977 alio
2688 922 2949 994 frigescit
2999 922 3071 976 ad
3120 921 3376 993 culpam.
3409 921 3519 977 Sed
3571 934 3705 976 cum

285 1004 631 1064 saeculorum
684 1008 982 1080 superbia.
1031 1009 1388 1064 Saeculorum
1422 1010 1618 1080 itaque
1667 1008 1942 1064 semitam
2051 1012 2305 1069 haeretici
2363 1011 2581 1067 talibus
2639 1012 2790 1066 bona
2860 1028 3035 1083 opera
3088 1011 3469 1079 subtrahunt,
3527 1013 3713 1083 agunt

281 1094 613 1168 viriiniqni
663 1094 911 1168 calcant,
945 1097 1084 1169 quia
1136 1116 1238 1171 per
1265 1097 1444 1168 hujus
1491 1099 1621 1153 vitae
1654 1098 1946 1154 desideria
2052 1117 2124 1156 ne
2199 1101 2259 1155 in
2335 1099 2546 1172 frigore
2614 1098 2870 1154 habeant
2929 1098 3081 1153 unde
3151 1097 3495 1153 vestiantur.
3569 1097 3709 1166 Quos

282 1176 347 1238 in
401 1181 652 1240 elatione
720 1180 1152 1256 perambulant.
1213 1187 1320 1255 Qui
1376 1187 1589 1242 sublate
1639 1198 1767 1242 sunt
1820 1190 1946 1242 ante
2054 1189 2256 1245 imbres
2314 1190 2585 1244 montium
2632 1189 2833 1259 rigant,
2891 1187 2947 1242 id
2997 1190 3104 1251 est,
3162 1186 3381 1242 fluenta
3430 1185 3707 1258 praedica-

283 1276 492 1344 tempus
518 1289 703 1336 suum,
735 1273 833 1345 qui
879 1278 1222 1346 praesentem
1277 1275 1455 1330 vitam
1508 1273 1784 1347 diligunt,
1818 1274 1943 1331 lon-
2052 1282 2243 1333 torum
2320 1281 2572 1334 sacrant.
2631 1278 2694 1331 Et
2768 1292 2875 1331 non
2936 1275 3191 1330 habentes
3252 1276 3520 1343 velamen,
3579 1291 3706 1330 am-

282 1360 449 1435 giora
500 1361 612 1416 sibi
662 1361 854 1435 spatia
905 1363 1169 1435 ejusdem
1221 1363 1347 1418 vita:
1398 1364 1770 1436 promittunt.
1832 1365 1942 1420 Sed
2049 1368 2349 1439 plcxantur
2396 1365 2626 1437 lapides.
2692 1364 2836 1418 Dicit
2884 1364 3059 1418 fortes
3106 1362 3164 1417 in
3216 1362 3477 1419 Ecclesia
3524 1363 3702 1433 viros,

285 1454 424 1506 eum
455 1466 555 1506 eos
586 1452 1002 1523 superveniens
1037 1469 1194 1508 mors
1241 1452 1552 1523 subtrahit,
1587 1468 1786 1507 eorum
1818 1454 1945 1507 vita;

283 1539 495 1612 spatia,
530 1556 656 1611 quae
707 1539 764 1595 in
810 1542 1163 1611 cogitatione
1210 1542 1594 1611 tetenderant,
1630 1541 1942 1596 intercidit.

284 1630 353 1683 Et
427 1629 632 1697 ﬂuvius
687 1631 951 1685 subvertit
1026 1631 1409 1701 [attamentum
1463 1646 1669 1684 eorum.
1732 1629 1943 1701 Iniqui,

285 1717 426 1772 dum
460 1718 772 1789 praesentia
803 1717 1047 1791 fugitiva
1092 1736 1219 1774 esse
1252 1735 1367 1773 non
1422 1717 1743 1785 intuentur,
1778 1735 1942 1773 men-

281 1807 405 1864 tem
453 1806 512 1861 in
562 1822 760 1862 amore
810 1809 1114 1879 praesentis
1165 1808 1291 1863 vitae
1342 1806 1619 1878 infigunt,
1672 1810 1728 1863 et
1774 1806 1941 1879 quasi

280 1892 471 1967 longae
519 1894 898 1951 habitationis
953 1896 1009 1951 in
1060 1913 1127 1952 ea
1158 1896 1272 1951 sibi
1324 1895 1772 1965 fundamentum
1806 1913 1941 1951 con-

285 1985 545 2039 struunt.
567 1983 675 2038 Sed
702 1982 911 2039 fluvius
935 1984 1219 2041 subvertit
1243 1982 1694 2039 fundamentum
1713 2002 1938 2052 eorum;

285 2071 430 2145 quia
460 2072 585 2145 ipse
617 2089 826 2128 cursus
848 2073 1262 2128 mutabilitatis
1285 2075 1505 2129 statum
1537 2073 1663 2142 eius
1695 2074 1895 2128 subrui
1922 2074 1935 2107 ¹

283 2176 477 2232 pravae
509 2160 983 2217 constructionis.

838 2248 917 2305 Ad
950 2250 1079 2321 Cap.
1111 2251 1260 2317 χχιι,
1296 2254 1378 2309 16.

358 2339 464 2407 Qui
510 2338 720 2394 sublati
770 2343 899 2395 sunt
951 2342 1083 2394 ante
1133 2344 1344 2411 tempus
1393 2359 1573 2397 suum.
1626 2340 1939 2397 Sciendum

282 2427 446 2499 quod
499 2428 731 2484 ordinat
759 2429 780 2462 ³
809 2444 994 2484 annos
1042 2428 1197 2485 Deus
1219 2430 1391 2500 juxta
1438 2431 1645 2487 merita
1677 2428 1939 2502 singulo-

286 2533 445 2587 rum,
476 2515 736 2589 disponit
782 2521 839 2573 et
889 2515 1228 2587 terminum,
1264 2523 1327 2574 ut
1357 2524 1414 2574 et
1462 2519 1654 2574 malus
1694 2518 1941 2574 breviter

280 2605 466 2672 vivat,
504 2622 575 2661 ne
607 2604 875 2678 pluribus
910 2611 1134 2674 noceat,
1164 2605 1250 2662 vel
1290 2607 1479 2663 bonus
1509 2608 1733 2664 diutius
1764 2608 1935 2675 vivat,

280 2699 353 2750 ut
399 2693 668 2766 pluribus
720 2695 939 2767 prosit;
972 2694 1057 2750 vel
1094 2713 1299 2752 rursus
1352 2697 1544 2753 malus
1596 2698 1842 2765 diutius,
1876 2700 1940 2754 ut

285 2782 449 2839 mala
497 2789 728 2857 augeat,
762 2783 978 2856 quibus
1028 2784 1163 2840 boni
1211 2787 1554 2858 probentur,
1604 2790 1661 2842 et
1709 2788 1817 2858 [ΑΙ.
1852 2788 1937 2858 ut]

280 2872 479 2928 bonus
522 2871 694 2927 citius
727 2872 1116 2943 subtrahitur,
1150 2892 1221 2930 ne
1271 2875 1317 2929 si
1351 2875 1572 2931 diutius
1604 2875 1776 2941 vivat,
1810 2893 1939 2931 ma-

280 2956 413 3014 litia
459 2965 888 3033 corrumpatur.
919 2962 988 3016 Et
1039 2968 1305 3019 mutatur
1354 2964 1644 3020 sententia
1686 2964 1801 3033 Dei,
1836 2965 1935 3021 sed

281 3065 404 3105 non
436 3048 750 3105 consilium
783 3052 1088 3127 aeternum.

797 3138 880 3195 Ad
912 3140 1042 3213 Cap.
1075 3141 1241 3210 XXIV,
1271 3142 1307 3197 5
1337 3143 1422 3197 u.

276 3227 402 3283 Alii
465 3228 625 3299 quasi
672 3230 870 3296 onagri
916 3231 977 3283 in
1023 3229 1232 3286 deserto
1284 3230 1642 3300 egrediuntur
1685 3233 1755 3288 ad
1801 3249 1934 3304 opus

277 3332 466 3372 suum.
500 3317 650 3372 Sunt
699 3317 853 3372 enim
906 3317 1181 3390 haeretici,
1217 3319 1312 3390 qui
1346 3319 1578 3391 populis
1628 3321 1935 3377 admisceri

279 3404 606 3477 refugiant,
640 3404 739 3460 sed
774 3422 1071 3462 secessum
1104 3406 1229 3461 vita:
1262 3407 1590 3465 secretioris
1623 3413 1848 3481 petunt,
1880 3414 1937 3466 et

277 3509 353 3549 eo
382 3492 641 3565 amplius
688 3498 847 3564 peste
878 3511 995 3550 sua:
1050 3495 1447 3567 persuasionis
1502 3496 1789 3567 inﬁciunt,
1823 3513 1935 3569 quo

278 3582 455 3655 quasi
521 3596 589 3636 ex
647 3581 779 3636 vita
854 3582 1079 3638 meritis
1156 3585 1571 3641 reverentiores
1643 3585 1933 3641 videntur.

279 3670 537 3743 Onagris
577 3674 770 3726 autem
820 3676 1254 3742 comparantur,
1288 3672 1440 3743 quod
1488 3673 1544 3728 in
1580 3675 1703 3730 suis
1732 3675 1936 3730 volun-

282 3760 514 3816 tatibus
562 3758 791 3814 dimissi
849 3777 882 3814 a
929 3760 1161 3817 vinculo
1216 3761 1347 3818 fidei
1398 3767 1453 3818 et
1500 3763 1742 3820 rationis
1799 3768 1940 3820 sunt

279 3845 487 3904 alieni.
542 3848 928 3916 Egrediunlur
956 3849 1027 3904 ad
1077 3865 1210 3920 Opus
1239 3867 1420 3906 suum.
1456 3852 1579 3907 Non
1628 3852 1783 3907 enim
1818 3852 1936 3921 Dei,

278 3936 390 3993 sed
423 3950 572 4008 opus
602 3952 777 3991 suum
810 3943 1118 4010 peragunt,
1140 3940 1281 3995 dum
1310 3957 1425 3996 non
1457 3945 1611 3997 recta
1642 3941 1935 4013 dogmata,

275 4023 389 4080 sed
422 4024 656 4096 propria
706 4025 995 4083 desideria
1041 4032 1389 4100 sequuntur.
1426 4029 1824 4102 Vigilantesque
1871 4031 1940 4085 ad

272 4112 556 4187 praedam,
584 4119 905 4187 prwparant
941 4132 1146 4187 panem
1194 4116 1398 4173 liberis.
1430 4119 1513 4173 Ad
1568 4118 1821 4191 praedam
1854 4119 1939 4173 vi-

278 4201 495 4275 gilant,
528 4203 627 4274 qui
674 4204 851 4259 verba
895 4205 1190 4275 justorum
1226 4207 1295 4262 ad
1348 4223 1585 4263 sensum
1637 4208 1939 4280 proprium

278 4307 525 4364 semper
580 4308 781 4364 rapere
839 4297 1143 4363 conantur,
1205 4300 1272 4351 ut
1320 4311 1423 4367 per
1476 4296 1597 4351 haec
1656 4296 1940 4370 perversis

286 4378 437 4435 ﬁliis
469 4395 677 4452 panem
727 4381 940 4438 erroris
995 4388 1216 4455 parent.
1251 4385 1456 4455 Agrum
1484 4401 1593 4441 non
1640 4401 1800 4441 suum
1848 4387 1938 4441 de-

277 4471 519 4522 metunt.
561 4468 695 4541 Agri
732 4473 816 4523 vel
848 4468 1027 4524 vineae
1080 4472 1317 4526 nomine
1350 4471 1604 4528 Ecclesia
1649 4474 1937 4545 signatur,

279 4572 470 4630 quam
520 4557 775 4629 perversi
827 4558 1232 4630 praedicatores
1285 4563 1604 4631 demetunt,
1639 4567 1696 4617 et
1744 4566 1939 4619 aucto-

282 4660 418 4701 rem
450 4645 578 4716 ejus
603 4645 661 4701 in
693 4647 975 4703 membris
997 4648 1379 4721 opprimendo
1406 4650 1803 4719 vindemiant;
1840 4651 1941 4722 qui

281 4734 583 4791 Creatoris
622 4735 869 4808 gratiam
891 4744 1333 4810 persequentes,
1366 4741 1506 4797 dum
1538 4744 1824 4814 quosdam
1871 4744 1943 4799 de

280 4821 418 4894 illa,
468 4823 567 4895 qui
626 4824 765 4880 recti
823 4825 1192 4893 videbantur,
1247 4829 1506 4901 rapiunt,
1556 4832 1694 4903 quid
1757 4832 1939 4897 aliud,

280 4927 469 4985 quam
503 4912 716 4984 spicas,
745 4913 833 4970 vel
882 4915 1080 4972 botros
1127 4916 1457 4973 animorum
1489 4920 1671 4990 [Forte
1712 4922 1941 4977 anima-

281 5001 448 5073 rum]
480 4999 738 5058 tollunt?
768 5003 948 5060 Nudos
996 5006 1281 5062 dimittunt
1328 5006 1594 5078 homines,
1624 5010 1944 5067 indumenta

280 5089 560 5158 tollentes,
609 5092 809 5163 quibus
864 5108 974 5148 non
1025 5098 1105 5149 est
1154 5097 1549 5167 operimentum
1602 5100 1664 5152 in
1706 5100 1939 5170 frigore.

364 5213 735 5294 {Constabit
786 5219 1083 5294 utcunque
1134 5235 1367 5294 sensus,
1400 5220 1447 5276 si
1499 5220 1659 5294 legas
1706 5223 1939 5279 subruit.

281 5288 563 5344 Fortasse
592 5291 790 5361 tamen
823 5287 1121 5361 scriptum
1178 5292 1250 5345 ab
1280 5287 1513 5348 auctore
1543 5287 1631 5349 est
1677 5296 1861 5350 innuit
1892 5298 1942 5350 et

278 5367 629 5439 pravw,_etc.
680 5357 997 5439 Lipsiensis
1046 5360 1234 5417 editor
1278 5362 1388 5436 legi
1420 5364 1542 5421 vult
1582 5367 1943 5439 fundamenta

280 5446 396 5505 pre
412 5431 624 5505 selum
652 5430 791 5505 eiei-

360 5501 384 5574 ξ
411 5500 632 5574 Mavult
660 5500 846 5557 editor
878 5502 1035 5572 Lips.
1066 5503 1221 5574 Quod
1243 5505 1372 5562 dum
1398 5508 1637 5566 ordinat.

360 5572 384 5609 ³
412 5573 571 5630 Idem
619 5574 863 5646 reponit,
899 5576 1019 5631 Nisi
1045 5572 1185 5647 quod
1232 5576 1386 5637 bonae
1414 5583 1649 5638 actionis
1692 5584 1939 5641 velamen

614 5699 878 5762 PATBOL.
931 5702 1148 5763 XXIII.

2057 1461 2120 1510 ut
2159 1460 2465 1527 martyres.
2500 1453 2605 1519 Qui
2656 1453 2857 1524 itaque
2905 1453 2974 1508 de
3006 1451 3166 1507 nullo
3219 1468 3391 1524 opere
3420 1468 3527 1507 suo
3575 1468 3706 1508 con-

2056 1545 2262 1610 ﬁdunt,
2298 1545 2398 1599 sed
2431 1543 2502 1597 ad
2544 1547 2881 1597 sanctorum
2931 1546 3253 1612 martyrum
3286 1541 3705 1612 protectionem

2056 1633 2275 1686 orando
2322 1635 2587 1697 currunt,
2622 1630 2763 1701 quid
2815 1629 2911 1684 isti
2968 1628 3208 1698 faciunt,
3243 1628 3356 1684 nisi
3390 1629 3492 1700 qui
3540 1628 3704 1683 bonae

2055 1721 2304 1776 actionis
2335 1719 2596 1775 velamen
2632 1736 2743 1773 non
2796 1718 3014 1772 habent
3042 1718 3063 1751 ³
3092 1716 3317 1789 lapides
3367 1717 3707 1788 amplexan-

2054 1816 2167 1866 tur.
2232 1812 2347 1866 Vim
2390 1812 2639 1881 fecerunt
2682 1807 3057 1879 deprmdantes
3097 1807 3361 1878 pupillos,
3395 1810 3445 1861 et
3488 1806 3712 1878 vulgum

2047 1916 2343 1971 pauperem
2388 1897 2781 1970 spoliaverunt.
2826 1895 3087 1951 HiBl‘Bthl
3140 1895 3542 1966 depraedantes
3590 1895 3709 1950 vim

2052 1988 2271 2043 faciunt
2319 1987 2457 2059 quia
2506 1988 2611 2057 [AL
2660 1986 2809 2056 quae]
2859 1988 3063 2039 contra
3114 1983 3381 2038 infirmas
3440 1982 3700 2039 fidelium

2050 2079 2275 2132 mentes
2306 2076 2613 2131 verborum
2645 2078 2702 2129 et
2749 2089 2989 2145 operum
3022 2071 3297 2126 violentia
3327 2074 3697 2144 grassantur.

2048 2165 2301 2237 Vulgum
2342 2178 2657 2236 pauperem
2692 2161 2965 2233 spoliant,
2999 2160 3157 2231 quia.
3191 2160 3330 2213 dum
3364 2159 3551 2214 doctis
3584 2166 3701 2215 non

2049 2253 2379 2326 praevalent,
2440 2251 2704 2306 indoctos
2760 2267 2794 2303 a
2845 2246 3135 2303 velamine
3180 2246 3315 2302 fidei
3370 2246 3692 2303 denudant.

2047 2344 2224 2399 Nudis
2251 2348 2305 2397 et
2353 2342 2730 2396 incedentibus
2759 2338 2960 2409 absque
3006 2339 3204 2391 vestitu
3231 2340 3285 2391 et
3319 2336 3696 2393 esurientibus

2050 2433 2295 2486 tulerunt
2330 2432 2531 2502 spicas.
2567 2428 2673 2494 Qui
2726 2443 2829 2483 nec
2858 2428 3013 2481 bona
3061 2441 3166 2481 nec
3200 2424 3356 2481 mala
3403 2429 3700 2498 operatur,

2049 2521 2245 2575 nudus
2277 2523 2367 2575 est
2394 2522 2454 2574 et
2495 2518 2756 2585 otiosus;
2786 2515 2887 2588 qui
2938 2512 3093 2588 mala
3123 2513 3262 2587 agit,
3299 2513 3492 2569 nudus
3544 2513 3701 2569 ince-

2049 2609 2168 2678 dit,
2187 2609 2327 2680 quia
2357 2608 2482 2663 sine
2511 2593 2965 2662 velamine’boni
3016 2602 3210 2676 operis
3239 2619 3343 2675 per
3374 2603 3483 2659 iter
3510 2602 3700 2675 pravi-

2058 2698 2194 2754 tatis
2266 2697 2484 2769 pergit.
2541 2694 2949 2751 Esurientibus
3006 2697 3063 2749 et
3139 2708 3242 2765 per
3298 2691 3700 2764 pamitcntiam

2049 2785 2328 2860 pabulum
2361 2785 2518 2842 verbi
2563 2782 3113 2856 concupiscentibus
3142 2783 3182 2851 ‘,
3216 2780 3476 2837 haeretici
3507 2780 3700 2853 spicas

2047 2875 2280 2943 tollunt,
2315 2876 2453 2948 quia
2483 2874 2543 2929 in
2591 2889 2791 2929 eorum
2842 2877 3037 2928 mente
3085 2871 3321 2926 Patrum
3373 2870 3697 2926 sententias

2047 2966 2376 3032 destruunt,
2409 2980 2535 3035 quae
2570 2978 2672 3034 per
2702 2961 2893 3034 spicas
2915 2960 3341 3033 signiﬁcantur.
3375 2959 3521 3025 Quia
3550 2959 3694 3013 dum

2052 3071 2155 3126 per
2197 3053 2444 3125 figuram
2492 3051 2722 3123 eloquia
2768 3050 3163 3122 proteruntur,
3196 3049 3265 3103 ab
3316 3048 3389 3103 iis
3438 3048 3691 3120 tegimen

1966 3133 2008 3199 C
2048 3143 2269 3210 litterae,
2322 3141 2489 3214 quasi
2537 3140 2848 3196 aristarum
2897 3137 3113 3209 paleas,
3164 3136 3589 3205 subtrahimus,
3630 3136 3695 3192 ut

2047 3230 2304 3286 medulla
2357 3228 2601 3301 spiritus
2651 3226 3002 3282 rcticiamus.
3045 3227 3191 3280 Inter
3237 3240 3452 3281 acervos
3500 3240 3695 3280 eorum

2044 3320 2327 3375 meridiali
2370 3321 2517 3386 sunt,
2558 3318 2655 3388 qui
2681 3316 2906 3371 calcatis
2933 3315 3299 3370 torcularibus
3328 3316 3540 3369 sitiunt.
3582 3314 3691 3378 Qui

2045 3408 2359 3463 Ecclesiam
2422 3409 2874 3478 persequuntur,
2931 3404 3190 3459 torcular
3243 3403 3490 3458 calcant.
3544 3403 3691 3459 Nam

2046 3497 2185 3551 dum
2227 3495 2431 3566 injusti
2456 3497 2653 3565 justos
2684 3495 3041 3564 deprimunt,
3077 3492 3274 3546 botros
3306 3492 3416 3546 sub
3446 3492 3695 3563 pedibus

2047 3585 2308 3654 mittunt,
2340 3584 2436 3656 qui
2479 3598 2652 3638 carne
2681 3581 2839 3636 exuti
2870 3581 2941 3635 ad
2986 3579 3243 3634 coelestia
3274 3580 3429 3633 velut
3458 3580 3517 3634 in
3548 3595 3695 3651 apo-

2046 3674 2242 3728 theam
2306 3677 2566 3727 currunt.
2629 3669 2870 3726 Calcant
2925 3673 3119 3724 autem
3194 3672 3252 3722 et
3304 3667 3532 3735 sitiunt,
3594 3667 3696 3737 qui

2047 3761 2272 3834 agendo
2314 3760 2574 3816 crudelia
2601 3776 2668 3815 eo
2713 3758 2840 3830 ipso
2871 3754 3225 3811 crudeliores
3279 3756 3446 3823 fiunt,
3479 3760 3535 3811 et
3563 3772 3696 3828 gra-

2049 3852 2208 3907 viora
2236 3840 2423 3906 facere
2454 3848 2763 3914 ambiunt;
2797 3862 2944 3918 quos
2976 3862 3110 3901 cum
3143 3849 3347 3901 contra
3376 3843 3695 3901 catholicos

2049 3940 2299 3996 haeretici
2332 3956 2500 4012 agere
2548 3935 2809 3993 crudelia
2837 3935 3227 4007 conspiciunt,
3263 3934 3415 3990 inter
3461 3948 3696 3991 acervos

2047 4046 2249 4085 eorum
2308 4028 2710 4083 meridiantur.
2771 4027 2876 4094 Qui
2921 4026 3146 4081 calcatis
3202 4024 3566 4080 torcularibus
3618 4026 3697 4079 si-

2046 4120 2215 4183 tiunt,
2248 4117 2387 4189 quia
2417 4132 2619 4172 eorum
2654 4131 2715 4171 se
2752 4113 3114 4170 multitudini
3167 4113 3516 4186 adjungunt,
3549 4126 3697 4184 quos

2048 4208 2246 4263 vident
2291 4206 2491 4279 gravia
2523 4222 2712 4278 agere,
2747 4208 2804 4260 et
2851 4204 3083 4259 adhunc
3130 4202 3396 4275 graviora
3427 4200 3611 4272 sitire,
3644 4205 3702 4258 et

2049 4312 2183 4351 cum
2215 4312 2319 4366 per
2347 4312 2409 4352 se
2455 4312 2568 4351 non
2602 4299 2851 4367 possunt
2898 4292 3359 4365 persecutionem
3390 4291 3698 4361 suscitare,

2050 4390 2312 4456 potentes
2363 4384 2560 4440 saeculi
2609 4385 2678 4439 ad
2732 4384 2841 4439 hoc
2884 4383 3159 4449 excitant,
3202 4398 3456 4452 quorum
3513 4381 3702 4436 fervor

1973 4499 2018 4564 Ι)
2051 4475 2193 4529 dum
2243 4491 2441 4530 eorum
2496 4474 2785 4529 desideria
2842 4471 3035 4538 satiat,
3089 4471 3146 4525 in
3196 4487 3397 4526 eorum
3449 4470 3698 4539 actibus,

2052 4565 2218 4635 quasi
2256 4564 2310 4617 in
2348 4562 2609 4627 meridie,
2640 4561 2968 4633 quiescunt.

2527 4650 2609 4707 Ad
2642 4651 2769 4722 Cap.
2804 4651 2970 4718 XXVI,
3003 4651 3058 4718 2,
3088 4651 3141 4715 3,
3175 4651 3224 4704 4.

2127 4743 2293 4812 Cujus
2341 4740 2560 4808 adiutor
2606 4743 2705 4795 es?
2734 4738 2983 4811 nunquid
3036 4738 3382 4795 imbecillis?
3430 4744 3535 4797 etc.
3584 4740 3700 4795 Ad-

2046 4831 2252 4900 juvare
2280 4828 2637 4884 imbecillem
2691 4829 2991 4884 charitatis
3024 4836 3109 4884 est
3137 4846 3149 4896 ;
3184 4829 3459 4899 adjuvare
3508 4833 3703 4901 poten-

2052 4924 2167 4974 tem
2214 4919 2376 4985 vclle,
2410 4918 2677 4973 elationis
2725 4924 2815 4972 est
2866 4919 2935 4972 Et
2963 4923 3052 4972 est
3098 4934 3327 4973 sensus.
3365 4918 3514 4972 Dum
3562 4934 3699 4973 eum

2045 5010 2250 5079 juvare
2272 5008 2563 5073 intendas,
2588 5008 2696 5063 sub
2724 5008 2891 5076 cujus
2910 5006 3315 5078 magnitudine
3338 5006 3700 5073 succumbis,

2055 5098 2207 5169 quod
2235 5097 2527 5167 impendis
2576 5096 2872 5163 solatium,
2906 5096 2977 5151 de
3026 5097 3413 5151 ostentatione
3444 5100 3550 5159 est,
3584 5112 3702 5151 non

2052 5237 2165 5276 non
2194 5220 2461 5276 habentes.
2496 5219 2883 5274 Nihilosecius
2914 5219 3233 5290 impeditus
3261 5217 3427 5274 valde
3458 5223 3547 5274 est
3579 5234 3707 5275 sen-

2054 5309 2178 5357 sus,
2212 5298 2269 5347 et
2317 5297 2518 5347 contra
2554 5291 2866 5364 scriptoris
2920 5297 3197 5358 mentem,
3229 5290 3528 5364 Vigilantii
3588 5293 3706 5348 tere

2052 5364 2378 5421 doctrinam
2411 5362 2649 5419 redolet.

2122 5438 2144 5470 ⁴
2176 5436 2368 5491 Prasz
2400 5432 2795 5490 distinctionis
2846 5432 2985 5489 vitio
3014 5432 3381 5493 laborantem
3431 5433 3591 5489 hunc
3619 5430 3710 5489 lo-

2052 5524 2186 5564 cum
2220 5508 2301 5565 ita
2331 5507 2583 5564 restituit
2612 5506 2770 5580 Lips.
2808 5507 3016 5565 editor.

3326 5710 3401 5766 49
