4114 6170
506 256 539 318 Δ
550 251 668 317 54⁸1

1998 253 2418 325 APPENDIX.

3700 257 3814 324 ιω

509 388 579 444 de
610 387 844 461 pietate.
878 386 981 445 Cui
1023 386 1222 447 dedisti
1266 389 1601 449 comitium?
1640 392 1960 448 Consilium
2012 393 2152 449 dare
2179 396 2235 460 Α
2268 409 2369 448 nec
2420 393 2476 447 in
2524 396 2685 447 tanta
2736 388 3104 465 cogitatione.
3136 394 3205 447 Et
3247 386 3360 447 hoc
3389 392 3494 455 est,
3526 389 3725 446 letalem
3756 398 3814 449 est

506 476 707 546 stulto,
763 476 1069 534 charitatis
1115 482 1206 535 est
1265 498 1278 536 :
1331 480 1642 537 consilium
1697 482 1835 536 dare
1884 481 2153 554 sapienti,

507 564 915 622 ostentationis
965 570 1055 623 est
1084 585 1098 624 :
1131 567 1445 625 consilium
1493 570 1632 626 dare
1661 568 1773 641 ipsi
1824 569 2154 641 Sapientiae,

504 653 903 727 perversitatis
955 660 1063 712 est.
1116 656 1278 714 Unde
1332 658 1618 729 sequitur,
1677 666 1728 714 et
1772 658 2153 720 prudentiam.

504 741 732 811 Omnis,
763 745 858 798 cui
899 745 1213 816 prudentia
1249 750 1357 815 est,
1391 751 1551 801 recta
1596 749 1705 801 est.
1740 747 1992 802 Plurima
2038 763 2153 802 non

503 836 613 895 est,
649 831 789 903 quia
817 849 933 887 non
969 832 1101 905 plus
1132 833 1353 905 appetit
1402 850 1628 905 sapere.
1661 838 1854 890 Nonne
1880 852 2027 903 eum,
2060 838 2158 906 qui

502 921 635 990 fecit
682 921 1125 993 spiramentum?
1171 920 1412 992 Baldad,
1446 922 1586 995 quia
1630 922 1739 979 Job
1792 922 2154 997 ﬂagellatum

505 1026 609 1082 pro
643 1010 815 1084 culpa
861 1010 1131 1081 credidit,
1162 1010 1457 1069 occultum
1500 1012 1603 1069 Dei
1646 1012 1961 1085 judicium,
1998 1014 2153 1086 quod

502 1100 762 1157 venerari
807 1099 1009 1156 debuit
1056 1100 1378 1173 humiliter,
1426 1102 1680 1176 superba
1726 1103 1892 1160 nisus
1940 1108 2031 1159 est
2069 1109 2153 1160 te-

506 1188 773 1245 meritate
821 1193 1142 1261 penetrare.
1177 1190 1294 1264 ipsi
1338 1207 1477 1265 ergo
1524 1208 1587 1248 se
1636 1208 1740 1264 per
1782 1191 2153 1265 prudentiam

505 1276 783 1349 praetulit,
815 1279 988 1349 cujus
1011 1279 1307 1349 judicium
1358 1298 1470 1335 non
1506 1280 1882 1352 intelligendo
1921 1280 2153 1352 judica-

503 1365 605 1420 vit.
636 1366 747 1421 Sed
787 1368 926 1439 quia
975 1368 1108 1437 Job,
1141 1368 1405 1424 Ecclesize
1449 1374 1652 1442 typum
1704 1386 1932 1442 gerens,
1970 1386 2156 1441 pauca

505 1453 566 1510 in
623 1455 1011 1527 superborum
1068 1458 1424 1515 correctione
1479 1458 1743 1530 protulit,
1803 1463 2036 1531 repente
2094 1476 2155 1514 se

505 1544 578 1599 ad
651 1544 973 1601 doctrinam
1036 1562 1136 1618 per
1207 1548 1528 1603 sententias
1599 1548 1896 1619 expandit,
1954 1549 2154 1604 dicens

504 1632 664 1705 (vers.
695 1635 750 1705 5)
785 1649 799 1688 :
832 1635 965 1691 Ecce
1012 1638 1262 1705 gigantes
1311 1641 1541 1707 gemunt
1590 1637 1688 1692 sub
1736 1639 1915 1709 aquis.
1947 1637 2155 1710 Gigan-

501 1724 610 1789 tes,
669 1722 962 1794 superbi;
1024 1740 1191 1795 aquae
1246 1729 1386 1780 sunt
1450 1724 1668 1798 populi.
1728 1724 1871 1781 Elati
1931 1731 2151 1793 autem,

502 1807 643 1864 dum
676 1808 736 1865 in
779 1809 889 1866 hoc
932 1812 1144 1867 saeculo
1175 1813 1410 1885 assequi
1460 1813 1740 1870 honorem
1791 1813 2152 1870 celsitudinis

504 1896 769 1970 cupiunt,
802 1899 913 1954 sub
960 1901 1317 1972 ponderibus
1361 1901 1708 1975 populorum
1761 1908 2025 1976 gemunt.
2056 1902 2154 1958 Eis

505 1985 740 2058 populis
771 1989 1122 2059 supponitur
1150 1990 1282 2061 quis
1315 1995 1530 2057 mente,
1556 1991 1771 2063 quibus
1802 1990 2156 2064 supponitur

506 2074 811 2147 dignitate.
871 2077 942 2131 Et
998 2077 1090 2133 his
1144 2079 1337 2135 verbis
1392 2080 1703 2149 indicatur,
1754 2081 1908 2152 quod
1960 2081 2154 2138 omnis

506 2166 784 2239 superbia
830 2181 897 2221 eo
946 2166 1073 2239 ipso
1122 2166 1179 2222 in
1228 2167 1348 2224 imo
1386 2169 1562 2240 jacet,
1618 2186 1733 2241 quo
1765 2185 1826 2226 se
1874 2169 1933 2224 in
1967 2170 2152 2225 altum

506 2257 698 2330 eﬁgﬁ.

990 2344 1070 2401 Ad
1101 2345 1228 2418 Cap.
1262 2348 1427 2414 XXIX,
1461 2346 1547 2418 19,
1581 2348 1669 2403 20.

579 2435 758 2492 Radix
804 2450 926 2491 mea
954 2444 1145 2507 aperta
1200 2440 1279 2492 est
1298 2437 1467 2508 juxta
1495 2453 1687 2508 aquas.
1724 2438 1737 2471 ¹
1774 2436 2005 2494 Radicis
2049 2455 2150 2493 no-

508 2525 667 2581 mine
694 2523 923 2581 occulta
949 2525 1222 2598 cogitatio
1253 2525 1538 2599 signatur.
1569 2527 1746 2582 Juxta
1774 2543 1957 2597 aquas
1992 2526 2154 2583 radix

507 2614 788 2688 aperitur,
821 2612 1098 2687 quoniam
1146 2615 1219 2669 ad
1268 2614 1639 2688 percipienda
1679 2614 1937 2671 veritatis
1970 2616 2151 2671 liuen-

506 2704 587 2760 tia
641 2705 664 2738 ²
720 2701 971 2760 latenter
1026 2703 1297 2776 cogitatio
1330 2705 1543 2761 mentis
1604 2704 1881 2777 aperitur.
1943 2710 2010 2761 Et
2066 2722 2153 2761 ros

504 2794 812 2849 morabitur
858 2795 918 2848 in
959 2795 1230 2849 messione
1274 2809 1416 2850 mea.
1469 2794 1763 2850 Subaudis
1812 2795 1854 2865 ³,
1885 2794 2151 2850 dicebam.

502 2882 713 2938 Messio
764 2881 1030 2937 Ecclesiae
1097 2882 1400 2956 accipitur,
1449 2900 1583 2939 cum
1632 2884 1896 2956 perfectae
1944 2884 2151 2939 animm

504 2971 846 3044 corporibus
874 2972 1182 3028 abstractas
1214 2971 1370 3027 velut
1401 2977 1641 3028 matura:
1682 2981 1905 3045 segetes
1936 2989 1968 3027 a
2000 2977 2154 3028 terra

504 3060 732 3127 decism,
758 3061 837 3130 ad
869 3060 1123 3117 caelestia
1159 3062 1399 3118 hort-era
1428 3064 1776 3135 demigrant.
1815 3065 1927 3119 Ros
1961 3082 2152 3120 mora-

2263 498 2354 537 cor
2412 497 2592 536 meum
2647 484 2709 536 in
2764 480 3093 537 abscondito.
3156 482 3223 536 Et
3277 480 3417 552 quia
3477 479 3817 538 inconsiderata

2265 586 2451 635 mens,
2486 570 2780 626 favoribus
2824 575 3035 637 erecta,
3072 569 3388 642 aliquando
3417 568 3617 636 laudat,
3642 570 3818 641 quale-

2264 658 2359 727 cit,
2402 659 2629 714 addidit
2677 675 2691 716 :
2741 662 2791 716 et
2841 660 3112 716 osculatus
3157 675 3281 714 sum
3325 642 3542 713 manum
3581 674 3728 714 meam
3759 674 3822 716 ore

2263 764 2399 803 meo.
2435 749 2564 815 Quae
2608 750 2879 820 iniquitas
2926 752 3008 804 est
3053 749 3320 803 maxime.
3355 746 3530 802 Omne
3570 751 3819 819 peccatum,

2264 837 2419 907 quod
2465 854 2531 891 ex
2552 837 2902 893 inﬁrmitate
2944 842 3053 902 est,
3086 837 3360 909 spiritum
3394 852 3505 890 non
3527 834 3705 906 perdit,
3728 837 3826 908 qui;

2263 943 2298 981 a
2353 924 2469 981 Deo
2527 925 2753 982 veniam
2786 926 3013 997 qua-rit.
3065 924 3449 996 Praesumptio
3477 940 3615 994 vero,
3664 928 3825 996 quanto

2263 1012 2496 1087 longius
2527 1018 2615 1072 est
2644 1016 2714 1071 ab
2755 1014 3105 1081 humilitate,
3136 1018 3299 1070 tanto
3332 1012 3556 1086 gravior
3580 1012 3633 1068 in
3676 1013 3825 1085 despe-

2265 1104 2485 1161 ratione
2529 1108 2639 1174 est,
2672 1108 2748 1171 et,
2781 1104 2922 1159 dum
2967 1104 3119 1159 vires
3149 1101 3260 1159 sibi
3314 1101 3536 1170 tribuit,
3566 1119 3598 1157 a
3620 1101 3715 1157 Deo
3744 1118 3824 1157 non

2263 1192 2531 1266 requirit.
2579 1225 2648 1235 -—
2710 1194 2855 1250 Dum
2914 1191 3055 1248 mali
3113 1191 3267 1249 bona
3314 1191 3614 1259 mirantur,
3650 1189 3829 1246 lucerna

2264 1284 2429 1337 ardet
2477 1283 2534 1337 in
2586 1286 2769 1338 nocte.
2822 1283 2879 1337 Si
2928 1287 2985 1338 et
3033 1280 3169 1337 boni
3216 1279 3437 1350 optima
3474 1276 3829 1345 mirantur,sol

2264 1371 2464 1443 fulget.
2501 1372 2560 1426 ln
2592 1374 2613 1408 ⁶
2642 1372 2735 1427 die
2764 1373 2906 1427 dum
2939 1372 3161 1426 bonum
3191 1370 3418 1424 actione
3439 1367 3675 1439 corporis
3698 1366 3830 1434 lueet,

2263 1460 2500 1516 lucerna
2527 1465 2635 1526 est,
2666 1461 2725 1516 id
2766 1465 2872 1525 est,
2906 1460 3107 1516 lumen
3157 1459 3214 1514 in
3245 1462 3396 1514 testa
3428 1474 3441 1511 :
3476 1458 3610 1513 dum
3635 1461 3832 1513 contem-

2266 1548 2519 1621 platione
2549 1549 2781 1615 mentis,
2816 1548 2901 1605 sol
2932 1550 3004 1604 de
3033 1547 3198 1603 caelo.

2775 1638 2852 1693 Ad
2884 1638 3012 1710 Cap.
3044 1637 3314 1706 XXXVIII,
3342 1638 3397 1691 7.

2337 1727 2469 1783 Cum
2510 1744 2594 1783 me
2650 1727 2939 1783 laudarent
2985 1726 3150 1781 simul
3194 1734 3341 1781 astra
3388 1725 3662 1779 matutina.
3690 1722 3834 1777 lucar-

2265 1816 2516 1873 nationis
2544 1816 2759 1872 Christi
2795 1815 3137 1887 mysterium
3168 1815 3343 1869 etiam
3378 1812 3544 1869 electi
3572 1810 3736 1884 angeli
3760 1810 3835 1865 mi-

2263 1905 2373 1961 rati
2404 1909 2562 1973 sunt,
2586 1906 2724 1977 quia
2752 1904 2925 1977 primi
2958 1904 3015 1959 in
3038 1909 3296 1975 tempore
3317 1901 3498 1958 creati
3518 1907 3661 1972 sunt,
3686 1915 3775 1955 non
3794 1898 3836 1953 in

2262 1994 2450 2050 initio.
2486 1998 2660 2051 Astra
2691 1994 2985 2049 matutina
3025 1993 3322 2057 dicuntur,
3351 1990 3441 2047 vel
3475 1989 3609 2063 quia
3646 1987 3837 2061 saepest!

2261 2084 2654 2139 exhortandus
2685 2083 2955 2139 homines
2987 2082 3175 2151 missi,
3208 2082 3349 2137 dum
3395 2085 3690 2136 venturum
3715 2091 3838 2132 mane

2265 2172 2557 2242 nuntiant,
2588 2173 2660 2227 ab
2701 2172 2978 2227 humanis
3007 2170 3283 2227 cordibus
3336 2168 3632 2241 praesentis
3655 2168 3759 2222 vita
3780 2169 3839 2220 te-

2262 2262 2473 2318 nebras
2531 2262 2756 2333 fugant.
2815 2261 2950 2325 Qum
3000 2259 3290 2316 matutina
3336 2263 3497 2314 astra
3540 2257 3698 2313 etiam
3742 2269 3841 2311 cum

2257 2351 2607 2424 vespertinis
2639 2351 3043 2423 Redemptoris
3073 2348 3394 2421 potentiam
3435 2346 3701 2403 laudant:
3740 2341 3844 2415 quia

2262 2440 2581 2514 redemptis
2611 2439 2668 2494 in
2703 2440 2816 2495 ﬁne
2845 2437 3051 2495 mundi
3084 2438 3424 2493 hominibus
3454 2435 3753 2507 largitatem
3776 2446 3846 2486 su-

2263 2546 2455 2602 pernae
2500 2530 2698 2600 gratim
2754 2527 3103 2601 glorificent.
3138 2528 3199 2582 Et
3220 2526 3530 2598 jubilarent
3573 2537 3733 2579 omnes
3768 2519 3847 2591 ﬂii

2264 2620 2377 2675 Dei.
2407 2617 2685 2674 Jubilatio
2715 2618 2951 2684 dicitur,
2985 2632 3119 2672 cum
3169 2615 3356 2671 cordis
3388 2613 3590 2669 laetitia
3632 2612 3733 2667 oris
3755 2608 3848 2664 elli-

2261 2708 2423 2764 cacia
2453 2725 2566 2763 non
2600 2706 2881 2779 expletur.
2906 2706 3171 2761 Laudant
3190 2705 3388 2776 itaque
3422 2700 3733 2775 angeli,qui
3754 2699 3848 2769 jam

2260 2796 2743 2866 tanlmﬁlaritatis
2773 2795 3147 2851 latitudinem
3182 2793 3237 2848 in
3273 2792 3630 2848 sublimibus
3656 2789 3849 2845 vident:

2255 2885 2510 2956 jubilant
2538 2901 2669 2940 vero
2720 2884 3009 2953 homines,
3042 2883 3143 2953 qui
3176 2880 3368 2937 adhuc
3403 2880 3465 2935 in
3515 2875 3848 2934 inferioribus,

2260 2975 2378 3029 oris
2410 2973 2501 3028 sui
2534 2972 2837 3045 angustias
2869 2972 3162 3027 sustinent
3194 2985 3207 3023 :
3241 2985 3368 3039 qua:
3403 2966 3547 3038 quia
3575 2964 3749 3020 futura
3772 2965 3852 3014 Do-

2265 3063 2460 3117 minus
2507 3066 2761 3129 noverat,
2794 3061 2945 3116 facta
2994 3062 3210 3113 narrat.
3244 3056 3355 3112 Sed
3408 3056 3551 3128 quia
3597 3068 3717 3108 cum
3751 3045 3850 3103 boni

508 3150 667 3207 bitur
720 3149 780 3204 in
838 3150 1152 3218 messione,
1200 3151 1340 3222 quia
1386 3151 1574 3224 gratia
1624 3152 1876 3225 desuper
1915 3154 2152 3211 veniens
2181 3137 2226 3202 C
2257 3150 2536 3223 jubilant,
2568 3149 2754 3205 malos
2786 3146 3371 3210 invidiaintlammat,
3401 3160 3554 3217 quos
3582 3146 3753 3198 tamen
3775 3135 3853 3193 D0-

510 3240 652 3314 agit,
681 3244 746 3295 ut
800 3238 961 3311 digni
1011 3239 1218 3310 simus,
1250 3241 1351 3313 qui
1400 3241 1471 3297 de
1501 3241 1874 3297 inferioribus
1922 3242 2157 3315 colliga-

515 3348 670 3387 mur.
750 3330 935 3388 Gloria
1005 3347 1128 3387 mea
1180 3347 1391 3402 semper
1445 3332 1805 3386 innovabitur
1860 3350 1879 3387 :
1936 3332 2083 3396 Quia
2137 3335 2160 3368 ‘

504 3431 794 3492 amissam
841 3423 1089 3499 gloriam
1142 3420 1451 3493 deplorat:
1500 3420 1638 3492 quia
1682 3437 1803 3487 eos,
1838 3437 1985 3494 quos
2033 3422 2157 3494 ipse

503 3539 665 3581 novae
701 3521 829 3575 vitm
879 3513 1132 3571 militare
1180 3508 1524 3574 crediderat,
1556 3508 1801 3566 vetustis
1850 3510 2155 3568 desideriis

503 3612 726 3670 servire
757 3603 1077 3680 cognoscit.

994 3692 1071 3748 Ad
1111 3692 1242 3763 Cap.
1275 3690 1440 3756 XXXI,
1478 3690 1667 3744 25-28.

572 3789 905 3848 Intellectus
934 3782 1025 3839 vel
1065 3781 1185 3837 otio
1218 3783 1430 3851 torpet,
1462 3778 1552 3834 vel
1600 3776 1846 3835 elatione
1876 3777 2152 3845 vanescit,

496 3886 558 3938 et
587 3880 716 3936 ideo
752 3877 837 3934 ait
867 3892 881 3930 :
933 3873 993 3929 Si
1024 3873 1247 3929 laetatus
1275 3884 1419 3925 sum.
1453 3868 1598 3923 Cum
1630 3866 1780 3936 quis,
1816 3883 1945 3939 quae
1976 3866 2154 3923 intel-

494 3968 644 4042 ligit,
684 3967 979 4039 operatur,
1010 3977 1078 4017 ex
1107 3975 1195 4026 eo,
1228 3956 1383 4029 quod
1431 3956 1585 4011 foras
1616 3955 1964 4020 ostenditur,
1998 3972 2151 4028 saepe

495 4056 738 4114 labitur.
772 4053 882 4110 Sed
917 4052 1155 4106 beatum
1184 4046 1294 4103 Job
1325 4045 1481 4101 sicut
1507 4042 1903 4117 intelligentiae
1934 4061 2140 4101 aurum

496 4163 614 4203 non
651 4141 881 4208 extulit,
912 4139 996 4196 sic
1026 4153 1131 4194 nec
1163 4136 1361 4191 lumen
1393 4132 1766 4205 operationis.
1802 4134 1870 4188 Et
1900 4132 2007 4189 hoc
2041 4138 2148 4203 est,

494 4236 546 4291 si
572 4234 688 4291 vidi
714 4232 907 4289 solem.
940 4229 1093 4285 Bene
1122 4223 1230 4282 soli
1279 4221 1415 4279 boni
1445 4222 1599 4278 bona
1629 4239 1737 4278 sua
1785 4239 1898 4277 non
1929 4223 2147 4288 vident,

498 4340 626 4397 quis
685 4321 818 4379 aliis
872 4316 1125 4374 videnda
1178 4313 1459 4386 prmbent,
1510 4328 1615 4368 nec
1661 4311 1887 4381 lunam,
1932 4311 1990 4368 id
2040 4317 2148 4383 est,

497 4414 715 4469 famam
750 4409 885 4466 boni
919 4404 1131 4479 operis,
1164 4420 1293 4476 qum
1322 4402 1383 4457 in
1415 4401 1670 4457 tenebris
1709 4398 2150 4457 ambulantibus

2267 3241 2465 3296 minus
2494 3243 2799 3311 temperat,
2832 3237 2903 3294 de
2933 3236 3026 3293 his
3054 3234 3319 3308 protinus
3349 3234 3574 3290 subdit.

2758 3327 2837 3383 Ad
2868 3327 2996 3399 Cap.
3030 3325 3289 3389 XXXVIII,
3321 3324 3413 3378 31.

2334 3420 2601 3492 Nunquid
2653 3419 2673 3452 ⁷
2731 3417 3058 3488 conjungere
3116 3414 3318 3470 valebis
3382 3414 3644 3467 micantes
3692 3407 3855 3469 ειειιω.

2263 3513 2370 3565 etc.
2405 3508 2643 3564 Constat
2671 3507 2781 3563 hoc
2812 3504 3037 3561 nullum
3068 3503 3366 3559 hominem
3400 3517 3614 3574 posse;
3642 3497 3730 3555 sed
3754 3506 3855 3551 cum

2261 3598 2371 3654 Job
2421 3598 2493 3653 de
2522 3597 2617 3652 bis
2664 3596 3073 3668 interrogatur,
3103 3597 3167 3648 ut
3208 3590 3456 3648 humilis
3492 3590 3563 3646 ad
3592 3604 3714 3645 eum
3740 3582 3857 3639 refu-

2262 3688 2404 3760 giat,
2436 3686 2537 3758 qui
2567 3684 2728 3742 solus
2758 3688 2956 3757 posset
2985 3682 3113 3751 hoc,
3145 3680 3503 3737 ostenditur.

2626 3776 2709 3830 Ad
2734 3772 3074 3847 principium
3101 3772 3307 3842 Capitis
3336 3770 3550 3825 XXXIX.

2333 3865 2516 3921 lbices
2572 3881 2751 3938 parva
2797 3864 2817 3897 ⁸
2868 3860 3275 3933 quadrupedia
3320 3859 3621 3928 dicuntur,
3667 3868 3773 3927 qua:
3813 3847 3857 3902 in

2263 3955 2442 4027 petris
2477 3958 2799 4019 morantur,
2833 3958 2890 4007 et
2922 3951 3157 4023 pariunt
3187 3966 3200 4003 :
3257 3952 3314 4004 et
3347 3948 3581 4003 ruentia
3609 3946 3665 4000 in
3691 3942 3795 3999 suis
3815 3953 3860 3991 se

2260 4044 2538 4099 cornibus
2567 4041 2748 4098 illaesa
2772 4040 3125 4111 suscipiunt.
3152 4038 3211 4094 1n
3245 4037 3468 4111 quibus
3500 4034 3857 4106 magistrorum

2262 4131 2661 4206 spiritualium
2710 4146 2960 4203 persona
2988 4128 3274 4201 signatur,
3306 4126 3406 4197 qui
3439 4124 3600 4182 velut
3643 4121 3797 4177 ibices
3816 4113 3860 4168 in

2261 4222 2440 4296 petris
2472 4221 2726 4293 pariunt,
2758 4219 2897 4291 quia
2928 4217 2986 4273 in
3012 4216 3277 4274 doctrina
3314 4214 3581 4279 Patrum,
3610 4209 3701 4283 qui
3729 4209 3859 4301 petra

2260 4327 2362 4383 pro
2409 4308 2705 4366 soliditate
2755 4312 2895 4363 sunt
2942 4304 3151 4372 vocati,
3186 4304 3257 4359 ad
3289 4302 3724 4359 conversionem
3763 4307 3862 4350 anl-

2261 4418 2386 4455 mas
2404 4400 2673 4471 gignunt.
2695 4397 2831 4469 Ipsi,
2853 4394 3220 4461 velutibices,
3245 4409 3422 4449 casus
3452 4390 3671 4448 nullius
3687 4387 3858 4471 damna

495 4467 672 4559 lucet.
707 4500 839 4555 Hmc
867 4467 1025 4553 enim
1058 4467 1315 4551 Job-non
1347 4489 1572 4557 extulit,
1603 4506 1732 4561 quae
1782 4488 1913 4562 plus
1945 4490 2152 4546 timen-
2182 4506 2228 4571 Ι)
2259 4467 2541 4555 sentiunt,
2574 4467 2806 4541 dum—in
2847 4484 2971 4540 suis
3002 4482 3279 4571 cornibus
3323 4480 3727 4571 excipiuntur:

497 4592 592 4647 da.
624 4590 792 4645 Tunc
820 4588 841 4622 ⁵
871 4586 1051 4652 enim,
1077 4582 1246 4655 quasi
1270 4579 1387 4637 alta
1416 4579 1608 4647 arbor,
1634 4577 1869 4634 ﬂatibus
1895 4578 2152 4651 amplius

496 4679 772 4753 agitatur,
831 4692 959 4748 quae
1018 4689 1122 4746 per
1176 4668 1623 4741 intelligentiam
1680 4672 1805 4723 erat
1861 4667 2029 4739 quasi
2090 4668 2150 4723 in

496 4767 721 4826 semine
780 4764 1187 4838 operationum
1250 4763 1498 4815 mortua.
1562 4762 1636 4813 De
1684 4755 1960 4812 laudibus
2019 4773 2151 4813 vero

497 4874 613 4915 non
673 4856 845 4911 modo
878 4870 990 4910 non
1035 4855 1124 4908 est
1154 4850 1342 4905 factus
1390 4862 1670 4919 arrogans
1702 4846 1757 4901 in
1805 4845 2015 4918 verbis,
2049 4844 2150 4901 sed

568 5036 771 5092 ‘Bene
820 5034 900 5091 ila
952 5033 1011 5088 in
1067 5048 1178 5087 ms.
1214 5045 1328 5085 non
1362 5044 1512 5084 secus
1558 5030 1622 5081 ut
1650 5027 1707 5081 in
1761 5023 1995 5096 vulgata
2024 5039 2149 5079 ver-

496 5106 681 5164 sione.
715 5107 863 5163 Nota
893 5103 1156 5161 Relandi.

570 5179 592 5251 ἓ
622 5179 755 5251 Leg.
787 5180 1013 5251 ﬂuenta.

567 5250 589 5283 ³
620 5238 756 5321 Leg.
787 5238 1043 5317 subaudi,
1077 5261 1285 5317 nempe
1315 5261 1345 5321 e
1379 5240 1664 5315 principio
1696 5254 1901 5321 versus
1933 5238 2021 5292 18.

568 5322 590 5356 ⁴
618 5316 999 5392 Praepositum
1030 5316 1163 5391 quia
1196 5316 1410 5373 rectius
1439 5316 1807 5386 expunxeris.

567 5392 588 5427 ⁸
622 5398 752 5463 Leg.
786 5394 979 5447 Fama.

565 5465 587 5500 ⁸
619 5459 835 5519 Μηῖνυιι
864 5463 1003 5534 edit.
1025 5461 1196 5534 _Lips.
1228 5459 1373 5516 Inde.
1401 5530 1414 5534 _
2102 5523 2111 5534 .

565 5536 585 5573 ⁷
616 5534 716 5591 His
758 5533 971 5590 desinit
1024 5530 1267 5587 Roman.
1313 5530 1513 5593 codex,
1545 5544 1615 5582 ex
1661 5540 1778 5598 quo
1824 5539 1979 5580 nunc
2027 5530 2146 5595 pri-

497 5623 657 5668 mum
692 5614 814 5669 tota
839 5606 961 5665 haec
990 5622 1116 5680 cap.
1150 5604 1219 5659 38
1267 5603 1534 5676 pericope
1564 5597 1907 5671 suppletur;
1941 5600 2145 5652 caetera

2260 4575 2541 4651 quicquid
2575 4575 2756 4630 ruina:
2787 4570 3125 4645 temporalis
3173 4567 3551 4626 adversitatis
3579 4556 3859 4651 accesserit,

2260 4647 2320 4722 in
2351 4647 2717 4721 teStamentis
2768 4679 2831 4718 se
2878 4678 3055 4718 sacrm
3105 4659 3417 4731 Scriptura
3470 4647 3860 4726 suscipiunt,ei

2261 4753 2430 4828 quasi
2486 4768 2774 4808 cornuum
2825 4750 3159 4822 exceptione
3206 4748 3537 4803 salvantur.
3586 4741 3698 4816 Ipsi
3732 4732 3859 4831 certi

2258 4827 2559 4908 vocantur,
2600 4840 2699 4914 qui
2749 4840 3118 4912 interemptis
3167 4836 3341 4905 vitiis,
3389 4834 3566 4908 quasi
3612 4827 3858 4889 exstinctis

2257 5020 2685 5079 desiderantur.

2327 5076 2354 5128 δέ
2378 5094 2458 5148 Ex
2489 5076 2729 5163 Isidoro,
2765 5107 2937 5163 quem
2968 5094 3026 5145 et
3072 5088 3142 5144 cl.
3178 5087 3485 5163 Relandus
3531 5076 3853 5163 laudatnhfc

2258 5164 2610 5232 delibantur,
2643 5149 2744 5218 lib.
2778 5149 2878 5228 in,
2902 5178 3030 5235 cap.
3064 5163 3115 5225 1,
3137 5162 3276 5235 circ.
3302 5158 3570 5235 medium
3602 5149 3853 5235 {tibist}:

2257 5237 2424 5307 quasi
2475 5226 2711 5291 alites...
2758 5226 2886 5307 quae
2936 5226 3214 5307 animalia
3264 5234 3324 5286 in
3373 5229 3566 5307 petris
3600 5226 3855 5307 altissimf

2256 5298 2714 5373 commorantur,
2744 5298 2809 5360 u't
2841 5304 2888 5359 si
2921 5304 3155 5376 quando
3178 5298 3460 5376 ferarum,
3479 5298 3570 5376 vel
3600 5298 3855 5376 hominm}

2257 5379 2666 5435 adversitatem
2704 5371 3127 5449 ipersenseri‘nt,
3161 5375 3231 5430 de
3272 5371 3587 5449 altissimis
3633 5371 3855 5449 saxorutn

2256 5450 2659 5506 cacuminibus
2705 5444 2845 5519 sese
2883 5444 3399 5519 praecipitantesin
3434 5444 3567 5499 suis
3612 5458 3673 5519 se
3711 5445 3855 5519 οᾳτῃξ·

2257 5502 2609 5577 saginata
2632 5502 2983 5591 suspiciu'nt.
3019 5502 3370 5591 ii'iNonnulla
3397 5533 3471 5572 ex
3523 5514 3718 5572 eodem
3745 5502 3853 5563 inio-

2256 5595 2379 5651 rius
2409 5592 2650 5650 totidem
2679 5589 2799 5647 fere
2829 5590 3019 5649 verbis
3049 5589 3477 5647 describuntur.
