4114 6170
298 211 462 284 1549

1522 223 1931 291 EXCERP’I‘A
1978 223 2149 290 MSS.
2194 226 2275 290 IN
2321 227 2485 291 JOB.

305 352 700 425 serpentibus,
733 352 954 429 vivunt,
987 361 1042 413 et
1073 358 1144 414 de
1185 358 1331 431 ipsa,
1377 360 1756 415 exstinctione
1791 360 1953 416 vitio-
1982 362 2031 428 Α
2068 360 2244 415 ditur.
2278 361 2428 417 Bene
2458 366 2653 416 autem
2684 362 2791 417 Job
2822 366 2955 435 post
2983 361 3211 437 ﬂagella
3250 363 3437 419 vivere
3469 362 3704 417 dicitur.

304 459 437 497 rum
460 442 532 498 ad
563 442 783 501 fontem
814 444 941 500 vita
974 446 1167 503 acrius
1196 447 1594 505 inardescunt.

876 534 953 590 Ad
986 535 1096 609 Cap
1121 538 1279 594 XLII.
1314 538 1399 592 is.

375 620 634 694 Deditque
662 622 742 677 eis
763 627 923 695 pater
964 640 1098 682 suus
1144 625 1515 682 hareditatem
1564 627 1711 682 inter
1754 629 1956 696 fratres

305 709 571 780 ipsarum.
628 712 773 785 Ergo
824 728 894 768 ex
940 715 1328 786 perfectorum
1389 731 1631 771 numero
1680 715 1954 788 speciosa

307 805 731 856 memorantur.
793 802 936 874 Ipsa
984 802 1160 860 etiam
1208 821 1277 860 ex
1318 803 1788 877 imperfectorum
1823 811 1953 877 typo

303 885 465 943 velut
493 887 740 944 inﬁrma
781 895 1008 947 mentes
1053 891 1450 949 hareditatem
1502 893 1817 965 accipiunt.
1850 893 1955 949 So-

304 991 466 1032 rores
511 994 649 1051 ergo
699 996 832 1035 cum
882 980 1168 1037 fratribus
1220 983 1292 1037 ad
1335 981 1724 1039 bareditatem
1757 999 1952 1054 perve-

305 1065 513 1122 niunt:
549 1068 687 1139 quia
714 1067 935 1124 inﬁrmi
964 1071 1037 1125 ad
1092 1071 1349 1126 calcstia
1392 1088 1528 1126 cum
1571 1071 1820 1127 fortibus
1853 1072 1956 1127 ad-

305 1153 647 1211 mittuntur.
681 1159 823 1213 Vixit
841 1166 1027 1214 autem
1057 1158 1151 1214 Job
1178 1168 1297 1231 post
1327 1160 1460 1217 haec.
1501 1162 1705 1216 Vacuus
1736 1160 1955 1215 dierum

303 1248 417 1315 est,
451 1244 549 1318 qui
599 1248 655 1300 et
701 1245 1024 1319 quamlibet
1053 1247 1305 1305 multum
1359 1249 1586 1319 vixerit,
1618 1249 1805 1304 atatis
1835 1266 1955 1305 sua

304 1336 573 1406 tempora
617 1333 675 1389 in
705 1335 960 1390 vanitate
1004 1337 1411 1409 consumpsit,
1445 1351 1501 1393 al
1531 1342 1731 1393 contra
1756 1339 1955 1409 plenus

302 1421 522 1477 dierum
553 1422 787 1498 dicitur,
822 1423 917 1479 cui
947 1440 1318 1498 nequaquam
1372 1426 1496 1482 dies
1537 1427 1626 1482 sui
1662 1427 1956 1498 pereundo

301 1514 628 1578 transeunt,
679 1512 779 1567 sed
827 1529 894 1566 ex
926 1514 1270 1585 quoti'liana
1302 1516 1568 1571 mercede
1600 1517 1736 1571 boni
1765 1515 1956 1587 operis

303 1600 459 1672 apud
482 1600 714 1671 justum
751 1600 1040 1671 judicem,
1083 1609 1142 1658 et
1172 1608 1481 1676 postquam
1508 1605 1785 1660 transacti
1820 1608 1959 1660 sunt

299 1687 392 1743 vel
425 1688 660 1757 fuerint,
693 1694 1084 1746 reservantur.
1114 1692 1176 1747 In
1211 1675 1347 1765 typo
1372 1675 1668 1761 Ecclesia,
1693 1693 1742 1748 si
1764 1694 1827 1748 M
1856 1709 1959 1765 per

250 1770 253 1771 ⁷
300 1775 610 1832 denarium
644 1778 939 1847 ducimus,
970 1780 1040 1835 ad
1075 1780 1458 1837 centesimum
1493 1787 1551 1837 et
1581 1782 1955 1855 quadragesi-

301 1882 467 1921 mum
500 1883 814 1923 numerum
845 1868 1238 1940 pervcnimus.
1286 1871 1354 1925 Et
1406 1875 1557 1926 recte
1605 1870 1875 1926 Ecclesia
1903 1874 1959 1927 et

303 1952 692 2026 multiplicata
727 1957 793 2010 10
822 1962 879 2012 et
910 1958 937 2012 .‘l
972 1964 1343 2031 computatur
1374 1961 1387 1994 ¹
1418 1978 1434 2013 :
1467 1959 1607 2031 quia
1639 1963 1957 2031 utrumque

303 2046 720 2099 testamentum
782 2046 1137 2111 custodiens,
1188 2056 1240 2103 et
1279 2052 1398 2103 tam
1431 2048 1756 2104 secundum
1789 2048 1955 2120 Legis

304 2130 671 2204 decalogum,
706 2150 882 2206 quam
917 2136 1241 2191 secundum
1276 2137 1568 2209 Evangelii
1603 2141 1858 2209 quatuor
1885 2136 1956 2191 1i-

302 2220 444 2278 bros
471 2222 695 2291 vivens,
750 2240 932 2295 usque
976 2225 1046 2280 ad
1080 2225 1448 2297 perfectisnis
1491 2225 1722 2282 culmen
1754 2231 1957 2282 exten-

2062 449 2200 521 quia
2231 448 2487 505 Ecclesia
2517 450 2679 522 prius
2713 450 2936 523 ﬂagello
2988 451 3307 526 disciplina
3359 452 3704 525 percutitur,

2061 543 2120 593 et
2175 538 2550 609 postmodum
2607 538 2736 595 vita
2784 540 3133 612 perfectione
3188 542 3511 597 roboratur.
3572 540 3707 603 Qua

2063 626 2238 681 etiam
2274 625 2425 682 ﬁlios
2456 643 2616 695 suos,
2656 630 2712 682 et
2741 628 2892 683 ﬁlios
2942 628 3197 683 ﬁliorum
3248 646 3489 684 suorum
3520 642 3710 699 usque

2063 714 2134 768 ad
2162 718 2429 786 quartam
2453 716 2882 786 generationem
2904 717 3188 788 conspicit
3210 735 3222 773 :
3243 717 3380 789 quia
3397 717 3507 772 hac
3522 718 3708 781 atate,

2063 818 2190 873 qua
2217 802 2430 859 annuis
2460 804 2492 858 4
2538 806 2900 876 temporibus
2936 805 3187 861 volvitur
3217 822 3404 879 usque
3432 805 3504 859 ad
3534 805 3711 861 ﬁnem

2065 890 2291 959 mundi,
2327 908 2428 963 per
2457 908 2558 947 ora
2589 894 3029 965 pradicantium
3063 897 3370 949 nascentes
3401 893 3512 950 sibi
3546 893 3711 948 sobo-

2063 979 2148 1035 les
2205 980 2647 1051 contemplatur.
2708 982 2876 1038 V’idet
2925 981 3178 1038 ﬁliorum
3239 982 3411 1050 ﬁlios,
3470 998 3604 1037 cum
3637 981 3708 1037 ab

2063 1069 2284 1125 eisdem
2316 1069 2385 1124 ad
2420 1069 2593 1125 ﬁnem
2626 1070 2785 1143 gigni
2816 1074 2874 1127 et
2896 1071 3036 1126 alios
3068 1071 3349 1144 agnoscit.
3377 1071 3510 1135 Qua
3537 1086 3712 1125 senex

2064 1162 2121 1213 et
2150 1157 2322 1230 plena
2350 1158 2574 1213 dierum
2610 1159 2858 1215 moritur
2884 1176 2897 1215 :
2923 1159 3059 1232 quia
3080 1160 3473 1232 subsequente
3492 1157 3621 1215 luce
3642 1174 3711 1214 ex

2066 1246 2331 1302 mercede
2368 1247 2843 1319 quotidianorum
2892 1266 3155 1321 operum,
3203 1248 3465 1321 deposito
3517 1264 3713 1304 corru-

2064 1335 2283 1407 ptionis
2315 1337 2586 1408 pondere,
2622 1338 2691 1393 ad
2724 1337 3219 1410 incorruptionem
3250 1337 3575 1410 spiritualis
3606 1354 3709 1410 pa-

2064 1424 2190 1479 tria
2220 1429 2500 1480 mutatur.
2535 1425 2709 1481 Plena
2738 1426 2963 1482 dierum
3011 1427 3278 1492 moritur,
3320 1427 3415 1483 cui
3446 1426 3709 1483 labentes

2064 1515 2206 1568 anni
2234 1529 2349 1568 non
2380 1518 2709 1580 transeunt,
2742 1516 2841 1571 sed
2873 1516 3156 1572 stantium
3189 1522 3428 1571 actuum
3460 1515 3711 1572 retribu-

2064 1602 2223 1658 tione
2252 1601 2599 1658 solidantur.
2637 1604 2814 1659 Plena
2861 1604 3089 1659 dierum
3122 1605 3389 1672 moritur,
3440 1605 3579 1675 quia
3610 1621 3713 1676 per

2065 1690 2189 1745 hac
2218 1691 2587 1746 transeuntia
2614 1696 2879 1764 tempora
2900 1693 2979 1763 id,
3005 1694 3157 1764 quod
3184 1710 3298 1748 non
3323 1692 3556 1763 transit,
3581 1709 3716 1764 ope-

2068 1784 2249 1835 ratur.
2301 1811 2366 1821 —
2417 1780 2536 1837 Usu
2602 1781 2810 1836 veteris
2871 1781 2999 1835 vita
3050 1781 3275 1837 feminae
3326 1781 3477 1836 inter
3522 1796 3713 1835 mares

2067 1868 2461 1925 hareditatem
2487 1886 2599 1925 non
2626 1869 2843 1925 habent
2866 1885 2879 1925 :
2916 1870 3054 1941 quia
3075 1869 3221 1942 legis
3243 1868 3518 1926 severitas
3544 1868 3715 1925 fortia

2067 1957 2307 2029 eligens,
2342 1958 2578 2013 inﬁrma
2602 1964 3004 2030 contemnens,
3054 1959 3320 2014 districta
3352 1960 3544 2030 potius
3585 1962 3711 2014 stu-

2066 2046 2213 2112 duit,
2266 2064 2440 2118 quam
2490 2047 2747 2118 benigna
2778 2048 3023 2102 sancire.
3055 2048 3163 2102 Sed
3200 2048 3294 2118 pio
3326 2047 3713 2118 Redemptore

2064 2136 2348 2201 veniente,
2380 2140 2434 2191 et
2465 2136 2734 2191 inﬁrmus
2765 2152 2896 2190 cum
2937 2135 3204 2207 perfectis
3236 2137 3304 2190 ad
3337 2152 3581 2207 regnum
3614 2152 3711 2192 as-

2067 2224 2342 2280 sumitur.

379 2350 397 2382 ¹
433 2346 567 2420 Legi
600 2347 724 2404 vult
753 2348 943 2406 editor
972 2349 1293 2423 Lipsiensis
1318 2368 1330 2405 :
1366 2349 1631 2409 Ecclesia
1657 2368 1726 2408 ex
1756 2352 2138 2424 multiplicato.

2180 2521 2328 2529 __——.—

1700 2649 2306 2800 MISCELLA

1057 2885 1365 2968 Excerpta
1395 2907 1470 2949 ccc
1498 2887 1681 2950 variis
1704 2886 1949 2969 paginis
2006 2884 2266 2966 ejusdem
2311 2885 2525 2948 codicis
2553 2886 2964 2967 manuscripti.

388 3175 518 3246 Pag.
550 3176 603 3230 3.
654 3174 816 3231 Sicut
861 3192 1064 3233 omnes
1103 3178 1274 3248 justi,
1324 3178 1405 3233 ita
1448 3179 1578 3245 Job,
1628 3196 1743 3235 non
1785 3180 1957 3236 modo
1988 3181 2032 3248 C
2072 3180 2418 3245 retinent,in
2444 3195 2560 3251 qua
2582 3181 2905 3247 manentes,
2931 3176 3102 3232 malis
3123 3175 3496 3231 sermonibus
3518 3190 3717 3246 specu-

309 3262 528 3328 verbis,
572 3265 673 3319 sed
708 3266 909 3336 rebus,
947 3265 1242 3322 Christum
1294 3266 1667 3340 prasignavit
1694 3269 1733 3335 ¹,
1768 3272 1833 3323 ut
1861 3284 1964 3340 per

310 3351 647 3424 passionem
682 3370 996 3425 passurum
1030 3356 1299 3411 ostendat
1326 3355 1645 3427 Christum,
1680 3356 1733 3411 id
1762 3362 1852 3412 est
1877 3374 1964 3412 ca-

307 3443 421 3511 put
448 3456 583 3495 cum
614 3457 873 3513 corpore,
896 3445 1055 3516 quod
1089 3444 1348 3501 Ecclesia
1375 3450 1482 3502 est.
1514 3445 1667 3500 Uxor
1687 3445 1815 3516 ejus
1835 3462 1964 3500 car-

310 3525 479 3584 nales
510 3529 822 3602 signiﬁcat,
847 3533 945 3602 qui
967 3533 1123 3588 intra
1144 3533 1483 3605 Ecclesium,
1508 3551 1622 3607 quo
1654 3551 1753 3605 per
1788 3534 1964 3588 ﬁdem

306 3616 557 3690 propius
586 3624 744 3687 sunt,
764 3619 971 3676 durius
1002 3620 1061 3676 in
1085 3622 1202 3678 vita
1222 3626 1571 3692 premuntur
1588 3624 1628 3677 ³.
1653 3622 1835 3678 Amici
1856 3622 1964 3679 Job

306 3704 639 3774 hareticos,
672 3707 774 3780 qui
805 3710 998 3781 specie
1047 3710 1413 3782 consulendi,
1446 3712 1712 3784 decipere
1739 3711 1964 3779 volunt,

308 3799 375 3850 et
392 3794 535 3852 dum
557 3797 724 3869 quasi
752 3814 856 3870 pro
877 3798 1124 3855 Domino
1152 3800 1491 3873 loquuntur,
1512 3801 1740 3857 veritati
1763 3801 1966 3856 adver-

314 3889 546 3940 santur.
580 3885 712 3956 Job,
743 3886 933 3943 dolens
979 3887 1213 3957 dicitur,
1247 3907 1361 3962 quo
1393 3891 1589 3962 passio
1613 3889 1845 3959 Christi,
1877 3889 1969 3945 vel

308 3971 483 4028 labor
527 3973 796 4030 Ecclesia
843 3976 1207 4048 exprimitur.
1272 3977 1528 4051 Eliphaz,
1586 3979 1795 4034 domini
1839 3994 1970 4032 con-

304 4064 548 4131 temptus
570 4061 629 4130 3;
665 4063 721 4118 id
774 4068 881 4135 est,
930 4064 1205 4137 haretici,
1239 4068 1360 4139 qui,
1403 4068 1544 4122 dum
1579 4067 1726 4122 falsa
1755 4068 1825 4122 de
1856 4067 1972 4122 Deo

303 4150 602 4215 sentiunt,
657 4168 792 4208 eum
845 4154 1239 4226 superbiendo
1283 4161 1685 4212 contemnunt.
1733 4155 1971 4223 Baldad,

312 4246 578 4308 vetustas,
612 4239 669 4295 id
703 4245 791 4297 est
817 4244 955 4310 sola,
988 4244 1128 4315 quia
1158 4261 1271 4301 non
1315 4244 1636 4301 intentione
1667 4245 1839 4314 bona,
1872 4244 1973 4301 sed

312 4326 582 4399 appetitu
612 4328 809 4401 gloria
860 4330 1218 4403 loquuntur:
1266 4332 1324 4388 id
1357 4339 1467 4400 est,
1529 4350 1642 4389 non
1674 4332 1797 4389 zelo
1845 4333 1977 4389 novi

319 4413 608 4485 hominis,
640 4418 742 4473 sed
770 4420 1052 4490 parvitate
1100 4421 1230 4476 vita
1272 4423 1499 4477 veteris.
1533 4421 1778 4494 Sophar,
1809 4423 1977 4478 dissi—

307 4505 468 4576 patio
516 4508 747 4578 specula
776 4507 860 4564 vel
891 4511 1284 4582 speculatorem
1310 4511 1608 4582 dissipans,
1634 4511 1772 4584 quia
1796 4511 1977 4567 bare-

312 4590 419 4647 tici
439 4597 667 4651 mentes
689 4613 754 4651 su
765 4614 945 4669 perna
965 4598 1426 4672 contemplantes
1441 4601 1634 4656 verbis
1653 4604 1977 4672 pervertere

312 4685 626 4754 appetunt.
660 4683 1099 4744 Contemnendo
1124 4704 1262 4761 ergo
1299 4688 1482 4745 Deum
1508 4690 1565 4744 in
1599 4693 1884 4745 vetustate
1914 4705 1977 4744 se

394 4825 410 4858 ί
443 4821 714 4883 Proxime
764 4829 1037 4887 superius
1079 4830 1237 4887 edita
1286 4831 1643 4887 interlinear.
1688 4830 1981 4887 Exoositio

395 4846 410 4858 -
443 4846 714 4883 rroxime
764 4846 834 4883 su
878 4846 1037 4886 emus
1079 4846 1237 4887 edita
1286 4846 1643 4887 interlinear.
1688 4846 1765 4886 Ex
1812 4846 1970 4887 osiuc

312 4895 384 4950 in
416 4846 946 4981 ﬁntheatus'fob
994 4902 1186 4957 verbis
1231 4907 1288 4957 et
1338 4902 1708 4975 passionibus
1755 4848 1970 4959 Ebristi

311 4971 1052 5070 °*t’3ﬁii‘..im3§t'lim.z:

306 5041 933 5122 ,H'Hltursusneadem
994 5044 1273 5122 Exposita
1332 5045 1616 5122 «,Conjux
1671 5061 1827 5122 vero_
1854 5044 1981 5122 ejus

313 5106 467 5187 ({ob)
497 5110 826 5187 carnalium
877 5106 1094 5187 typum'
1128 5116 1417 5187 designat,
1469 5106 1568 5187 qui
1601 5115 1758 5171 intra
1789 5106 1980 5171 Eccle-

317 5178 475 5235 siam
507 5181 681 5251 positi
713 5178 1317 5255 vitam's'piritualiuin
1346 5178 1611 5242 moribus
1661 5187 1787 5241 suis
1812 5203 1980 5242 scan-

318 5248 600 5330 dalizent.
632 5275 660 5330 φ)
706 5255 792 5321 Et,
848 5279 877 5307 «
906 5257 1094 5313 Amici
1141 5258 1269 5328 ejus
1298 5258 1546 5330 ﬁguram
1579 5258 1977 5313 hareticorum

314 5320 664 5380 designant.
702 5298 792 5376 ἶν’

396 5390 631 5473 filique
665 5396 761 5473 ita
800 5398 1068 5473 quidem,
1096 5399 1305 5457 Hieron
1354 5399 1413 5456 in
1450 5401 1813 5473 Onomastico,
1845 5415 1975 5473 sup.

308 5460 451 5554 .opl:
475 5460 580 5554 87":
618 5460 941 5554 «μυρίκη,
975 5470 1072 5529 Dei
1103 5474 1492 5554 contemptus.
1543 5460 1980 5554 Baldladfvetu-

310 5538 454 5592 .stas
483 5537 625 5595 sola.
660 5537 906 5614 Sop‘bar.
941 5543 1187 5616 specula
1218 5537 1543 5617 dissipatio,
1582 5567 1609 5594 ››
1641 5547 1753 5604 etc.

2072 3268 2329 3325 lantibus
2360 3272 2589 3324 nocent.
2620 3268 2727 3322 Sed
2763 3268 2902 3338 quia
2931 3270 2987 3321 et
3015 3266 3123 3336 ipsi
3172 3265 3488 3337 aliquando
3517 3265 3590 3319 ad
3613 3264 3715 3319 Ec-

2072 3358 2306 3413 clesiam
2333 3358 2592 3422 redeunt,
2618 3357 2739 3411 hac
2760 3372 3047 3411 annorum
3070 3356 3092 3389 ‘
3113 3353 3502 3410 reconciliatio
3524 3357 3716 3409 osten-

2072 3446 2180 3507 dit.
2215 3462 2316 3516 pro
2348 3445 2563 3516 quibus
2592 3445 2703 3499 Job
2734 3449 2897 3499 orat:
2933 3444 3073 3514 quia
3103 3443 3503 3499 harelicorum
3537 3442 3716 3497 sacri-

2072 3533 2205 3588 ﬁcia
2234 3533 2349 3588 Deo
2381 3550 2495 3587 non
2527 3537 2663 3587 sunt
2696 3536 2951 3602 accepta,
2994 3531 3105 3585 nisi
3141 3531 3417 3586 manibus
3448 3529 3717 3585 Ecclesia

2074 3620 2287 3677 oblata.
2320 3625 2551 3692 Septem
2583 3620 2775 3691 procis
2807 3618 3093 3673 sacriﬁcia
3131 3618 3457 3673 olferuntur
3484 3619 3523 3684 ⁵,
3557 3616 3718 3688 quia,

2076 3710 2217 3764 dum
2236 3709 2632 3781 septiformem
2655 3707 2938 3779 Spiritum
2962 3706 3275 3778 accipiunt,
3305 3705 3474 3777 quasi
3495 3710 3721 3776 septem

2078 3796 2472 3853 oblationibus
2516 3796 2843 3868 expiantur.
2900 3794 3078 3850 Tauri
3128 3798 3184 3850 et
3231 3794 3441 3849 arietes
3489 3810 3592 3864 pro
3640 3793 3726 3849 eis

2080 3884 2257 3941 oblati
2317 3888 2474 3940 sunt.
2522 3886 2581 3940 In
2634 3889 2799 3939 tauro
2859 3884 3049 3939 cervix
3095 3883 3380 3955 superbia
3422 3883 3723 3956 signatur:

2080 3976 2137 4029 in
2181 3974 2356 4029 ariete
2403 3974 2650 4029 ducatus
2700 3972 2914 4044 gregis,
2968 3973 3108 4044 quia
3162 3988 3263 4044 per
3291 3971 3628 4043 superbiam
3656 3970 3727 4026 ab

2081 4062 2337 4119 Ecclesia
2368 4063 2712 4129 resilientes,
2747 4067 2878 4133 post
2910 4078 2972 4117 se
3002 4062 3270 4116 infirmos
3301 4076 3504 4133 greges
3536 4059 3727 4115 trahe-

2083 4153 2246 4207 bant.

2154 4242 2287 4311 Pag.
2346 4241 2470 4296 447.
2523 4240 2908 4312 Sardonychas
2960 4244 3126 4295 terra
3172 4239 3360 4293 rubra
3393 4236 3730 4293 similitudi-

2087 4347 2221 4386 nem
2254 4335 2448 4385 tenet:
2482 4330 2774 4400 sapphiras
2801 4329 3018 4384 aeriam
3051 4331 3207 4383 tenet
3241 4327 3512 4398 speciem.

2159 4420 2295 4487 Pag.
2348 4417 2470 4472 448.
2522 4417 2588 4471 Et
2635 4418 2885 4488 (apasion
2936 4414 3243 4487 J’Etbiopia,
3298 4431 3400 4487 pro
3456 4431 3543 4482 eo,
3577 4413 3735 4485 quod

2089 4507 2246 4564 omni
2298 4506 2487 4562 colore
2538 4505 2866 4578 resplendet
2893 4507 2935 4572 ⁸,
2986 4505 3237 4577 Iopazion
3282 4503 3448 4576 quasi
3481 4502 3738 4575 topadion

2087 4602 2349 4653 vocatur.

2160 4691 2290 4756 Pag.
2327 4685 2446 4740 150.
2484 4684 2606 4739 Mos
2637 4688 2896 4739 veterum
2933 4682 3045 4737 fuit
3096 4686 3163 4737 ut
3192 4681 3451 4737 seniores
3479 4679 3537 4734 in
3570 4682 3739 4752 porta

2162 4829 2183 4862 ‘
2216 4827 2496 4884 Rescribit
2527 4827 2812 4899 Lipsiens.
2847 4826 3055 4899 editor,
3090 4825 3416 4899 amicorum,

2161 4902 2182 4933 ⁵
2211 4902 2440 4971 Septem
2474 4892 2611 4971 Jobi
2655 4897 2803 4971 ﬁlios
2845 4896 3117 4971 ‘denotarj
3153 4895 3247 4949 hic
3276 4893 3479 4971 nullps
3509 4892 3735 4971 dubito,

2092 4986 2195 5043 per
2224 4965 2370 5043 quos
2403 4976 2459 5024 et
2479 4970 2650 5039 juxta
2688 4968 3047 5043 interlinear.
3081 4967 3360 5043 Exposit,
3393 4965 3738 5043 Sepliformis

2088 5036 2273 5113 pratia
2302 5036 2542 5113 Spiritiis
2566 5042 2744 5096 sancti
2790 5039 3131 5113 explicatur.
3164 5036 3445 5113 Suspecta
3475 5036 3616 5091 adeo
3648 5039 3740 5113 est

2092 5107 2238 5168 mihi
2270 5107 2349 5167 de"
2388 5114 2601 5167 mendo
2648 5128 2755 5166 vox
2801 5107 3002 5165 isthac
3041 5111 3239 5179 procis.
3288 5107 3626 5179 Facilepro
3652 5109 3738 5179 eis

2092 5124 2238 5168 mihi
2270 5124 2340 5167 de
2388 5124 2601 5167 mendo
2648 5128 2755 5166 vox
2801 5124 3002 5165 istnac
3041 5124 3239 5179 procis.
3294 5124 3482 5163 r'acue
3524 5124 3626 5233 {)1‘0
3654 5124 3737 5162 eis

2090 5185 2606 5267 scripsitnanctor,
2668 5180 3112 5267 supplendaque
3173 5183 3261 5234 est
3316 5195 3424 5234 vox
3484 5178 3737 5234 ﬁiisic:

2088 5253 2300 5325 Sapiam
2341 5255 2467 5319 ﬁlii,
2495 5272 2596 5326 pro
2624 5256 2703 5310 eis
2730 5253 3026 5324 sacriﬁcia,
3059 5256 3169 5306 etc.

2128 5327 2282 5397 7°Ex
2312 5325 2368 5381 S.
2423 5327 2662 5391 Isidoro,
2710 5322 2866 5397 Orig.
2913 5324 3013 5380 lib.
3064 5338 3184 5397 xvi,
3223 5337 3350 5397 cap:
3382 5322 3452 5377 6:
3488 5342 3515 5371 ‹‹
3544 5320 3737 5397 Topa-

2089 5396 2218 5524 gion
2250 5414 2317 5453 ex
2347 5397 2554 5455 virenti
2585 5389 2797 5472 genere
2814 5389 2933 5467 'est,
2957 5389 3236 5468 omnique
3261 5389 3453 5450 colore
3487 5389 3740 5463 resplen-

2130 5484 2255 5524 ens.
2294 5490 2321 5519 ››

2130 5484 2255 5527 8118.
2294 5490 2321 5519 ll

3548 214 3706 292 4530
3777 194 3781 199 ⁷
3855 223 3861 233 ‘
