4114 6170
266 308 422 379 1629

1267 312 1340 373 υ.
1387 305 1852 376 marum
1895 281 2669 375 ANIMADVERSIONES.

3510 308 3668 377 1630

264 449 430 504 bium
462 442 1162 521 Locorumquangtitiam,
1198 462 1375 515 quam
1408 446 1611 501 habuit
1638 448 1912 521 lIierony-
1945 458 1994 521 Α
2027 446 2275 521 Eusebio
2308 462 2477 521 posse
2512 445 2925 521 Hieronymum
2955 444 3266 521 aliquando
3315 447 3615 521 emendari
3652 465 3666 505 :

268 537 421 577 mus.
466 515 790 573 Fatendum
811 515 1196 572 nihilominus
1218 524 1306 572 est
1329 535 1438 570 non
1477 536 1659 589 pauca
1696 520 1749 571 in
1805 515 1911 573 hoc

266 591 415 647 libro
448 589 767 646 desiderari
802 589 1214 661 potuisse,qua3
1239 589 1625 661 Hieronymus
1660 590 1746 661 vel
1781 590 1911 645 aliis

263 664 558 719 distentus
588 660 1071 732 occupationibus
1104 660 1377 730 perficere
1410 677 1522 714 non
1558 660 1763 732 potuit,
1822 661 1911 716 vel

265 736 315 790 ei
351 739 505 789 certe
538 749 652 787 non
683 731 892 786 libuit:
919 731 1097 801 igitur
1128 736 1185 784 et
1239 748 1344 786 nos
1401 731 1573 802 operi
1616 731 1751 786 huic
1810 750 1912 787 nu-

263 806 519 879 perrime
551 820 794 879 manum
828 802 1567 879 opponentes__s_tuduimus
1610 803 1669 879 in
1702 819 1769 879 ea
1823 821 1907 879 re-_

265 872 519 958 epellam
556 874 816 958 aliquam
845 872 1085 958 ponere,
1120 872 1345 958 etliber
1394 873 1505 958 hic"
1526 876 1627 945 qui
1690 874 1909 957 alioqui

263 944 572 1002 videbatur
601 944 970 1016 implicatior,
1004 948 1059 997 et
1081 950 1317 1016 propter
1365 944 1672 1000 conquum
1722 944 1908 1001 nomi-

268 1036 412 1074 num
449 1014 1113 1090 propriorummordinem
1139 1014 1602 1090 multisfuturus
1644 1017 1910 1090 inutilis,

268 1106 417 1170 quos
448 1086 1050 1170 videlicetdi-t'licultas
1101 1087 1401 1170 querendi
1432 1088 1913 1170 inveniendique

266 1158 416 1225 loca,
452 1176 578 1230 quae
611 1158 1014 1230 investigaturi
1050 1161 1233 1230 erant,
1262 1158 1341 1230 ab
1394 1159 1520 1227 ejus
1562 1178 1669 1215 usu
1714 1158 1910 1215 lectio-

268 1228 799 1303 nequeaverteret,
835 1228 1109 1303 omnibus
1138 1228 1487 1303 divinarum
1560 1231 1911 1286 Litterarum

269 1298 568 1373 sacraeque
593 1300 988 1373 topographia:
1021 1298 1313 1373 studiosis;
1334 1317 1478 1373 usus
1507 1318 1635 1357 esse
1696 1308 1908 1373 posset.

346 1396 367 1423 α
413 1370 549 1437 Quae
579 1370 863 1444 autemin
892 1370 1000 1444 hac
1032 1386 1092 1424 re
1124 1371 1568 1444 praestiterimus
1598 1370 1801 1444 paucis
1826 1375 1912 1427 in-

271 1445 498 1499 dicabo.
537 1445 596 1498 In
621 1441 826 1514 primis
844 1441 998 1516 enim
1018 1446 1074 1496 et
1104 1440 1152 1495 si
1186 1443 1425 1516 nemina
1454 1440 1689 1516 singula
1721 1446 1792 1500 ab
1811 1450 1915 1498 Eu-

270 1516 431 1572 sebio
472 1520 527 1570 et
560 1512 904 1584 Hieronymo
931 1513 1002 1566 ad
1035 1528 1203 1567 suam
1236 1512 1653 1582 initialemfut
1683 1521 1909 1583 vocant,

268 1587 528 1642 litteram
560 1585 679 1640 sint
708 1588 994 1649 revocata,
1029 1588 1093 1638 ut
1125 1587 1263 1654 puta
1296 1585 1515 1650 omnia,
1545 1603 1671 1656 qua}
1739 1588 1811 1641 ab
1868 1589 1914 1640 A

271 1657 563 1729 incipiunt
594 1657 1042 1729 inunumsunt
1066 1659 1361 1725 congesta,
1390 1660 1619 1729 __tamen
1672 1659 1812 1729 quia
1860 1661 1917 1729 et

268 1730 365 1784 hic
396 1724 523 1784 sine
553 1727 754 1783 ordine
785 1724 1064 1797 collocata
1084 1724 1268 1794 erant,
1302 1726 1517 1797 quibus
1540 1724 1740 1784 eadem
1802 1728 1912 1781 ini-

268 1801 349 1888 tio
375 1798 574 1888 littera
601 1802 728 1888 erat
759 1797 907 1868 (qua:
931 1795 1166 1888 nesloca
1181 1795 1457 1888 anndteta
1498 1798 1759 1888 invenire
1819 1816 1913 1854 vo-
1945 1824 1993 1888 B

271 1869 621 1941 lentibuset
651 1883 857 1941 operae,
913 1871 969 1922 et
1034 1868 1317 1941 temporis
1367 1868 1739 1941 dispendium
1801 1887 1914 1925 non

272 1942 401 1999 sine
432 1940 611 2014 taediq
636 1938 1168 2014 pariebat),_omnie
1194 1938 1276 2014 ita
1304 1938 1506 2014 ordine
1525 1942 1916 2014 digessimus,

272 2018 340 2070 ut
364 2009 654 2086 extemplo
684 2011 818 2083 quis
851 2009 1013 2064 nulla
1050 2010 1398 2086 difﬁcultate
1427 2011 1485 2067 in
1519 2009 1707 2085 ipsem
1742 2029 1917 2086 quam

268 2082 731 2156 investigaturus
764 2086 853 2156 est
873 2096 1073 2156 vocem
1099 2082 1382 2138 incurrat.
1416 2104 1443 2131 »

345 2156 474 2239 Hae
489 2151 745 2239 "aliaque
766 2153 912 2239 bene
943 2151 1291 2239 multaque:
1315 2170 1427 2239 nqn
1476 2160 1616 2234 sunt
1656 2154 1919 2239 ‘insntituti

274 2228 481 2295 nostri,
516 2224 800 2298 praefatus
828 2224 1598 2298 doctiseimusbonfrerius,
1637 2228 1706 2281 de
1739 2226 1919 2296 Regio

274 2294 742 2353 tandem'codice
774 2297 966 2351 Graeco
997 2296 1228 2350 Eusebii
1261 2296 1343 2351 ita
1400 2294 1673 2352 lectorem
1714 2294 1920 2352 admo-

276 2371 535 2425 nendum
564 2368 760 2423 duxit:
796 2390 823 2416 ‹‹
866 2370 1180 2431 Hactenus,
1249 2367 1350 2434 ait,
1406 2368 1548 2423 mihi
1603 2384 1737 2423 cum
1796 2367 1919 2423 solo

278 2441 742 2512 Hieronymores
762 2438 971 2506 fuerat,
1004 2454 1137 2512 eum
1169 2438 1356 2512 nulla
1390 2438 1566 2512 mihi
1595 2457 1729 2511 spes
1753 2443 1923 2512 esset

275 2508 653 2567 nanciséendi
694 2511 955 2566 Graecum
989 2509 1058 2564 de
1088 2508 1230 2565 locis
1262 2509 1513 2565 Hebraeis
1552 2508 1868 2567 Eusebium
1904 2528 1916 2566 :

275 2584 377 2640 sed
410 2599 540 2639 ecce
570 2586 776 2654 praeter
804 2597 969 2654 spem
992 2597 1251 2654 omnem,
1272 2596 1405 2654 cum
1446 2582 1724 2637 Lutetiam
1768 2582 1923 2636 Pari-

275 2655 501 2711 siorum
525 2652 618 2709 me
648 2652 1120 2719 contulissemjn
1143 2669 1355 2707 manus
1388 2652 1633 2708 incurrit
1690 2654 1922 2709 Graecus

278 2725 724 2796 mauuscriptus
773 2722 1058 2796 Eusebius
1115 2740 1145 2778 e
1197 2724 1549 2779 bibliotheca
1605 2724 1920 2779 Parisiensi

276 2796 460 2869 Regia
494 2840 506 2863 ,
528 2795 696 2869 hune
714 2795 1140 2869 excerpendum
1174 2800 1541 2850 nactusnova
1572 2797 1693 2866 cepi
1730 2796 1919 2869 censi:

277 2866 464 2935 lia,'et
492 2884 625 2922 cum
659 2866 905 2921 Eusebio
938 2882 1095 2920 novae
1127 2871 1536 2922 successerunt
1566 2883 1738 2933 curae,
1790 2866 1923 2922 novi

278 2939 538 2995 labores.
574 2938 797 2993 Placuit
828 2938 1026 3007 itaque
1056 2937 1211 2991 hunc
1234 2954 1333 2991 seu
1364 2943 1649 3001 Graacum,
1680 2954 1781 2993 seu
1820 2940 1923 2993 La-

274 3011 401 3067 tine
432 3010 725 3065 redditum
757 3008 1125 3080 Hieronymo,
1152 3008 1415 3077 meisque
1447 3008 1924 3065 adnotationibus

276 3082 865 3152 conjungere,nequa
894 3080 952 3134 in
977 3096 1036 3134 re
1075 3095 1312 3152 Operam
1346 3085 1605 3152 nostram
1638 3080 1925 3152 benignus

278 3150 460 3209 lector
488 3150 843 3207 desideraret
874 3167 1037 3224 :equa
1066 3150 1133 3205 ex
1154 3151 1399 3224 regillud
1430 3150 1740 3224 imprimis,
1773 3150 1925 3207 com-

279 3224 441 3294 modi
476 3224 728 3290 accedet,
763 3222 1076 3292 quod’non
1127 3222 1374 3294 difficile
1406 3222 1533 3276 erit'
1559 3240 1685 3294 quae
1725 3223 1923 3278 Hiero-

276 3293 445 3378 nymi
504 3295 651 3363 sint,
713 3292 1147 3378 quaenEueebii.
1195 3292 1604 3378 internoscere,
1668 3296 1929 3378 quidque

276 3362 675 3437 Hieronymus
715 3362 786 3419 ad
850 3364 1080 3437 Eusebii
1134 3362 1925 3437 lucubrationes,addiderit,

277 3435 620 3503 detraxerit,
655 3436 988 3497 correxerit,
1031 3435 1626 3490 immutarit.Addidit
1654 3437 1925 3506 equidem

272 3509 677 3579 Hieronymus
708 3506 906 3578 aliqua
938 3523 1051 3579 non
1083 3510 1310 3579 tantum
1335 3508 1404 3561 ad
1431 3506 1660 3579 Eusebii
1693 3515 1923 3579 senten-

274 3581 447 3645 tiam,
482 3577 583 3633 sed
607 3579 781 3633 etiam
809 3577 1083 3649 quaedam
1117 3577 1375 3632 locorum
1411 3578 1647 3632 nomina
1671 3578 1925 3649 prepria,

275 3668 410 3723 qum
468 3651 527 3723 in
578 3650 824 3723 Eusebie
880 3666 994 3704 non
1034 3654 1401 3723 cernuntur;
1453 3665 1787 3723 quanquam
1872 3654 1929 3703 et

277 3719 569 3778 nonnulla
606 3720 861 3792 suspicio
892 3737 1019 3792 esse
1053 3720 1238 3790 possit
1283 3719 1484 3773 eorum
1524 3719 1805 3792 nonnulla
1860 3737 1928 3775 ex

278 3793 535 3849 Eusebio
565 3790 879 3846 excidisse:
914 3790 1168 3845 vicissim
1201 3807 1333 3845 vero
1367 3790 1614 3861 paucula
1665 3791 1926 3846 locorum

280 3864 527 3920 nomina
550 3863 787 3935 propria
815 3867 1137 3935 cernuntur
1166 3862 1224 3935 in
1259 3862 1527 3935 Eusebio.
1561 3879 1687 3933 qum
1728 3863 1928 3918 Hiero-

280 3952 498 4008 nymus
519 3933 637 4008 non
664 3933 971 4008 expressit,
1001 3949 1128 4002 quae
1161 3934 1232 3987 ab
1259 3933 1587 4005 Hieronymi
1610 3951 1929 4005 suppressa

280 4005 375 4062 vel
400 4006 667 4078 neglecta
706 4005 943 4078 censeri
964 4008 1230 4075 possunt.

357 4101 383 4126 ‹‹
409 4073 620 4132 Βθνὴοο
651 4073 1052 4145 manuscripto
1082 4074 1328 4129 Eusebio
1361 4073 1627 4127 addenda
1649 4073 1742 4127 hic
1781 4074 1927 4128 mihi

278 4148 554 4230 paueula,
589 4149 659 4228 de
699 4145 1476 4230 quibuslectorprtemoneri
1510 4146 1928 4230 debeatetque

275 4216 429 4274 illud
462 4216 777 4290 imprimis,
812 4217 1018 4290 pistum
1081 4216 1547 4286 manuscriptum
1597 4216 1924 4290 Eusebium

279 4290 518 4345 mendis
549 4286 724 4361 quam
765 4288 1038 4361 plurimis
1071 4294 1316 4361 scatere,
1350 4286 1671 4361 prmsertim
1703 4303 1835 4342 vero
1854 4289 1924 4361 Ain

274 4358 681 4443 exprimendis
712 4358 971 4443 loeorgm
996 4359 1335 4443 neminibus
1362 4358 1635 4429 propriis,
1661 4376 1801 4439 qua:

269 4431 487 4488 vitiose
516 4449 631 4487 non
668 4448 796 4486 raro
827 4432 1165 4496 efferuntur,
1202 4434 1265 4484 ut
1293 4445 1443 4501 aegre
1474 4445 1606 4501 cum
1658 4431 1730 4483 iis
1776 4431 1924 4484 voci-

271 4505 415 4571 bus,
456 4521 585 4576 quze
616 4504 770 4576 apud
796 4503 1209 4576 Hieronymum
1244 4500 1400 4571 sunt,
1435 4500 1777 4576 affinitatem
1810 4518 1927 4555 cer-

268 4558 433 4631 haei’:
468 4558 533 4631 ea
554 4558 751 4630 tamen
793 4575 909 4629 fere
938 4558 1068 4627 cuin
1095 4590 1162 4627 ea
1210 4558 1539 4644 corruptela
1598 4571 1926 4644 relinquere
1956 4558 2001 4621 D

268 4646 484 4711 malui,
518 4663 697 4717 quam
730 4645 787 4700 in
824 4644 925 4699 illo
992 4644 1193 4715 repeti,
1255 4661 1326 4699 ne
1374 4644 1601 4698 viderer
1630 4660 1744 4717 nen
1773 4649 1922 4717 tam

266 4714 811 4788 Eusebiuin,quam
848 4714 1232 4788 conjeCturas
1287 4732 1445 4788 meas
1495 4719 1563 4788 et
1605 4714 1783 4769 animi
1819 4715 1925 4785 lig-

265 4794 545 4845 mentum
576 4784 681 4843 tib'i
710 4784 1043 4842 tradidisse.
1069 4787 1268 4857 Neque
1324 4787 1381 4841 id
1451 4784 1761 4840 molestum
1794 4784 1922 4855 erit,

263 4864 377 4916 aut
406 4860 610 4915 lectori
641 4859 1103 4923 incommodum,
1148 4859 1380 4929 quando
1412 4858 1646 4929 quidem
1702 4873 1771 4911 ex
1824 4858 1922 4929 iis,

261 4948 402 5004 qua“:
433 4932 590 5004 apud
614 4931 1032 5004 Hieronymum
1080 4928 1467 5004 leguntur,vel
1512 4928 1659 4984 meis
1680 4928 1923 5004 addita-

262 5000 491 5059 mentis
521 5002 747 5073 liquido
771 5000 887 5073 lere
918 5006 1182 5057 constare
1205 5000 1413 5073 possit,
1441 5001 1734 5071 quomodo
1756 5017 1923 5073 voces

260 5074 386 5129 illa;
416 5072 715 5129 emendari
758 5072 1073 5128 debeant...
1102 5072 1264 5137 Ουοά
1313 5072 1384 5126 ad
1452 5075 1661 5125 caetera
1711 5072 1925 5127 menda

258 5145 499 5210 attinet,
532 5145 781 5200 subinde
813 5148 876 5199 ut
930 5160 1159 5209 sensus,
1219 5144 1433 5197 veritas
1490 5142 1799 5209 sententia,
1834 5144 1923 5197 vel

264 5218 541 5290 syntaxis
571 5219 884 5290 constaret,
918 5215 1181 5290 adjuvari
1233 5214 1438 5290 debuit
1498 5214 1805 5290 Eusebius,
1865 5219 1923 5290 et

257 5285 552 5344 nbnnullo
604 5287 895 5342 medicina
962 5286 1174 5352 afferri,
1227 5285 1444 5349 addita,
1499 5286 1775 5351 detracta,
1832 5286 1919 5340 vel

258 5364 501 5415 mutata
532 5359 853 5414 identidem
888 5374 1004 5412 una
1029 5356 1287 5413 litterula
1324 5356 1406 5411 vel
1442 5356 1662 5420 vocula,
1733 5373 1922 5428 neque

253 5431 453 5503 aperti
518 5447 743 5486 errores
790 5428 1203 5503 relinquendi__
1240 5430 1491 5495 fuerunt,
1576 5434 1921 5499 suggerente

253 5500 596 5576 praesrtim
639 5500 1107 5576 emendationem
1138 5500 1486 5576 Hieronymo
1522 5517 1533 5554 :
1570 5517 1909 5576 quanquam

250 5571 517 5630 subinde
541 5591 654 5628 non
671 5572 833 5628 nulla
862 5573 932 5627 ad
966 5571 1291 5643 marginem
1324 5572 1698 5627 adnotatione
1715 5571 1919 5627 malui-

249 5663 399 5701 mus
432 5646 584 5700 hanc
616 5662 737 5700 rem
769 5644 1072 5699 conﬁcere.

2027 518 2180 587 quod
2214 519 2449 587 quando
2485 516 2815 587 usuveniat,
2851 534 2964 572 non
2997 516 3232 573 difficile
3296 520 3406 574 erit
3461 537 3529 575 ex
3570 519 3665 575 iis.

2022 604 2149 662 quae
2173 604 2284 662 nos
2318 589 2387 642 de
2412 588 2643 662 mendis
2678 590 2981 662 nominum
3040 592 3192 661 apud
3248 591 3666 662 Hieronymum

2023 659 2640 731 efferimus,colligere.
2677 659 2821 714 Illud
2860 661 3028 715 etiam
3064 659 3497 717 admonendum
3530 664 3670 717 duxi

2022 729 2302 785 nonnulla
2323 729 2816 800 apudEusebium
2878 731 3118 787 nomina
3174 733 3432 788 locorum
3486 734 3666 801 cerni,

2027 818 2156 872 qua:
2192 802 2247 855 in
2282 801 2631 873 Hieronymo
2682 803 2896 857 desunt
2954 821 2965 869 ;
3020 804 3119 857 sed
3171 803 3289 858 Ι]ωο
3349 806 3667 860 admodum

2064 889 2209 927 auca
2240 878 2399 927 sunt.
2436 878 2578 948 item
2613 875 2765 943 apud
2792 875 3117 948 Eubebium
3142 876 3380 930 nomina
3403 877 3669 948 quaedam

2022 890 2209 997 pauca
2240 890 2399 927 sunt.
2436 890 2578 927 item
2613 890 2765 943 apud
2792 890 3117 929 nubentum
3142 891 3380 930 nomina
3403 890 3667 948 quaedam

2047 960 2284 999 ocorum
2340 945 2575 1015 propria
2605 961 2922 1016 suppressa
2955 946 3154 1016 fuisse,
3191 963 3317 1015 quae
3350 964 3416 1001 ex
3465 948 3667 1001 Hiero-

2024 1032 2201 1087 nymo
2233 1016 2595 1070 restituenda
2626 1018 2890 1070 fuerunt.
2924 1039 2951 1065 ››
2978 1017 3289 1087 Hucusque
3312 1019 3669 1075 Bonfrerius.

2098 1088 2375 1159 Majorem
2394 1103 2529 1141 vero
2555 1087 2733 1156 hujus
2757 1089 3117 1142 PraIfationis
3143 1094 3364 1159 partem
3392 1090 3447 1143 in
3473 1095 3676 1145 nostra

2024 1156 2430 1212 Admonitione
2487 1158 2932 1230 descripsimus,
2994 1165 3057 1213 ut
3111 1156 3343 1230 gratum
3405 1162 3669 1215 animum

2022 1232 2391 1283 ostenderem
2426 1245 2561 1299 erga
2589 1228 2891 1285 laudatum
2920 1228 3283 1285 Bonfreirium
3313 1250 3326 1298 ;
3352 1249 3486 1287 nam
3512 1232 3671 1287 labo-

2024 1316 2166 1365 rem,
2202 1316 2268 1353 ac
2286 1304 2493 1374 partes
2516 1317 2663 1370 quas
2697 1302 2839 1374 mihi
2857 1319 3226 1374 sumpseram
3254 1319 3353 1357 eas
3376 1320 3671 1374 praeoccu-

2026 1372 2685 1453 pare-etobservationes
2716 1372 3099 1453 doetiyiriiitd
3129 1372 3447 1453 pleniorem
3470 1379 3669 1453 tamen

2022 1441 2471 1517 intelligentiam
2504 1448 2560 1496 et
2590 1444 2833 1517 Eusebii,
2857 1445 3056 1512 Grmci,
3090 1441 3146 1497 et
3176 1446 3507 1516 Hieronymi
3543 1446 3671 1517 ejus

2024 1513 2377 1583 interpretis,
2441 1530 2544 1568 nec
2595 1532 2707 1587 non
2770 1516 3221 1587 adgperfectam
3279 1513 3670 1587 cognitionem

2024 1600 2411 1658 eorum,qu
2453 1602 2489 1658 a
2518 1586 2698 1658 nobis
2719 1585 3090 1657 peculiariter
3131 1585 3481 1658 pertractata
3511 1594 3669 1643 sunt.

2026 1654 2317 1730 nonnulla
2341 1654 2735 1730 Bonfrerianis
2788 1654 3348 1730 prazmonitionibus
3386 1660 3672 1730 superad—

2024 1725 2214 1800 denda
2243 1731 2409 1800 erant
2437 1725 2703 1781 instituto
2738 1725 2936 1800 nostro
2970 1729 3225 1799 propria.
3289 1728 3439 1800 illud
3463 1725 3674 1800 'igitur

2026 1796 2283 1871 primnm
2312 1797 2618 1871 admoneo,
2672 1814 2769 1871 me
2809 1796 3142 1870 Hieronymi
3207 1799 3492 1871 editorem
3517 1796 3675 1871 esse,

2028 1883 2146 1923 non
2180 1867 2476 1944 Eusebii__:_
2499 1884 2615 1939 qua
2666 1868 2888 1944 ratione
2918 1867 3048 1944 non:
3090 1871 3339 1926 Eusebio
3396 1867 3675 1944 Hierony;

2029 1955 2194 1993 mum
2253 1940 2352 1993 sed
2411 1939 2758 2011 Hieronymo
2841 1941 3157 1997 Eusebium
3235 1939 3678 1998 accommodare

2029 2014 2205 2085 atque
2237 2014 2623 2085 attemperare
2654 2012 2850 2085 debui.
2884 2014 3043 2085 Qupd
3079 2017 3135 2067 et
3164 2012 3383 2067 factum
3416 2029 3676 2085 compro-

2028 2080 2265 2154 babitur
2292 2080 2723 2154 totoedecursu
2782 2081 2915 2136 libri
2968 2083 3248 2154 Locorum
3284 2100 3459 2149 ;nam
3516 2080 3671 2154 q'uod

2032 2152 2414 2226 Hieronymus
2446 2151 2526 2206 ita
2565 2158 2800 2226 seeutus
2846 2154 2923 2207 sit
2972 2153 3328 2226 liiterrarum
3379 2151 3673 2226 alphabeti

2028 2222 2291 2277 ordinem
2326 2224 2382 2275 in
2418 2224 2755 2278 nominibus
2786 2224 3045 2279 locorum
3078 2225 3279 2279 ordine
3322 2222 3674 2281 collecandis

2029 2292 2434 2368 utalphebeto
2467 2294 2671 2350 Latino
2720 2311 2853 2350 eum
2906 2296 3285 2368 adaptaverit,
3339 2313 3513 2368 quem
3564 2302 3675 2351 Eu-

2030 2365 2229 2439 sebius
2260 2365 2456 2439 Grece
2488 2365 3072 2439 aecommodaverat';
3108 2384 3214 2423 nos
3245 2365 3479 2439 quo—que
3507 2368 3675 2424 Hiero

2033 2436 2193 2507 nymi
2225 2436 2487 2507 vestigiis
2528 2437 2895 2504 inhaerentes,
2948 2436 3279 2495 Graecarum
3346 2436 3675 2495 litterarum

2029 2507 2291 2582 qrdinem
2352 2509 2423 2562 ad
2473 2508 2761 2582 Latinum
2821 2526 3179 2582 revocamus.
3242 2510 3386 2565 Hinc
3445 2528 3573 2582 quae
3631 2512 3677 2566 X

2030 2578 2292 2634 Graecum
2334 2595 2436 2650 pro
2468 2580 2675 2635 initiali
2708 2580 2902 2636 littera
2932 2581 3171 2647 habent,
3222 2583 3293 2636 ad
3334 2582 3375 2637 C
3405 2578 3675 2637 Latinum

2031 2649 2346 2733 retulimus
2376 2667 2508 2733 cum
2557 2652 2902 2733 Hierqnymo
2926 2668 2952 2733 _:
2988 2669 3130 2733 quea
3174 2671 3232 2733 a_
3263 2653 3310 2733 Ε.
3363 2653 3651 2733 incipiunt

2033 2722 2101 2775 ad
2138 2722 2176 2775 F
2208 2726 2473 2795 revocata
2504 2728 2660 2778 sunt.
2696 2722 2830 2787 Qua:
2872 2724 2960 2795 ab
3004 2722 3170 2779 initio
3222 2724 3439 2780 habent
3485 2722 3557 2795 Ἡ,
3616 2725 3634 2778 i

2032 2798 2142 2856 est,
2175 2793 2588 2867 aspirationem
2624 2795 2742 2849 sive
2793 2794 3069 2867 spiritum
3125 2795 3277 2850 inter
3331 2812 3398 2850 ea
3438 2793 3678 2851 nomina

2032 2880 2158 2937 quae
2188 2863 2681 2937 initiumducunt
2712 2867 2783 2920 ab
2815 2863 2859 2921 Ᾱ
2898 2865 2984 2921 vel
3019 2867 3079 2931 E,
3144 2867 3527 2937 conjecimus.
3564 2868 3677 2922 De-

2033 2933 2210 3015 nique
2239 2933 2521 3015 nennulla
2550 2937 2862 3015 vocabnla_
2891 2942 3173 3009 tanquam
3215 2933 3454 3015 nemina
3478 2938 3677 3011 appel-

2031 3005 2223 3081 lativa,
2260 3007 2330 3061 ab
2359 3006 2710 3081 Hieronymo
2745 3008 2943 3081 Latine
2975 3005 3142 3064 versa
3173 3014 3350 3081 atque
3381 3005 3675 3081 expressa,

2034 3078 2104 3130 ad
2124 3094 2277 3149 suas
2304 3094 2549 3149 qumque
2575 3078 2828 3135 initiales
2854 3079 3077 3135 litteras
3102 3078 3312 3136 referre
3339 3078 3679 3137 studuimus

2039 3147 2201 3224 Talia
2230 3155 2417 3224 sunt,‘
2449 3147 2594 3224 Ager
2628 3151 2861 3221 fullonis
2891 3168 2909 3211 ,·
2942 3152 3139 3206 Putatis
3185 3154 3517 3224 juramenti,
3581 3158 3682 3207 aut

2040 3220 2263 3293 etsionis
2301 3236 2335 3293 _:
2364 3219 2642 3293 esepulcra
2696 3219 3307 3293 roncupi.crenlim,'etc
3368 3242 3380 3278 :
3437 3241 3563 3293 quae
3619 3224 3679 3278 in

2037 3290 2232 3361 (ἓηηεο
2262 3289 2573 3361 alphabeto
2604 3292 2827 3349 litteras
2854 3289 3068 3348 habent
3108 3289 3361 3349 initiales
3392 3312 3425 3349 a
3456 3289 3679 3350 Latinis

2038 3360 2209 3431 longe
2241 3360 2519 3417 diversas.
2553 3365 2699 3418 Huic
2730 3364 2918 3419 ordini
2953 3381 3018 3419 ac
3050 3365 3149 3419 vite
3181 3366 3447 3420 insistere
3480 3382 3678 3422 neces-

2038 3433 2546 3510 sitate_compu_lsi
2573 3452 2814 3510 __su_mus
2850 3452 2861 3488 :
2899 3442 3097 3510 utpote
3156 3438 3259 3490 toti
3328 3437 3677 3510 Hieronymo

2037 3502 2266 3571 intenti,
2296 3520 2374 3577 ne
2398 3502 2625 3574 aliquid
2659 3507 2730 3560 de
2760 3508 2887 3575 ejus
2918 3502 3192 3577 operibus
3224 3524 3257 3561 ο.
3287 3507 3455 3561 nobis
3485 3502 3679 3563 edere-

2038 3574 2458 3653 tur_quod_non
2491 3580 2645 3653 esset
2681 3574 2812 3631 vere
2854 3574 3393 3653 Hieronymianum,
3445 3578 3567 3634 sive
3615 3579 3674 3632 in

2036 3644 2251 3710 verbis,
2285 3649 2402 3699 sive
2434 3645 2491 3699 in
2523 3645 2724 3701 ordine
2755 3644 3085 3701 verborum:

2110 3716 2220 3789 sed
2255 3714 2421 3789 alteri
2447 3715 2729 3772 lectorum
2766 3717 3005 3773 utilitati
3038 3718 3429 3789 providentes,
3469 3724 3527 3773 et
3554 3723 3679 3773 stu-

2039 3786 2217 3862 diosis
2249 3787 2441 3842 Graece
2474 3788 2867 3862 nes_cientibus
2900 3786 3520 3862 indicare‘cupientes,
3553 3807 3678 3862 quae

2036 3858 2109 3930 ab
2132 3860 2485 3930 Hieronymo
2516 3860 2718 3915 addita
2747 3861 2864 3915 sint
2894 3862 2965 3915 ad
3026 3858 3339 3916 Eusebium
3396 3858 3680 3929 Graecum,

2038 3927 2095 3982 in
2130 3929 2332 3983 Latino
2355 3927 2633 3985 eontexlu
2670 3930 2788 3985 haec
2827 3932 3227 3987 additamenta
3276 3933 3507 3987 uncinis
3538 3927 3676 3987 con4

2036 3999 2332 4053 cludimus
2380 4001 2438 4054 in
2473 4001 2628 4056 hunc
2686 4006 2926 4058 modum
2965 4021 2977 4057 :
3034 4005 3225 4069 (Porro
3295 4005 3503 4058 Hebizei
3541 4004 3680 4059 hanc

2035 4087 2146 4126 esse
2172 4073 2363 4145 dieunt
2403 4073 2791 4144 Mesopotamiae
2846 4077 3141 4143 civitatem,
3199 4091 3319 4145 qua:
3365 4076 3523 4130 hodie
3585 4093 3677 4131 vo-

2036 4152 2193 4197 catur
2222 4143 2403 4215 Nisibi
2448 4149 2498 4198 et
2541 4143 2583 4199 ’a
2646 4146 2871 4201 Lucullo
2932 4143 3219 4215 quondam
3258 4148 3497 4201 Romano
3550 4163 3676 4201 con-

2034 4214 2151 4287 sule
2180 4214 2469 4279 obsessam,
2502 4218 2824 4287 captamque
2852 4235 2874 4279 ;
2900 4214 2952 4271 et
2982 4221 3111 4271 ante
3162 4233 3365 4287 paucos
3421 4234 3592 4272 annos
3646 4236 3678 4272 (ι

2034 4286 2258 4359 Jeviane
2289 4288 2615 4359 imperatore
2653 4286 2835 4343 Persis
2875 4286 3185 4358 traditam),
3239 4288 3473 4344 Monent
3504 4288 3684 4359 igitur

2035 4355 2203 4431 signa
2234 4356 2357 4431 btec
2386 4361 2567 4431 totam
2602 4358 3007 4428 hujuscemodi
3038 4355 3367 4431 pericopem
3412 4365 3470 4415 et
3499 4355 3678 4415 histo-

2036 4426 2215 4502 rieam
2257 4426 2719 4502 observationem
2771 4431 2843 4484 ab
2902 4426 3252 4502 Hieronymd
3308 4432 3678 4501 conjunctam

2038 4497 2369 4574 fuissevoci
2401 4501 2626 4574 Achad;
2660 4502 2732 4556 de
2764 4518 2881 4571 qua
2923 4502 3069 4556 nihil
3119 4497 3388 4574 'amplius
3416 4497 3679 4573 'scripsit

2036 4570 2323 4644 Eusebius
2356 4576 2563 4644 praeter
2593 4572 2706 4627 ista
2738 4570 2865 4644 quae
2896 4570 3269 4644 sequuntur':
3302 4573 3497 4638 Achad,
3548 4570 3678 4629 aer

2035 4644 2193 4709 regni
2214 4643 2441 4697 Nemrod
2473 4644 2533 4697 in
2581 4643 2885 4709 Babylone.
2941 4643 3043 4699 Ubi
3088 4662 3220 4701 vero
3280 4645 3680 4701 additamenta

2034 4704 2751 4784 Hieronymiana'uncinis
2803 4733 2912 4771 non
2948 4716 3322 4771 inveniuntur
3380 4716 3672 4783 conclusa,

2035 4783 2202 4838 facile
2233 4783 2300 4838 ex
2333 4785 2597 4841 absentia
2640 4787 2819 4841 δι’ωοί
2873 4792 3177 4842 contextus
3236 4788 3294 4842 in
3356 4787 3534 4842 altera
3583 4804 3675 4843 co-

2033 4853 2239 4910 lumna
2265 4860 2538 4928 poterunt
2570 4858 2881 4913 internosci
2923 4877 2935 4925 ;
2967 4859 3051 4913 vel
3088 4864 3239 4914 certe
3269 4858 3675 4915 manifestissi-

2034 4942 2131 5003 ma
2163 4928 2301 5003 fient
2332 4928 2387 4982 in
2422 4929 2660 5003 scholiis
2693 4930 2932 5003 nostris,
2964 4931 3179 5001 quibns
3211 4930 3337 4986 loca
3362 4930 3675 5003 quamplu-

2033 4996 2183 5073 rima
2214 4998 2563 5054 illustranda
2595 4996 2982 5073 suscepimus.

2104 5069 2385 5155 Oetaeum
2423 5069 2784 5155 menendus'
2808 5078 2897 5155 est
2936 5072 3223 5155 benignus
3253 5072 3453 5155 leetor,
3502 5074 3677 5155 ne_ab

2032 5140 2224 5215 etudio
2252 5142 2666 5213 diligentiaque
2699 5149 2897 5198 nostra
2928 5140 3145 5215 aliquid
3180 5146 3237 5199 in
3272 5144 3677 5201 editionelibri

2034 5212 2315 5286 Locorum
2348 5212 2658 5284 exspectet,
2693 5216 2846 5286 quod
2872 5212 3213 5286 neutiquam
3246 5217 3318 5271 ab
3351 5216 3677 5273 editoribus

2030 5284 2525 5359 Hieronymijure
2552 5284 2781 5359 merito,
2834 5293 2935 5341 aut
2992 5284 3155 5357 aquo
3207 5288 3431 5358 judicio
3493 5290 3679 5359 possit

2030 5358 2372 5431 exspectari.
2403 5357 2597 5427 Neque
2630 5357 2799 5431 enim
2818 5374 2964 5431 novo
3014 5357 3330 5430 systemate
3373 5357 3675 5431 antiquam

2028 5426 2214 5500 Terrae
2248 5430 2469 5482 Sancta:
2502 5426 2951 5500 topographiam
3002 5426 3228 5485 mutare
3264 5426 3630 5487 tentabimus
3664 5448 3677 5495 ;

2030 5499 2127 5574 sed
2156 5499 2341 5574 Opera
2388 5500 2839 5574 llieronymiana
2891 5518 3122 5574 summa
3182 5519 3299 5573 qua
3356 5502 3683 5574 poterimus

2029 5570 2141 5622 fide
2193 5572 2262 5624 ad
2319 5570 2625 5644 pristinam
2687 5588 2761 5644 ae
2812 5570 3228 5644 primigeniam
3289 5570 3678 5644 integritatem

2029 5658 2315 5709 revocare,
2369 5642 2649 5712 Notisque
2706 5641 3027 5701 illustrare
3060 5661 3165 5714 pro
3220 5642 3454 5698 modulo
3484 5651 3689 5714 nostro

2029 5718 2385 5785 satagemus.
2420 5714 2523 5777 Qui
2557 5710 2768 5785 printer
2798 5714 2939 5774 haec
2968 5717 3026 5769 in
3067 5710 3315 5769 editione
3350 5716 3547 5767 nostra
3577 5710 3697 5785 al'v

2027 5784 2164 5857 quid
2210 5784 2571 5857 requisierit,
2624 5801 2787 5857 spem
2872 5803 3045 5847 suam
3090 5786 3310 5857 irritam
3370 5784 3649 5850 agnoscat
3686 5790 3704 5825 ε

2029 5854 2166 5928 quia
2198 5854 2424 5927 majora
2453 5862 2510 5914 et
2539 5854 2801 5913 indebita
2868 5857 3070 5921 studia
3098 5854 3296 5926 poscit,
3361 5865 3532 5923 quam
3606 5858 3722 5905 res

336 5738 367 5765 ‹‹
400 5717 504 5772 His
538 5722 731 5772 tamen
782 5720 837 5771 et
899 5714 1040 5769 illud
1084 5714 1235 5769 addo
1283 5731 1707 5785 nonnunquam
1758 5716 1913 5785 apud

248 5788 584 5847 Eusebium
619 5788 908 5843 sincerius
942 5792 997 5841 et
1047 5786 1446 5847 incorruptius
1503 5784 1915 5842 neminaloco-

247 5876 397 5918 rum
431 5860 667 5933 prepria
698 5858 909 5929 afferri,
944 5874 1120 5929 quam
1146 5857 1297 5930 apud
1318 5857 1819 5930 Hieronymum,et
1848 5875 1918 5914 ex
