4128 6186
530 334 688 396 1639

2030 325 2447 396 APPENDIX.

3778 331 3913 394 1640

543 464 879 538 onymianis
901 461 1410 538 lucubrationibus
1433 465 1618 538 honor
1637 463 1886 538 accedet.
1911 463 2174 538 Loquen-
2209 466 2262 531 Α
2292 476 2567 532 expresso
2597 464 2652 516 et
2677 455 3122 515 Commentariis
3152 457 3445 516 illustrato
3499 476 3532 515 a
3574 464 3766 517 sancto
3801 461 3916 518 Hie-

531 535 640 592 em'
661 553 798 592 vero
827 536 1201 590 introducam
1233 536 1427 607 ipsum
1457 535 1724 607 opiﬁcem
1750 606 1756 607 γ
1778 536 2032 607 Historiae
2061 536 2176 588 cri-

527 612 646 674 icm,
703 625 772 662 ne
836 624 1099 678 unquam
1161 606 1437 678 conqueri
1489 606 1671 678 possit
1728 606 1797 659 de
1824 606 2022 678 aliqua
2050 623 2175 678 ver-

501 679 719 734 borum
742 677 991 733 suorum
1015 679 1098 732 vel
1123 677 1404 732 sensuum
1438 677 1588 732 facta
1622 679 1942 732 mutatione
1977 677 2033 732 in
2067 677 2175 731 hac

499 751 792 822 praesenti
815 750 1213 820 disputatione
1245 767 1346 822 pro
1378 748 1727 822 Hieronymo
1759 754 2050 822 suscepta.

583 822 679 877 Sic
716 821 906 876 ihitur
938 837 1109 875 orsus
1130 827 1218 874 est
1249 820 1546 874 Simonius
1569 825 1883 891 caputxm,
1919 820 2057 891 libri
2083 834 2174 874 se-

497 893 682 948 cundi
743 894 1090 947 Ilislor.crit.
1114 891 1479 946 voluminum
1511 890 1892 946 Vet.Testam
1929 909 1940 946 :
1969 914 1996 938 «
2020 890 2063 944 ll
2087 894 2176 945 est

499 986 527 1013 «
561 964 690 1018 aisé
721 964 794 1018 de
827 966 1212 1032 reconnaitre,
1247 979 1352 1032 par
1382 962 1438 1016 la
1470 963 1717 1033 critique
1753 979 1864 1032 que
1897 979 2044 1016 nous
2074 977 2171 1016 ve-

499 1057 526 1082 ‹‹
563 1051 716 1089 nons
749 1036 819 1088 de
853 1034 1012 1099 faire,
1066 1049 1178 1104 que
1215 1032 1268 1087 la
1303 1033 1547 1104 Vulgate
1598 1032 1817 1099 Latine,
1861 1035 1930 1087 de
1964 1033 2015 1087 la
2049 1049 2170 1086 ma-

499 1128 526 1153 ‹‹
562 1106 725 1160 niere
758 1121 872 1175 que
913 1122 1061 1159 nous
1097 1106 1315 1159 l’avons
1377 1107 1831 1174 présentemcnt,
1888 1104 2172 1175 n‘estrpas

499 1200 526 1225 «
561 1174 950 1246 entiere’ment
980 1177 1051 1230 de
1084 1175 1239 1230 saint
1269 1176 1520 1238 Jérome,
1559 1176 1690 1230 bien
1751 1192 1882 1246 que,
1945 1174 2173 1246 pariant

503 1264 631 1301 aen
683 1245 940 1319 general,
984 1247 1022 1300 il
1077 1263 1149 1300 en
1211 1247 1320 1319 soit
1369 1246 1634 1319 l’auteur.
1683 1245 2010 1319 _Co’mme’il
2044 1264 2078 1317 y
2139 1262 2172 1298 a

499 1341 525 1367 ‹‹
561 1316 819 1373 ἀέιιῑιινθε
853 1318 1024 1372 livres
1055 1319 1205 1372 dans
1255 1317 1310 1371 la
1357 1321 1542 1372 meme
1587 1316 1853 1387 Vulgata,
1905 1319 2002 1388 qui
2037 1316 2173 1371 sont

499 1413 527 1437 «
562 1390 940 1445 absolument
989 1390 1060 1443 de
1112 1389 1213 1451 lui,
1263 1393 1319 1442 et
1377 1390 1521 1442 dont
1569 1405 1858 1459 personne
1905 1406 1976 1444 ne
2035 1392 2174 1458 peut

504 1484 524 1508 «
559 1461 912 1530 doutcr,j’ai
945 1476 1047 1515 cru
1084 1459 1222 1530 qu’il
1259 1460 1438 1514 serait
1480 1464 1513 1515 a
1543 1477 1784 1531 ipropos
1815 1459 2173 1513 d’examiner

499 1555 527 1582 «
558 1547 766 1587 encore
799 1537 944 1586 cette
977 1533 1208 1586 version
1241 1531 1389 1585 dans
1423 1530 1712 1601 quelques
1755 1532 2012 1586 cndroits
2069 1531 2168 1600 qui

500 1608 692 1658 «sont
752 1605 1127 1658 assurément
1185 1603 1256 1656 de
1327 1602 1483 1656 saint
1539 1605 1792 1656 Jérdme.
1851 1601 1961 1657 J’ai
2020 1602 2169 1656 donc

498 1697 524 1722 «
559 1674 743 1728 choisi
779 1673 829 1728 le
870 1674 1010 1728 livre
1055 1674 1126 1727 de
1179 1673 1539 1739 l’k‘clcsiusle,
1601 1674 1743 1727 dont
1801 1689 1947 1728 nous
1990 1689 2168 1727 avens

501 1766 528 1793 ‹‹
560 1745 643 1800 les
685 1746 839 1799 deux
871 1745 1149 1800 Versions
1207 1745 1508 1815 Vulgatcs,
1572 1746 1814 1815 rangées
1873 1761 1975 1798 sur
2017 1745 2168 1798 deux

498 1816 894 1898 «differentes
949 1815 1229 1898 colonnes
1289 1815 1462 1898 dans_
1497 1814 1606 1898 les.
1636 1814 1922 1898 ouvrages
1978 1815 2048 1896 de
2105 1832 2167 1869 ce
2196 1835 2242 1898 B

498 1909 524 1934 ‹‹
559 1887 718 1950 Pere,
754 1891 809 1940 et
841 1885 992 1956 ainsi
1027 1885 1063 1938 il
1100 1885 1195 1955 n’y
1227 1903 1259 1939 a
1292 1902 1396 1955 pas
1427 1885 1543 1939 lien
1575 1886 1646 1956 de
1706 1887 1914 1940 doutcr
1944 1885 2162 1956 qu'une

501 1978 528 2004 ‹‹
569 1958 642 2010 de
671 1973 767 2010 ces
807 1955 1107 2020 colonnes,
1138 1956 1236 2024 qui
1269 1958 1601 2027 represents
1633 1955 1688 2009 la
1718 1955 1975 2024 Vulgata
1997 1956 2160 2011 d’au-

497 2049 526 2076 «
557 2027 856 2095 jourrl’hui
891 2043 962 2080 ne
994 2027 1106 2081 soit
1148 2027 1204 2080 la
1230 2027 1496 2081 nouvelle
1528 2028 1856 2081 traduction
1908 2028 1976 2080 de.
2009 2029 2163 2081 saint

498 2120 525 2146 ‹‹
557 2098 816 2170 JérOme,
877 2097 1287 2170 qu’ilajointe
1336 2113 1480 2170 avec
1535 2097 1858 2153 l’anciennc
1917 2097 2164 2170 Vulgate

497 2191 525 2218 «
560 2168 849 2240 quiavait
877 2171 968 2222 été
998 2168 1152 2240 ilaite
1184 2186 1286 2223 sur
1332 2169 1384 2222 le
1409 2239 1416 2240 ί
1445 2169 1588 2224 Grec
1639 2169 1742 2240 des
1773 2168 2070 2240 Septanté,
2108 2176 2162 2225 et

498 2261 525 2289 ‹‹
559 2242 634 2312 ou
671 2239 708 2292 il
739 2256 774 2312 y
797 2258 828 2294 a
851 2239 1009 2294 aussi
1032 2239 1289 2310 quelque
1309 2239 1577 2312 mélange
1625 2241 1695 2295 de
1729 2239 1784 2295 la
1833 2239 2066 2296 version
2091 2243 2161 2297 de

502 2332 529 2360 «
560 2311 945 2365 Théodotion.

570 2404 597 2430 ‹‹
630 2382 1059 2452 SaintJérOme
1091 2379 1338 2446 declare,
1394 2381 1540 2435 dans
1591 2379 1646 2435 la
1698 2382 1923 2452 préface
1956 2381 2093 2452 qu’il
2128 2399 2161 2437 a

503 2475 523 2501 α
559 2453 707 2508 mise
735 2456 768 2507 a
800 2451 860 2512 la
887 2455 998 2507 tete
1057 2453 1127 2506 de
1159 2468 1263 2506 son
1322 2451 1740 2506 commentaire
1797 2469 1900 2508 sur
1928 2451 2159 2508 l'licclé-

498 2547 526 2573 ‹‹
559 2523 839 2591 siaste,la
873 2523 1144 2578 méthode
1174 2522 1314 2593 qu’il
1341 2539 1372 2576 a
1405 2522 1589 2578 suivie
1621 2524 1768 2577 dans
1801 2541 1866 2578 sa
1896 2524 2160 2580 nouvelle

499 2619 526 2646 ‹‹
559 2595 788 2650 version
817 2613 829 2658 ;
864 2601 920 2649 et
951 2594 988 2648 il
1024 2596 1314 2664 témoigne
1346 2593 1584 2649 d’abord
1619 2595 1758 2664 qu’il
1793 2612 1864 2650 ne
1895 2595 2035 2650 s’est
2065 2613 2157 2651 as-

502 2687 528 2717 α
559 2667 762 2736 sujetti
795 2670 828 2720 ἐι
859 2665 1148 2738 l’autorité
1181 2667 1430 2720 d’aucun
1466 2667 1798 2738 interprete,
1836 2667 1985 2738 mais
2017 2666 2157 2738 qu’il

499 2760 526 2789 ‹‹
562 2737 878 2823 a'tradu'it
930 2736 1307 2823 simplement
1365 2753 1466 2790 sur
1525 2736 1909 2823 l'hébreu.“ll
1966 2736 2160 2823 ajoute

499 2833 527 2858 ‹‹
563 2809 910 2864 néanmoins
969 2807 1108 2879 qu‘il
1156 2807 1295 2862 s'est
1338 2809 1713 2862 accommode
1744 2811 1776 2864 a
1809 2807 2026 2879 l'usage
2057 2811 2159 2864 des

501 2904 528 2929 ‹‹
563 2881 862 2951 Septante,
924 2879 1057 2951 plus
1115 2879 1545 2951 qu’a_aucune
1589 2884 1751 2934 autre
1805 2880 2158 2947 traduction,

503 2973 530 3001 α
565 2949 713 3006 dans
743 2951 828 3006 les
859 2949 1223 3006 en’droits’ou
1257 2949 1330 3004 ils
1362 2966 1434 3004 ne
1493 2949 1762 3006 different
1824 2967 1927 3021 pas
1983 2953 2158 3006 beau-

505 3046 525 3072 ι
562 3040 717 3094 coup
757 3023 832 3077 du
872 3026 1044 3094 itexte
1076 3021 1340 3094 _hébreu.
1405 3022 1568 3076 Entin
1627 3021 1663 3075 il
1727 3038 1906 3094 avoue
1953 3023 2094 3093 qu’il
2127 3041 2159 3078 a

502 3116 530 3145 «
563 3092 724 3149 aussi
755 3092 1145 3166 quelquefoisi
1180 3109 1247 3166 eu
1308 3109 1541 3148 recours
1600 3095 1631 3146 ἡ
1671 3092 1902 3166 Aquila,
1935 3092 2157 3165 aSym-

503 3187 530 3216 ‹‹
563 3163 861 3237 meque—et
892 3163 926 3220 a’
955 3164 1315 3220 'I‘héodotion
1367 3180 1379 3217 :
1433 3167 1506 3219 de
1555 3168 1716 3237 sorte
1742 3163 1902 3237 ’qu’il
1959 3181 1990 3218 a
2023 3163 2157 3225 eon-

507 3259 534 3286 «
567 3234 721 3292 sulté
751 3243 883 3291 tous
917 3253 1011 3291 ces
1044 3241 1281 3290 auteurs
1313 3251 1461 3305 pour
1491 3234 1632 3288 taire
1664 3251 1777 3288 unc
1810 3236 2001 3289 bonne
2030 3252 2156 3291 ver-

505 3331 532 3356 ‹‹
567 3309 747 3378 εἰοῐιη
778 3308 1010 3378 Voyons
1069 3306 1434 3378 meainteuant
1490 3306 1578 3358 s’il
1610 3322 1643 3378 a
1673 3305 1936 3375 toujours
1973 3307 2159 3362 réussi

506 3402 531 3428 α
569 3380 716 3432 dans
737 3377 790 3432 le
820 3376 988 3431 choix
1018 3377 1156 3447 qu’il
1185 3394 1217 3430 a
1248 3376 1350 3430 fait
1380 3377 1449 3429 de
1481 3391 1576 3430 ces
1606 3376 1971 3446 interpretes.
2007 3400 2026 3425 ι

575 3450 656 3503 Ex
687 3448 795 3503 hoc
825 3450 1082 3504 Historiae
1110 3449 1314 3502 critica:
1370 3447 1605 3501 turbido
1663 3447 1818 3501 fonte
1865 3448 2158 3502 innumeri

506 3521 800 3575 ﬂuxerunt
830 3535 1051 3575 errores
1085 3519 1239 3590 apud
1301 3519 1560 3590 curiosos
1597 3534 1684 3590 iac
1726 3519 2026 3574 studiosos
2056 3519 2159 3574 ho-

505 3592 716 3656 mines,
750 3591 850 3662 qui
884 3594 946 3644 R.
979 3589 1221 3662 SimOnii
1268 3606 1380 3662 non
1413 3589 1721 3662 defugiunt
1749 3591 2154 3662 auctoritatem

505 3663 741 3717 ﬂuxam.
771 3660 925 3717 Dum
958 3661 1112 3715 enim
1174 3661 1418 3716 credunt
1459 3660 1650 3715 verbis
1707 3661 2029 3732 scriptoris,
2060 3661 2159 3732 qui

506 3733 713 3789 falsam
746 3733 856 3788 sibi
917 3733 1172 3788 scientiae
1204 3733 1641 3803 persuasionem
1677 3732 1926 3804 induxit
1959 3776 1972 3798 ,
2034 3732 2159 3804 plu-

506 3806 656 3860 rima
685 3821 783 3860 eos
812 3809 1038 3875 oportet
1066 3802 1397 3859 commenta
1429 3808 1603 3873 atque
1635 3802 2049 3875 phantasmata
2071 3821 2160 3858 ve-

507 3876 719 3932 nerari.
745 3874 924 3945 Cujus
956 3875 1156 3946 utique
1186 3875 1414 3946 generis
1449 3879 1658 3946 sunt,l
1702 3874 1979 3946 Vulgatas
2011 3876 2157 3930 duas

508 3946 922 4003 translationes
972 3945 1198 4001 Latinas
1256 3945 1563 4017 columnis,
1599 3945 1906 4000 distinctas
1938 3947 2158 4017 positas

508 4035 637 4074 esse
679 4019 736 4072 in
787 4017 1218 4073 Commentario
1267 4017 1450 4072 sancti
1501 4016 1833 4088 Hieronymi
1876 4016 2156 4072 in’Eccle-

509 4091 747 4145 siastem
775 4107 786 4156 ;
820 4093 880 4142 2°
909 4089 1178 4143 eumdem
1210 4087 1652 4143 sanctissimum
1695 4087 1986 4143 doctorem
2017 4088 2157 4144 Vul-

508 4165 652 4233 gatze
685 4161 936 4232 antiquae
967 4161 1180 4233 Latina;
1206 4176 1240 4233 se
1285 4159 1496 4214 Graecis
1529 4165 1819 4233 prognata
1851 4159 2158 4230 capulasse

509 4230 717 4288 uovam
750 4230 916 4286 suam
951 4231 1392 4286 translationem
1437 4247 1506 4285 ex
1540 4230 1770 4302 llebrazo
1799 4247 2153 4302 expressam,

510 4321 642 4359 cum
675 4303 1061 4358 Ecclesiasten
1091 4302 1522 4358 Commentario
1554 4317 1659 4355 suo
1685 4301 2002 4357 illustravit
2055 4321 2067 4358 :
2102 4304 2160 4356 3°

509 4374 833 4430 declarasse
865 4375 1206 4430 methodum
1239 4375 1331 4429 cui
1389 4371 1731 4428 adhaesisset
1759 4372 1817 4428 in
1858 4375 2160 4429 condenda

510 4445 830 4501 Bibliorum
863 4463 1158 4501 sacrorum
1193 4462 1340 4500 nova
1369 4443 1786 4508 translatione;
1821 4445 1880 4498 14°
1909 4445 2160 4516 denique

510 4534 572 4572 se
601 4517 892 4588 Aquilam,
946 4517 1359 4588 Symmachum
1395 4521 1453 4570 et
1484 4515 1940 4588 Theodotionem
1977 4515 2159 4573 fuisse

509 4586 805 4644 interdum
836 4586 1101 4644 secutum
1132 4590 1189 4643 in
1216 4589 1417 4644 eadem
1449 4586 1713 4642 versione
1747 4587 1968 4642 Latinis
2000 4589 2160 4644 ador-

508 4660 722 4716 nanda.

579 4729 809 4787 Miraris
853 4729 1016 4799 forte,
1050 4729 1250 4795 lector,
1292 4729 1636 4800 scriptorem
1658 4728 1933 4800 criticum
1969 4745 1998 4783 e
2030 4745 2160 4799 por-

506 4807 569 4858 tu
600 4801 989 4875 egredientem
1019 4800 1216 4875 statim
1237 4799 1428 4855 navim
1453 4799 1766 4875 impegisse
1798 4799 1854 4854 in
1887 4805 2160 4875 tot‘erro-

508 4871 945 4945 rum-scopulos
973 4891 985 4940 ;
1021 4873 1158 4944 quia
1185 4888 1317 4945 eum
1343 4871 1605 4945 apprime
1626 4873 1859 4945 doctum
1893 4876 1949 4925 et
1969 4871 2039 4925 de
2071 4871 2162 4945 his

510 4945 723 5002 studiis
779 4943 1051 4999 miriﬁce"
1090 4943 1351 4998 deditum
1402 4943 1669 5014 putabas.
1732 4944 1848 5013 Ego
1879 4959 2031 5006 vero.
2067 4944 2159 4997 cui

511 5033 822 5074 causarum
856 5016 1143 5087 ignoratio
1177 5014 1546 5087 mirationem
1581 5030 1694 5087 non
1730 5014 1883 5082 facit,
1920 5014 2072 5068 sicut
2102 5014 2159 5067 in

511 5089 642 5144 aliis
673 5089 820 5143 bene
858 5084 1078 5150 multis,
1110 5085 1191 5141 ita
1222 5086 1328 5141 hoc
1359 5085 1482 5140 loco
1512 5084 1824 5140 inscienter
1852 5101 1917 5139 ac
1948 5089 2162 5140 temere

512 5159 823 5231 scripsisse
853 5158 1180 5231 Simonium
1213 5156 1504 5231 comperio
1535 5173 1547 5222 ;
1584 5161 1639 5210 et
1677 5160 1812 5231 Atam
1863 5155 2014 5231 male
2044 5156 2161 5210 exi-

514 5226 786 5286 stimasse
818 5231 887 5283 de
918 5228 1159 5293 caeteris,
1195 5234 1258 5282 ut
1288 5226 1486 5282 nullus
1536 5226 1720 5298 possit
1745 5227 1814 5281 de
1845 5229 1972 5295 ejus
2005 5243 2162 5282 erro-

513 5301 678 5380 ribus
713 5301 1164 5380 judica-re..Se_d
1221 5301 1455 5380 _ad‘rem
1504 5298 1671 5380 venio
1725 5315 1738 5361 ;
1796 5299 2164 5380 prioremque

515 5368 768 5429 auctoris
797 5372 978 5426 critici
1018 5371 1534 5426 hallucinationem
1583 5370 1640 5422 in
1675 5368 1927 5438 generali
1961 5368 2160 5438 dispu-

511 5442 730 5502 tatione
761 5443 1057 5514 redarguo
1104 5444 1192 5497 his
1244 5440 1764 5514 observationibus.
1795 5440 1943 5514 _Non
1989 5440 2162 5514 habe-

513 5531 668 5580 mus,
703 5511 884 5584 utille
911 5510 1109 5584 voluit,
1143 5514 1298 5567 Duas
1336 5513 1615 5584 Vulgatas
1645 5510 2164 5584 VersionesuLati-

514 5603 622 5645 nas
647 5582 937 5640 columnis
980 5583 1286 5638 distinctas
1316 5584 1373 5638 in
1409 5581 1838 5638 Commentario
1869 5584 1926 5638 S.
1961 5582 2164 5639 Hiero-

513 5658 674 5734 nymi
703 5655 763 5734 _in
788 5653 1173 5734 Ecclesiasten
1203 5673 1214 5720 ;
1245 5657 1496 5734 s_ed_una_
1547 5655 1830 5734 duntaxat
1860 5654 2161 5734 hodierna,

513 5723 1238 5796 temeritate‘librariorum
1274 5726 1450 5796 hujus
1482 5725 1760 5796 temporis
1791 5733 1843 5780 et
1873 5727 2163 5782 editorum

515 5797 992 5861 lucubrationum
1049 5794 1398 5866 Hieronymi,
1455 5794 1766 5866 conjuncta
1821 5812 1953 5851 cum
2003 5802 2161 5853 ιρχηι

515 5875 717 5938 Latino
746 5866 1140 5928 "ecclesiasten
1191 5864 1277 5919 ex‘
1303 5864 1774 5924 Hebraeis‘verbis
1805 5867 2162 5942 plurumque

2293 549 2555 588 PODVI’DO.

2360 601 2420 658 ld
2479 601 2752 657 omnibus
2808 601 2919 655 fuit
2974 616 3209 672 semper
3260 601 3820 672 manifestissimum,
3871 609 3918 658 et

2288 691 2418 729 vero
2451 690 2579 729 esse
2609 673 2806 744 debuit
2837 688 2904 726 ex
2933 672 3229 744 conceptis
3262 675 3452 728 verbis
3480 674 3914 744 Hieronymianaa

2287 744 2646 799 Prret'ationis
2677 743 2758 797 ita
2787 742 3062 798 lectorem
3095 731 3524 800 commonentis
3559 762 3570 798 :
3611 770 3631 793 ι
3668 731 3779 801 Hoc
3806 746 3916 801 bre-

2283 817 2432 871 viter
2460 817 2803 878 admonens,
2830 815 2981 885 quod
3019 814 3239 870 nullius
3270 816 3674 872 auctoritatem
3707 823 3918 872 secutus

2285 904 2416 942 sum
2452 889 2590 942 :sed
2625 887 2698 941 de
2750 886 2984 941 Hebraao
3035 888 3417 960 transferens,
3471 887 3776 960 magisgme
3823 889 3916 960 Se-

2285 961 2551 1029 tuaginta
2575 960 2958 1028 interpretum
2993 959 3406 1029 consuetudini
3431 958 3726 1029 coaptavi;
3758 959 3812 1012 in
3835 959 3916 1014 his

2281 1027 2569 1084 duntaxat
2600 1027 2872 1098 quianon
2908 1027 3160 1084 multum
3199 1030 3272 1084 ab
3308 1027 3606 1084 Hebraicis
3647 1029 3915 1101 discrepa-

2281 1101 2438 1154 bant.
2478 1123 2504 1149 ››
2546 1101 2686 1172 Quis
2735 1101 2794 1154 in
2849 1103 3010 1153 tanta
3064 1101 3372 1172 verborum
3433 1106 3609 1172 atque
3641 1100 3911 1156 veracium

2283 1188 2563 1226 sensuum
2620 1171 2767 1237 luce,
2813 1187 2976 1242 aequo
3008 1171 3202 1226 animo
3233 1172 3437 1226 audire
3468 1171 3655 1242 pOtest
3692 1173 3915 1241 scripto-

2282 1259 2406 1314 rem
2433 1242 2590 1297 haud
2624 1259 2864 1314 prorsus
2891 1242 3190 1314 indoctum
3216 1243 3503 1298 dicentem
3540 1260 3552 1298 :
3588 1266 3617 1292 ‹‹
3648 1243 3750 1298 J’ai
3780 1244 3915 1298 donc

2283 1337 2308 1363 .‹
2342 1313 2528 1369 choisi
2562 1313 2786 1369 le’livre
2825 1313 2894 1367 de
2939 1313 3323 1382 I’Eccldsiaste,
3390 1315 3531 1369 dont
3571 1331 3716 1369 nous
3753 1331 3918 1370 avons

2285 1406 2311 1433 «
2343 1385 2425 1440 les
2455 1385 2608 1439 dcux
2637 1384 2910 1456 versione
2941 1384 3213 1456 Vulgates
3246 1388 3488 1456 rangées
3518 1402 3622 1440 sur
3650 1386 3792 1440 deux
3823 1387 3918 1442 dit-

2283 1477 2309 1504 ‹‹
2344 1457 2593 1529 ferentes
2623 1455 2901 1529 colounes
2933 1455 3080 1512 dans
3113 1456 3194 1512 les
3224 1455 3510 1529 ouvr’ages
3541 1457 3610 1529 de
3644 1474 3705 1512 ce
3733 1457 3915 1529 eam.»

2278 1527 2679 1598 Antiquiorem
2732 1525 3046 1598 Vulgatam
3093 1525 3709 1582 versionem'Latinam
3739 1527 3917 1583 Eccle-

2281 1598 2472 1653 siastes
2503 1597 2920 1663 Salomonis,’e
2952 1598 3164 1653 Graecis
3208 1597 3641 1670 exemplaribus
3674 1599 3807 1653 LXX
3835 1601 3916 1654 ln-

2281 1675 2600 1742 terprctum
2645 1670 2962 1742 derivatam
3007 1673 3418 1742 sumptumque
3475 1671 3737 1725 concedit
3781 1670 3918 1742 infra

2278 1739 2404 1823 ipse
2450 1741 2820 1823 ISimo‘uius."
2841 1740 2948 1823 Qui
2984 1739 3164 1823 _ergo’
3205 1739 3343 1823 fieri
3382 1746 3590 1823 potest,
3636 1747 3701 1796 ut
3732 1741 3916 1823 Latina

2276 1811 2586 1883 translatio
2617 1811 2748 1866 libri
2784 1811 3140 1866 Ecclesiaste:
3174 1811 3450 1883 positain
3485 1813 3676 1883 prima
3705 1812 3918 1868 colum-

2274 1900 2348 1955 ua
2369 1882 2518 1955 editi
2548 1883 2955 1939 Commentarii
2991 1882 3190 1938 sancti
3216 1882 3550 1955 Hieronymi
3584 1884 3659 1938 sit
3690 1885 3918 1955 antiqua

2272 1953 2518 2026 Vulgata
2574 1955 2786 2008 Graecis
2842 1970 3116 2026 expressa
3145 1953 3558 2026 voluminibus,
3607 1971 3757 2026 cum
3802 1953 3914 2010 Ilie-

2273 2025 2554 2097 ronymus
2592 2025 2925 2080 testeturin
2983 2026 3322 2096 praefatione
3370 2025 3551 2095 hujus
3607 2025 3816 2097 operis,
3865 2044 3918 2081 se

2273 2095 2495 2168 nullius
2529 2095 2862 2168 interpretis
2921 2095 3323 2168 auctoritatem
3369 2095 3923 2152 secutum'transtu-

2269 2166 2412 2222 lisse
2442 2169 2512 2223 de
2545 2166 2781 2222 Hebrzeo
2812 2167 2871 2221 in
2897 2167 3167 2239 Latinum
3189 2167 3218 2222 ?
3243 2167 3393 2222 Num
3421 2169 3920 2239 pugnacissimum

2271 2239 2615 2311 scriptorem
2644 2239 2960 2311 aliquando
2993 2238 3235 2311 pudebit
3265 2238 3437 2293 tantis
3461 2238 3700 2294 inscitiae
3731 2240 3758 2292 ‘?
3785 2257 3924 2294 num

2270 2309 2424 2394 quod
2447 2311 2514 2394 in
2540 2309 3040 2394 ‘ca-observatione
3063 2309 3381 2394 diligentiae
3399 2311 3723 2394 _vestigium
3754 2328 3925 2394 appa-

2271 2383 2407 2453 ret?
2446 2382 2556 2436 Sed
2579 2385 2641 2436 ut
2668 2381 3072 2452 propriosjam
3107 2381 3416 2435 erubescat
3472 2381 3718 2448 errores,
3751 2381 3926 2453 quiin

2270 2452 2476 2508 alienis
2499 2453 2924 2524 redarguendis
2966 2453 3211 2506 nescivit
3237 2453 3574 2508 erubescere
3606 2452 3928 2520 modestus,

2269 2525 2642 2579 conferamus
2677 2523 2983 2595 antiquam
3016 2523 3385 2578 Ecclesiasta
3417 2525 3742 2580 versionem
3774 2523 3931 2579 Lati-

2271 2612 2404 2649 nam
2468 2613 2501 2650 a
2558 2595 2698 2649 LXX
2758 2595 3178 2667 lnterpretibus
3220 2611 3572 2667 ,eXpressam
3611 2612 3788 2667 ,cum
3834 2595 3932 2650 illa

2270 2667 2472 2721 Latina
2500 2666 2882 2720 translatione
2930 2683 3105 2737 quam
3160 2666 3552 2734 Hieronymus
3577 2666 3927 2736 elaboravit,

2267 2753 2513 2810 eamque
2541 2742 2817 2810 tanquam
2843 2754 3074 2792 sacrum
3094 2742 3425 2810 contextum
3442 2739 3757 2810 prmposuit
3778 2740 3926 2800 suis,

2267 2809 2324 2862 in
2361 2808 2746 2864 Ecclesiasten
2779 2809 3247 2864 Commentariis.

2746 2924 2816 2978 IN
2859 2923 3096 2980 CAPUT
3137 2921 3450 2979 PRIMUM:

2339 3019 2500 3074 Vcrs.
2538 3023 2607 3094 μ
2641 3022 2972 3094 secundum
3027 3021 3408 3094 Septuaginta
3467 3040 3480 3076 :
3533 3022 3699 3077 Verba
3747 3024 3925 3079 Eccle-

2267 3093 2481 3155 siasten,
2523 3092 2632 3160 ﬁlii
2661 3093 2856 3157 David,
2888 3094 3033 3162 regis
3063 3094 3229 3147 Israel
3257 3092 3313 3147 in
3335 3094 3657 3149 Jerusalem.

2341 3163 2672 3235 Secundum
2736 3163 3149 3235 Hieronymum
3187 3181 3200 3218 :
3235 3164 3397 3219 Verba
3445 3166 3789 3220 Ecclesiasla’.
3820 3165 3929 3235 ﬁlii

2189 3203 2231 3268 Ο
2271 3234 2468 3299 David,
2499 3236 2644 3304 regis
2673 3203 2996 3290 Jerusaleni.

2340 3305 2592 3376 Antiqua
2619 3305 3063 3376 versioLatina,
3100 3310 3161 3360 ut
3211 3305 3388 3367 vides,
3423 3305 3730 3373 retinebat,
3758 3307 3937 3376 juxta

2271 3375 2609 3449 LXX,_regis
2646 3375 2824 3431 Israel
2857 3378 2917 3432 in
2947 3379 3301 3449 Jerusalem:
3331 3376 3458 3432 Non
3489 3384 3575 3433 est
3606 3395 3742 3449 ergo
3762 3375 3934 3433 fanti-

2311 3464 2385 3520 ua
2414 3447 2666 3520 Vulgata
2688 3464 2755 3502 ea
2787 3464 2914 3519 quae
2947 3448 3162 3520 legitur
3190 3447 3248 3502 in
3275 3447 3704 3504 Cammcntario
3735 3450 3938 3504 sancti

2271 3518 2644 3591 Hieronymi;
2698 3518 2830 3574 cum
2892 3518 3030 3591 ipse
3079 3521 3137 3574 in
3190 3525 3457 3574 contextu
3519 3520 3942 3575 translationis

2269 3589 2554 3662 abjccerit
2579 3606 2748 3645 voces
2779 3589 3117 3661 superﬂuas
3147 3592 3316 3646 Israel
3346 3597 3398 3646 et
3428 3593 3504 3655 in,
3538 3597 3708 3662 atque
3764 3591 3945 3646 male

2268 3661 2496 3715 additas
2527 3661 2729 3733 doceat
2759 3666 2878 3716 tam
2913 3663 2970 3716 in
3002 3661 3402 3733 Septuaginta,
3451 3678 3638 3733 quam
3663 3661 3726 3716 in
3760 3663 3939 3716 anti-

2267 3747 2385 3801 qua
2440 3733 2647 3804 Latina
2667 3731 2936 3804 Vulgata.
2974 3756 2999 3804 )7)
3032 3731 3148 3789 Nec
3179 3731 3292 3788 non
3327 3739 3382 3788 et
3410 3731 3535 3800 hoc,
3574 3756 3598 3780 ››
3627 3731 3832 3804 inquit
3865 3734 3933 3789 in

2267 3803 2692 3886 Commentario
2753 3803 3108 3886 liujusmloci,
3151 3828 3178 3852 ‹‹
3221 3804 3562 3886 diligentius
3610 3803 3933 3886 attenden-

2265 3873 2428 3940 dum,
2464 3876 2616 3945 quod
2650 3890 2751 3946 per
2778 3873 2895 3930 tres
2925 3875 3104 3931 libros
3136 3873 3390 3930 auctoris
3419 3875 3935 3946 (Salomonis)rdi-

2267 3960 2470 4000 versus
2505 3951 2594 4001 est
2652 3946 2877 4000 titulus.
2945 3949 3002 4000 [n
3057 3947 3377 4002 Proverbiis
3435 3947 3588 4002 enim
3627 3952 3926 4004 notatur:

2267 4017 2562 4088 Proverbia
2623 4018 2928 4072 balomonis
2980 4019 3089 4088 ﬁlii
3143 4018 3334 4084 David,
3390 4020 3531 4088 regis
3594 4019 3787 4072 Israel.
3857 4020 3929 4074 In

2267 4087 2800 4159 Ecclesiastevero
2871 4107 2882 4144 :
2949 4090 3115 4143 Verba
3161 4087 3502 4145 Ecclesiasaz’
3552 4089 3662 4158 ﬁlii
3716 4090 3931 4159 David,

2268 4161 2413 4232 regis
2431 4158 3171 4232 Jerusalem.NSuperﬂuum
3204 4161 3421 4232 quippe
3449 4164 3536 4215 est
3583 4159 3680 4216 hic
3712 4158 3936 4231 Israel,

2268 4231 2419 4300 quod
2479 4230 2632 4285 male
2663 4230 2721 4284 in
2755 4230 2968 4286 GrzeCis
2999 4236 3055 4286 ct
3101 4230 3329 4286 Latinis
3355 4230 3656 4286 codicibus
3689 4230 3938 4288 inveni?-

2266 4307 2380 4356 tur.
2421 4324 2440 4349 ι»
2477 4302 2640 4356 Certe
2666 4302 3026 4357 confidenter
3055 4303 3245 4358 dicam
3277 4319 3383 4357 nec
3407 4301 3642 4357 titulum
3674 4303 3938 4368 quidem

2269 4371 2400 4427 libri
2432 4372 3161 4446 EcclesiastaiSimonium
3195 4374 3438 4445 legisse;
3473 4373 3561 4428 vel
3594 4375 3638 4429 si
3690 4372 3950 4446 legerit,

2269 4460 2638 4516 nequaquam
2687 4442 3062 4511 intellexisse,
3122 4442 3355 4516 quando
3413 4461 3593 4500 ausus
3639 4450 3729 4500 est
3751 4442 3954 4500 iamr-

2270 4532 2451 4588 mare,
2486 4515 2544 4569 in
2573 4517 3001 4588 Commentario
3034 4515 3218 4588 sancti
3266 4516 3693 4588 Hieronymiiin
3727 4517 3955 4573 Eccle-

2269 4587 2488 4642 siasten
2519 4586 2741 4657 positas
2794 4603 2921 4642 esse
2953 4588 3101 4643 duas
3154 4587 3462 4643 Versiones
3490 4586 3816 4658 'Vulgatas
3853 4605 3960 4643 co-

2271 4658 2494 4730 lumnis
2525 4657 2853 4730 distinctas.
2901 4659 2976 4712 Ex
3009 4675 3123 4714 uno
3176 4675 3432 4730 namque
3463 4657 3616 4714 tituli
3648 4657 3958 4714 contextu

2271 4729 2646 4802 manifestum
2679 4729 2850 4783 nobis
2870 4735 2968 4802 est
2999 4747 3064 4785 ac
3091 4729 3480 4802 exploratum,
3512 4734 3790 4802 neutram
3835 4732 3958 4786 La-

2271 4802 2452 4874 tinam
2483 4801 2807 4874 versionem
2867 4801 3298 4874 Hieronymiani
3347 4801 3764 4874 Commentarii
3807 4819 3958 4858 esse

2271 4871 2572 4944 antiquam
2595 4871 2907 4944 Yulgatam
2937 4889 2967 4926 e
2997 4871 3207 4927 Graecis
3240 4872 3959 4944 exemplaribusexpres-

2271 4960 2418 4999 sam.
2444 4943 2610 5016 Quod
2646 4949 2840 4997 tamen
2895 4942 3212 5016 iuscienter
3244 4942 3461 5016 docere
3488 4942 3803 4998 contendit
3840 4963 3958 5016 pa-

2272 5031 2405 5070 rens
2442 5012 2538 5068 ille
2597 5030 2683 5094 se.
2712 5013 3035 5094 ‘praesultor
3104 5015 3370 5085 pessimis
3421 5015 3674 5070 Historia:
3715 5012 3958 5072 crit-ica

2271 5102 2570 5142 sacrorum
2602 5084 2944 5140 Bibliorum.

2345 5157 2505 5212 Vers.
2557 5157 2611 5210 5.
2670 5156 3004 5211 Secundum
3041 5155 3176 5210 LXX
3209 5173 3221 5211 :
3255 5157 3319 5210 Et
3348 5159 3526 5212 oritur
3553 5156 3653 5224 sol,
3697 5165 3751 5210 et
3793 5161 3958 5213 acri—

2267 5229 2348 5283 dil
2377 5229 2476 5291 sol,
2509 5235 2558 5282 el
2589 5227 2657 5282 ad
2687 5228 2865 5282 locum.
2888 5244 3049 5282 suum
3067 5227 3216 5283 ducit
3249 5244 3261 5282 :
3295 5230 3479 5282 oriens
3512 5230 3624 5299 ipse
3647 5227 3748 5291 ibi,
3783 5229 3962 5283 vadit

2272 5301 2341 5354 ad
2370 5308 2639 5363 austrum,
2671 5303 2778 5353 etc.

2340 5371 2670 5425 Secundum
2739 5368 3156 5442 Hieronymum
3191 5385 3203 5423 :
3240 5369 3430 5425 Oritur
3476 5369 3577 5434 sol,
3610 5375 3661 5422 et
3723 5371 3966 5426 occidi!

2270 5444 2367 5512 sol,
2399 5447 2449 5498 et
2479 5443 2548 5497 ad
2579 5443 2753 5496 locum
2781 5457 2940 5495 suum
2960 5440 3132 5495 'ducil
3183 5459 3195 5508 ;
3257 5443 3306 5495 et
3334 5441 3513 5494 oritur
3552 5442 3666 5511 ipse
3693 5442 3848 5512 eihi.
3893 5442 3967 5498 In

2272 5511 2380 5568 hoc
2411 5512 2696 5568 versiculo
2756 5512 2888 5566 LXX
2944 5513 3325 5584 Interpretum
3386 5511 3818 5584 consuetudini
3897 5530 3970 5568 se

2273 5590 2548 5656 coaptans
2581 5585 2986 5656 Hieronymus,
3020 5583 3292 5639 lectorem
3325 5583 3735 5656 accommodat
3771 5591 3969 5654 post-

2273 5673 2338 5711 ca
2369 5653 2582 5718 monet,
2624 5653 2824 5708 dicens
2891 5671 2903 5708 :
2969 5657 3070 5709 Pro
3117 5671 3176 5710 eo
3229 5662 3409 5709 autem
3466 5653 3606 5725 quod
3643 5653 3975 5726 Vit-(gazam

2271 5728 2564 5784 editionem
2584 5734 2861 5798 sequentes
2883 5728 3184 5796 posuimus,
3209 5726 3279 5781 ad
3312 5726 3504 5781 locum
3528 5741 3706 5780 suum
3739 5727 3969 5786 ducit.

2273 5802 2330 5853 in.
2365 5799 2584 5854 Hebrmn
2613 5796 2770 5852 habet
2803 5796 2991 5867 Soeph,
3025 5801 3132 5852 etc.
3185 5799 3422 5853 Frustra
3453 5801 3647 5853 autem
3684 5813 3814 5853 nos
3888 5799 3974 5853 de

2271 5870 2372 5928 illo
2403 5887 2513 5928 usu
2547 5868 2841 5926 docuisset
2871 5867 3206 5944 aliquando,
3265 5871 3314 5927 si
3373 5869 3682 5944 Vulgatam
3713 5869 3973 5928 editio-
