4114 6170
263 198 400 267 1661
466 150 471 155 ’

317 336 507 386 Panem
534 333 811 386 ccelestem
848 332 1153 385 fastidiebat
1197 332 1375 392 Israel,
1430 338 1481 382 et
1530 332 1891 396 iiigyptiorum

261 411 433 451 carnes
463 396 814 457 desiderabat,
850 398 954 447 138.

316 461 589 511 Paradisus
619 460 812 510 dicitur
833 460 1081 509 conditus
1103 464 1223 508 ante
1255 460 1448 509 ccelum
1474 462 1525 507 et
1544 461 1754 516 terram,
1783 458 1891 507 307.

259 523 599 595 peperadiso
624 525 679 595 et
708 523 823 585 ejus
848 523 1151 595 [luminibus
1174 523 1300 585 quid
1331 522 1666 571 sentiendum
1688 534 1750 569 ex
1781 518 1891 569 Sal-

261 586 407 637 lustio
437 586 733 634 certissimo
758 590 991 643 auctore,
1024 586 1130 633 202.

258 649 492 761 ‘sgasser
509 660 802 711 numquam
822 649 876 696 in
896 648 1162 710 Scriptura
1183 647 1374 708 legitur
1392 648 1449 694 in
1462 645 1651 694 malam
1673 648 1894 706 partem,

314 771 601 821 Passiones.
635 772 694 819 In
714 772 791 819 ira
811 784 997 819 omnes
1015 771 1443 834 perturbationes
1469 769 1896 834 animicompre-

258 834 591 946 {istudupggrz
625 833 681 881 in
701 834 878 883 carnis
908 833 1124 891 malitia,
1158 834 1419 882 universas
1442 833 1681 895 corporis
1710 833 1897 893 volup-

280 911 307 946 a
330 911 397 946 es.
529 932 540 943 .

257 901 397 954 tates,
432 899 540 946 486.

317 960 480 1007 Pater.
508 958 740 1007 iuvenes
769 962 822 1007 et
867 958 1011 1007 stulti
1035 957 1286 1006 dicuntur
1327 957 1382 1005 in
1405 956 1693 1019 Scriptura,
1744 955 1833 1016 qui
1866 968 1896 1003 a

256 1021 411 1070 veteri
441 1020 751 1069 auctoritate
785 1020 1162 1079 desciscunt,et
1181 1034 1313 1069 cana
1332 1022 1596 1083 praecepta
1616 1020 1895 1080 parentum

258 1087 615 1139 contemnunt,
647 1084 754 1131 176.

316 1145 567 1193 Patientia
595 1157 704 1192 non
734 1143 905 1193 solum
930 1144 985 1192 in
1015 1143 1290 1206 angustiis,
1324 1143 1414 1191 sed
1439 1146 1492 1191 et
1520 1142 1573 1206 in
1603 1140 1894 1190 laetioribus

258 1207 545 1256 necessaria
576 1209 675 1264 est,
704 1219 771 1254 ne
802 1206 1131 1268 plusquam
1162 1206 1416 1254 concedet
1444 1205 1752 1262 exaltemur,
1784 1206 1893 1252 139.

260 1269 512 1318 Convenit
536 1267 681 1331 justo
704 1266 901 1331 parum
940 1266 1133 1316 habere
1181 1268 1551 1331 simplicitatis,
1577 1270 1629 1315 et
1681 1270 1897 1331 propter

260 1331 471 1380 nimiam
491 1328 821 1393 patientiam,
844 1332 971 1379 dum
989 1330 1246 1378 ultionem
1266 1328 1506 1393 reservat
1526 1330 1651 1393 Deo,
1674 1328 1897 1376 stultum

258 1394 415 1442 videri
441 1407 454 1452 ;
480 1392 639 1455 quam
671 1393 855 1455 statim,
878 1407 934 1441 se
957 1393 1314 1441 vindicantem
1337 1392 1436 1441 sub
1457 1392 1755 1455 velamento
1780 1404 1898 1455 pru-

259 1455 446 1505 dentiae
478 1452 722 1517 exercere
759 1454 1030 1512 malitiam,
1062 1457 1170 1504 168.
1203 1455 1292 1503 Dei
1325 1454 1578 1517 patientia
1608 1454 1661 1500 in
1692 1452 1897 1500 occulto

260 1522 349 1576 est,
371 1531 489 1579 quae
511 1516 638 1565 sinit
659 1517 915 1566 tribulare
939 1530 1082 1565 nunc
1106 1516 1337 1575 sanctos,
1363 1521 1415 1565 et
1464 1519 1769 1577 peccatores
1789 1526 1898 1579 non

258 1576 427 1628 visitet
453 1591 552 1642 pro
582 1578 796 1632 scelere.
828 1584 887 1628 ut
911 1579 1069 1642 justis
1117 1580 1283 1641 possit
1327 1576 1524 1627 aeterna
1578 1579 1720 1642 bona
1746 1576 1895 1625 resti-

256 1648 421 1700 tuere,
452 1641 506 1690 δι
536 1641 1068 1703 ρθερδιοτὶὺυεωειιδ
1100 1642 1294 1689 inferre
1326 1644 1610 1703 perpetua,
1630 1641 1737 1688 443.

256 1770 276 1815 ί
315 1702 727 1815 Pagi-sigrcharum
757 1704 1036 1753 nominum
1068 1704 1309 1752 omnium
1328 1702 1665 1777 etymologiae
1687 1712 1898 1763 ponun-

280 1780 352 1815 ur.
481 1801 492 1813 .

280 1780 352 1823 ur,
383 1770 492 1815 350.
1648 1772 1653 1777 ’

314 1828 520 1877 Paulus.
550 1826 977 1876 Manifestissima
1006 1827 1061 1875 in
1090 1827 1460 1876 benedictione
1480 1824 1755 1887 Beujamin
1778 1838 1895 1886 pro.

256 1891 429 1953 pbetia
459 1890 521 1938 de
554 1889 721 1953 Paulo
740 1890 998 1953 apostolo,
1030 1891 1139 1937 379.

316 1954 608 2001 Peccatum.
646 1950 802 2001 Aliud
832 1956 911 2000 est
938 1952 1278 2013 cogitatione,
1312 1950 1450 1999 aliud
1476 1961 1636 2013 opere
1657 1961 1896 2010 peccare,

256 2016 359 2065 170.
390 2017 668 2062 Peccatum
698 2014 877 2062 odoris
907 2018 986 2062 est
1007 2014 1175 2076 putidi
1200 2028 1211 2073 ;
1235 2012 1582 2076 virtusspirat
1604 2014 1894 2071 unguenta,

257 2080 360 2128 505.
390 2077 609 2138 PrOpter
639 2089 803 2124 unum
862 2074 1138 2135 peccatum
1192 2076 1373 2123 multae
1400 2074 1620 2136 justitiie
1652 2076 1895 2138 pereunt,

255 2140 357 2189 168.
388 2136 756 2199 Qui'peccavit
784 2141 836 2187 et
864 2139 985 2187 fecit
1014 2139 1229 2195 malum,
1279 2144 1521 2185 mortuus
1552 2139 1667 2199 est;
1724 2136 1776 2181 iu
1833 2147 1897 2182 eo

256 2202 390 2250 enim
420 2198 564 2262 quod
594 2201 851 2263 peccavit,
883 2201 1056 2249 statim
1100 2205 1343 2263 mortuus
1374 2204 1472 2256 est,
1510 2200 1618 2263 16.1:
1655 2198 1900 2245 Peccator

255 2259 502 2326 ignorans
537 2259 1043 2324 contemplationem
1066 2262 1417 2326 spiritualem,
1440 2259 1687 2322 prohibet
1715 2273 1746 2306 a
1776 2272 1901 2326 vera

252 2323 580 2388 jucunditate
612 2338 711 2388 cor,
731 2323 904 2381 suum,
928 2327 1034 2373 102.
1059 2323 1156 2372 Irae
1179 2325 1273 2373 Dei
1303 2328 1382 2373 est
1402 2324 1456 2370 in
1484 2323 1900 2388 peccatorem,ut

255 2383 527 2449 diebusac
556 2387 802 2435 noctibus
854 2401 983 2449 opes
1022 2390 1323 2447 congregat,
1355 2390 1408 2434 et
1436 2383 1900 2449 inequaquamieis

253 2454 424 2505 utens,
449 2448 531 2496 his
551 2448 817 2511 relinquat
837 2447 928 2511 qui
960 2450 1015 2497 in
1037 2453 1325 2510 conspectu
1361 2447 1590 2508 Deijusti
1623 2450 1763 2511 sunt,
1789 2447 1897 2494 106.

255 2512 381 2569 Quia
399 2508 833 2573 peccatores'non
848 2508 1023 2559 statim
1036 2508 1333 2573 arguuntur
1345 2514 1504 2571 atque
1520 2508 1898 2573 corripiuntur,

252 2570 441 2637 putant
460 2574 1058 2637 nequaquamrt'uturum
1086 2570 1199 2623 esse
1218 2570 1499 2637 judicium,
1532 2574 1584 2618 et
1614 2571 1668 2618 in
1700 2570 1899 2617 scelere

252 2634 610 2698 perseverant,
642 2634 749 2685 453.
800 2636 1135 2685 Peccatorum
1186 2634 1478 2683 remedium
1522 2645 1586 2680 ex
1604 2645 1899 2698 conversa-

254 2693 391 2807 {tique
407 2699 565 2807 igua
594 2698 846 2757 nascitur,
878 2710 988 2746 non
1018 2712 1081 2746 ex
1099 2698 1326 2746 tumenti
1356 2700 1408 2744 et
1431 2694 1701 2756 superﬂua
1730 2693 1899 2756 digni-

327 2773 375 2807 e.
502 2794 513 2806 .

251 2764 375 2817 tate,
407 2763 513 2808 470.

312 2821 555 2870 Pecunia.
590 2821 883 2883 Argentum
915 2820 1209 2870 secundum
1241 2820 1406 2869 Graeci
1438 2819 1705 2883 sermonis
1733 2817 1900 2883 ambi-_

252 2884 504 2953 guitatem
539 2880 814 2953 ‘pote'stet
852 2884 1076 2953 pecunia
1112 2883 1426 2953 transferri:
1458 2884 1564 2931 130.
1626 2880 1900 2953 Pecuniosi

252 2943 497 3008 primitus
525 2943 648 2993 dicti
679 2943 1001 3008 referuntur,
1034 2945 1125 3008 qui
1154 2945 1309 3007 plura
1338 2944 1647 2994 habuerunt
1674 2943 1898 3005 peculia,

252 3007 304 3057 id
335 3011 432 3065 est,
462 3019 671 3069 pecora,
702 3006 825 3056 ibid.

311 3067 751 3119 Inter—Perfectos
780 3074 833 3119 et
876 3082 1056 3119 amore
1105 3073 1525 3128 consummatos,
1572 3067 1822 3129 magister
1850 3069 1904 3116 et

255 3130 545 3193 discipulus
576 3130 808 3193 aequales
838 3136 979 3192 sunt,
1012 3133 1121 3181 385.

253 3191 620 3306 39Esi-versus,
640 3191 755 3261 :nisi
775 3196 901 3244 ante
932 3195 1246 3257 corrigatur,
1279 3206 1387 3243 non
1418 3192 1613 3255 poterit
1632 3191 1899 3249 adornari,

312 3318 483 3380 Petra,
514 3316 697 3365 civitas
726 3316 950 3376 Arabiaa,
1010 3317 1391 3380 cognominata
1436 3316 1650 3373 Jectael,
1687 3328 1717 3363 a
1756 3315 1902 3377 Syris

251 3378 393 3430 dicta
422 3378 629 3437 Recem,
660 3381 770 3429 259.

313 3440 463 3490 Philo
489 3438 796 3490 Judaaorum
826 3440 1207 3491 disertissimus
1237 3440 1445 3497 dicitur,
1472 3443 1515 3487 1.
1547 3439 1603 3486 In
1636 3438 1768 3487 libro
1802 3438 1901 3486 Ile-

247 3503 552 3554 braicorum
583 3503 869 3552 Nominum
921 3504 1173 3553 omiserat
1201 3508 1260 3552 ut
1285 3501 1503 3552 Judaeus
1529 3500 1747 3550 nomina
1776 3500 1900 3549 novi

246 3565 589 3624 Testamenti,
618 3566 665 3614 3.

310 3626 615 3689 Philosophi
646 3627 744 3676 etsi
773 3626 924 3689 omni
950 3626 1126 3676 studio
1156 3626 1434 3689 veritatem
1486 3625 1816 3689 quresierint,
1850 3628 1903 3689 et

246 3687 566 3753 sapientiam
605 3702 675 3753 se
694 3687 1147 3752 comprehendere
1192 3687 1517 3753 putaverint,
1549 3687 1621 3753 ad
1662 3687 1901 3736 veritatis

246 3749 439 3821 iumen
459 3751 739 3821 pervenire
758 3749 867 3800 non
885 3749 1322 3821 potuerunt,'1_76.
1345 3749 1898 3821 Suorumdogmatum
1926 3754 1931 3765 ‘

247 3811 505 3864 falsitatés
533 3817 800 3863 conantur
828 3811 1064 3863 asserere
1086 3814 1339 3863 varietate
1370 3827 1429 3862 ac
1460 3811 1900 3874 multiplicatione

248 3889 578 3934 sermonum,
607 3878 716 3926 199.

312 3939 628 4049 'Phgpnigiém
659 3937 1002 4000 antiquitates
1049 3937 1407 3999 Hieronymus
1438 3935 1714 3999 Egyptius
1744 3949 1897 3984 cons-

312 4014 410 4049 IDSl
441 4038 451 4049 .
578 4036 590 4049 .

248 4001 451 4057 cripsit,
484 4002 590 4050 126.

356 4062 503 4131 istas.
532 4064 764 4131 Tempus
820 4060 1037 4131 odiendi
1091 4063 1171 4110 est
1217 4062 1279 4131 _in_
1318 4060 1590 4123 martyrio,
1628 4073 1771 4131 cum
1800 4074 1899 4131 pro

244 4124 441 4175 Christi
471 4123 807 4174 confessione
837 4123 1036 4186 rigidos
1058 4137 1157 4172 nos
1180 4124 1347 4185 pietas
1368 4126 1645 4186 oppugnat
1666 4123 1897 4181 inimica,

314 4249 585 4297 Pincerna:
603 4247 959 4296 ministerium
974 4259 1083 4296 non
1105 4246 1199 4295 vile
1213 4246 1500 4309 putabatur
1511 4245 1743 4309 ofﬁcium
1756 4245 1895 4308 apud

248 4311 522 4373 antiquos,
552 4309 646 4359 sed
677 4314 790 4359 erat
836 4309 1061 4358 maxime
1109 4307 1383 4376 dignitatis
1430 4309 1569 4371 apud
1625 4307 1895 4368 barbaros,

316 4434 520 4545 Pisicfiga
547 4433 835 4496 probatica,
868 4433 921 4483 id
960 4436 1040 4483 est
1067 4433 1316 4496 pecualis,
1350 4432 1621 4496 eleganter
1649 4431 1896 4481 describi-

316 4511 357 4545 r.
486 4532 499 4543 .

244 4501 357 4551 tur,
392 4500 499 4545 182.

309 4557 681 4620 Plangendum
711 4560 791 4606 est
818 4558 872 4606 in
905 4557 1324 4620 praesentiarum,
1356 4561 1417 4620 ut
1461 4559 1646 4620 postea
1701 4556 1895 4605 saltare

238 4618 539 4677 valeamus,
572 4619 662 4668 illa
699 4618 979 4669 saltatio'ne
1004 4633 1109 4683 qua
1135 4620 1302 4668 David
1332 4618 1541 4668 saltavit
1568 4621 1692 4667 ante
1720 4632 1895 4683 arcam

234 4676 573 4742 testamenti,
605 4683 714 4731 109.
1020 4676 1037 4683 ’
1776 4676 1781 4689 ’

304 4746 549 4795 Plausus.
580 4743 632 4792 Si
663 4744 1045 4802 compositione
1069 4743 1369 4802 verborum,
1396 4743 1477 4791 vel
1500 4742 1755 4791 instinctu
1786 4742 1895 4792 dia-

304 4757 549 4795 rlausus.
580 4757 632 4792 Si
663 4757 778 4792 com
820 4757 1045 4792 osiuone
1069 4757 1369 4802 verborum,
1396 4757 1477 4791 vel
1500 4757 1755 4791 lDBtlDCtu
1786 4757 1894 4792 aia-

233 4808 372 4865 boli,
394 4806 613 4869 plausus
634 4757 817 4868 populi
850 4806 1272 4869 excitaverimus.
1300 4809 1487 4855 contra
1514 4805 1894 4869 conscientiam

233 4867 483 4919 nostram
536 4867 669 4917 scire
710 4867 825 4918 nos
854 4868 1192 4927 arbitramur,
1242 4868 1306 4917 de
1336 4882 1443 4930 quo
1484 4867 1601 4917 aliis
1630 4868 1898 4930 potuimus

234 4931 589 4995 persuadere,
621 4932 730 4979 111.

308 4992 642 5043 Pcenitentia:
672 4991 937 5055 medicina
976 4992 1253 5055 proposita
1282 4991 1645 5054 peccantibus,
1676 4993 1785 5041 444.
1819 4991 1897 5040 Li-

234 5057 444 5106 benter
472 5054 610 5103 Deus
640 5054 863 5115 suscipit
891 5054 1261 5116 paznitentem,
1286 5056 1395 5103 462.
1418 5056 1558 5103 Deus
1588 5068 1698 5102 non
1720 5055 1897 5103 statim

237 5119 424 5167 scelus
454 5117 730 5166 hominum
760 5116 1051 5177 ulciscitur,
1082 5117 1175 5166 sed
1198 5117 1373 5165 ditlert
1393 5131 1626 5179 pmnarn,
1650 5118 1777 5164 dum
1809 5131 1898 5164 cx-

235 5183 451 5243 spectat
480 5178 1007 5243 pcenitent_iam,i153.
1038 5179 1116 5229 Ad
1148 5193 1332 5229 vocem
1363 5178 1594 5241 episc0pi
1625 5179 1734 5226 sive
1755 5192 1897 5243 pres-

234 5240 437 5306 b‘yteri,
471 5240 565 5304 per
606 5240 976 5306 paenitentiam
1035 5245 1367 5306 consurgunt
1398 5240 1765 5306 peccatores,
1788 5241 1897 5306 189.

230 5303 505 5376 Qinpibus
524 5316 625 5376 per
656 5304 1023 5376 paenitentiam
1036 5304 1106 5376 in
1137 5303 1706 5376 inte'gru_m_'restitutis,
1757 5303 1900 5351 solus

227 5366 491 5418 diabolus
522 5366 578 5415 in
611 5378 715 5428 suo,
737 5366 1074 5428 permanebit
1104 5366 1301 5425 errore,
1331 5368 1441 5415 391.

302 5428 586 5491 Porphyrii
643 5426 925 5486 calumnia,
984 5441 1090 5491 qua
1134 5428 1495 5492 Evangelistas
1554 5427 1895 5490 coarguebat,

228 5492 574 5547 confutatur,
609 5492 718 5540 307.

302 5555 488 5604 Portio
539 5553 654 5601 haec
684 5555 867 5615 nostra
915 5555 1015 5610 est,
1046 5552 1432 5614 praemiumque
1489 5556 1824 5615 perpetuum,
1847 5551 1897 5615 si

226 5617 330 5666 hic
359 5630 456 5679 pro
480 5615 767 5679 virtutibus
797 5613 1116 5679 laboremus,
1140 5616 1249 5664 402.
1274 5613 1396 5679 Pars
1428 5613 1607 5665 nostra
1638 5618 1734 5673 est,
1758 5618 1816 5663 ut
1844 5613 1898 5662 in

227 5676 433 5729 nostro
464 5677 640 5727 studio
672 5681 725 5726 et
753 5676 930 5726 labore
960 5677 1218 5738 laetemur,
1250 5677 1358 5726 432.

304 5742 655 5803 Praeceptum.
685 5740 802 5790 Non
831 5739 1088 5791 debemus
1117 5743 1343 5791 tractare
1365 5752 1529 5805 quare
1552 5740 1691 5789 Deus
1712 5750 1899 5790 unum-

1549 195 1790 261 INDEX
1831 194 2353 261 ANALYTIGUS.

3497 198 3522 260 l
3534 199 3652 262 662

2006 333 2241 445 quidque
2259 333 2587 407 praeceperit,
2607 329 2702 407 sed
2717 328 3091 397 quodcumque
3106 330 3347 383 videmus
3367 345 3481 385 esse
3502 348 3654 385 man-

2044 400 2205 445 atum.
2237 395 2339 445 hoc
2366 410 2453 445 ma
2481 399 2660 445 mente
2690 395 2909 445 implere
2940 394 3267 445 festinemus.
3302 399 3410 445 441.

2044 394 2205 454 etum,
2226 394 2339 459 hoc
2366 394 2453 459 pia
2481 399 2660 446 mente
2690 394 2909 459 implere
2940 394 3267 459 festinemus,
3302 399 3410 447 441.

2067 458 2738 523 Ρτωάίεειιοιῆθιιίίιθοιιιω
2762 458 2824 507 eo
2848 463 3081 523 tempore
3106 458 3194 506 Dei
3218 460 3441 523 verbum
3463 460 3655 523 praedi-

2005 525 2104 578 cat,
2119 535 2225 585 quo
2238 522 2468 583 populus
2480 522 2704 585 libenter
2719 521 3055 577 auscultat,et
3066 522 3299 585 secunda
3313 521 3512 585 aspirat
3523 538 3654 574 aura

2004 584 2247 647 rumoris,
2282 588 2424 633 sator
2470 584 2761 647 negligens,
2794 588 2845 632 et
2874 585 3098 647 ignavus
3127 584 3387 644 agricola’
3410 589 3507 641 est,
3538 590 3651 637 182.

2005 645 2334 708 Sapientium
2357 648 2517 696 verba
2541 645 2807 709 pungunt,
2831 646 3199 709 nonpalpant,
3219 659 3317 709 nec
3343 647 3467 696 moli
3490 662 3653 698 manu

2004 712 2293 771 attrescant
2310 708 2574 757 lasciviam
2601 724 2611 767 ;
2634 708 2725 757 sed
2748 708 3046 757 errantibus
3068 712 3119 757 et
3138 708 3305 757 tardis
3325 711 3653 771 pmnitentiaa

2005 769 2230 825 dolores,
2268 774 2319 819 et
2347 771 2544 819 vulnus
2572 771 2840 831 inﬂigunt.
2873 773 2981 819 191.

2008 893 2018 903 .
2068 833 2420 903 Prmscientia.
2452 834 2527 903 Ex
2575 832 2912 903 praescientia
2943 835 2996 903 et
3015 831 3511 903 “praedestinatione
3543 836 3655 895 Dei,

1999 894 2112 959 jam
2134 909 2192 959 ea
2214 895 2351 944 facta
2371 894 2628 959 suntquis
2646 896 2827 944 futura
2848 899 2989 951 sunt,
3013 897 3120 959 391A.
3144 894 3259 959 Non
3279 896 3413 945 tollit
3430 894 3653 948 liberum

2004 956 2313 1023 arbitrium,
2343 957 2436 1006 sed
2483 956 2680 1023 causas
2727 961 2852 1023 ante
2908 956 3206 1019 praecedere
3250 958 3440 1019 innuit,
3491 974 3655 1023 quare

2004 1020 2426 1082 unumquodque
2452 1020 2519 1069 sit
2548 1021 2767 1076 factum,
2799 1022 2907 1068 133.

2070 1081 2492 1144 Principes’veri,
2525 1087 2576 1131 et
2600 1082 2806 1143 judices
2835 1081 3019 1143 quales
3047 1081 3169 1139 sint,
3200 1082 3311 1130 176.

2070 1144 2358 1208 Profectus.
2393 1146 2476 1193 Sic
2508 1145 2766 1193 debemus
2796 1145 2992 1200 vivere,
3026 1148 3083 1192 ut
3108 1157 3317 1208 semper
3363 1152 3657 1208 praesentes

2006 1204 2118 1269 dies
2147 1207 2392 1255 meliores
2424 1208 2577 1256 nobis
2609 1208 2731 1263 sint,
2764 1221 2927 1269 quam
2964 1204 3235 1269 praeteriti,
3268 1204 3375 1256 139.

2071 1268 2353 1317 Promissio
2396 1270 2580 1318 Melius
2602 1268 2977 1329 estancipitem
2999 1268 3088 1315 diu
3107 1268 3299 1317 librare
3319 1272 3653 1329 sententiam,

2006 1344 2165 1392 quam
2200 1331 2251 1379 in
2283 1332 2458 1381 verbis
2490 1332 2715 1385 facilem,
2748 1332 2801 1379 in
2834 1344 2993 1393 opere
3026 1344 3139 1379 esse
3170 1329 3460 1390 difﬁcilem,
3482 1336 3592 1383 428.

2072 1393 2363 1460 Prophetas.
2394 1395 2572 1460 Nubes
2602 1398 2738 1460 sunt
2758 1393 3030 1456 Propheta:
3062 1396 3115 1441 et
3134 1406 3322 1460 omnes
3343 1394 3540 1454 Sancti,
3564 1397 3656 1460 qui

2005 1460 2271 1517 praecepta
2302 1457 2659 1505 doctrinarum
2693 1457 2870 1519 pluere
2900 1464 3141 1519 possunt,
3173 1457 3282 1504 181.

2073 1516 2472 1583 Proverhiorum
2506 1519 2653 1577 liber,
2688 1516 2815 1583 non,
2841 1516 3181 1583 ut‘simplices
3202 1519 3543 1576 arbitrantur,
3570 1535 3656 1583 pa-

2006 1580 2170 1643 tentia
2198 1580 2362 1629 habet
2390 1583 2672 1642 praecepta.
2699 1580 2789 1628 sed
2815 1581 2965 1643 quasi
2989 1580 3042 1627 iu
3064 1582 3208 1628 terra
3228 1594 3417 1631 aurum
3439 1580 3661 1632 abscon-

2006 1641 2193 1695 ditum,
2228 1647 2279 1690 et
2308 1643 2363 1689 in
2392 1641 2530 1691 nuce
2562 1641 2968 1697 nucleum,‘193.

2070 1704 2424 1753 Providentia.
2456 1706 2643 1753 Omnia
2668 1706 2773 1751 Deo
2795 1704 2928 1752 ﬁunt
2948 1703 3285 1764 disponente,
3320 1708 3374 1753 et
3396 1718 3507 1754 non
3529 1720 3659 1755 casu

2007 1769 2098 1813 aut
2118 1766 2350 1821 fortuito,
2378 1769 2481 1815 461.
2509 1766 2711 1814 Cuncta
2730 1779 2849 1829 non
2862 1766 2971 1812 sive
2994 1764 3267 1829 voluntate
3291 1767 3658 1829 Deidisposita

2007 1832 2151 1883 sunt,
2183 1832 2237 1876 et
2267 1829 2403 1877 Deus
2431 1830 2613 1876 omnia
2644 1830 2695 1875 in
2738 1828 3019 1875 utilitatem
3048 1826 3327 1875 hominum
3374 1826 3513 1886 facit,
3546 1832 3660 1879 152.

2008 1888 2242 1937 Eventus
2262 1904 2437 1939 rerum
2462 1890 2807 1951 providentiae
2826 1890 2917 1937 Dei
2939 1889 3313 1951 reservandus,
3336 1889 3461 1939 dum
3485 1905 3583 1940 nos
3604 1893 3659 1940 in

2010 1949 3464 2011 operibusbonislaboramus,182,Deusjussithumanis
3480 1954 3661 2002 usibus

2010 2013 2277 2061 elementa
2308 2015 2523 2064 servire.
2558 2018 2616 2062 ut
2653 2013 2898 2062 homines
2928 2012 3041 2060 haec
3071 2012 3328 2064 videntes,
3362 2014 3662 2064 intelligant

2010 2030 2277 2061 elementa
2308 2030 2523 2069 δεμ-πθ,
2558 2030 2616 2062 υι
2653 2030 2898 2062 nomines
2928 2030 3041 2060 llth
3073 2030 3328 2070 irruentes,
3362 2030 3566 2078 lDlGlllg

2009 2088 2122 2137 esse
2153 2076 2560 2137 providentiam,
2594 2078 2704 2124 113.
3115 2135 3126 2137 _
3260 2135 3267 2137 Α

2072 2135 2306 2186 Psalmus
2336 2152 2446 2186 LXlV
2469 2142 2521 2187 et
2548 2138 2784 2185 Psalmus
2804 2150 2912 2184 Lm
2931 2135 3225 2183 secundum
3256 2135 3532 2186 historiam
3568 2152 3656 2187 su-

2007 2211 2101 2262 per
2136 2200 2421 2249 Salomone
2451 2199 2736 2260 conscripti
2788 2202 2932 2256 sunt,
2983 2198 3289 2262 tametsiad
3328 2199 3660 2262 prophetiam

2006 2260 2193 2325 Christi
2223 2267 2275 2312 et
2304 2263 2550 2311 Ecclesia:
2590 2259 2911 2323 pertineant,
2943 2261 3051 2308 386.
3111 2259 3442 2325 Quindecim'
3468 2263 3658 2325 psalmi

2006 2324 2270 2387 graduum
2302 2329 2444 2379 sunt,
2479 2338 2570 2387 per
2589 2322 2723 2387 quos
2755 2324 2985 2387 primum
3009 2322 3281 2387 erudimur
3302 2323 3355 2371 in
3377 2322 3512 2385 lege,
3536 2327 3663 2387 480.

2070 2384 2663 2499 Pgorlighgériz-phanech,
2697 2384 2810 2435 siue
2843 2384 3150 2448 Saphaneth
3180 2384 3387 2447 phanee
3419 2384 3546 2449 quid
3593 2388 3660 2457 si.-

2070 2464 2076 2494 ι
2140 2463 2198 2498 ce
2386 2487 2396 2496 .

2007 2447 2418 2509 gniﬁcenam.‘
2918 2447 2925 2448 ’
3041 2507 3129 2509 _,
3438 2447 3451 2449 “
3636 2447 3645 2457 ’

2072 2510 2382 2560 Ptolemaeus
2401 2511 2633 2559 Platonis
2651 2510 2750 2559 fuit
2770 2512 3015 2558 sectator.
3035 2507 3247 2571 ludzeos
3264 2510 3442 2571 magni
3464 2510 3662 2561 idcirco

2008 2570 2235 2622 faciebat
2263 2575 2390 2637 quia
2419 2573 2785 2637 unumDeum
2816 2569 3341 2637 coleredicereutur,
3362 2569 3484 2622 303.

2076 2632 2487 2697 Punica—lingua
2518 2635 2741 2683 llebrreo
2772 2632 3007 2682 sermoni
3042 2634 3392 2692 contermina,
3426 2637 3534 2684 362.

2072 2698 2536 2762 Pythagoricorum
2554 2697 2795 2762 doctrina
2811 2699 3083 2762 estgtacere
3102 2697 3660 2762 per‘quinquennium,

2009 2765 2061 2811 et
2086 2758 2271 2834 postea
2292 2760 2529 2834 eruditos
2559 2759 2721 2834 lpqui,
2752 2758 3322 2834 110‘.__Dec'retum.illu.d
3353 2758 3428 2834 d‘e’
3448 2760 3662 2834 silentio

2008 2820 2365 2886 quinquennii
2385 2820 2683 2886 mutuatum
2707 2824 2826 2869 este
2840 2821 2972 2886 iibro
2986 2820 3432 2886 Ecclesiastismbi
3448 2822 3659 2880 dicitur,

2006 2882 2234 2949 Tempus
2262 2885 2494 2942 tacendi,
2524 2888 2577 2934 et
2604 2889 2811 2946 tempus
2840 2882 3113 2945 loquendi,
3146 2882 3274 2931 ibid.

2809 2973 2862 3050 Ο

2070 3081 2111 3138 Q
2139 3080 2386 3138 litteram,
2411 3080 2643 3141 exceptis
2664 3078 2877 3135 Latinis,
2900 3077 3170 3141 nullaialia
3187 3076 3372 3141 lingua
3390 3076 3656 3140 habet,11.

2072 3142 2311 3200 Quercus
2341 3139 2574 3191 Mambre
2596 3141 2961 3203 superstitioso
2983 3140 3130 3189 cultu
3151 3139 3375 3203 celebris
3396 3139 3567 3203 usque
3588 3141 3656 3191 ad

2010 3208 2251 3268 tempore
2280 3204 2572 3253 Constantii
2600 3202 2897 3268 regis,_sive
2929 3202 3289 3268 imperatoris,
3317 3202 3566 3268 130,195.

2071 3264 2212 3325 Quis,
2247 3280 2565 3329 pronomen.
2597 3267 2652 3315 in
2666 3264 2939 3329 Scriptura
2962 3264 3070 3329 nun
3093 3278 3189 3328 pro
3216 3264 3543 3327 impossibili,
3567 3264 3663 3315 sed

2009 3342 2107 3391 pro
2137 3328 2337 3378 difﬁcili
2369 3342 2576 3392 semper
2606 3328 2878 3391 accipitur,
2910 3328 3021 3376 117.

2804 3419 2864 3482 Β

2070 3507 2173 3555 Res
2203 3509 2255 3554 et
2284 3504 2468 3554 Daleth
2497 3516 2661 3565 parvo
2691 3503 2841 3566 apice
2873 3501 3292 3566 distinguuntur,
3318 3505 3435 3566 152.

2070 3567 2220 3616 Ratio
2250 3566 2522 3623 naturalis,
2552 3579 2712 3626 quam
2737 3565 2896 3613 etiam
2918 3565 3285 3626 peccatoribus
3315 3565 3455 3613 Deus
3476 3569 3665 3615 auctor

2006 3630 2248 3681 inseruit.
2274 3629 2490 3680 deducit
2510 3626 2583 3676 ad
2598 3626 2913 3690 sapientiam
2935 3626 3328 3688 requirendam,
3353 3626 3660 3678 stultitiam-

2009 3705 2112 3756 que
2143 3691 2482 3756 calcaudam,_
2496 3692 2607 3756 392.

2070 3754 2278 3812 Rei-em,
2312 3768 2405 3802 rex
2437 3752 2681 3816 ejusdem
2706 3750 2852 3816 urbis
2877 3762 2998 3812 quae
3023 3753 3077 3816 et
3098 3750 3248 3816 Petra
3261 3749 3665 3816 dicitur,dict_ns

2008 3820 2089 3889 est
2111 3818 2271 3889 etiam
2301 3830 2393 3865 rex
2415 3812 2642 3869 Median,
2665 3813 2989 3871 262.Recem,
3010 3812 3115 3861 alia
3133 3812 3187 3861 in
3208 3812 3348 3862 tribu
3370 3812 3663 3877 Benjamin,

2009 3879 2312 4004 ιὀιιξέὲςιῃιιι]
2344 3939 2435 3988 Dei
2465 3936 2805 4002 appellantur
2851 3935 3123 3985 volumina
3152 3936 3304 3999 Legis
3333 3940 3387 3986 et
3436 3937 3665 4000 Prophe-

2011 4008 2204 4064 tarum,
2236 4005 2345 4051 133.

2072 4067 2364 4121 Remmam,
2396 4064 2588 4112 domus
2616 4061 2745 4110 idoli
2780 4060 3109 4117 Damasceni,
3148 4061 3257 4110 263.

2070 4128 2302 4207 ξεῖ)τοὺί
2320 4126 2525 4176 habent
2539 4123 2827 4187 aliquando
2849 4124 3019 4171 Deum
3040 4122 3095 4171 in
3110 4123 3298 4186 seipsis
3316 4122 3666 4183 habitantem,

2008 4192 2456 4309 4ἓῗξῑιίιωίξονυνιι,
2488 4263 2590 4297 vox
2621 4247 2802 4298 addita
2832 4260 2862 4295 a
2892 4246 3015 4296 LXX
3033 4247 3418 4310 Interpretibus
3438 4248 3507 4297 ob
3532 4250 3666 4298 noti-

2007 4314 2132 4364 tiam
2163 4314 2284 4370 loci,
2318 4315 2425 4369 263,
2458 4315 2567 4360 298.
3220 4358 3225 4361 Α

2068 4376 2260 4425 Rhodii
2292 4374 2545 4423 Hebraice
2576 4372 2857 4427 Rodanim,
2889 4372 2973 4420 vel
3004 4371 3264 4420 Dodanim
3289 4370 3560 4432 dicuntur,
3587 4376 3641 4422 15

2069 4438 2224 4488 Risus
2253 4436 2498 4487 dissolvit
2524 4436 2809 4495 ridentem,
2842 4435 2919 4483 ira
2948 4433 3168 4495 corripit
3184 4439 3237 4482 et
3265 4434 3527 4493 emendat,
3553 4432 3664 4510 137:

2810 4526 2856 4590 S

2070 4615 2102 4664 S
2134 4615 2326 4678 triplex
2355 4613 2497 4677 apud
2531 4611 2815 4662 llebraaos:
2864 4611 3136 4677 quomodo
3181 4612 3415 4678 legatur,
3436 4613 3517 4678 >16,
3550 4615 3659 4662 266.

2066 4676 2513 4727 Sade'Hebraaum
2546 4689 2645 4724 nec
2674 4690 2716 4732 ε,
2745 4688 2845 4722 nec
2874 4676 2898 4723 2
2919 4678 3163 4723 nostrum
3193 4678 3364 4731 sonat,
3397 4676 3477 4722 92.

2070 4740 2358 4790 Sabbatum
2392 4739 2446 4787 in
2476 4737 2737 4800 principio
2761 4736 3079 4787 dissolutum
3109 4740 3204 4793 est,
3236 4738 3346 4785 307.

2070 4803 2236 4851 Sabee
2265 4802 2409 4850 vocis
2439 4799 2717 4860 multiplex
2747 4799 3129 4862 interpretatio,
3164 4800 3272 4848 337.

2068 4863 2347 4914 Sacerdos.
2381 4859 2719 4924 Primogeniti
2751 4859 2926 4911 ofﬁcio
2956 4859 3500 4924 sacerdotumifuncti
3533 4863 3661 4911 sunt

2007 4927 2146 4989 apud
2178 4926 2448 4983 Hebraeos,
2472 4922 2761 4987 antequam
2786 4926 2962 4973 Aaron
2984 4924 3035 4972 in
3059 4922 3416 4972 sacerdotium
3439 4922 3661 4985 eligere-

2006 4994 2108 5047 tur,
2141 4990 2249 5038 318.

2070 5054 2491 5112 Sacramentum.
2516 5048 2823 5112 Mysterium
2846 5047 3094 5112 Ecclesiae
3111 5046 3553 5112 Chris_tianaa_non
3579 5052 3660 5097 est

2008 5115 2063 5163 in
2092 5114 2320 5164 victimis
2348 5107 2745 5160 irrationalibus
2784 5110 3143 5166 immoiandis,
3178 5109 3271 5157 sed
3304 5110 3357 5156 in
3388 5107 3662 5161 oblatione

2006 5175 2394 5288 Egpissﬁetgéi’ni,
2427 5174 2479 5223 id
2511 5179 2607 5233 est,
2631 5173 2878 5236 Corporis
2908 5178 2959 5221 et
2988 5172 3276 5234 Sanguinis
3305 5171 3514 5219 Domini
3535 5171 3662 5222 Jesu

2048 5239 2214 5297 hristi,
2248 5241 2356 5287 329.

2071 5295 2355 5350 Saeculum.
2378 5298 2544 5347 Omne
2570 5299 2769 5346 bonum
2792 5296 3070 5359 praisentis
3091 5295 3272 5345 seaculi
3295 5295 3539 5346 confusio
3561 5302 3661 5357 est,

2008 5362 2171 5426 futuri
2203 5366 2463 5426 perpetua
2491 5359 2769 5426 fortitudo,
2803 5360 2909 5426 1'77.

2068 5420 2255 5479 Salen],
2276 5420 2483 5474 S'ichem
2513 5422 2707 5471 dicitur
2736 5427 2790 5471 et
2816 5420 3131 5475 Jerusalem,
3161 5420 3272 5478 358,
3303 5420 3411 5467 359.

2070 5488 2316 5536 Salomon
2350 5486 2449 5535 tria
2476 5485 2925 5539 hahuitnomina,
2956 5485 3067 5531 383.
3087 5482 3390 5542 Sopientiar
3412 5480 3533 5536 fuit,
3556 5492 3667 5529 non

2009 5549 2275 5598 Abraham
2298 5553 2350 5596 et
2370 5550 2549 5609 Moyse
2568 5552 2620 5595 et
2639 5549 2851 5599 caeteris
2873 5545 3098 5602 Sanctis,
3121 5544 3213 5593 sed
3235 5544 3315 5592 his
3335 5543 3430 5609 qui
3449 5542 3671 5609 fuerunt

2008 5617 2130 5661 ante
2154 5626 2206 5660 se
2230 5612 2281 5659 in
2298 5604 2616 5666 Jerusalem,
2640 5612 2760 5659 394.
2783 5613 2943 5662 Juxta
2969 5620 3257 5655 numerum
3287 5604 3665 5666 vocabulorum

2008 5674 2349 5733 suorum,tria
2365 5664 2636 5722 volumina
2655 5671 2855 5729 edidit,
2878 5672 2935 5720 in
2953 5670 3147 5731 quibus
3166 5664 3416 5730 parvulos
3436 5664 3608 5733 docet,
3623 5667 3676 5711 et

2007 5737 2150 5787 viros
2178 5726 2397 5787 matura:
2427 5735 2618 5792 aetatis,
2649 5736 2705 5783 et
2757 5726 3035 5808 perfectus
3078 5726 3234 5791 atque
3280 5726 3677 5776 consummatos
