4086 6460
1306 540 2596 936 Εὶὶἓξμῗᾷξῖδί

425 1039 1637 1183 ΥΠΟΜΝΗΜΑΤΑ
1724 1046 1984 1173 ΕΙΣ
2073 1029 2531 1174 ΤΟΥΣ
2605 1039 3496 1180 ΨΑΛΜΟΥΣ.

690 1484 1735 1700 EUSEBII
1924 1477 3244 1690 PAMPHILI

1081 1825 1906 2000 COMMENTARIA
2012 1841 2143 1994 IN
2256 1838 2826 2014 ramos.

345 2112 454 2174 Ex
496 2130 642 2172 mss.
675 2109 992 2172 codicibus
1039 2120 1239 2184 eruta,
1282 2110 1504 2173 Latine
1533 2128 1734 2179 versa,
1774 2128 1844 2170 ac
1887 2110 2055 2170 notis
2090 2107 2436 2187 illustrata,
2467 2107 2680 2171 studio
2718 2116 2776 2169 et
2807 2126 2999 2187 opera
3029 2111 3106 2170 D.
3147 2108 3460 2172 Bernardi
3491 2111 3585 2172 Du

468 2193 935 2265 Moxrrwcon,
967 2191 1322 2271 presbyteri
1357 2198 1417 2250 et
1445 2189 1734 2251 monachi
1771 2187 2017 2249 ordinis
2051 2187 2117 2250 S.
2164 2186 2514 2263 Benedicti,
2544 2206 2575 2246 e
2604 2186 3083 2267 congregatione
3110 2189 3176 2250 S.
3219 2190 3457 2250 Mauri.

353 383 3575 442 W*

887 2352 1133 2418 (Collectio
1153 2368 1274 2405 nova
1295 2355 1501 2404 Patrum
1529 2359 1575 2403 et
1595 2349 1883 2414 scriptorum
1905 2353 2202 2410 aratorum,
2230 2349 2448 2410 Parisiis,
2477 2348 2617 2413 1707,
2641 2349 2824 2410 in-fol.,
2848 2358 2967 2400 tom.
3003 2351 3066 2415 Ι.)

1942 2552 2012 2564 ...-

1041 2634 1595 2698 CLEMENTI
1661 2635 1772 2697 XI
1821 2636 2385 2701 PONTIFICI
2438 2635 2872 2701 MAXIMO.

431 2755 583 2817 Cum
615 2770 734 2832 per
761 2753 1096 2814 Romanum
1127 2755 1320 2814 otium
1345 2753 1658 2831 colloquio
1688 2772 1815 2814 non
1841 2755 2026 2816 semel
2053 2752 2347 2833 dignatus
2372 2764 2502 2827 tuo,
2529 2756 2932 2819 Sanctissime
2961 2762 3188 2839 Pater,
3221 2765 3582 2828 Gracarum

344 2872 501 2936 quas
530 2853 812 2934 apprime
852 2853 1056 2924 calles,
1089 2853 1570 2932 disciplinarum
1593 2855 1926 2915 maximam
1955 2856 2023 2916 in
2053 2863 2109 2914 te
2140 2873 2357 2915 curam
2385 2856 2953 2932 animadverterim,
2998 2882 3069 2924 ea
3101 2867 3256 2928 mihi
3297 2887 3436 2928 cum
3463 2870 3580 2928 sti-

348 2958 550 3018 mulos
594 2955 858 3028 addidit,
891 2965 960 3015 ut
984 2959 1119 3036 jam
1159 2956 1372 3016 multis
1413 2956 1600 3017 annis
1649 2957 1878 3018 initum
1911 2955 2270 3017 Gracarum
2315 2959 2644 3019 Musarum
2687 2964 3079 3025 curriculum
3117 2984 3577 3047 prosequerer:

349 3068 479 3119 tum
508 3060 748 3120 animos
781 3057 949 3135 fecit,
979 3063 1047 3115 ut
1074 3056 1254 3116 hasce
1285 3055 1752 3116 lucubrationes
1782 3072 1944 3113 meas
1971 3055 2313 3116 Sanctitati
2353 3058 2498 3116 Tua
2531 3075 2980 3138 nuncuparem.
3008 3061 3125 3123 Est
3154 3067 3385 3146 quippe
3417 3068 3580 3129 illud

347 3161 431 3222 iis
466 3160 574 3238 qui
617 3166 891 3219 veterum
917 3159 1326 3219 monumentis
1360 3155 1647 3218 eruendis
1677 3167 1915 3217 atatem
1945 3164 2300 3228 conterunt,
2337 3176 2445 3217 nec
2480 3156 2788 3220 modicum
2817 3160 2898 3221 ad
2940 3181 3192 3242 operam
3228 3167 3578 3229 navandum

347 3261 836 3332 incitamentum,
867 3276 1004 3318 cum
1033 3259 1084 3319 ii
1114 3260 1221 3336 qui
1251 3258 1558 3336 dignitate
1588 3265 1645 3318 et
1674 3256 2086 3336 amplitudine
2122 3259 2361 3318 cateris
2384 3267 2715 3336 prastant,
2765 3279 2980 3340 parem
3031 3265 3100 3324 in
3143 3283 3212 3325 re
3256 3265 3576 3330 litteraria

346 3361 610 3442 gradum
653 3367 844 3438 gustu
873 3368 930 3419 et
953 3360 1194 3436 peritia
1227 3377 1436 3418 rerum
1465 3359 1735 3419 assecuti
1776 3366 1945 3419 sunt.
1981 3358 2134 3420 Cum
2174 3368 2403 3432 autem,
2437 3361 2842 3422 Sanctissime
2871 3363 3101 3438 Pater,
3139 3367 3236 3427 rei
3283 3369 3576 3431 ecclesia-

345 3461 732 3541 sticajuata
761 3478 831 3518 ac
862 3460 1189 3520 litteraria
1203 3456 1412 3540 judea
1439 3457 1792 3536 arbiterque
1839 3455 2073 3531 sedeas,
2107 3477 2372 3537 quorum
2410 3457 2589 3521 aliud
2619 3460 2737 3522 tibi
2785 3480 3023 3522 summa
3064 3466 3269 3525 virtus
3300 3463 3574 3528 omnium

343 3563 682 3642 conjuncta
711 3561 870 3620 votis
903 3558 1148 3632 detulit,
1177 3557 1354 3621 aliud
1393 3559 1625 3619 eximia
1651 3558 2136 3637 disciplinarum
2168 3560 2440 3619 omnium
2467 3559 2702 3620 notitia
2733 3580 2861 3621 una
2886 3564 3288 3634 conciliavit;
3318 3569 3423 3629 cui
3438 3585 3564 3646 po-

345 3665 476 3725 tius
507 3660 716 3722 labore
748 3667 804 3719 et
833 3657 1058 3717 sudore
1088 3667 1305 3718 nostro
1332 3665 1525 3738 parta
1555 3657 1911 3737 offeramus,
1943 3675 2126 3737 quam
2159 3660 2216 3718 ei
2245 3661 2352 3738 qui
2375 3666 2500 3719 non
2529 3660 2881 3721 eruditione
2911 3665 3114 3724 minus
3146 3683 3328 3744 quam
3355 3666 3571 3747 digni-

346 3771 473 3824 tate
503 3759 741 3822 cateris
777 3760 1158 3820 antecellat?
2007 3841 2012 3846 I

423 3862 682 3924 Eusebii
720 3863 928 3940 itaque
960 3863 1166 3922 nostri
1199 3863 1655 3924 Commentaria
1684 3865 1754 3924 in
1802 3863 2073 3942 psalmos
2106 3862 2446 3926 Sanctitati
2485 3866 2631 3926 Tua
2655 3863 2962 3927 sistimus.
2999 3863 3170 3943 Opus
3210 3885 3358 3927 sane
3402 3886 3576 3947 egre-

342 3967 538 4044 gium,
586 3964 644 4024 si
682 3963 1032 4041 Scriptura
1060 3980 1254 4023 sacra
1284 3963 1600 4036 notitiam,
1631 3972 1910 4024 veterum
1944 3965 2362 4043 interpretum
2389 3967 2707 4044 copiosam
2741 3965 3215 4044 supellectilem,
3253 3966 3467 4029 doctas
3496 3969 3573 4030 de

341 4064 646 4143 cujusque
669 4064 904 4143 psalmi
932 4071 1187 4123 auctore
1219 4072 1279 4122 et
1308 4073 1582 4143 tempore
1613 4064 2076 4126 observationes
2105 4067 2510 4144 spectaveris.
2545 4067 2687 4127 Huc
2714 4066 3017 4127 accedunt
3045 4069 3398 4148 frequentes
3427 4088 3575 4131 con-

342 4175 450 4225 tra
479 4166 690 4226 atheos
720 4183 790 4224 ac
821 4164 1046 4241 impios
1075 4165 1492 4232 velitationes,
1532 4185 1603 4226 ac
1653 4164 1726 4225 de
1769 4163 2168 4226 Psalmorum
2209 4168 2538 4239 sententia,
2577 4175 2708 4227 tum
2755 4165 3045 4238 litterali,
3101 4176 3232 4227 tum
3261 4178 3574 4247 mystago-

338 4267 486 4344 gica
512 4262 1002 4324 accuratissima
1031 4260 1486 4337 meditationes,
1517 4272 1573 4324 et
1607 4265 1738 4326 alia
1767 4263 1964 4325 multa
2010 4264 2184 4342 queis
2216 4263 2506 4325 rudiores
2537 4266 2731 4327 animi
2761 4264 2842 4324 ad
2879 4265 3214 4348 pietatem,
3245 4270 3575 4348 perfectio-

338 4383 445 4425 res
475 4375 697 4437 autem,
727 4361 808 4423 ad
841 4363 1159 4423 sublimem
1186 4362 1534 4441 Scriptura
1563 4382 1754 4425 sacra
1782 4365 2076 4425 notitiam
2103 4362 2441 4444 informari
2466 4365 2690 4427 solent.
2718 4365 2862 4425 Hac
2888 4383 2967 4424 ea:
2994 4335 3305 4426 diuturna
3339 4376 3570 4427 tracta-

341 4468 514 4528 tione
566 4463 916 4535 Eusebius,
980 4463 1295 4542 Pamphili
1337 4465 1637 4542 martyris
1685 4464 2165 4542 Scripturarum
2232 4465 2639 4526 scientissimi
2687 4465 3099 4527 contubernio
3151 4465 3563 4535 nobilitatus,

333 4565 629 4642 apprime
652 4563 895 4634 calluit,
928 4563 1052 4623 hac
1083 4563 1257 4620 docte
1287 4559 1586 4623 disseruit
1618 4570 1675 4621 et
1703 4565 2108 4642 explanavit;
2144 4560 2309 4621 unde
2337 4566 2558 4625 merito
2591 4583 2738 4625 sane
2764 4567 3188 4643 Hieronymus
3214 4554 3573 4626 eruditissi-

339 4686 473 4728 mos
519 4668 699 4728 hosce
741 4667 1228 4729 Commentarios
1279 4683 1405 4724 esse
1447 4667 1848 4742 pronuntiat.
1883 4665 2165 4740 Quorum
2199 4675 2374 4728 tanta
2417 4667 2544 4746 fuit
2570 4665 2741 4745 apud
2782 4676 3018 4728 veteres
3057 4667 3465 4738 existimatio,
3497 4677 3568 4727 ut

335 4768 764 4832 Occidentalis
815 4771 1116 4832 Ecclesia
1160 4771 1366 4830 lumen
1410 4766 1572 4828 illud
1600 4767 1908 4829 Eusebius
1949 4770 2356 4831 Vercellensis
2401 4770 2470 4830 in
2499 4769 2872 4829 Latinorum
2914 4787 3092 4828 usum
3139 4776 3335 4828 totum
3385 4787 3565 4849 opus,

329 4869 641 4932 submotis
675 4880 878 4931 tamen
923 4872 1004 4933 iis
1034 4888 1166 4948 qua
1204 4868 1630 4929 Arianismum
1673 4869 1933 4940 olerent,
1983 4869 2204 4930 Latine
2237 4871 2480 4950 fecerit.
2535 4869 2738 4949 Hujus
2772 4887 2884 4928 nos
2946 4867 3336 4947 diligentiam
3386 4888 3566 4928 amu-

334 4972 561 5043 lantes,
594 4990 693 5045 ne,
726 4973 978 5053 jamdiu
1027 4973 1190 5032 tanti
1219 4971 1346 5032 viri
1390 4970 1909 5047 interpretatione
1940 4971 2189 5042 amissa,
2222 4979 2444 5031 nostra
2474 4980 2620 5030 atas
2650 4972 2762 5032 hoc
2807 4971 3044 5051 insigni
3089 4987 3273 5048 opere
3318 4969 3560 5043 orbata,

326 5071 626 5147 segnitiei
652 5071 830 5132 nobis
859 5074 1072 5133 notam
1099 5073 1408 5143 inureret,
1449 5088 1528 5130 ea:
1557 5069 1948 5132 bibliothecis
1985 5079 2232 5130 erutum
2262 5079 2321 5129 et
2346 5070 2567 5132 Latine
2596 5089 2843 5132 versum
2875 5069 3296 5150 publicamus,
3330 5069 3563 5148 tibique

331 5171 684 5252 offerimus,
718 5181 790 5232 ut
821 5175 972 5247 tuis,
997 5173 1402 5235 Sanctissime
1431 5171 1648 5241 Pater,
1683 5170 1990 5247 auspiciis
2019 5169 2270 5247 felicius
2304 5171 2371 5231 in
2401 5171 2598 5232 lucem
2632 5170 2918 5249 prodeat,
2952 5177 3126 5248 teque
3163 5166 3316 5229 duce
3345 5168 3562 5248 faciles

302 5268 460 5332 sibi
486 5280 667 5349 paret
694 5270 776 5330 ad
803 5273 1248 5351 rempublicam
1279 5271 1655 5334 litterariam
1679 5267 1912 5331 aditus.

418 5375 638 5435 Ver-um
682 5392 811 5434 non
859 5373 1126 5453 perinde
1157 5375 1511 5437 laudandus
1541 5374 1802 5436 Eusebii
1831 5382 2092 5436 conatus
2122 5372 2462 5434 Sanctitati
2500 5375 2644 5434 Tua
2672 5373 2984 5446 videatur,
3017 5373 3075 5433 si
3101 5370 3183 5433 ad
3211 5369 3566 5431 doctrinam

323 5471 404 5537 de
438 5476 772 5547 Trinitate,
810 5476 869 5538 si
911 5473 993 5535 ad
1035 5477 1318 5538 vitiatam
1359 5477 1434 5538 de
1496 5475 1684 5538 Verbo
1724 5477 1839 5538 Dei
1887 5475 2254 5536 sententiam
2287 5476 2563 5536 animum
2591 5475 2954 5536 attenderis.
2989 5476 3105 5536 Est
3134 5474 3297 5534 enim
3326 5487 3564 5542 eorum,

324 5597 439 5658 qui
469 5577 654 5639 nimis
679 5579 930 5657 ingenio
961 5578 1382 5660 doctrinaque
1405 5602 1532 5643 sua
1549 5581 1775 5662 ﬁdunt,
1799 5587 2147 5659 perpetuus
2177 5579 2284 5640 ille
2317 5577 2638 5657 scopulus,
2665 5587 2737 5638 ut
2765 5593 2904 5639 cum
2934 5595 3046 5637 suo
3075 5582 3270 5636 marte
3301 5570 3568 5648 religio-

323 5680 428 5744 nis
479 5678 689 5758 capita
736 5677 993 5758 deﬁnire
1024 5679 1318 5747 audeant.
1373 5702 1411 5742 a
1459 5701 1619 5746 vera
1669 5680 1815 5761 ﬁdei
1856 5681 2104 5742 tramite
2144 5680 2385 5757 passim
2419 5678 2732 5740 aberrent.
2779 5679 3031 5738 Possem
3073 5671 3559 5738 innumerabiles

595 5830 597 5832 .
651 5779 924 5840 Punon.
959 5781 1074 5842 (in.
1134 5777 1370 5847 XXIII.

3129 5776 3161 5834 1
