4086 6566
471 427 526 479 Η
1134 428 1396 483 EUSEBII
1435 425 1631 481 CeESA
1642 420 1912 476 RIENSIS
1949 419 2002 475 Ο]

2142 418 2322 473 PARS
2363 416 2448 473 Ill.
2492 448 2565 459 —
2598 418 3004 475 EXEGETICA.
3619 415 3687 470 ιε

468 549 782 624 proferre,
823 548 929 624 qui
966 566 1124 606 nova
1153 557 1388 607 tentata
1419 548 1551 626 ejus
1585 540 1993 621 explananda
2021 539 2143 609 via,
2176 538 2577 615 naufragium
2604 538 2923 614 fecerunt;
2956 553 3167 596 verum
3196 551 3357 593 unus
3391 539 3516 591 esto
3545 532 3683 592 Eu-

466 649 673 709 sebius
704 651 859 710 satis
892 672 910 710 :
944 651 997 710 is
1030 653 1097 712 in
1132 651 1477 728 exemplum
1533 648 1774 707 cunctis
1815 643 2141 722 offeratur.
2184 640 2341 702 Nam
2378 641 2435 699 si
2483 641 2582 699 vir
2615 638 2721 698 ille
2757 648 2990 707 tantus,
3036 646 3125 697 tot
3171 635 3529 716 disciplinis
3561 654 3676 697 ea:-

466 751 697 819 cu'ltus,
735 752 844 811 ubi
887 769 1015 810 sese
1061 750 1323 828 ﬁdenter
1362 766 1681 808 sacrorum
1716 747 2120 821 interpretem
2161 741 2488 819 pnestitit,
2531 747 2768 798 tantum
2800 757 2837 796 a
2883 756 3040 798 verae
3085 736 3347 815 pietatis
3379 738 3688 797 sententia

465 848 816 928 deflexerit,
847 850 997 929 quid
1022 852 1165 913 aliis
1189 846 1588 929 sperandum,
1619 847 1727 925 qui
1766 863 1891 905 non
1916 843 2185 922 paribus
2218 842 2454 918 ingenii
2485 840 2898 916 doctrinaque
2931 837 3179 897 dotibus
3209 840 3531 909 instructi,
3561 857 3684 916 pa-

464 968 596 1009 rem
621 962 819 1011 tamen
846 953 1041 1011 aleam
1071 953 1283 1013 subire
1314 971 1439 1010 non
1462 958 1799 1010 vereantur
1823 948 1851 1005 7
1886 947 2037 1016 Una,
2066 963 2191 1004 una
2223 952 2313 1001 est
2339 960 2495 1002 certe
2523 940 2667 1018 fidei
2689 941 2984 1011 anchora,
3020 947 3258 997 statuta
3284 938 3526 998 scilicet
3556 938 3684 997 Ec-

467 1051 665 1111 clesiae
696 1073 715 1109 :
746 1053 930 1132 hujus
988 1060 1077 1123 tu,
1112 1054 1350 1112 Summe
1386 1049 1708 1128 Pontifex,
1742 1052 1952 1123 caput,
1986 1043 2366 1119 antistesque
2415 1057 2761 1109 sacrorum,
2798 1039 2902 1097 cui
2933 1036 3267 1114 religionis
3286 1036 3449 1115 jura
3481 1032 3688 1094 dicere

464 1154 531 1213 in
561 1152 764 1229 ofﬁcio
794 1162 905 1214 est.
942 1152 1031 1212 Ab
1059 1154 1170 1213 hac
1210 1170 1354 1211 vero
1399 1168 1620 1210 norma
1668 1148 1948 1225 quisquis
1979 1144 2387 1214 aberraverit,
2422 1142 2566 1203 huic
2609 1150 2888 1201 extrema
2924 1146 2982 1198 et
3018 1147 3189 1197 certa
3240 1137 3555 1215 pernicies
3597 1145 3685 1196 est

461 1250 969 1329 pertimescenda.

535 1351 789 1411 Accedit
830 1352 1032 1427 igitur
1065 1350 1144 1409 ad
1170 1349 1354 1428 pedes
1382 1347 1750 1410 Sanctitatis
1786 1347 1935 1406 Tute
1974 1345 2002 1404 1

2102 1343 2285 1403 rebius
2315 1343 2421 1402 ille
2453 1340 2787 1420 Pamphili,
2822 1349 2892 1401 ut
2924 1341 3054 1419 ejus
3085 1344 3158 1406 de
3208 1340 3396 1401 Verbo
3428 1338 3543 1399 Dei
3574 1334 3680 1395 do—

459 1456 686 1524 ctrina,
726 1469 904 1530 quam
937 1470 1073 1511 cum
1112 1470 1190 1513 ea?
1227 1452 1674 1531 pestiferorum
1718 1448 2034 1511 hominum
2064 1444 2315 1523 afflatu,
2350 1455 2478 1502 tum
2515 1461 2593 1501 ea:
2640 1442 2882 1518 ingenii
2923 1442 3024 1502 sui
3071 1441 3338 1502 arbitrio
3382 1438 3676 1521 protulit,

450 1551 757 1632 judicium
800 1551 1019 1611 subeat
1073 1559 1267 1612 tuum.
1311 1553 1526 1610 Verum
1570 1548 1799 1609 talibus
1847 1554 2107 1606 onustus
2149 1542 2455 1604 mercibus
2486 1543 2597 1603 via:
2642 1553 3039 1621 conspectum
3079 1541 3260 1603 illum
3307 1542 3528 1619 ferret,
3558 1539 3673 1598 via:

458 1653 628 1713 illam
678 1652 998 1713 oculorum
1047 1653 1294 1729 orisque
1342 1650 1708 1729 dignitatem
1748 1648 2138 1718 sustineret,
2198 1646 2325 1705 nisi
2364 1643 2668 1723 permista
2715 1644 2895 1704 malis
2940 1642 3101 1703 bona
3148 1642 3515 1709 innumera,
3548 1637 3678 1699 nisi

457 1750 652 1809 multa
684 1751 959 1830 offerret,
992 1767 1123 1827 qua:
1139 1750 1378 1827 passim
1408 1749 1475 1808 in
1506 1765 1691 1826 opere
1721 1745 1973 1823 decerpi
1997 1746 2249 1822 possint
2282 1744 2683 1803 emolumenta
2709 1764 2728 1802 :
2758 1752 2827 1802 ut
2857 1744 2969 1804 hac
3001 1744 3069 1803 in
3096 1760 3163 1801 re
3190 1738 3368 1799 nobis
3423 1737 3680 1797 Eusebii

458 1849 846 1927 diligentiam
890 1848 1154 1908 laudare
1190 1849 1392 1921 liceat,
1426 1848 1482 1907 si
1510 1849 1711 1907 minus
1748 1848 1935 1906 liceat
1976 1847 2042 1905 in
2074 1845 2217 1903 aliis
2249 1842 2549 1903 doctrina:
2580 1844 3021 1903 sinceritatem.
3055 1840 3183 1902 Nos
3221 1856 3387 1908 vero,
3416 1836 3529 1895 etsi
3552 1854 3676 1915 pro

458 1967 625 2008 more
657 1958 873 2009 nostro
903 1949 1025 2009 hac
1055 1946 1136 2005 ad
1167 1946 1446 2007 codicum
1475 1943 1675 2023 fidem,
1707 1944 1806 2003 uti
1838 1961 1899 2000 se
1942 1940 2194 2011 dabant,
2222 1939 2481 2017 publica
2508 1940 2860 2019 fecerimus,
2901 1938 3163 1999 Eusebii
3196 1945 3398 1996 tamen
3433 1934 3667 1994 Vercel-

459 2045 647 2107 lensis
679 2047 1024 2107 cautionem
1060 2046 1189 2105 alia
1229 2045 1514 2104 cautione
1552 2058 1884 2120 pensamus
1910 2060 1930 2098 :
1955 2041 2020 2099 in
2044 2039 2581 2117 prccliminaribus
2613 2037 2873 2117 quippe,
2909 2037 3170 2098 Eusebii
3204 2034 3275 2095 de
3319 2033 3511 2095 Verbo
3554 2032 3667 2092 Dei

458 2148 833 2224 opinionem,
866 2164 989 2205 non
1030 2164 1107 2205 ex
1144 2146 1239 2207 his
1281 2143 1457 2203 modo
1507 2141 2020 2209 Commentariis,
2069 2142 2175 2200 sed
2207 2158 2288 2200 ex
2331 2140 2475 2200 aliis
2521 2142 2666 2199 item
2709 2139 2967 2217 scriptis
3011 2134 3279 2216 ejusdem
3326 2134 3667 2213 aperimus.

458 2245 852 2322 confutamus
882 2264 900 2302 :
930 2261 1003 2302 ac
1031 2260 1105 2301 ne
1148 2241 1376 2301 malum
1411 2240 1672 2299 occultis
1705 2237 1965 2298 subinde
1997 2238 2203 2298 verbis
2244 2238 2601 2298 obvolutum
2631 2237 2821 2296 latius
2864 2244 3098 2315 serpat,
3132 2254 3169 2294 a
3196 2234 3419 2313 quibus
3456 2251 3676 2292 caven-

456 2343 600 2404 dum
623 2345 707 2405 sit
736 2343 1105 2413 indicamus,
1140 2351 1196 2402 et
1221 2349 1586 2420 argumenta
1615 2348 1836 2400 contra
1865 2338 2045 2416 ﬁdem
2076 2339 2283 2400 oblata
2316 2355 2436 2417 pro
2467 2338 2644 2398 virili
2676 2336 3070 2415 depellimus.

536 2447 702 2507 Huic
748 2456 981 2507 nostra?
1042 2463 1268 2524 operae,
1310 2442 1712 2504 Sanctissime
1742 2443 1952 2515 Pater,
1987 2443 2043 2503 si
2090 2441 2396 2502 calculum
2441 2440 2780 2513 addideris,
2822 2441 2878 2500 si
2920 2440 3043 2501 hac
3086 2438 3291 2499 studio
3316 2437 3668 2516 vigiliisque

455 2548 690 2608 nostris
720 2557 912 2625 parta
944 2545 1180 2606 lubenti
1208 2547 1413 2604 animo
1445 2544 1786 2621 acceperis,
1819 2562 1980 2604 unus
2006 2544 2185 2605 nobis
2215 2547 2424 2605 instar
2454 2544 2722 2603 omnium
2752 2552 2974 2603 auctor
3004 2543 3150 2613 eris,
3170 2551 3238 2602 ut
3272 2540 3509 2602 cateris
3538 2556 3672 2616 qua:

456 2663 571 2724 per
601 2648 795 2708 otium
822 2654 1158 2726 parantur,
1192 2645 1469 2706 alacrius
1516 2662 1761 2708 manum
1802 2644 2253 2705 admoneamus.
2296 2646 2376 2705 Te
2411 2645 2641 2723 quippe
2682 2645 2795 2705 hoc
2828 2644 2897 2704 in
2936 2645 3193 2706 honoris
3226 2644 3515 2712 culmine,
3557 2642 3671 2701 hac

456 2751 525 2810 in
571 2748 824 2826 specula
857 2747 1125 2835 sedente,
1159 2747 1239 2807 ad
1265 2750 1523 2810 virtutis
1565 2746 1863 2821 studium,
1900 2758 1959 2808 et
1990 2746 2071 2807 ad
2107 2748 2463 2808 litterarum
2504 2748 2743 2808 cultum
2786 2758 3101 2809 acuuntur
3129 2748 3367 2813 animi:
3411 2754 3479 2806 ut
3532 2763 3671 2826 spes

454 2850 539 2911 sit
574 2850 973 2929 afflictam-et
998 2848 1303 2908 labantem
1328 2850 1394 2909 in
1416 2847 1546 2909 dies
1578 2866 1706 2908 rem
1737 2847 2115 2911 litterariam
2143 2867 2254 2928 ope
2285 2859 2343 2909 et
2371 2850 2728 2927 patrocinio
2752 2857 2859 2909 tuo
2893 2858 3313 2909 restauratum
3349 2848 3455 2908 iri.
3489 2846 3671 2921 Quod

457 2953 621 3011 omni
650 2950 1110 3028 exspectatione
1142 2950 1451 3009 maturius
1488 2947 1749 3019 accidet,
1772 2950 1827 3009 si
1856 2948 2034 3009 nobis
2062 2950 2275 3030 fausta
2320 2948 2722 3026 precantibus
2750 2950 2976 3030 faverit
3007 2950 3277 3009 omnium
3320 2945 3673 3007 moderator

457 3048 583 3118 ille,
614 3047 721 3125 qui
747 3046 929 3106 rebus
950 3047 1264 3126 prospicit
1292 3047 1598 3117 humanis,
1631 3064 1741 3105 nec
1774 3055 1829 3105 te
1873 3044 2051 3106 modo
2086 3048 2456 3109 incolumem
2486 3046 2725 3108 diutius
2758 3049 3118 3120 servaverit,
3152 3047 3257 3109 sed
3288 3048 3467 3107 etiam
3501 3056 3672 3106 tran-

459 3145 653 3225 quilla
686 3154 1031 3223 pacataque
1069 3154 1346 3226 tempora
1379 3146 1547 3225 plebi
1575 3164 1701 3206 sua:
1717 3146 2099 3223 providerit,
2135 3145 2300 3226 quod
2328 3166 2463 3207 cum
2486 3148 2716 3226 primis
2749 3150 3078 3228 efflagitat,

1750 3247 1964 3309 Sancti
1970 3249 2117 3308 tatis
2154 3250 2317 3321 Tute,

2541 3412 3184 3492 Obsequentissimus
3224 3420 3283 3473 et
3322 3412 3508 3474 addi-

2625 3491 3131 3552 ctis’simustilius
3169 3498 3229 3553 et
3260 3509 3507 3559 servus,

2541 3591 2609 3651 Ε.
2673 3591 2857 3651 Bern.
2892 3593 2998 3650 ουκ
3042 3594 3505 3653 Mou'rmccou.

2937 3758 3447 3769 .—_..______.-_.
3466 3761 3473 3766 .
3562 3758 3597 3767 -ι

3291 3774 3479 3784 gnra-.-

3093 3760 3345 3771 ——.—.——-—

460 3754 3286 3785 Μ

1461 3926 2651 4055 ΡΒλἘΕΙΜΙΝΑΒΙΑ

823 4189 947 4279 ΙΝ
1026 4186 1499 4278 EUSEBII
1576 4175 2451 4274 COMMENTARIA
2527 4177 2650 4265 IN
2732 4178 3293 4271 PSALMOS.

2015 4379 2088 4394 ρ

1028 4496 1435 4555 PROOEMIUM.
2028 4508 2069 4559 Α
2102 4491 2280 4561 prodit
2307 4489 2570 4545 Eusebius
2605 4511 2615 4544 :
2642 4493 2734 4563 qui
2762 4494 2811 4549 si
2854 4504 3112 4563 quantam
3167 4497 3508 4562 eruditionis,
3540 4507 3661 4551 tan-

515 4588 749 4642 Tantum
778 4586 878 4644 sibi
914 4602 1108 4641 nomen
1143 4589 1197 4642 in
1221 4604 1278 4643 re
1309 4591 1569 4645 litteraria
1593 4590 1798 4659 peperit
1828 4586 1999 4642 Euse-

445 4679 569 4734 bius
592 4678 964 4740 Ca‘sariensis,
990 4687 1185 4732 utcum
1217 4680 1268 4733 in
1289 4681 1408 4751 ejus
1441 4683 1661 4751 scriptis
1690 4688 2003 4733 restauran-

447 4772 552 4830 dis,
587 4773 632 4826 si
670 4781 941 4843 prostent,
977 4773 1251 4833 emendis.
1281 4774 1327 4828 si
1364 4776 1584 4837 lateant,
1619 4788 1783 4842 opera
1838 4787 2003 4824 nava-

447 4870 556 4925 tur,
584 4862 636 4916 id
676 4864 728 4915 in
767 4864 1035 4932 praecipua
1066 4865 1221 4919 Cilicii
1254 4875 1407 4934 parte
1445 4873 1646 4934 ponant
1689 4863 1905 4917 eruditi.
1956 4863 2003 4918 Is

444 4954 590 5005 enim
622 4959 700 5005 tot
733 4953 786 5005 in
814 4953 1057 5019 historia,
1088 4954 1142 5006 in
1164 4955 1536 5019 chronologia,
1570 4953 1623 5005 in
1664 4954 2003 5021 antiquitatis

448 5045 660 5109 notitia,
694 5045 891 5114 ingenii
934 5046 1018 5100 sui
1052 5046 1348 5116 specimina
1377 5046 1546 5107 dedit,
1584 5053 1639 5097 ut
1662 5060 1782 5097 eum
1814 5046 2003 5113 primis

448 5138 704 5193 Ecclesia?
737 5140 1096 5209 scriptoribus
1135 5140 1345 5193 censeri
1390 5147 1681 5194 mereatur.
1714 5135 1888 5190 Unum
1926 5155 2007 5193 re-

445 5230 624 5283 stabat
643 5231 697 5283 in
718 5245 824 5299 quo
846 5231 1108 5284 nullidum
1132 5229 1345 5283 Eusebii
1360 5229 1608 5298 peritiam
1627 5230 2002 5282 internoscen-

445 5318 501 5371 εἰ
539 5326 775 5389 potestas
800 5321 994 5384 fuerat,
1026 5320 1396 5387 interpretatio
1424 5320 1672 5373 videlicet
1702 5319 2006 5388 Scriptura-

442 5427 587 5464 rum.
620 5410 735 5477 Qua
766 5416 820 5464 in
853 5428 910 5465 re
931 5425 1053 5465 cum
1087 5425 1195 5462 non
1220 5402 1445 5462 minoris
1474 5410 1618 5479 apud
1643 5420 1848 5467 veteres
1882 5429 2005 5482 pre-

445 5502 505 5555 tii
541 5502 723 5565 fuerit,
757 5510 1060 5570 temporum
1091 5506 1269 5552 tamen
1304 5501 1500 5569 injuria
1538 5503 1753 5571 ignotus
1777 5518 1910 5572 pene
1935 5506 2001 5559 ad

445 5602 694 5648 nostrum
742 5609 917 5646 terum
949 5590 1170 5644 mansit.
1209 5589 1328 5645 Jam
1381 5608 1505 5647 vero
1538 5594 1627 5647 ubi
1666 5595 2001 5649 celeberrimi

439 5681 519 5735 illi
544 5683 595 5734 in
639 5680 883 5734 Psalmos
909 5680 1306 5741 commentarii,
1339 5681 1445 5737 situ
1488 5692 1540 5738 et
1568 5693 1833 5741 vetustate
1867 5702 2003 5755 pene

441 5773 645 5837 obruti,
675 5773 727 5823 in
761 5773 931 5824 lucem
959 5769 1194 5836 veniunt,
1217 5772 1266 5824 in
1300 5776 1550 5831 omnibus
1574 5778 1656 5831 sui
1686 5794 1741 5833 se
1770 5778 1996 5833 similem

2107 4593 2214 4636 tam
2246 4584 2471 4637 sincerae
2494 4582 2615 4637 ﬁdei
2642 4584 2853 4639 laudem
2880 4586 3111 4648 tulisset,
3137 4588 3223 4640 vix
3252 4603 3432 4657 parem
3458 4588 3657 4641 admit-

2110 4682 2267 4729 teret.
2304 4673 2412 4729 Hos
2439 4675 2621 4744 itaque
2648 4680 3086 4745 commentarios,
3113 4681 3204 4735 diu
3251 4684 3540 4751 expetitos,
3575 4681 3669 4733 sed

2106 4782 2384 4835 nunquam
2427 4774 2685 4833 tentatos,
2740 4771 2858 4833 tibi,
2896 4772 3066 4826 lector
3123 4773 3353 4837 erudite,
3413 4774 3670 4843 legendos

2107 4858 2373 4912 sistimus.
2404 4856 2718 4913 Versionem
2764 4877 2928 4931 porro
2960 4863 3205 4918 Latinam
3255 4880 3353 4934 pro
3389 4878 3539 4917 more
3570 4877 3666 4915 no-

2105 4961 2220 5007 διε-ο
2270 4951 2344 5005 ita
2394 4952 2810 5023 adornavimus,
2854 4965 2933 5021 ut,
2968 4959 3070 5012 etsi
3131 4957 3557 5028 compendiaria,
3608 4965 3668 5009 ut

2105 5042 2419 5112 plurimum,
2454 5045 2537 5098 via
2572 5045 2716 5098 dicta
2745 5045 2960 5101 Eusebii
3014 5049 3449 5119 interpretemur,
3480 5043 3668 5100 Graeca

2104 5146 2283 5192 tamen
2310 5157 2416 5194 non
2442 5142 2656 5209 penitus
2687 5158 2717 5196 e
2738 5143 2962 5212 vestigio
2986 5126 3254 5198 sectemur
3280 5163 3293 5197 :
3321 5159 3495 5213 neque
3521 5143 3664 5196 enim

2106 5233 2413 5304 importuno
2444 5238 2701 5306 scrupulo
2730 5239 2801 5290 ita
2827 5240 3016 5293 litterae
3051 5239 3335 5301 lateremus,
3370 5246 3426 5291 ut
3447 5236 3668 5290 concin-

2108 5338 2229 5376 nam
2283 5328 2564 5380 sententiae
2608 5329 2971 5395 exprimendae
3026 5331 3288 5384 rationem
3326 5329 3665 5388 deseramus,

2107 5429 2213 5466 non
2246 5416 2439 5476 nescii,
2475 5415 2542 5469 iis
2572 5417 2666 5485 qui
2711 5418 2870 5470 talem
2904 5422 3144 5473 vertendi
3179 5418 3397 5471 modum
3425 5418 3665 5485 aggressi

2106 5513 2255 5568 sunt,
2310 5522 2417 5559 non
2459 5507 2690 5560 feliciter
2720 5511 2955 5564 cessisse
3000 5520 3274 5563 conatum.
3317 5509 3488 5571 Quam
3542 5522 3669 5560 vero

2106 5594 2313 5649 Latinae
2347 5598 2540 5665 lingua:
2583 5601 3021 5668 peregrinitatem
3078 5601 3378 5653 intuleiunt
3414 5598 3668 5653 Ecclesia:

2095 5692 2307 5751 Patres,
2327 5705 2444 5743 eam
2474 5706 2579 5745 non
2609 5694 2831 5749 omnino
2855 5710 3055 5749 exuere
3084 5695 3289 5747 licitum
3326 5694 3425 5748 fuit
3452 5714 3464 5747 :
3495 5708 3667 5763 neque

2064 5854 2067 5855 ν
2104 5780 2247 5836 enim
2305 5782 2565 5860 abstineri
2619 5794 2795 5853 potest
2829 5802 2857 5837 a
2895 5787 3117 5839 vocibus
3140 5786 3402 5840 diuturno
3433 5786 3666 5854 scripto-
