4086 6550
366 419 435 482 l3
1136 405 1646 470 ῸΟΜΜΕΝΤΑΒΙᾹ
1674 402 1750 457 εἰΝ
1785 399 1945 456 PSAI

2048 395 2128 452 is.
2170 427 2236 436 -
2274 377 2820 451 manumanu.
3538 388 3606 445 ιι

362 559 486 600 rum
512 539 766 596 Ecclesia!
805 547 908 593 uSu
933 534 1102 599 tritis,
1130 543 1187 590 ut
1215 540 1364 596 sunt,
1405 523 1942 598 mortiﬁcare,-riviﬁ-
1973 527 2015 583 Α
2047 517 2258 577 haberi,
2288 532 2350 571 ac
2373 515 2710 571 maturandae
2742 513 2995 570 editionis
3029 518 3222 565 auctor
3251 507 3371 562 fuit.
3407 505 3610 561 Accero

361 651 505 700 rare,
537 632 848 704 persecutio,
883 627 1176 689 tribulatio,
1194 637 1245 680 et
1267 626 1494 685 similes,
1520 635 1639 692 qua:
1664 617 1924 689 quodam-

365 730 529 785 modo
557 733 914 788 consecrata},
951 733 1004 779 et
1033 723 1086 776 in
1133 721 1288 775 libris
1324 717 1594 788 frequenti
1635 714 1928 782 Scripturae

358 821 600 876 lectione
641 817 964 872 intermistis
1009 828 1231 884 prorsus
1284 813 1610 864 necessaria:
1644 813 1792 861 sunt.
1830 803 1928 856 Ubi

364 905 668 968 occurrunt
707 910 1002 980 Scriptura:
1025 922 1195 962 sacrae
1224 905 1390 967 dicta,

363 1008 444 1062 ita
465 1005 634 1070 ferat,
668 1004 946 1072 sequimur
982 1019 994 1053 :
1030 998 1126 1054 sed
1173 995 1395 1067 quando
1424 1011 1488 1049 ex
1533 993 1714 1048 Veteri
1744 991 1934 1046 Testa-

302 1129 307 1134 ε
371 1106 559 1151 mento
577 1092 864 1149 sententiae
893 1089 1216 1148 afferuntur,
1240 1088 1367 1156 quia
1392 1087 1713 1156 plerumque
1736 1081 1935 1152 Vulga—

373 1195 464 1250 ta,
497 1203 559 1240 ex
603 1185 824 1240 Hebraeo
847 1195 1129 1253 expressa,
1168 1195 1291 1233 cum
1322 1177 1508 1232 Grzrca
1548 1177 1798 1232 versione
1826 1189 1934 1229 non

374 1276 627 1347 quadrat,
657 1282 772 1329 tum
803 1288 1029 1328 necesse
1070 1285 1298 1341 prorsus
1327 1277 1412 1324 est
1470 1270 1659 1323 littera:
1686 1268 1933 1337 obsequi,

373 1367 644 1436 aliamque
682 1363 1186 1433 interpretationem
1218 1375 1412 1430 parare
1447 1381 1460 1412 :
1502 1360 1645 1430 quod
1681 1361 1809 1414 item
1844 1374 1941 1413 ne-

367 1459 614 1515 cessario
643 1456 1010 1527 praestandum
1056 1454 1234 1509 sicubi
1265 1453 1349 1508 vel
1392 1453 1556 1508 lectio
1585 1452 1821 1514 diversa,
1855 1451 1940 1506 vel

373 1551 596 1607 Eusebii
623 1549 895 1604 sententia
932 1547 1094 1601 aliam
1129 1545 1438 1602 versionem
1462 1547 1720 1614 postulat.
1764 1543 1821 1598 ln
1847 1544 1939 1598 dc-

366 1657 540 1697 cursu
584 1650 763 1695 autem
803 1638 985 1708 operis
1039 1639 1230 1692 breves
1284 1651 1549 1705 rarasque.
1586 1644 1746 1689 notas
1795 1633 1946 1688 dedi-

370 1748 539 1787 mus:
573 1731 700 1801 quia
755 1745 833 1785 ere
881 1730 926 1783 si
988 1729 1095 1783 huc
1149 1729 1280 1783 illuc
1334 1728 1722 1797 conjiciantur,
1785 1727 1945 1794 vulgo

372 1831 601 1893 pereunt
637 1821 1017 1883 inobservatae,
1060 1819 1299 1872 intactae.
1329 1817 1508 1883 Quare
1531 1817 1576 1870 si
1603 1815 1735 1885 quid
1775 1816 1830 1869 in
1861 1815 1946 1869 his

371 1914 783 1968 commentariis
815 1919 1008 1966 uotatu
1039 1911 1264 1979 dignum
1299 1909 1562 1973 occurrit,
1591 1909 1644 1962 id
1680 1910 1735 1961 in
1768 1907 1945 1976 praeli-

369 2007 607 2060 minaria
634 2005 993 2067 contulimus,
1033 2003 1128 2056 ubi
1153 2002 1221 2056 de
1249 2001 1412 2070 stylo,
1453 2000 1520 2054 de
1549 2013 1747 2069 genere
1775 1999 1946 2053 inter-

368 2097 650 2167 pretandi,
681 2095 750 2150 de
802 2094 1074 2159 doctrina,
1112 2093 1179 2148 de
1228 2091 1516 2160 disciplina
1577 2091 1752 2160 deque
1804 2089 1946 2151 aliis,

374 2203 502 2259 quae
529 2188 712 2242 omnia
737 2201 906 2241 unum
931 2185 1033 2241 sub
1055 2191 1332 2253 aspectum
1365 2182 1640 2249 conjicere
1670 2197 1700 2235 e
1745 2197 1802 2234 re
1835 2181 1949 2234 fore

379 2278 556 2333 visum
586 2284 669 2333 est
705 2296 718 2331 :
753 2293 928 2345 neque
983 2282 1235 2344 putamus
1276 2273 1507 2327 eruditis
1561 2280 1614 2327 et
1659 2272 1947 2341 sagacibus

374 2369 668 2424 consilium
706 2367 1134 2437 displiciturum.

883 2475 1115 2532 CAPUT
1147 2475 1440 2532 PRIMUM.

374 2609 742 2651 COKIENTABII
771 2608 978 2649 EIJSEBII
1010 2609 1077 2647 EX
1108 2608 1296 2656 QUIBUS
1323 2606 1601 2647 CODICIBUS
1633 2606 1937 2646 PBODEANT.

385 2687 436 2742 Ι.
459 2687 535 2741 De
561 2686 739 2741 codice
768 2686 1083 2740 Taurinensi
1115 2685 1408 2740 cardinalis
1451 2684 1712 2738 Perronii.
1749 2682 1833 2737 11.
1871 2682 1947 2736 De

450 2756 624 2812 codice
653 2755 943 2811 cardinaiis
991 2755 1255 2810 Coistinii.
1291 2754 1406 2808 III.
1447 2753 1522 2808 De
1540 2754 1850 2808 Colbcrtino
1896 2762 1946 2806 et

451 2831 650 2882 catenis
683 2827 875 2897 Regiis.
899 2825 925 2879 1
941 2825 1001 2878 ν.
1024 2824 1193 2880 (ἓνωεὶ
1224 2825 1447 2897 Eusebio
1465 2835 1517 2878 et
1545 2825 1669 2878 aliis
1693 2832 1946 2893 suspectae

454 2897 578 2966 ﬁdei
629 2894 974 2965 scriptoribus
1021 2897 1234 2965 infensi.
1277 2895 1340 2966 Υ.
1373 2894 1586 2950 Catenae
1625 2904 1947 2966 commenta-

453 2963 562 3021 rios
615 2963 1103 3038 pessumdederunt.
1148 2966 1244 3022 VI.
1285 2965 1357 3020 De
1397 2965 1801 3035 prtefationibus
1834 2963 1946 3018 Eu-

453 3039 602 3093 aebii.

567 3151 606 3200 Ι.
643 3151 717 3201 De
739 3151 905 3200 codice
925 3150 1215 3200 Taurinensi
1237 3149 1496 3199 cardiualis
1520 3147 1759 3198 Perronii.

453 3257 890 3312 Commentarios
926 3257 1144 3312 Eusebii
1176 3257 1230 3312 in
1284 3257 1531 3313 Psalmos
1566 3257 1620 3310 in
1655 3255 1945 3311 bibliothe-

377 3345 465 3399 cis
489 3346 654 3401 latere
669 3347 960 3402 multorum
981 3359 1199 3403 narratu
1226 3349 1339 3417 jam
1367 3349 1574 3417 pridem
1597 3363 1942 3417 acceperam:

380 3447 573 3490 verum
606 3437 749 3492 haud
777 3440 940 3494 certis
969 3441 1116 3496 notis
1145 3440 1504 3510 iudiciisque;
1529 3440 1620 3494 alii
1642 3440 1786 3494 enim
1803 3438 1946 3508 quod

381 3541 605 3582 rumore
653 3528 867 3591 nuntio,
905 3530 1294 3600 nonnullisque
1344 3529 1704 3584 referentibus
1761 3527 1948 3581 audie-

382 3628 530 3684 rant,
565 3620 714 3673 nulla
745 3621 874 3674 data
903 3622 1222 3690 experiundi
1267 3621 1545 3683 facultate,
1589 3619 1946 3684 dictitabant;

390 3709 487 3763 alii
541 3710 818 3764 indicibus
851 3711 1100 3765 codicum
1155 3712 1388 3781 decepti,
1426 3712 1669 3780 quaedam
1702 3711 1757 3764 in
1799 3708 1952 3765 Psal-

380 3812 508 3854 mos
537 3799 986 3869 ἀποπασμάτια,
1019 3798 1238 3854 Eusebii
1288 3801 1508 3854 nomine
1540 3800 1821 3869 insignita,
1853 3815 1950 3870 pro

379 3891 531 3947 veris
563 3890 782 3946 Eusebii
817 3892 1227 3947 commentariis
1272 3891 1594 3946 habuerant.
1626 3890 1799 3946 Annis
1825 3906 1953 3946 vero

379 3982 455 4035 ab
483 3983 612 4037 hinc
638 3983 858 4038 circiter
889 3984 1074 4039 decem
1102 3984 1487 4038 renuntiarunt
1513 3983 1728 4038 sodales
1777 3983 1949 4037 nostri

389 4071 577 4128 Saneti
611 4071 834 4128 Taurini
871 4073 1219 4130 Ebroicensis
1243 4074 1516 4138 monachi,
1546 4081 1761 4128 exstare
1786 4073 1840 4126 in
1867 4073 1951 4127 bi-

381 4164 659 4221 bliotheca
687 4181 808 4229 sua,
843 4182 964 4237 qua:
993 4167 1122 4221 olim
1153 4166 1448 4222 cardinalis
1480 4167 1723 4222 Petronii
1752 4165 1948 4228 fuerat,

380 4258 830 4327 antiquissimum
863 4259 1107 4314 codicem
1159 4259 1677 4316 commentariorum
1732 4258 1949 4314 Eusebii

386 4349 741 4405 Caesariensis
773 4350 826 4404 in
858 4351 1170 4421 Evangelia,
1196 4367 1260 4406 ac
1299 4352 1656 4406 recentiorem
1702 4352 1867 4405 alium
1896 4350 1949 4404 in

387 4456 500 4509 quo
528 4443 901 4497 commentarii
938 4443 1182 4512 ejusdem
1215 4444 1270 4497 in
1301 4444 1566 4499 Psalmos.
1601 4438 1739 4497 Tum
1770 4445 1952 4498 animo

387 4532 679 4602 utriusque
711 4535 894 4604 operis
923 4535 1259 4604 publicandi,
1293 4537 1479 4606 rogavi
1533 4547 1591 4592 ut
1640 4537 1770 4591 mihi
1807 4538 1951 4590 anti-

2037 611 2205 664 situm
2240 609 2420 676 itaque
2472 608 2716 661 codicem
2765 602 3096 677 deprehendi
3129 600 3464 671 ipsissimum
3487 613 3612 654 esse

2029 697 2481 763 commentarium
2519 694 2763 758 Eusebii,
2793 709 2954 764 quem
2976 690 3272 747 cardinalis
3309 687 3614 742 Perronius

2030 793 2085 847 in
2113 790 2265 843 Italia
2295 789 2496 858 degens
2520 803 2586 842 ex
2623 785 3027 856 antiquioribus
3058 781 3340 837 codicibus
3371 775 3614 834 cxscribi

1423 903 1730 972 vulgatam,
1765 900 1809 955 si
1843 915 1932 954 res
2028 889 2339 936 curaverat.
2367 881 2416 936 Is
2449 880 2552 934 etsi
2585 878 2650 932 ad
2683 876 3041 932 centesimum
3066 887 3238 942 usque
3265 878 3320 925 et
3351 869 3618 924 duodecr-

2033 989 2182 1026 mum
2214 973 2492 1042 psalmum
2517 971 2868 1040 pertingeret,
2903 967 2957 1020 in
2985 965 3170 1019 multis
3193 961 3514 1021 deficiebat;
3539 960 3616 1013 ita

2037 1072 2097 1119 ut
2129 1066 2295 1120 etiam
2329 1065 2525 1134 psalmi
2559 1078 2588 1115 a
2620 1058 3041 1132 quadragesimo
3064 1065 3258 1111 octavo
3291 1054 3361 1108 ad
3390 1063 3616 1125 octoge-

2037 1156 2236 1212 simum
2279 1157 2556 1219 abesseut,
2584 1154 2639 1208 in
2677 1151 3000 1219 (ueterisque
3031 1165 3140 1204 non
3175 1162 3350 1218 pauca
3399 1145 3616 1200 desideo

2038 1257 2314 1303 rarentur.

2371 1359 2436 1410 il.
2469 1361 2547 1410 De
2573 1357 3023 1409 codice-cardinalis
3046 1355 3284 1408 Coislinii.

2109 1470 2268 1525 Tunc
2298 1467 2551 1525 iteranda
2581 1465 2712 1520 mihi
2742 1463 3022 1534 diligentia
3041 1461 3162 1525 fuit,
3185 1468 3244 1514 ut
3291 1461 3337 1515 si
3373 1453 3500 1528 quid
3556 1457 3612 1510 in

2042 1566 2136 1618 illo
2163 1564 2396 1624 deesset,
2419 1560 2649 1614 aliorum
2678 1555 2921 1611 subsidio
2946 1552 3152 1608 sarcire
3182 1565 3415 1622 possem.
3454 1546 3616 1602 Forte

2043 1657 2260 1709 fortuna
2309 1651 2509 1706 accidit
2549 1658 2605 1703 ut
2639 1649 2692 1702 in
2728 1646 3059 1701 bibliotheca
3108 1642 3437 1713 Segucriana
3481 1639 3617 1692 alter

2043 1747 2214 1801 codex
2239 1743 2458 1799 Eusebii
2490 1742 2544 1796 in
2577 1740 2822 1795 Psalmos
2838 1738 3071 1793 adesset.
3099 1735 3252 1790 Hunc
3271 1734 3340 1789 ab
3369 1731 3616 1788 eminen-

2045 1836 2262 1890 tissimo
2290 1834 2555 1888 cardinali
2607 1831 2871 1886 Coislinio
2899 1827 3206 1899 impetravi,
3231 1827 3323 1897 qui
3357 1838 3466 1896 qua
3497 1823 3617 1892 pol-

2051 1927 2123 1981 let
2145 1926 2482 1979 humanitate
2517 1933 2571 1978 et
2604 1920 2976 1983 beneﬁcentia,
3011 1919 3272 1974 suadente
3297 1930 3360 1970 ac
3393 1927 3621 1968 moneo,

2045 2027 2104 2074 te
2145 2017 2366 2071 domino
2406 2014 2473 2070 de
2522 2014 2572 2068 la
2606 2011 2838 2082 Vergne,
2868 2012 2922 2064 in
2958 2009 3236 2080 publicum
3269 2021 3429 2060 usum
3465 2002 3607 2057 codi-

2050 2125 2167 2163 cem
2218 2107 2531 2177 hujusmodi
2563 2104 2912 2160 commodare
2964 2102 3122 2156 nobis
3161 2098 3485 2168 dedignatus
3507 2109 3616 2150 non

2049 2209 2152 2252 est.
2191 2197 2362 2252 Habet
2391 2198 2437 2252 is
2460 2197 2710 2252 Psalmos
2741 2210 2864 2250 cum
2892 2191 3297 2248 commentariis
3337 2189 3510 2258 plenis
3533 2189 3618 2242 in-

2045 2290 2325 2359 tegrisque
2349 2304 2381 2342 a
2410 2286 2864 2358 quinquagesimo
2895 2285 2961 2339 ad
2997 2281 3414 2351 nonagesimum
3453 2280 3616 2349 quin-

2048 2392 2195 2447 tum;
2229 2383 2302 2434 ita
2334 2390 2392 2434 ut
2419 2379 2583 2448 hujus
2605 2377 2939 2434 adminiculo
2970 2376 3222 2429 lacunam
3246 2373 3391 2426 illam
3428 2373 3618 2443 ingen-

2047 2479 2156 2524 tem
2189 2469 2440 2540 explendi
2476 2467 2707 2524 facultas
2733 2474 2900 2537 esset.
2933 2456 3088 2530 Quod
3123 2477 3255 2518 sane
3283 2463 3417 2516 mihi
3439 2465 3619 2533 inopi-

2041 2569 2234 2616 natum
2264 2568 2315 2616 et
2346 2565 2562 2631 gratum
2584 2558 2790 2614 accidit
2812 2577 2824 2612 :
2843 2573 2974 2610 nam
3012 2555 3188 2609 solent
3204 2569 3485 2624 esse-quae
3515 2553 3613 2606 mi-

2045 2669 2152 2708 nus
2180 2660 2567 2722 exspectantur
2588 2650 2814 2705 laetiora.
2845 2649 2937 2704 Est
2958 2663 3128 2719 porro
3155 2646 3328 2701 codex
3358 2646 3447 2700 ille
3474 2644 3619 2700 deci-

2046 2748 2174 2800 cimi
2226 2744 2432 2806 smculi,
2460 2744 2692 2814 egregia:
2723 2751 2884 2806 uota,
2921 2743 3008 2796 cui
3065 2741 3259 2796 titulus
3303 2739 3618 2804 hujusmodi

2046 2838 2287 2896 secunda
2337 2850 2501 2890 manu
2550 2851 2644 2888 χιιι
2695 2834 2877 2890 δεουὶί
2920 2833 3175 2903 praefixus
3199 2839 3324 2886 est:
3359 2829 3618 2882 Εὑσεϐἰου

2045 2930 2140 2984 τοῦ
2175 2929 2456 2999 Παμφεὶου
2508 2925 2782 2998 ’Λρειανοῦ
2831 2925 3087 2996 ἐξήγησις
3133 2925 3210 2986 εἰς
3255 2923 3380 2984 τοὺς
3419 2919 3619 2988 ν’ψαλ-
3661 2983 3666 2988 Ι

2048 3022 2182 3090 pob;
2212 3018 2302 3071 τοῦ
2331 3016 2508 3078 sauia,
2549 3017 2672 3078 τοὺς
2690 3015 2797 3068 ἀπὸ
2835 3019 2911 3067 να⁹
2949 3015 3052 3076 ἕως
3085 3020 3148 3084 ρ’,
3184 3013 3234 3066 id
3258 3020 3364 3076 est,
3407 3009 3622 3064 Eusebii

2050 3111 2318 3180 Pamphili
2347 3110 2534 3162 Ariani
2566 3109 2824 3176 expositio
2872 3108 2928 3159 in
2980 3108 3362 3176 quinquaginta
3387 3102 3623 3171 psalmos

1975 3206 2018 3265 (ζ
2053 3201 2296 3264 Davidis,
2353 3216 2387 3252 a
2437 3199 2867 3270 quinquagesimo
2923 3198 3091 3265 primo
3133 3194 3200 3248 ad
3259 3195 3618 3248 centesimum.

2053 3294 2187 3349 Nam
2239 3293 2485 3363 plerique
2511 3305 2700 3346 omnes
2744 3288 2914 3344 Graeci
2959 3288 3274 3351 Eusebium,
3307 3303 3407 3342 nec
3435 3289 3624 3342 imme-

2048 3395 2286 3448 rentem,
2310 3399 2406 3455 pro
2426 3383 2630 3436 Ariano
2654 3382 2854 3453 passim
2883 3381 3208 3435 habuerunt.
3231 3378 3410 3434 Codex
3444 3387 3624 3432 autem
3683 3441 3706 3461 ρ

2054 3480 2143 3533 ille
2170 3486 2478 3546 temporum
2532 3474 2733 3544 injuria
2785 3471 3076 3543 postremis
3117 3469 3360 3540 quinque
3399 3470 3624 3538 psalmis

2053 3572 2316 3624 multatus
2374 3577 2491 3622 est.
2536 3582 2657 3620 nam
2701 3567 2755 3618 in
2801 3564 3211 3635 nonagesimum
3251 3562 3500 3633 quintum
3530 3561 3626 3614 de-

2054 3663 2207 3715 sinit.

2203 3795 2287 3844 ιιι.
2328 3797 2399 3846 Dc
2424 3796 2593 3844 codice
2617 3793 2901 3844 Colbcrtino
2927 3797 2981 3840 et
3008 3791 3071 3840 de
3104 3791 3291 3840 catenis
3313 3787 3504 3852 Regiis.

2127 3899 2329 3955 Caetera
2355 3917 2473 3970 quze
2493 3900 2819 3955 deﬁciebant
2847 3915 2914 3955 ex
2939 3898 3126 3952 codice
3149 3896 3466 3951 Colbcrtino
3496 3894 3623 3962 646,

2052 3991 2347 4046 admodum
2378 3993 2581 4046 recenti
2603 3999 2656 4046 et
2676 4008 2740 4047 ex
2765 3992 2973 4046 catenis
3005 3989 3190 4060 Regiis
3224 3987 3362 4042 1807
3383 3995 3437 4042 et
3465 3987 3623 4053 1878,

2059 4084 2314 4137 nonnulla
2361 4083 2488 4137 item
2531 4093 2597 4137 ex
2627 4089 2818 4136 catena
2851 4079 3118 4143 Corderii,
3145 4076 3372 4132 mutuati
3402 4091 3626 4142 sumus;

2058 4183 2186 4228 sunt
2223 4180 2402 4227 autem
2437 4182 2641 4228 catena:
2669 4171 2771 4225 illa:
2799 4187 2931 4226 mss.
2961 4171 3178 4240 Optimae
3219 4174 3360 4221 notze
3383 4175 3435 4220 et
3462 4182 3493 4220 ι
3521 4181 3625 4220 sa:-

2058 4266 2189 4322 culi.
2225 4263 2410 4334 Neque
2437 4273 2616 4318 tamen
2667 4263 2719 4316 id
2753 4263 3013 4331 consequi
3064 4259 3338 4330 potuimus
3360 4266 3421 4313 ut
3451 4265 3625 4311 totum

2058 4355 2510 4411 commentarium
2543 4353 2608 4408 ad
2655 4354 2906 4421 ultimum
2947 4367 3121 4422 usque
3149 4352 3417 4420 psalmum
3455 4351 3509 4402 in
3546 4349 3628 4400 ιιι-
3663 4369 3678 4384 α

2058 4438 2180 4502 εειιι
2207 4448 2451 4516 proferre
2481 4445 2668 4498 liceret
2695 4463 2708 4498 :
2741 4446 2795 4498 in
2827 4446 2976 4498 nullo
3016 4444 3160 4496 enim
3213 4456 3278 4495 ex
3313 4442 3629 4495 memoratis

2061 4539 2346 4592 codicibus
2403 4537 2545 4590 ultra
2608 4539 2966 4592 centesimum
3035 4536 3304 4589 decimum
3375 4543 3627 4587 octavum

378 4624 596 4694 quiOi-is
646 4625 792 4679 illius
837 4628 1048 4695 copiam
1089 4627 1346 4681 facerent.
1382 4628 1633 4694 Mittitur,
1663 4630 1874 4692 evolvo,
1907 4639 1958 4682 ct
1991 4631 2035 4688 D
2062 4612 2363 4698 psalmum;
2388 4627 2665 4696 quidpiam
2695 4627 2918 4682 offertur
2953 4624 3046 4695 (α).
3081 4624 3343 4692 Quodque
3373 4638 3469 4692 per
3496 4623 3627 4676 mihi

383 4718 574 4772 statim
609 4715 790 4770 fucum
809 4717 1024 4771 olfacio.
1055 4717 1191 4784 Quia
1223 4724 1366 4774 enim
1402 4720 1486 4774 his
1520 4719 1952 4783 commentariis.

383 4821 453 4861 ex
485 4808 763 4861 variorum
799 4809 1338 4878 interpretationibus
1380 4813 1799 4875 consarcinatis,
1838 4811 1954 4865 vul-

378 4900 495 4967 gati
525 4901 600 4953 illi
629 4900 848 4954 Eusebii
876 4914 1114 4956 canones
1136 4910 1293 4957 erant
1317 4905 1542 4973 priefixi,
1571 4905 1696 4958 hinc
1717 4900 1954 4960 Eusebio

389 4998 558 5045 totum
611 4991 919 5060 ascriptum
971 4991 1170 5048 fuerat.
1220 4993 1346 5048 Pari
1399 4994 1564 5065 igitur
1605 5011 1692 5050 me
1736 4997 1951 5050 fortuna

386 5097 612 5137 usurum
639 5085 690 5138 in
725 5082 922 5138 codice
952 5085 1078 5147 alio,
1115 5101 1273 5154 quem
1303 5087 1662 5141 recentiorem
1687 5087 1954 5156 prmdica-

387 5173 538 5236 bant,
569 5183 740 5238 ratus,
772 5173 1062 5227 consilium
1106 5176 1374 5231 intermisi
1413 5195 1426 5230 :
1485 5191 1548 5230 ac
1585 5185 1643 5230 ut
1688 5179 1953 5248 principia

385 5279 506 5318 sese
536 5264 760 5330 dabant,
798 5269 864 5322 de
891 5268 1245 5322 restituendis
1279 5267 1496 5323 Eusebii
1544 5271 1954 5324 commentariis

383 5370 552 5424 prope
582 5356 989 5426 despondebam
1022 5359 1284 5414 animum.
1319 5358 1432 5414 Sub
1457 5360 1569 5414 haec
1600 5376 1724 5414 cum
1770 5362 1852 5414 vir
1885 5362 1950 5413 cl.

386 5444 688 5509 Boivinins,
711 5447 897 5504 Graece
949 5449 1339 5520 peritissimus.
1377 5452 1512 5504 iStac
1547 5451 1770 5506 haberet
1831 5453 1952 5515 iter,

383 5539 720 5592 renuntiavit
754 5556 861 5595 non
911 5559 977 5597 ex
1033 5541 1202 5598 variis
1248 5543 1629 5612 scriptoribus.
1678 5559 1856 5613 neque
1885 5560 1950 5598 ex

377 5629 595 5685 catenis
623 5632 934 5700 collectum,
967 5635 1060 5689 sed
1091 5647 1282 5690 verum
1318 5635 1767 5688 commentarium
1794 5636 1956 5690 isthic

2058 4720 2264 4772 mirum
2287 4719 2462 4774 visum
2491 4728 2593 4781 est,
2627 4728 2834 4774 catenae
2868 4719 2972 4772 illa:
2996 4717 3176 4785 Regia:
3204 4732 3325 4786 qua:
3353 4732 3524 4786 usque
3563 4716 3630 4772 ad

2065 4810 2423 4865 centesimum
2455 4809 2725 4865 decimum
2760 4820 3010 4865 octavum
3051 4807 3317 4879 psalmum
3360 4809 3631 4880 interpre—

2069 4900 2373 4956 tationibus
2419 4899 2633 4956 Eusebii
2683 4910 2931 4966 utuntur,
2963 4904 3038 4953 ita
3083 4908 3142 4951 ut
3177 4899 3360 4954 nullus
3389 4908 3630 4956 veterum

2062 5001 2419 5068 interpretum
2445 4995 2578 5048 adeo
2611 4994 2983 5064 irequentatus
3012 5002 3287 5056 occurrat,
3321 4992 3374 5046 in
3399 4993 3635 5047 centesi-

2062 5107 2152 5144 mo
2183 5089 2394 5145 decimo
2425 5096 2619 5143 octavo
2651 5088 2860 5158 psalmo
2884 5087 2958 5140 ita
3003 5086 3164 5142 finem
3216 5086 3426 5141 faciunt
3460 5084 3632 5139 Euse-

2062 5179 2213 5234 bium
2266 5180 2320 5234 in
2353 5178 2590 5234 medium
2631 5177 2912 5241 aﬂ‘ercndi,
2946 5185 3005 5230 ut
3035 5191 3104 5231 ne
3155 5177 3379 5232 verbum
3412 5174 3628 5246 quidem

2063 5271 2294 5326 ulterius
2327 5268 2548 5324 Eusebii
2595 5279 2923 5339 compareat.

2062 5383 2143 5432 IV.
2171 5384 2326 5434 Graeci
2355 5380 2569 5432 Eusebio
2591 5389 2645 5432 et
2666 5383 3043 5494 aliisfesuspcctte
3065 5383 3179 5435 fidei
3207 5381 3528 5445 scriptoribus
3557 5381 3637 5429 in-

2829 5460 2884 5494 us
2907 5485 2917 5494 .

2829 5460 2917 5494 DS].

2136 5545 2296 5603 Unde
2329 5547 2640 5617 mnjectare
2669 5549 2808 5605 forte
2829 5549 2991 5603 liceat
3011 5564 3038 5600 a
3073 5547 3260 5601 multis
3279 5547 3390 5614 jam
3415 5543 3635 5600 saeculis

2066 5638 2285 5695 Eusebii
2343 5639 2771 5694 commentarios
2825 5641 2929 5694 hac
2990 5637 3292 5709 posteriore
3340 5636 3425 5690 sui
3482 5644 3637 5705 parte

462 5785 540 5848 ta)
587 5784 739 5863 Ha_nc
787 5789 1040 5863 lacunam
1087 5787 1363 5860 supplevit
1413 5790 1706 5846 cardinalis
1759 5791 1960 5861 Angclo
2000 5792 2121 5848 Mai.
2197 5794 2324 5863 Ejus
2365 5792 2738 5861 praefationem
2795 5795 2890 5854 his
2923 5784 3395 5863 prmliuiinaﬁbus
3433 5790 3618 5845 subne-

381 5855 606 5912 ctituus.
639 5856 793 5912 Ευιτ.
830 5859 1001 5916 Pan.
