4086 6536
423 414 485 467 l5
1086 403 1355 463 EUSEBH
1393 395 1872 458 CESABIENSlS
1910 395 2061 452 OPP.
2103 391 2284 446 PARS
2324 389 2411 444 lll.
2451 420 2522 431 -
2561 384 2976 442 EXEGETICA.
3583 373 3649 425 id

418 532 701 581 truncatos
732 521 1081 576 librariorum
1110 518 1321 573 incuria
1366 516 1558 581 fuisse,
1600 515 1724 585 quia
1771 513 1980 568 scilicet

2116 526 2189 571 ως
2217 508 2546 580 ἐφαρμόσας
2574 505 2721 576 αὐτῷ
2750 504 2817 558 τὰ
2847 505 2912 557 δι’
2942 503 3062 556 ὅλου
3096 501 3190 554 τοῦ
3222 499 3435 570 ψαλμοῦ
3459 500 3648 571 δηλού·

419 618 717 687 scriptores
743 617 888 676 illos,
915 614 1007 684 qui
1058 613 1130 667 ob
1174 619 1494 668 temeratam
1528 607 1688 662 tidem
1722 607 1861 660 male
1891 620 1986 658 au-

419 707 664 772 diebant,
686 724 794 761 non
823 707 1054 761 libenter
1068 705 1460 759 exscribercnt.
1482 701 1658 770 Atque
1681 699 1805 751 hinc
1826 698 1988 750 etiam

420 800 586 855 fuerit
611 798 757 869 quod
784 796 1059 867 Origenis,
1091 796 1364 851 Theodori
1411 793 1763 851 lieraeleobe,
1787 787 1991 856 Apolli-

422 885 584 949 narii,
617 883 853 954 Didymi,
880 891 933 936 et
954 881 1227 935 Theodori
1256 875 1622 949 Mopsuesteni
1655 878 1992 927 commenta-

423 979 489 1032 rii
515 980 571 1032 in
592 977 838 1033 Psalmos
858 974 1089 1044 jamdiu,
1122 972 1364 1039 exceptis
1395 970 1721 1023 Catenarum
1758 962 1990 1023 laciniis,

423 1085 640 1140 pessum
697 1068 877 1123 ierint.
908 1065 974 1119 ili
1024 1064 1225 1135 quippe
1276 1062 1594 1131 scriptores,
1630 1057 1841 1111 violatae
1872 1054 1992 1108 ﬁdei

426 1164 539 1217 sive
560 1160 661 1225 rei,
692 1160 809 1215 sive
835 1157 1096 1227 suspecti,
1127 1155 1263 1209 adeo
1293 1153 1473 1223 perosi
1500 1150 1704 1204 Graecis
1731 1154 1888 1202 erant
1908 1154 1996 1209 ,ut

424 1272 493 1310 ne
516 1268 711 1309 nomen
732 1250 954 1322 quidem
982 1245 1288 1318 proferrent
1320 1246 1439 1300 sine
1469 1239 1804 1310 indignantis
1832 1236 1996 1290 animi

427 1340 1015 1416 signiﬁcationesﬂinc
1049 1346 1134 1394 est
1163 1336 1310 1409 quod
1346 1337 1665 1406 plerumque
1705 1332 1761 1385 in
1795 1328 1999 1383 codici--

428 1442 530 1496 bus
557 1437 781 1498 Graecis,
815 1434 907 1489 ubi
952 1432 1238 1502 Origenes,
1263 1428 1557 1491 Eusebius,
1604 1420 1997 1495 Apollinarius,

429 1533 483 1586 in
531 1530 767 1586 medium
807 1526 1126 1591 alferuntur,
1162 1522 1229 1578 ad
1269 1521 1571 1593 marginem
1608 1518 1871 1588 scriptum
1906 1515 2003 1569 ob-

429 1639 635 1686 serves,
688 1621 879 1692 ψεύδῃ,
936 1617 1193 1680 mentiris.
1249 1613 1418 1669 incidi
1464 1628 1565 1684 ego
1611 1613 1670 1667 in
1714 1615 2003 1665 centonem

428 1716 754 1771 Colbertinae
798 1714 1140 1769 bibliotheca
1177 1708 1635 1778 manuscriptum,
1670 1704 1763 1776 qui
1791 1703 1859 1758 ad
1888 1701 2004 1758 sin-

431 1808 554 1877 gula
590 1804 865 1876 Origenis,
899 1802 1144 1866 Eusebii,
1183 1797 1533 1871 Apollinarii,
1563 1804 1697 1864 etc.,
1719 1794 1859 1859 loca,
1891 1792 2004 1846 sin-

431 1902 672 1972 gularem
697 1899 836 1953 hanc
877 1896 1207 1958 cautionem,
1234 1893 1401 1948 minio
1424 1898 1722 1951 exaratam,
1758 1886 1813 1940 in
1848 1898 1993 1937 mar-
2027 1871 2068 1925 Β

434 1994 557 2062 gine
583 1990 757 2053 aﬂert,
777 1987 1024 2058 ἀνάθεμὰ
1058 2003 1161 2050 σοι,
1186 1985 1467 2039 anathema
1492 1980 1606 2036 tibi.
1637 1975 2003 2045 Quamobrem

433 2086 605 2138 miror
629 2083 775 2138 hunc
823 2080 1042 2137 Eusebii
1092 2075 1547 2133 commentarium
1591 2071 1658 2125 ad
1706 2083 1805 2123 nos
1836 2080 2008 2134 usque

434 2172 719 2229 devenisse
746 2192 757 2226 :
786 2186 948 2241 quam
975 2171 1120 2224 enim
1148 2165 1390 2222 interitui
1417 2162 1700 2233 proximus
1732 2156 1898 2213 fuerit
1932 2155 2011 2209 in-

435 2267 583 2320 dicat
620 2264 871 2319 codicum
902 2263 993 2316 illa
1032 2258 1303 2329 paucitas,
1328 2256 1423 2327 qui
1448 2255 1614 2309 etiam
1643 2265 1752 2305 non
1784 2262 2010 2319 prorsus

438 2360 705 2429 integrum
729 2356 1041 2411 exhibeant.

628 2448 690 2499 V.
724 2446 922 2507 Catenae
945 2442 1323 2492 commentarios
1346 2433 1817 2500 pessumdederunt.

508 2550 619 2607 Nec
661 2564 770 2605 una
822 2562 885 2604 ea
940 2556 1021 2601 est
1064 2550 1228 2597 tantae
1269 2542 1499 2612 jactura:
1545 2552 1713 2592 causa
1760 2554 1772 2589 :
1823 2547 2012 2587 verum

443 2644 661 2715 quando
693 2650 1009 2696 catenarum
1037 2650 1170 2691 usus
1201 2635 1255 2689 in
1295 2633 1482 2686 orbem
1514 2630 1762 2684 invectus
1788 2633 1893 2688 est,
1924 2624 2013 2676 illa

443 2738 802 2805 interpretum
829 2731 1066 2787 varietas
1089 2729 1162 2782 ita
1206 2726 1521 2782 Graecorum
1562 2718 1775 2774 animos
1801 2714 2014 2770 demul-

442 2829 533 2890 sit,
560 2803 618 2881 ut
652 2821 1075 2881 commentarios
1101 2819 1224 2873 illos
1252 2818 1443 2885 plenos
1467 2816 1817 2882 integrosque
1846 2803 2016 2875 negli-

444 2925 669 2991 gerent:
702 2915 848 2971 unde
884 2912 973 2966 vix
1020 2908 1301 2965 ferendum
1354 2905 1615 2960 damnum
1645 2915 1734 2955 res
1774 2912 1899 2951 cum
1925 2908 2015 2950 ec-

444 3009 757 3066 clesiastica
792 3014 907 3060 tum
939 3002 1205 3058 litteraria
1240 3000 1429 3057 subiit.
1464 2996 1599 3050 Nam
1628 2994 1663 3048 ii
1696 3002 2015 3048 catenarum

442 3102 784 3163 collectores,
810 3113 934 3153 cum
949 3104 1109 3168 gustu
1139 3103 1192 3151 et
1212 3091 1409 3165 peritia
1423 3103 1604 3145 rerum
1620 3101 1730 3141 non
1752 3084 2014 3143 valerent,

442 3191 627 3248 missis
642 3190 801 3259 vulgo
828 3190 915 3252 iis,
935 3204 1055 3258 qua:
1075 3186 1157 3242 vel
1177 3184 1245 3239 ad
1274 3180 1561 3237 historiam
1582 3178 1669 3232 vel
1693 3176 1759 3229 ad
1778 3171 2016 3243 discipli-

2090 616 2243 669 μενα,
2262 597 2297 651 ἃ
2327 598 2418 650 καὶ
2439 596 2589 648 αὐτοὶ
2622 593 2760 647 κατὰ
2790 595 2880 645 τὸν
2906 594 3103 645 οἰκεῖον
3136 590 3324 661 καιρὸν
3353 589 3655 659 ἐπιθεωρή⁴

2089 710 2274 764 σομεν,
2306 691 2342 745 i.
2367 705 2441 756 e.,
2468 688 2848 756 Consequenter
2885 685 2952 740 ad
2974 688 3081 741 lucc
3111 686 3212 755 ipsi
3240 684 3476 754 (Christo
3510 685 3651 740 scili-

2089 789 2196 853 cet)
2252 781 2523 853 coaptabis
2555 799 2616 835 ea
2644 797 2760 850 quae
2790 782 2845 833 in
2888 790 2998 833 toto
3043 780 3248 849 psalmo
3292 778 3652 839 declarantur,

2092 891 2305 945 qumque
2333 892 2427 928 nos
2456 891 2551 928 suo
2583 884 2808 942 tempore
2865 869 3273 941 speculabimur.
3306 871 3503 924 Verum
3549 886 3657 923 non

2093 968 2478 1023 animadvertit
2518 967 2607 1021 ille
2654 966 2741 1019 hic
2775 965 2860 1035 agi
2891 964 2957 1018 de
2991 962 3198 1017 fusiore
3229 960 3472 1031 ejusdem
3508 963 3657 1030 psal-

2096 1062 2169 1116 mi
2221 1060 2850 1130 interpretatione,qua:
2910 1056 3001 1109 lil).
3073 1071 3127 1108 ix
3183 1052 3659 1108 Demonstrationis

2095 1144 2648 1225 evangelicw'legitur,
2667 1167 2717 1219 p.
2746 1150 2872 1213 455,
2905 1147 2981 1218 (a)
3017 1147 3105 1201 ubi
3132 1145 3380 1215 pluribus
3396 1144 3666 1211 depugnat

2098 1245 2364 1301 Eusebius
2394 1252 2561 1298 totum
2592 1243 2856 1313 psalmum
2877 1240 2941 1294 ad
2971 1239 3174 1294 Christi
3198 1245 3320 1307 post
3334 1236 3662 1306 baptismum

2100 1338 2450 1393 tentationem
2495 1336 2786 1405 pertinuere.
2822 1332 2976 1387 Unde
3005 1332 3142 1386 nihil
3173 1331 3261 1384 hic
3294 1328 3360 1384 de
3390 1343 3666 1382 commen-

2098 1429 2257 1485 tariis
2287 1429 2341 1482 in
2364 1427 2611 1484 Psalmos
2633 1445 2646 1480 :
2672 1440 2849 1495 neque
2867 1438 3099 1493 usquam
3134 1430 3265 1492 puto
3298 1418 3588 1474 Eusebium
3613 1419 3666 1470 in

2102 1523 2170 1577 iis
2190 1538 2311 1593 qua:
2331 1521 2443 1591 jam
2495 1527 2789 1589 supersunt
2817 1518 3072 1587 operibus
3099 1529 3289 1569 eorum
3330 1511 3664 1571 meminisse,

2104 1622 2231 1686 puta
2262 1614 2389 1685 quia
2420 1628 2543 1667 cum
2578 1613 2680 1666 hos
2726 1608 3151 1679 commentarios
3204 1604 3496 1676 postremis
3540 1602 3666 1655 vita:

2106 1708 2264 1761 annis
2289 1705 2588 1769 adornarit,
2612 1704 2697 1759 vel
2727 1703 2877 1757 nulla
2904 1702 2985 1757 vel
3016 1716 3186 1772 pauca
3214 1698 3516 1756 secundum
3554 1696 3669 1752 haec

2104 1798 2291 1854 edidit.

2577 1865 2637 1915 11.
2665 1865 2999 1927 Hieronymus
3018 1864 3185 1913 laudat

2176 1972 2277 2040 Qui
2335 1973 2485 2043 prior
2507 1973 2690 2041 itaque
2748 1970 2848 2026 bos
2883 1967 3305 2024 commentarios
3350 1960 3671 2020 memoravit

2108 2072 2192 2120 est
2212 2063 2576 2135 Hieronymus
2613 2062 2667 2115 in
2707 2061 2849 2115 libro
2884 2060 2959 2115 De
2983 2058 3328 2129 scriptoribus
3357 2054 3672 2112 ecclesiasti-

2110 2156 2207 2219 cis,
2241 2155 2332 2209 ubi
2369 2154 2484 2207 haec
2530 2152 2597 2207 de
2636 2151 2912 2207 Eusebio:
2969 2150 3224 2204 Eusebius
3280 2148 3538 2204 Caesarne
3567 2145 3676 2199 Pa-

2112 2247 2334 2301 laestina:
2378 2245 2673 2314 episcopus,
2703 2243 2759 2296 in
2799 2240 3086 2311 Scripturis
3112 2240 3302 2294 divinis
3345 2238 3676 2292 studiosissi-

2112 2355 2249 2402 mus,
2278 2347 2326 2392 et
2363 2356 2380 2387 ι
2422 2336 2761 2389 Bibliotheca:
2789 2335 2980 2387 divina:
3009 2352 3027 2384 ι
3067 2349 3184 2386 cum
3220 2330 3498 2399 Pamphilo
3529 2344 3677 2381 mar-

2113 2441 2226 2501 tyre
2257 2428 2688 2499 diligentissimus
2714 2427 3107 2496 pervestigator,
3152 2423 3314 2478 edidit
3349 2422 3559 2490 inﬁnita
3588 2437 3677 2475 oo-

2116 2520 2336 2573 lumina.
2364 2518 2477 2572 Sub
2510 2517 2623 2573 haec
2654 2526 2831 2572 autem
2860 2515 3194 2572 enumeratis
3223 2514 3364 2579 aliis,
3401 2513 3515 2566 haec
3537 2511 3677 2580 adji-

2115 2614 2227 2666 cit:
2267 2610 2332 2664 Et
2360 2612 2413 2663 in
2441 2625 2505 2663 cr.
2552 2611 2784 2680 psalmos
2830 2608 3212 2663 eruditissimos
3249 2605 3675 2667 commentarios,

2114 2711 2163 2756 et
2191 2702 2358 2755 multa
2399 2702 2529 2756 alia.
2562 2699 2622 2753 In
2654 2700 2883 2770 epistola
2916 2706 3095 2751 autem
3154 2712 3253 2750 sua
3299 2695 3364 2749 ad
3423 2696 3683 2765 Augusti-

2116 2809 2269 2858 num,
2301 2793 2549 2863 quarjam
2576 2792 2632 2844 in
2660 2791 2820 2846 editis
2840 2789 3126 2860 Augustini
3147 2803 3285 2841 Lxxv
3314 2801 3542 2840 numero
3569 2795 3677 2849 est,

2115 2886 2245 2938 talia
2275 2883 2420 2938 fatur
2457 2903 2469 2938 :
2499 2882 2564 2938 In
2595 2883 2961 2952 explanatione
2994 2878 3353 2942 Psalmorum,
3376 2894 3502 2948 quos
3543 2876 3682 2947 apud

2119 2976 2329 3032 ercos
2360 2976 2691 3046 interpretati
2720 2983 2842 3029 sunt
2873 2973 3051 3028 multis
3084 2970 3453 3034 uoluminibus,
3482 2973 3682 3042 primus

2121 3070 2389 3141 Origenes,
2455 3069 2715 3124 secundus
2770 3067 3027 3123 Eusebius
3080 3064 3447 3127 Cwsariensis,
3499 3065 3682 3118 tertius

2121 3163 2431 3218 Theodorus
2463 3161 2823 3227 Heracleotes,
2843 3172 3064 3233 quartus
3087 3161 3325 3214 Asterius
3356 3156 3686 3229 Scythopoli-

442 3247 773 3349 nam,velad
796 3247 1084 3335 lectio-nem
1118 3287 1361 3333 veterum
1397 3274 1756 3342 interpretum
1780 3265 2018 3336 pertine-
2045 3275 2090 3339 ε
2124 3265 2302 3320 unus,
2334 3260 2548 3328 quintus
2580 3256 2909 3326 Apollinaris
2939 3252 3287 3317 Laodicenus,
3321 3261 3495 3306 sextus
3521 3247 3687 3315 Didy-

444 3384 588 3441 rent,
645 3389 709 3429 ea
728 3375 904 3429 solum
928 3379 1339 3442 excerpserunt,
1370 3381 1490 3437 quae
1505 3364 1590 3419 sui
1612 3369 1804 3431 captus
1830 3364 2009 3417 erant.

820 3486 907 3537 Vl.
932 3488 1009 3538 De
1033 3480 1400 3548 prtefationibus
1427 3473 1647 3529 Eusebii.

514 3599 870 3655 Praefationes
907 3593 1010 3647 illae
1035 3590 1235 3645 Graeca:
1264 3600 1385 3658 qum
1415 3578 1824 3639 commentariis
1873 3592 2010 3647 prae-

446 3697 737 3750 mittuntur
762 3706 827 3745 ex
856 3687 1044 3742 codice
1070 3680 1397 3737 Taurinensi
1426 3676 1716 3748 prodeunt,
1740 3671 2015 3728 similiter—

448 3803 553 3859 que
569 3789 888 3856 argumenta
915 3779 1266 3850 psalmorum,
1286 3774 1350 3827 ad
1379 3768 1807 3841 mystagogicum
1829 3764 2015 3833 cujus-

448 3896 554 3951 que
582 3878 774 3949 psalmi
811 3886 1033 3929 sensum
1075 3878 1133 3923 ut
1172 3867 1465 3939 plurimum
1514 3861 1860 3919 concinnata,
1897 3869 2017 3925 qua:

450 3974 634 4029 omnia
664 3967 809 4023 haud
842 3965 1005 4019 dubie
1039 3962 1106 4015 ab
1137 3962 1257 4031 ipso
1278 3956 1511 4011 Eusebio
1558 3960 1687 4008 sunt
1730 3950 2012 4004 adornata.

451 4065 587 4119 Nam
618 4059 937 4115 Eusebiana:
964 4055 1067 4109 illa),
1098 4050 1443 4122 praefationes
1485 4044 1653 4099 variis
1682 4049 2019 4097 commenta-

452 4160 657 4210 riorum
694 4152 830 4206 locis
863 4147 998 4202 adeo
1023 4144 1209 4199 aliines
1236 4148 1384 4203 sunt,
1420 4146 1481 4193 ut
1511 4135 1757 4192 eamdem
1808 4130 2017 4185 utrobi-

446 4262 558 4317 que
591 4242 809 4299 Eusebii
832 4252 1055 4293 manum
1082 4233 1266 4290 statim
1303 4226 1698 4303 deprehendas.
1718 4223 2019 4292 Argumen-

452 4346 509 4389 ta
542 4350 672 4390 vero
704 4346 816 4387 non
862 4330 917 4384 in
944 4322 1267 4381 Tauriuensi
1298 4319 1461 4375 modo
1494 4317 1701 4377 codice,
1734 4313 1827 4367 sed
1858 4311 2019 4366 etiam

454 4431 508 4484 in
537 4427 711 4497 prima
732 4430 925 4478 catena
958 4417 1147 4488 Regia,
1187 4428 1307 4485 qua:
1332 4402 1528 4466 decimi
1554 4406 1735 4464 saeculi
1771 4411 1875 4468 est,
1912 4400 2020 4454 Eu-

456 4520 591 4576 sebii
621 4516 841 4573 nomine
874 4516 1212 4581 comparent.

1072 4618 1300 4676 CAPUT
1342 4616 1401 4674 ll.

454 4730 823 4775 COHHENTAEII
857 4725 1063 4769 EUSEBlI
1110 4724 1161 4761 lii
1202 4719 1436 4761 PSALMOS
1478 4719 1509 4755 Α
1545 4715 1731 4764 QUIBUS
1767 4708 2017 4757 ANTIQUIS

920 4793 1299 4837 SCRIPTORIBUS
1338 4788 1590 4829 LAUDATI.

461 4908 507 4962 Ι.
561 4903 814 4959 Eusebius
849 4902 939 4954 hos
992 4894 1393 4962 commentarios
1428 4888 2020 4962 ‘nusquantnmentarat.

528 4951 1007 5041 1-1..“vl'lieronymus
1034 4961 1388 5041 lattdahlll.
1420 4951 1675 5041 Eusebius
1691 4951 2025 5041 Vercet'lejtsils

528 5027 714 5101 Latine
739 5027 1036 5097 transtulit.
1064 5034 1090 5091 Ι
1108 5036 1167 5091 1⁷.
1193 5033 1544 5088 Theodoretus
1563 5041 1741 5081 eorum
1771 5027 2023 5075 meminit.

538 5117 602 5171 V.
647 5115 878 5184 Itemque
906 5110 1166 5165 Gelasius.

565 5228 601 5276 ῐ.
632 5224 873 5275 Eusebius
894 5222 984 5270 hos
1006 5212 1381 5268 commentarios
1408 5219 1643 5269 nusquam
1673 5204 1932 5251 memorat.

528 5332 798 5401 Opinatur
835 5329 917 5381 vir
945 5326 1015 5379 cl.
1050 5317 1432 5375 Tillemontius
1467 5329 1524 5368 se
1564 5302 1939 5364 commentarii
1973 5302 2025 5354 in

461 5399 706 5479 Psalmos
737 5421 839 5476 sub
871 5421 984 5473 haec
1017 5413 1209 5470 edet-di
1253 5419 1437 5463 notam
1487 5412 1541 5459 et
1584 5399 2027 5472 pollicitationem

464 5513 677 5569 Eusebii
698 5504 1120 5577 deprehendisse
1147 5502 1199 5553 in
1230 5492 1686 5552 Demonstratione
1711 5486 2027 5556 evangelica,

461 5604 555 5660 lib.
593 5620 646 5665 ν,
678 5616 729 5655 c.
756 5576 846 5662 at,
880 5596 972 5649 ubi
1002 5593 1068 5646 de
1100 5592 1311 5661 psalmo
1359 5586 1463 5653 Qui
1494 5583 1698 5636 habitat
1730 5580 1783 5633 in
1812 5576 2028 5644 (idimon

460 5697 541 5749 rio
572 5690 852 5752 Altissimi,
901 5690 1148 5755 loquens,
1183 5682 1296 5734 lucc
1325 5679 1517 5731 habet:
1551 5674 1772 5734 Τούτοις
1811 5666 2031 5722 ἀκολού-

2114 3367 2230 3404 mus
2260 3348 2669 3405 Alexandrinus.
2692 3347 2957 3402 Feruntur
2976 3357 3025 3402 et
3055 3346 3380 3400 diversorum
3410 3343 3463 3397 in
3492 3356 3685 3410 paucos

2112 3443 2343 3511 psalmos
2402 3441 2695 3510 apusdula;
2725 3439 2813 3494 sed
2856 3456 2991 3494 nunc
3020 3440 3082 3493 de
3110 3440 3310 3508 integro
3352 3435 3684 3489 Psalmorum
3726 3494 3729 3495 ν

2115 3552 2328 3607 corpore
2353 3535 2599 3590 dicimus.
2631 3535 2782 3604 Apud
2812 3533 3030 3588 Latinos
3076 3543 3249 3587 autem
3304 3529 3546 3583 Hilarius
3594 3526 3689 3580 Pi—

2114 3630 2413 3693 ctcriensis,
2441 3638 2489 3682 et
2545 3627 2799 3682 Eusebius
2836 3625 3174 3681 Vercellensis
3205 3622 3450 3694 episcopi,
3505 3618 3690 3689 Orige-

2117 3737 2233 3774 nem
2261 3732 2309 3773 et
2344 3718 2629 3773 Eusebium
2667 3718 3069 3771 transtulerunt.
3101 3715 3337 3781 Quorum
3386 3713 3611 3783 priorem
3637 3718 3687 3763 et

2116 3820 2292 3865 noster
2315 3810 2627 3863 Ambrosius
2668 3811 2723 3862 in
2755 3808 3071 3880 quibusdam
3113 3816 3320 3861 secutus
3349 3812 3445 3856 est.
3473 3802 3574 3855 Ubi
3606 3802 3689 3853 in-

2118 3901 2333 3972 telligas
2366 3901 2436 3955 ab
2470 3900 2678 3954 Hilario
2714 3898 2965 3969 Origenis
2998 3891 3423 3948 commentarios
3451 3888 3690 3943 transla-

2118 4005 2204 4051 tos
2234 4010 2375 4055 esse,
2407 4002 2466 4048 ut
2497 3995 2654 4048 habet
2680 3993 2819 4046 idem
2853 3990 3213 4058 Hieronymus
3240 3999 3360 4038 cum
3386 3982 3453 4038 de
3482 3981 3687 4037 Hilario

2120 4088 2263 4155 agit;
2297 4087 2362 4140 ab
2390 4085 2625 4139 Eusebio
2649 4091 2828 4135 autem
2860 4078 3188 4133 Vercellensi
3213 4075 3426 4147 gentilis
3460 4075 3544 4131 sui
3571 4072 3688 4129 Ca:-

2122 4178 2385 4233 sariensis
2412 4175 2836 4231 commentarios
2864 4172 3056 4227 Latine
3086 4172 3243 4226 datos
3269 4171 3456 4225 fuisse.

2247 4270 2326 4320 111.
2352 4266 2597 4319 Eusebius
2620 4267 2956 4315 Vercellensis
2978 4278 3065 4313 eos
3099 4264 3268 4313 Latine
3294 4261 3567 4311 transtulit.

2195 4373 2461 4429 Eusebius
2505 4372 2687 4440 itaque
2717 4367 3080 4423 Vercellensis
3121 4366 3220 4420 bos
3270 4362 3690 4418 commentarios

2124 4466 2314 4521 Latine
2339 4465 2641 4525 transtulit,
2667 4469 2726 4516 ut
2750 4462 2877 4515 alibi
2909 4468 3094 4514 narrat
3126 4459 3265 4513 idem
3284 4456 3646 4528 Hieronymus
3672 4474 3685 4509 :

2129 4559 2330 4623 Edidit,
2384 4556 2581 4626 inquit,
2612 4555 2699 4609 ille
2735 4556 2785 4607 in
2842 4554 3084 4607 Psalmos
3141 4550 3546 4607 commentarios
3579 4545 3691 4599 Eu-

2053 4626 2095 4679 D
2126 4651 2253 4705 sebii
2293 4649 2656 4710 Ca'sariensis,
2693 4664 2820 4718 quos
2876 4645 2939 4699 de
2979 4646 3159 4700 Graeco
3201 4647 3256 4699 in
3298 4642 3548 4696 Latinum
3578 4657 3692 4693 ver—

2128 4753 2284 4797 terat.
2311 4741 2447 4807 Quia
2489 4756 2621 4796 vero
2652 4740 2705 4793 hi
2747 4739 3125 4793 commentarii
3180 4736 3462 4791 erroribus
3509 4747 3693 4801 asper-

2130 4850 2244 4888 sam
2302 4835 2369 4888 de
2409 4832 2546 4886 Filio
2580 4831 2672 4886 Dei
2722 4830 3050 4885 sententiam
3101 4829 3304 4900 passim
3354 4824 3690 4897 praeferrent,

2131 4942 2194 4981 ea
2262 4926 2524 4995 expunxit
2591 4922 2952 4978 Vercellensis
3012 4938 3132 4991 quae
3196 4920 3452 4973 Arianam
3524 4915 3695 4970 haere-

2134 5016 2236 5071 sim
2305 5024 2590 5086 saperent,
2655 5013 2844 5068 eodem
2914 5020 3050 5066 teste
3120 5009 3450 5079 Hieronymo
3496 5004 3694 5062 Contra

2139 5107 2504 5176 Vigilantiam.
2538 5105 2595 5160 Si
2627 5106 2807 5175 igitur,
2840 5103 2935 5170 ait,
2974 5118 3089 5172 quae
3125 5100 3259 5154 bona
3280 5109 3400 5154 sunt
3424 5097 3693 5160 transtuli,

2132 5208 2181 5252 et
2212 5198 2354 5252 mala
2383 5198 2461 5252 vel
2492 5198 2687 5265 aptari,
2723 5196 2797 5249 vel
2840 5194 3063 5255 correxi,
3096 5193 3172 5248 vel
3206 5192 3368 5256 tacui,
3399 5189 3695 5260 arguendus

2134 5307 2272 5348 sum,
2296 5306 2390 5342 cur
2414 5305 2505 5359 per
2532 5306 2611 5341 me
2646 5286 2823 5339 Latini
2853 5286 2987 5339 bona
3027 5284 3139 5353 ejus
3175 5282 3420 5346 habeant,
3466 5290 3513 5333 et
3553 5279 3696 5333 mala

2134 5384 2410 5453 ignorent?
2440 5381 2527 5435 Sic
2556 5381 2649 5433 hoc
2674 5381 2869 5433 crimen
2906 5387 3014 5442 est,
3062 5385 3318 5448 arguatur
3354 5382 3403 5427 et
3434 5372 3700 5441 confessor

2136 5475 2400 5539 Hilarius,
2432 5474 2520 5543 qui
2556 5471 2892 5526 Psalmorum
2936 5466 3414 5537 interpretationem
3442 5474 3490 5517 et
3525 5463 3697 5516 homi-

2136 5571 2235 5623 lias
2263 5574 2314 5622 in
2343 5567 2444 5621 Job
2470 5584 2535 5621 ea:
2576 5567 2726 5620 libris
2760 5566 2894 5634 ejus,
2939 5564 2994 5617 id
3035 5572 3131 5626 est,
3161 5575 3225 5614 ea:
3251 5558 3432 5612 erco
3458 5559 3511 5611 in
3552 5555 3701 5609 Lati-

2136 5680 2257 5715 num
2288 5660 2598 5721 transtulit;
2650 5659 2720 5711 sit
2768 5658 2821 5709 in
2872 5655 3025 5722 culpa
3078 5650 3310 5721 ejusdem
3358 5646 3698 5713 confessionis

535 5790 611 5859 (α)
639 5787 759 5849 Hic,
784 5797 839 5839 ct
862 5782 1005 5838 infra
1036 5794 1141 5832 non
1170 5777 1360 5838 semel,
1390 5780 1677 5859 revocatur
1711 5770 1885 5822 lector
1912 5766 1976 5817 ad
2008 5774 2266 5859 "Atmel'os
2315 5756 2617 5859 cras‘si‘o'res
2643 5750 2785 5859 Η
2811 5751 3073 5859 librorum
3124 5740 3600 5799 Demonstrationts
3646 5744 3703 5790 et

1075 5854 1081 5859 '
1116 5851 1125 5859 '
1471 5843 1506 5859 ἰ
1553 5852 1563 5859 -
1665 5857 1675 5859 ς
1724 5841 1736 5859 -'
1760 5855 1783 5859 --
1812 5846 2006 5859 --ι--ε-μηι
2256 5839 2361 5859 in.“
2564 5834 2613 5859 ηρ
2730 5832 2733 5835 λ
2853 5836 2863 5855 ε
2883 5836 2967 5859 nl...

466 5822 897 5924 l’tltyrdr'd’t’idii's.
917 5822 1084 5905 intui
1116 5822 1435 5903 inserunlur
1465 5822 1784 5910 I’tttt'ologia'
1812 5835 2227 5891 nostrwGueti'as
2255 5839 2385 5883 tom.
2420 5825 2536 5879 XXI
2564 5834 2618 5880 et
2654 5822 2808 5876 Xkll.
2837 5822 2988 5875 Eutr.

4076 3560 4086 4023 l
