4086 6532
386 343 449 396 t7
1158 354 1657 416 COMMENTARIA
1700 363 1765 417 IN
1806 364 2143 428 PSALMOS.
2186 406 2254 415 -—
2292 376 2831 439 Pti/ELIMINARIA.
3554 392 3617 445 18

390 457 744 529 Vercellensis,
770 469 860 537 qui
886 470 1120 524 omnium
1159 471 1497 530 Psalmorum
1538 489 1943 542 commentarios
1974 508 2017 564 Α
2050 494 2207 565 vulgo
2238 498 2291 550 in
2324 502 2638 557 recensione
2672 518 2835 573 Opera
2868 520 2975 559 non
3028 520 3199 576 pauca
3229 506 3344 577 ipse
3374 508 3453 563 vel
3485 524 3615 563 con-

390 549 601 577 L___‘.:A:
645 556 780 577 LAA“;
825 561 836 572 ο
1007 564 1059 577 ,.,
1113 564 1124 575 ι
1514 572 1523 577 ,
1640 576 1645 577 γ

373 549 601 607 Ιιιενειὶεἱ
638 556 862 615 hominis
912 564 1060 617 uertit
1106 564 1159 618 in
1210 577 1445 622 nostrum
1475 572 1773 644 eloquium;
1822 580 1940 634 licet

372 642 618 701 heretica
649 656 1073 719 praetermittens,
1096 657 1294 725 optima
1319 676 1535 732 qumque
1570 642 1934 726 transtulerit.

371 733 497 791 Haec
538 754 703 808 porro
734 742 953 801 Eusebii
989 745 1344 807 Vercellensis
1377 753 1753 826 interpretatio
1796 763 1937 832 jam-

369 823 461 881 diu
498 828 704 885 interiit
733 851 747 888 :
776 850 879 889 nec
908 837 1125 892 memini
1156 854 1244 895 me
1275 843 1486 912 uspiam
1517 846 1637 915 ejus
1668 852 1753 905 vel
1784 853 1937 907 codi-

366 932 479 985 ces,
517 923 601 976 vel
630 921 924 995 fragmenta
956 940 1254 986 memorata
1281 934 1722 1005 deprehendisse.

697 1036 778 1086 IV.
802 1038 1144 1092 Theodoretus
1166 1056 1339 1094 eorum
1364 1048 1605 1100 meminit.

438 1134 827 1207 Titeodoretus,
859 1160 965 1198 non
990 1147 1209 1216 quidem
1241 1161 1296 1203 ut
1319 1151 1479 1209 hodie
1499 1155 1553 1209 in
1593 1155 1929 1215 Psalmorum

366 1225 791 1297 Expositionibus
828 1236 1044 1303 legitur,
1081 1257 1201 1310 quae
1248 1246 1448 1312 passim
1491 1255 1752 1306 truncatae
1789 1262 1843 1306 et
1874 1256 1927 1310 in

358 1322 736 1389 compendium
794 1329 1025 1385 redactae
1078 1341 1237 1398 sunt,
1279 1343 1333 1391 et
1385 1339 1622 1408 quidem,
1659 1354 1714 1398 ut
1743 1349 1929 1416 conje-

358 1418 507 1466 ctare
541 1414 700 1479 licet,
749 1434 778 1472 a
812 1420 1074 1480 Graeculis
1103 1435 1416 1485 catenarum
1449 1436 1792 1503 auctoribus;
1831 1442 1925 1495 sed

357 1510 417 1554 ut
453 1503 521 1556 ab
570 1505 779 1577 Agellio
834 1513 1119 1582 laudatur,
1174 1535 1225 1587 p.
1275 1521 1411 1586 486,
1465 1526 1519 1579 in
1570 1527 1682 1583 haec
1732 1532 1923 1600 psalmi

354 1607 599 1651 Luxvm
631 1601 787 1656 verba
812 1622 824 1657 :
862 1604 937 1658 Tu
960 1624 1075 1661 vero
1104 1612 1342 1678 repulisti
1360 1616 1721 1686 etdespexisti,
1749 1624 1922 1676 distu-

351 1681 465 1738 listi
493 1686 761 1747 Christum
791 1706 938 1750 tuum
963 1716 981 1752 :
1008 1706 1240 1757 evertisti
1275 1716 1639 1765 testamentum
1665 1718 1797 1769 servi
1824 1719 1918 1784 tui,

347 1777 649 1846 profanasti
696 1786 749 1840 in
795 1797 934 1844 terra
964 1797 1327 1851 sanctuarium
1359 1801 1508 1869 ejus,
1550 1803 1664 1858 haec
1712 1806 1916 1863 habet:

345 1870 605 1939 Εὐσέϐιος
640 1878 695 1931 δὲ
731 1881 811 1946 εἰς
836 1884 896 1936 τὸ
935 1885 1106 1949 πάθος
1136 1890 1229 1942 τοῦ
1255 1891 1491 1961 Χριστοῦ
1525 1896 1693 1949 ταῦτα
1727 1916 1918 1970 πειρα-

344 1960 460 2028 Θεὶς
506 1965 712 2033 λαϐεῖν,
762 1972 885 2027 οὔτε
928 1976 1189 2032 διασῶσαι
1232 1981 1323 2035 τὸν
1368 1985 1555 2055 εἱρμὸν
1600 1988 1702 2059 τῆς
1746 1960 1919 2065 ἐριῖιη-

341 2053 490 2118 vela;
518 2058 778 2131 ἠδυνήθη,
824 2063 948 2118 οὔτε
991 2068 1299 2141 δυσφημίας
1344 2053 1618 2142 παινιελῶς
1659 2053 1913 2137 “dira-lita.-

343 2146 535 2216 γῆναι,
579 2151 630 2204 id
656 2162 760 2221 est,
795 2154 1051 2214 Eusebius
1097 2171 1305 2229 autem,
1367 2183 1483 2221 cum
1534 2170 1644 2223 htec
1694 2173 1758 2224 de
1798 2191 1916 2243 pas-

340 2238 488 2292 sione
519 2238 720 2297 Christi
742 2249 1006 2315 explicare
1035 2256 1307 2308 tentaverit
1327 2298 1340 2319 ,
1373 2275 1533 2328 neque
1557 2264 1746 2316 seriem
1779 2282 1908 2320 nar-

339 2328 561 2385 rationis
597 2350 837 2403 seruare,
899 2357 1063 2411 neque
1102 2343 1425 2413 blasphemia
1465 2354 1670 2417 penitus
1718 2372 1909 2413 vacuus

334 2434 447 2473 esse
488 2425 683 2490 potuit.
733 2426 883 2484 lianc
922 2440 1100 2487 autem
1137 2433 1354 2493 Eusebii
1404 2440 1907 2513 interpretationem

332 2506 609 2571 fuisissime
629 2529 934 2577 enarratum
967 2524 1154 2592 habes,
1194 2530 1331 2599 psal.
1363 2548 1626 2591 Lxxxvm.
1658 2537 1740 2592 An
1776 2556 1906 2596 vero

330 2596 420 2653 hic
449 2596 683 2661 Eusebio
722 2608 1015 2680 impietatis
1047 2629 1175 2672 nota
1219 2620 1343 2691 jure
1378 2624 1661 2694 inuratur,
1700 2647 1902 2703 necne,

327 2694 631 2784 expendere
674 2699 866 2758 inutile
893 2703 1095 2775 fuerit;
1134 2725 1258 2767 cum
1291 2716 1406 2784 ipse
1429 2725 1707 2778 temeratae
1734 2694 1903 2781 divini

332 2777 490 2838 Verbi
518 2786 781 2846 doctrinae
810 2803 995 2851 notam
1031 2799 1082 2853 in
1138 2803 1260 2861 aliis
1302 2777 1474 2865 inulto
1503 2777 1761 2883 liquidius
1818 2818 1903 2873 in-

325 2882 544 2942 currat,
569 2885 626 2931 ut
649 2894 750 2935 suo
781 2883 901 2939 loco
934 2892 1333 2959 comprobatur.

740 2993 798 3044 V.
846 2996 1071 3050 Gelasius
1109 3014 1198 3052 eos
1219 3014 1473 3059 memorat.

391 3107 640 3170 Gelasius
665 3116 733 3173 de
760 3119 973 3179 duabus
997 3128 1207 3184 naturis
1253 3129 1307 3184 in
1336 3132 1574 3201 Christo,
1607 3138 1750 3195 inter
1796 3140 1898 3196 Pa-

319 3209 461 3257 trum
515 3209 868 3279 testimonia,
922 3214 1144 3274 Eusebii
1198 3222 1555 3287 Caesariensis
1604 3232 1782 3288 locum
1836 3234 1889 3289 in

318 3296 586 3362 psalmum
619 3301 891 3362 decimum
917 3313 1208 3381 septimum
1245 3318 1422 3383 aiiert,
1458 3324 1551 3394 qui
1587 3326 1667 3381 sic
1696 3327 1884 3385 habet:

315 3384 457 3442 Deus
476 3392 565 3460 qui
584 3393 854 3452 inclinavit
873 3403 1028 3457 caelos
1066 3416 1116 3459 et
1151 3408 1451 3479 descendit,
1474 3384 1784 3476 .ascendens
1834 3424 1890 3478 in

301 3472 572 3534 hominem
592 3498 741 3553 quem
767 3495 1074 3561 assumpsit,
1096 3513 1245 3566 quem
1274 3519 1409 3555 nunc
1432 3506 1697 3563 cherubim
1717 3528 1886 3568 sermo

312 3569 568 3633 nominat,
589 3574 809 3628 evolavit
836 3594 955 3633 cum
998 3599 1077 3650 eo,
1103 3603 1378 3645 ascensum
1428 3595 1629 3664 faciens
1659 3617 1775 3655 cum
1804 3604 1887 3656 di-

310 3655 444 3711 uinis
474 3699 489 3723 ,
541 3664 943 3736 spiritualibus,
994 3675 1391 3747 obsequentibus
1445 3688 1547 3742 sibi
1593 3706 1883 3759 pennarum

307 3752 494 3817 ventis,
524 3754 651 3822 ipsis
672 3759 833 3813 etiam
875 3767 1173 3832 appellatis.
1223 3771 1327 3827 Ubi
1380 3752 1728 3846 paucioribus
1758 3802 1883 3842 seno

305 3839 531 3895 tentiam
581 3846 870 3915 exprimit,
921 3868 1083 3921 quam
1119 3856 1318 3914 ibidem
1355 3839 1424 3916 ab
1450 3839 1883 3926 Eusebio

303 3928 471 3984 tiatur
487 3974 503 3998 ,
527 3937 628 3990 etsi
659 3939 847 3996 eadem
875 3959 1102 4014 prorsus
1120 3958 1296 4007 mente
1316 3961 1368 4007 et
1389 3948 1833 4031 interpretatione
1864 3986 1875 4020 :

301 4033 426 4075 nam
466 4021 736 4085 Eusebius
765 4033 963 4091 ibidem
1009 4038 1366 4099 cherubinum
1398 4047 1550 4103 illum
1582 4051 1634 4105 in
1666 4027 1877 4124 psalmo

300 4124 699 4185 memoratum,
762 4141 862 4196 pro
914 4128 1254 4190 humanitate
1310 4135 1513 4195 Christi
1568 4142 1747 4202 habet.
1808 4147 1874 4202 Et

296 4204 459 4271 paulo
489 4218 613 4277 post
644 4212 783 4269 idem
813 4217 1063 4279 Gelasius
1119 4240 1184 4280 ex
1232 4228 1425 4286 eodem
1479 4240 1872 4296 commentario

299 4294 412 4352 haec
440 4298 633 4359 aﬂ'ert:
667 4304 729 4361 Si
749 4324 865 4366 vero
897 4311 1168 4382 juranlem
1207 4336 1324 4374 eum
1353 4323 1586 4379 audieris
1618 4343 1710 4397 per
1745 4348 1871 4386 san-

294 4398 434 4445 ctum
462 4403 511 4447 et
538 4394 751 4453 Patrem
778 4420 952 4470 suum,
982 4409 1116 4463 audi
1129 4411 1400 4480 furantem
1425 4433 1515 4484 per
1543 4394 1707 4475 Deum
1738 4423 1867 4479 Ver-

2044 591 2186 641 sulto
2215 590 2411 659 mittit;
2449 603 2561 647 tum
2591 596 2717 665 quia
2745 637 2759 659 ,
2817 599 2894 651 nti
2927 614 3091 669 supra
3125 600 3330 654 dictum
3375 609 3459 656 est
3489 643 3503 664 ,
3545 618 3612 656 ex

2040 687 2354 736 catenarum
2387 700 2488 739 usu
2525 686 2662 742 bene
2691 691 2862 744 multa
2919 691 2971 744 in
3015 690 3354 762 Scripturam
3399 708 3613 748 sacram

2039 775 2431 829 commentaria
2461 794 2598 847 pene
2626 780 3025 838 obsoleverant.
3064 782 3301 853 Indeque
3321 783 3461 839 forte
3490 784 3613 839 fue-

2038 863 2108 917 rit
2136 866 2278 934 quod
2310 875 2417 920 tam
2464 868 2782 941 infrequens
2844 873 2986 944 apud
3042 876 3339 945 scriptores
3392 874 3611 932 Graecos

2038 952 2232 1008 borum
2264 957 2467 1011 mentio
2494 971 2765 1015 occurrat.

2635 1070 2864 1127 CAPUT
2921 1072 3007 1127 lll.

2031 1170 2187 1210 κου-ι
2226 1174 2505 1216 ευεεΒιΑΝι
2546 1180 2697 1218 δτγιιι
2737 1173 2807 1219 Ετ
2837 1181 2940 1219 ενι
2971 1182 3023 1221 ΙΝ
3061 1183 3147 1223 HIS
3184 1182 3600 1226 COIIENTARIIS.

2034 1270 2083 1325 1.
2126 1270 2201 1326 Hi
2237 1279 2599 1331 commentarii
2638 1289 2814 1347 aperte
2864 1279 3081 1336 Eusebii
3129 1293 3270 1336 sunt.
3310 1283 3397 1337 11.
3438 1305 3456 1336 t
3500 1284 3603 1340 De-

2101 1349 2822 1422 monstrationieuangelica:
2856 1369 2876 1405 ι
2923 1352 3060 1422 stylo
3102 1355 3319 1408 similes.
3360 1354 3480 1409 III.
3523 1356 3603 1411 De

2096 1414 2234 1494 stylo
2274 1415 2505 1472 Eusebii.
2537 1418 2565 1471 1
2582 1414 2661 1475 γῑ
2685 1418 2739 1472 Μ
2748 1414 3363 1494 agimini'carniﬁcinam
3392 1435 3448 1479 ut
3475 1442 3602 1480 ocu-

2097 1482 2236 1539 latus
2276 1492 2420 1541 testis
2458 1500 2711 1543 memorat
2760 1492 3036 1546 Eusebius.
3092 1482 3163 1550 νζ
3188 1493 3420 1551 Itemque
3463 1498 3598 1551 alio-

2096 1569 2213 1607 rum
2262 1555 2555 1612 Christiani
2605 1560 2833 1615 nominis
2882 1563 3134 1619 hostium.
3187 1555 3425 1621 VLOuo
3468 1577 3593 1621 tem-

2093 1639 2217 1692 pore
2242 1627 2335 1682 hos
2361 1630 2764 1685 commentarios
2795 1633 3037 1687 ediderit.

2274 1736 2312 1788 ι.
2338 1737 2401 1789 Hi
2422 1740 2766 1792 Commentarii
2789 1750 2961 1806 aperte
2992 1743 3190 1795 Eusebii
3213 1753 3344 1796 sunt.

1950 1860 1992 1914 Β
2094 1838 2136 1891 Α
2169 1838 2278 1896 Deo
2303 1844 2590 1898 manifesta
2619 1852 2671 1901 et
2714 1861 2809 1914 per
2841 1861 2900 1901 se
2931 1848 3077 1901 clara
3108 1865 3194 1904 res
3227 1858 3330 1911 est,
3356 1850 3455 1907 hos
3510 1850 3592 1922 ip-

2020 1932 2264 1987 sissimos
2296 1951 2417 1990 esse
2446 1935 3029 1994 EusebiiCmsariensis
3052 1944 3488 2007 commentarios,
3530 1952 3589 1998 ut

2021 2038 2084 2076 ne
2122 2024 2203 2077 vel
2244 2026 2527 2081 minimum
2558 2027 2707 2083 dubii
2737 2029 2969 2085 eruditis
2989 2038 3043 2085 et
3074 2033 3363 2101 sagacibus
3396 2035 3587 2089 adver-

2016 2129 2135 2167 sum
2192 2116 2429 2171 suboriri
2486 2119 2677 2188 possit.
2743 2117 2944 2174 Verum
2996 2122 3123 2192 quia
3175 2122 3278 2179 hoc
3329 2139 3443 2180 aevo
3476 2142 3587 2182 non

2014 2209 2191 2277 pauci,
2228 2217 2285 2263 ut
2315 2211 2631 2267 criticorum
2684 2229 2879 2268 nomen
2928 2215 3030 2270 sibi
3063 2217 3300 2285 pariant,
3333 2218 3400 2273 de
3429 2219 3584 2275 libris

2011 2313 2148 2367 quos
2188 2315 2257 2355 ne
2304 2302 2385 2356 vel
2420 2302 2750 2370 primoribus
2780 2304 2997 2373 quidem
3030 2306 3199 2362 labris
3248 2311 3578 2379 attigerunt,

2011 2391 2335 2445 sententiam
2367 2391 2507 2447 ferre
2545 2393 2682 2447 nihil
2716 2404 3009 2451 verentur:
3053 2407 3105 2452 et
3136 2400 3311 2470 primo
3349 2417 3581 2473 conspe-

2007 2488 2096 2535 ctu
2135 2481 2207 2535 ita
2244 2486 2593 2553 pronuntiant
2628 2502 2641 2536 :
2686 2486 2803 2541 Non
2833 2487 2975 2557 sapit
3025 2492 3223 2561 stylum
3256 2495 3540 2564 scriptoris
3562 2540 3575 2563 ,

2008 2572 2287 2641 indignum
2320 2583 2546 2632 auctore
2576 2586 2764 2645 tanto;
2813 2596 2876 2634 ac
2902 2583 3221 2651 plerumque
3260 2585 3317 2639 in
3367 2594 3574 2656 partem

2005 2665 2237 2735 negandi
2268 2668 2623 2737 procliviores
2664 2682 2810 2734 sunt,
2845 2673 2973 2728 hinc
3010 2676 3113 2731 sibi
3139 2686 3462 2732 nasutorum
3498 2678 3577 2733 la-

2004 2770 2147 2811 mam
2170 2758 2560 2816 conciliaturos
2582 2778 2706 2819 esse
2746 2765 2886 2831 rati,
2934 2767 3137 2837 quibus
3165 2784 3271 2823 non
3313 2770 3472 2827 facile
3503 2775 3575 2827 sit

2000 2847 2164 2901 verba
2204 2847 2370 2918 dare;
2401 2850 2524 2906 ideo
2555 2853 2715 2909 nobis
2743 2854 2947 2927 aliquid
2977 2857 3044 2912 de
3072 2857 3382 2915 Eusebiano
3434 2864 3573 2934 stylo

2001 2938 2086 2993 liis
2116 2939 2173 2993 in
2200 2944 2614 3000 commentariis
2656 2947 2975 3017 conspicuo,
3009 2949 3185 3020 deque
3238 2952 3571 3009 manifestis-

1999 3030 2154 3086 simis
2187 3031 2386 3087 ibidem
2420 3033 2709 3091 Eusebiani
2743 3039 2842 3093 aevi
2890 3041 3066 3106 notis,
3099 3041 3401 3099 cdisserere
3450 3047 3571 3100 ani-

1997 3136 2121 3178 mus
2148 3130 2251 3179 est.

2175 3215 2238 3265 ll.
2264 3216 2680 3271 Demonstrationi
2714 3223 3015 3286 evangeliea
3034 3228 3162 3287 stylo
3180 3229 3388 3283 similes.

2063 3320 2205 3376 Nulli
2235 3338 2300 3378 ex
2326 3323 2545 3382 Eusebii
2573 3328 2829 3399 operibus
2866 3330 2937 3385 ita
2969 3332 3149 3389 amnis
3190 3334 3383 3390 borum
3415 3350 3565 3390 com-

1991 3415 2380 3470 mentariorum
2433 3419 2609 3489 stylus
2641 3429 2745 3485 est,
2778 3432 2837 3475 ut
2866 3426 3175 3496 evangelica:
3218 3426 3557 3483 Demonstra-

1990 3506 2120 3561 tioni
2148 3522 2167 3560 :
2212 3524 2320 3563 non
2356 3513 2517 3567 modo
2544 3516 2686 3569 enim
2717 3516 2985 3573 dictiones
3027 3529 3079 3573 et
3116 3520 3387 3575 tractandi
3422 3524 3560 3576 ratio

1987 3610 2322 3667 consonant,
2371 3602 2466 3659 sed
2503 3605 2662 3659 etiam
2697 3605 3099 3678 Scripturarum
3154 3611 3559 3682 interpretatio-

1985 3705 2106 3755 nes,
2132 3696 2399 3747 sententia
2449 3711 2682 3765 semper,
2708 3699 2885 3754 verbis
2914 3716 3023 3755 non
3057 3702 3430 3772 inlrequenter
3482 3706 3556 3761 si-

1987 3782 2141 3838 miles
2197 3792 2345 3839 sunt.
2403 3786 2463 3840 ln
2510 3787 2969 3845 Demonstratione
3027 3792 3156 3847 item
3205 3796 3503 3865 evangelica
3537 3836 3551 3860 ,

1982 3872 2208 3942 perinde
2237 3882 2400 3944 atque
2428 3876 2483 3930 in
2517 3877 2621 3933 hoc
2644 3882 3037 3938 commentario
3068 3884 3270 3952 passim
3308 3883 3554 3939 oll‘endas

1982 3965 2037 4019 in
2091 3964 2245 4029 illud,
2277 3967 2492 4038 νοήσεις
2532 3971 2869 4042 ἐπιστήσας,
2917 3973 3168 4045 intelliges
3220 3976 3266 4029 si
3314 3977 3552 4031 animum

1979 4055 2315 4123 adhibueris,
2364 4060 2526 4131 inque
2576 4073 2860 4122 sexcentas
2906 4067 3041 4123 alias
3079 4068 3293 4124 dicendi
3344 4069 3550 4125 formu-

1976 4149 2095 4213 las,
2185 4153 2341 4222 queis
2401 4157 2672 4213 sermonis
2751 4159 2822 4214 ab
2880 4161 2988 4216 alio
3050 4161 3117 4217 ad
3170 4164 3318 4220 aliud
3374 4167 3548 4221 series

1974 4243 2341 4300 transfertur:
2388 4262 2551 4305 voces
2598 4248 2833 4307 Eusebio
2890 4254 3280 4326 frequentatas,
3315 4257 3547 4329 aliisque

1972 4334 2333 4406 scriptoribus
2359 4338 2543 4396 minus
2568 4342 2833 4406 usitatas,
2876 4344 2931 4399 in
2966 4355 3197 4417 utroque
3229 4364 3394 4418 opere
3435 4352 3544 4405 ritu

1970 4428 2087 4497 pari
2114 4428 2387 4485 adhibitas
2408 4430 2821 4502 deprehendas:
2850 4438 3244 4508 explicationes
3278 4441 3346 4496 de
3380 4440 3541 4497 Verbi

1425 4481 1433 4484 _
1970 4481 1988 4497 ,
2073 4481 2085 4482 ,
2121 4481 2128 4482 ,
2156 4481 2197 4483 ρ
2227 4481 2385 4485 me.--
2413 4481 2781 4502 "run---"
2806 4481 2821 4491 .
2852 4481 3244 4508 -..νην-..πων
3278 4481 3345 4496 ..υ
3397 4481 3538 4497 μην.

294 4481 436 4549 bum,
461 4488 601 4557 quod
621 4494 859 4549 omnibus
886 4502 1093 4558 steculis
1122 4509 1441 4573 prwexsistit
1470 4550 1495 4586 ,1
1529 4523 1771 4569 sanctum
1815 4528 1865 4574 et
1896 4534 1941 4590 ι)
1970 4519 2277 4575 substantia
2304 4529 2359 4577 et
2386 4522 2588 4579 deitate
2623 4524 2696 4579 ita
2740 4528 3075 4594 consimiles,
3112 4538 3171 4585 ut
3200 4532 3344 4586 illico
3376 4548 3538 4586 unam

292 4576 621 4645 unigenitum
648 4582 762 4652 ejus
784 4583 989 4643 Filium
1013 4631 1027 4654 ,
1078 4609 1230 4664 quem
1282 4597 1445 4652 Deum
1485 4576 1635 4659 'varie
1676 4606 1864 4665 locutos

290 4676 411 4720 sunt
434 4668 634 4725 dudum
659 4692 691 4728 a
712 4677 860 4732 nobis
879 4684 1163 4750 proposita:
1182 4702 1327 4743 voces
1353 4704 1370 4742 :
1401 4706 1492 4760 per
1512 4709 1669 4763 quem
1704 4696 1862 4766 jurat

288 4755 426 4813 Deus
451 4771 500 4814 et
526 4761 683 4819 Pater
704 4768 817 4837 ejus
841 4778 1090 4843 tanquam
1110 4775 1359 4833 dilectum
1384 4755 1534 4849 eum,
1561 4787 1653 4856 qui
1674 4755 1739 4842 ea:
1778 4808 1862 4845 se-

287 4852 423 4905 mine
451 4853 621 4908 David
643 4868 741 4922 est,
772 4860 827 4914 in
848 4863 1115 4932 inﬁnitum
1137 4872 1389 4927 steculum
1417 4852 1818 4945 gloriﬁcaturus
1839 4923 1855 4948 ,

284 4943 421 5009 quod
444 4946 602 5001 etiam
640 4950 840 5018 [actum
860 4963 960 5019 est,
985 4960 1195 5029 quando
1255 4943 1479 5020 Verbum
1518 4969 1856 5027 incarnatum

280 5047 400 5083 eum
425 5036 512 5103 qui
534 5053 598 5089 ex
625 5042 821 5096 semine
850 5042 1021 5098 David
1043 5058 1122 5102 est
1160 5057 1481 5122 assumpsit,
1526 5068 1680 5129 atque
1703 5062 1857 5133 deiﬁ-

280 5133 400 5188 cat;
422 5126 555 5180 unde
579 5139 629 5183 et
649 5130 848 5187 Filium
872 5152 990 5189 eum
1015 5140 1244 5208 appellat
1265 5144 1441 5201 dicens
1465 5164 1482 5201 :
1515 5167 1533 5201 ι
1564 5126 1675 5221 Ego
1698 5126 1857 5208 erovei

279 5213 331 5265 in
348 5212 869 5289 Patrem,etipseerit
886 5228 1014 5281 mihi
1038 5230 1089 5284 in
1107 5231 1410 5307 Filium(ll
1435 5236 1558 5309 Reg.
1584 5212 1799 5315 vin”);
1828 5265 1846 5298 ι

275 5315 323 5358 et
350 5306 539 5363 iterum
561 5327 580 5366 :
607 5332 625 5365 ι
661 5313 774 5385 Ego
814 5320 1214 5391 primogenitum
1238 5343 1433 5396 ponam
1479 5306 1631 5387 illum
1671 5306 1847 5407 (Psal.

276 5412 536 5465 Lxxxvm,
571 5403 685 5472 28).
727 5427 746 5460 ι
802 5408 929 5467 Haec
963 5415 1090 5470 item
1121 5421 1442 5490 compendio
1469 5403 1850 5495 exprimuntur

273 5504 339 5544 ex
369 5490 813 5564 interpretatione
840 5506 1036 5573 psalmi
1072 5523 1333 5578 Lxxxvm,
1376 5518 1721 5592 maximeque
1780 5540 1850 5579 ex

273 5597 416 5646 vers.
448 5585 503 5649 4,
531 5587 583 5653 5,
615 5589 705 5655 56,
735 5593 807 5649 37
831 5605 885 5651 et
917 5597 1006 5653 58.

342 5674 454 5733 Etsi
491 5695 618 5736 vero
646 5683 875 5743 Photius
908 5689 1052 5748 inter
1084 5692 1305 5752 Eusebii
1333 5714 1497 5770 opera
1542 5703 1645 5761 hos
1693 5722 1844 5763 com-

268 5771 563 5831 mentarios
594 5791 701 5832 non
728 5791 1046 5853 recenseat,
1101 5787 1234 5843 nihil
1280 5791 1512 5862 mirum;
1568 5804 1687 5853 tum
1713 5800 1839 5871 quia

1966 4609 2185 4670 Eusebii
2219 4622 2478 4680 mentem,
2502 4631 2666 4672 unam
2714 4620 3004 4691 utrobique
3035 4637 3255 4677 manum
3287 4624 3534 4679 olfacias.

1962 4701 2166 4762 Verum
2199 4705 2389 4764 istbtec
2416 4710 2805 4768 exercitatione
2826 4713 3000 4783 prius,
3026 4730 3190 4786 quam
3223 4715 3533 4781 ratiocinio,

1964 4797 2142 4866 quivis
2176 4798 2413 4870 experiri
2442 4802 2620 4857 valeat
2655 4821 2670 4857 :
2709 4819 2887 4875 neque
2927 4805 3014 4862 bis
3046 4806 3253 4865 diutius
3284 4810 3535 4867 insistere

1962 4888 2111 4955 libet,
2135 4889 2203 4945 de
2231 4891 2427 4961 quibus
2456 4893 2662 4948 nullam
2714 4911 2876 4965 spero
2899 4937 2915 4963 ,
2949 4899 3092 4970 apud
3120 4900 3375 4958 cordatos
3427 4903 3533 4957 sal-

1959 4986 2088 5047 tem,
2122 4986 2550 5041 controversiam
2582 4986 2842 5045 futuram.

2446 5076 2532 5127 IlI.
2567 5078 2643 5129 De
2661 5082 2792 5143 stylo
2814 5082 3034 5135 Eusebii.

2025 5175 2121 5231 Est
2153 5193 2319 5247 porro
2347 5180 2471 5249 styli
2506 5196 2679 5251 genus
2713 5182 2799 5237 hic
2831 5192 2891 5237 ut
2928 5184 2982 5238 in
3025 5185 3148 5241 aliis
3196 5187 3316 5257 ejus
3346 5190 3525 5257 aperi-

1954 5266 2077 5331 bus,
2101 5270 2258 5337 quale
2282 5270 2541 5325 describit
2565 5271 2791 5330 Photius
2815 5275 2869 5328 in
2897 5276 3245 5339 Bibliotheca,
3262 5296 3411 5333 num.
3440 5282 3520 5334 15:

1952 5360 2063 5432 Τὴν
2104 5362 2160 5415 δὲ
2195 5363 2393 5433 φράσιν
2434 5366 2532 5419 οὐκ
2563 5365 2710 5419 ἔστιν
2752 5368 3024 5438 οὐδαμοῦ,
3066 5369 3187 5422 οὔτε
3223 5372 3371 5441 ἡδὺς,
3400 5372 3521 5423 οὔτε

1948 5448 2292 5523 λαμπρότητι
2351 5454 2574 5524 χαίρων.
2634 5456 2958 5529 Πολυμαθὴς
3009 5459 3065 5512 δέ
3102 5462 3248 5513 ἐστιν
3283 5464 3311 5513 ὀ
3357 5462 3516 5530 ἀνήρ.

1948 5541 2051 5596 hoc
2080 5553 2163 5598 est
2190 5563 2201 5597 :
2238 5543 2481 5599 Dictione
2510 5555 2683 5601 autem
2705 5566 2962 5620 nusquam
2981 5553 3170 5611 ,sttavis
3195 5560 3307 5614 est,
3355 5567 3518 5619 neque

1945 5635 2203 5706 elegantia
2231 5648 2470 5693 ornatus.
2504 5638 2912 5697 Eruditissimus
2945 5653 3117 5697 tamen
3145 5644 3222 5696 vir
3249 5651 3347 5697 est.
3392 5641 3515 5714 Sty-

1944 5730 2029 5788 lus
2058 5722 2241 5804 itaque
2261 5734 2386 5805 ejus
2411 5737 2657 5791 nonnihil
2700 5739 2971 5810 strigosus
2998 5746 3052 5795 et
3084 5740 3373 5809 perplexus
3404 5749 3508 5805 est,

1943 5838 2050 5879 non
2084 5831 2199 5881 arte
2229 5825 2451 5885 limatus
2478 5846 2491 5885 :
2523 5828 2697 5885 oratio
2745 5830 2945 5888 nedum
2991 5840 3249 5887 excurrat
3301 5835 3504 5900 libere,
