4086 6560
468 388 536 443 19
1162 386 1426 443 EUSEBII
1466 388 1941 444 CiSARlENSlS
1980 388 2129 444 OPP.
2171 387 2350 442 PARS
2385 384 2471 440 111‘.
2516 415 2581 425 -—
2621 380 3029 437 EXEGETICA.
3642 381 3713 435 20

465 504 603 559 adeo
626 505 874 560 intricata
901 505 1219 576 plerumque
1244 514 1358 573 est,
1392 515 1451 561 ut
1479 509 1766 579 scriptoris
1797 519 2029 564 mentem
2060 518 2104 573 Α
2132 517 2285 571 sunt,
2321 509 2399 561 ita
2424 515 2481 560 ut
2521 504 2771 559 divinitus
2813 502 3106 556 immissum
3137 500 3237 553 sibi
3279 498 3548 570 ﬂagellant
3590 499 3711 550 ani-

462 597 549 651 νίς
577 612 890 667 assequare.
928 596 1188 657 Periodos
1226 599 1300 653 ita
1345 601 1585 669 prolian
1625 605 1810 665 ducit,
1848 608 1907 655 ut
1930 616 2028 654 ex-

458 694 690 743 tractam
719 689 1176 759 lengiusseriem,
1207 691 1253 745 si
1282 691 1410 760 quid
1446 693 1569 747 novi
1610 693 1777 748 menti
1813 709 2033 749 succur-

459 780 629 847 rerit,
675 779 907 835 subinde
963 781 1287 850 intercipiat,
1324 784 1451 837 dum
1499 800 1798 853 suspensus
1847 788 2031 841 animo

459 871 648 936 lector,
682 886 783 925 nec
822 886 931 940 quo
963 870 1250 935 deducere,
1286 889 1385 928 nec
1439 875 1528 928 ubi
1562 876 1815 932 claudere
1868 892 2031 949 argu-

455 970 703 1017 mentum
723 963 870 1029 velit,
893 963 1199 1034 intelligere
1226 966 1387 1021 valet.
1418 966 1573 1032 Quod
1602 970 1836 1025 maxime
1865 970 1949 1026 his
1971 972 2026 1024 in

457 1055 863 1110 commentariis
900 1056 1177 1120 observes,
1196 1057 1288 1111 ubi
1318 1067 1606 1129 perpetuus
1635 1070 1876 1117 veterum
1907 1078 2027 1117 ver-

456 1146 693 1211 sionum,
723 1161 845 1216 qua:
869 1156 927 1201 ut
961 1147 1254 1216 plurimum
1276 1157 1285 1167 '
1310 1149 1661 1204 subbarbam
1692 1161 1840 1214 sunt,
1865 1169 2022 1217 usus,

454 1239 688 1309 aliquam
726 1240 878 1311 stylo
927 1240 1048 1308 ejus
1103 1243 1283 1297 intulit
1332 1245 1790 1314 peregrinitatem.
1838 1244 2027 1316 Neque

453 1336 642 1384 tamen
663 1344 762 1399 par
784 1330 982 1399 ubique
1011 1332 1136 1402 styli
1162 1332 1299 1386 ratio
1342 1341 1462 1387 est:
1502 1348 1625 1385 nam
1670 1331 1761 1386 ubi
1817 1332 1885 1386 ad
1928 1333 2023 1388 de-

454 1421 781 1490 scriptiones
813 1424 1062 1489 vertitur,
1116 1425 1313 1479 seriem
1351 1432 1580 1479 exornat
1626 1426 1806 1480 verbis
1859 1441 2020 1495 quam

450 1521 633 1580 potest
658 1514 1009 1581 lectissimis;
1047 1531 1153 1569 non
1205 1524 1260 1568 ut
1302 1516 1507 1569 otiosos
1556 1516 1703 1569 inani
1748 1516 2021 1587 voluptate

449 1602 775 1668 demulceat,
804 1606 898 1660 sed
930 1614 989 1659 ut
1019 1622 1286 1665 exrerum
1317 1622 1438 1676 qua:
1476 1608 1577 1663 sub
1618 1618 1893 1677 aspectum
1929 1623 2021 1661 ca-

450 1693 587 1748 dunt
620 1695 1024 1763 pulchritudine
1078 1706 1132 1752 et
1182 1705 1486 1762 concentu,
1530 1698 1596 1751 ad
1642 1698 1853 1767 opiﬁcis
1885 1713 2017 1751 con-

448 1786 853 1855 templationem
887 1787 1109 1842 alliciat.
1164 1787 1252 1841 Sic
1303 1788 1370 1841 ad
1419 1790 1687 1857 psalmum
1740 1805 1910 1851 xvm,
1953 1789 2019 1842 de

447 1892 615 1932 cursu
659 1879 790 1934 solis
822 1879 1094 1934 ﬂoridiure
1138 1881 1277 1951 stylo
1304 1880 1532 1935 miriﬁce
1570 1881 1856 1935 edisserit:
1882 1881 2016 1937 alias
2050 1860 2090 1915 Β

446 1968 702 2024 similiter
727 1970 794 2025 de
829 1988 995 2025 verno
1037 1979 1301 2043 tempore,
1337 1974 1513 2042 deque
1542 1987 1806 2041 aquarum
1836 1972 2017 2027 divor-

445 2059 578 2123 tiis,
605 2076 726 2131 quae
773 2064 1163 2133 sapientissimi
1193 2064 1508 2120 Conditoris
1541 2073 1709 2119 nutus
1760 2063 1825 2118 ad
1858 2071 2018 2118 terra:

446 2152 657 2205 cultum
689 2164 741 2207 et
776 2153 1163 2209 fecunditatem
1215 2156 1551 2210 moderatur.
1600 2155 1789 2210 Divinc
1837 2166 2015 2209 autem

443 2240 692 2312 loquitur
718 2244 889 2299 sicubi
920 2253 1108 2299 contra
1157 2261 1252 2301 eos
1302 2246 1611 2314 disceptat,
1667 2246 1757 2316 qui
1809 2254 2015 2316 tempe-

442 2345 600 2390 rante
632 2334 862 2392 fortuna
879 2352 1058 2391 rerum
1096 2337 1453 2395 humanarum
1492 2338 1664 2391 aleam
1702 2336 1896 2393 cadere
1925 2353 2015 2392 ar-

442 2427 754 2492 bitrantur;
788 2429 901 2483 sive
934 2430 1135 2491 etiam.
1184 2430 1279 2498 qui
1316 2443 1405 2483 res
1446 2444 1670 2491 omnes,
1727 2445 1847 2498 qua:
1889 2436 2016 2484 sunt

443 2520 650 2574 homini
681 2520 1026 2589 expetendae,
1058 2522 1335 2590 voluptate
1382 2525 1720 2576 metiuntur:
1755 2524 2012 2591 frequen-

444 2608 653 2663 tissime
693 2625 824 2663 vero
853 2610 977 2664 illos
1007 2610 1277 2680 exagitat,
1332 2610 1425 2679 qui
1485 2610 1741 2664 mundum
1792 2611 2014 2664 fortuito

441 2714 508 2753 ac
535 2715 601 2754 ex
635 2701 925 2756 temerario
956 2705 1186 2771 partium
1222 2717 1491 2757 concursu
1523 2710 1713 2769 sponte
1744 2703 2012 2758 coaluisse

442 2790 780 2859 pugnabant,
815 2792 868 2847 in
924 2791 1119 2862 hisque
1177 2807 1307 2848 sane
1365 2794 1672 2851 invenimus
1720 2793 2013 2851 Eusebium

439 2878 679 2937 Eusebio
712 2882 1122 2954 elegantiorem.

936 2963 981 2986 Ἀ

498 2996 593 3049 lvi
608 2990 853 3051 Maximini
876 3000 1199 3110 carniﬁcttii‘fam
1227 3005 1286 3110 git
1305 3004 1529 3053 oculatus
1555 3004 1696 3052 testis
1715 3008 1953 3051 memorat

1135 3076 1221 3110 use
1280 3076 1350 3110 us.

1135 3076 1350 3111 118801113.

510 3143 653 3198 Eva
704 3158 806 3199 suo
865 3152 1204 3214 grassantem
1251 3145 1529 3200 Maximini
1564 3146 1619 3200 in
1673 3145 2015 3202 Christianos

438 3232 813 3290 carniﬁcinam
844 3208 903 3288 ut
936 3236 1188 3290 oculatus
1238 3236 1397 3292 testis
1435 3245 1700 3291 memorat
1764 3236 1829 3291 ad
1871 3237 2008 3307 psal.
2040 3208 2086 3271 Ο

438 3342 627 3392 xxx",
650 3327 742 3382 ubi
777 3338 1063 3399 postquam
1093 3314 1372 3400 gentilium
1398 3330 1788 3385 immanitatem
1823 3346 2011 3386 recen-

438 3420 571 3487 suit,
602 3421 719 3477 haec
752 3422 933 3477 subdit
962 3441 975 3475 :
1012 3424 1223 3495 ’Ὠσπερ
1260 3425 1316 3476 δὲ
1343 3424 1515 3478 ταῦτα
1563 3426 2008 3497 ἱστορησάμενοι,

435 3510 589 3567 οὓτω·
606 3514 702 3568 καὶ
721 3514 819 3586 τὴν
841 3514 1202 3585 μετελθοῦσαν
1244 3517 1443 3579 αὐτοὺς
1471 3516 1606 3569 Θεοῦ
1639 3517 1794 3587 δίκην
1824 3518 2011 3572 τεθεά-

439 3608 615 3683 μεθα,
666 3608 921 3677 τοιαύτην
980 3608 1311 3680 γενομένην,
1356 3608 1430 3672 ὡς
1490 3610 1563 3680 μὴ
1624 3612 1886 3681 ἁμαρτεῖν
1918 3613 2009 3665 τὸν

437 3701 684 3769 φήσαντα
716 3699 947 3770 ἀληθῶς,
978 3700 1076 3771 τὴν
1104 3699 1372 3771 ῥομφαίαν
1407 3701 1584 3754 αὐτῶν
1610 3702 2009 3773 εἰσεληλυθέναι

432 3793 516 3856 ’ἒς
546 3794 646 3863 τὴν
688 3793 912 3865 καρδίαν
959 3783 1166 3856 αὑτῶν,
1211 3794 1304 3847 καὶ
1351 3793 1419 3846 τὰ
1487 3792 1616 3858 τόξα
1667 3794 1844 3849 αὐτῶν
1886 3812 2009 3848 συν-

433 3884 736 3956 τετριφοαι,
766 3885 819 3939 id
848 3894 929 3940 est
962 3904 974 3939 :
1003 3883 1068 3938 Ut
1086 3895 1259 3939 autem
1280 3885 1388 3939 lure
1409 3884 1653 3949 vidimus,
1680 3887 1756 3939 ita
1779 3898 1827 3940 et
1856 3888 2010 3940 ultio-

433 3995 550 4031 nem
575 3977 673 4031 Dei
695 3980 835 4045 ipsos
867 3977 1195 4032 invadentem
1217 3978 1568 4047 suspeximus,
1601 3994 1717 4047 quae
1741 3978 1865 4032 talis
1898 3978 1978 4033 uti
1990 4009 2008 4020 -

433 4084 530 4138 que
576 4068 698 4135 fuit,
726 4077 784 4120 ut
823 4069 953 4121 nihil
983 4069 1304 4122 aberraverit
1358 4069 1403 4121 is
1447 4069 1539 4138 qui
1585 4068 1741 4135 dixit,
1771 4069 2007 4141 gladium

429 4176 614 4214 eorum
654 4160 880 4229 inﬁmum
906 4160 963 4213 in
995 4159 1157 4213 corda
1196 4161 1469 4227 ipsorum,
1526 4170 1575 4214 et
1621 4178 1776 4217 arcus
1828 4177 2006 4216 eorum

431 4252 730 4322 confractos
777 4268 909 4309 esse.
947 4253 1013 4306 Et
1040 4252 1168 4307 alibi
1199 4272 1213 4307 :
1249 4252 1380 4318 Quis
1437 4264 1609 4308 autem
1660 4256 1827 4310 oculis
1883 4272 2005 4310 con-

438 4345 722 4409 templatus
786 4346 977 4412 impios
1040 4345 1188 4417 (nam
1238 4344 1425 4401 Grieca
1480 4347 1795 4420 compendii
1842 4360 2005 4401 causa

429 4434 722 4507 mittimus)
753 4437 841 4506 qui
898 4452 1006 4491 αξυο
1049 4448 1230 4492 nostra
1260 4455 1325 4493 ea:
1351 4439 1572 4506 divitiis,
1604 4440 1797 4509 gloria,
1827 4437 2007 4507 digni-

433 4524 629 4580 tatibus
662 4526 716 4579 in
754 4527 1108 4582 admiratione
1169 4529 1333 4597 fuere,
1364 4530 1420 4583 in
1482 4531 1780 4601 multasque
1833 4539 2006 4599 gentes

429 4614 706 4683 imperium
738 4615 1024 4681 obtinuere,
1062 4628 1264 4687 repente
1305 4618 1370 4671 ab
1412 4620 1511 4673 hac
1570 4618 1880 4673 celsitudine
1928 4619 2010 4672 la-

428 4721 570 4775 psos,
602 4722 703 4760 non
735 4707 969 4776 fateatur
1015 4724 1191 4762 verum
1218 4726 1330 4763 esse
1360 4710 1634 4763 oraculum
1657 4707 1960 4778 hujusmodi
1983 4712 2009 4765 Ρ

552 4820 610 4870 ν.
634 4820 859 4884 Itemque
888 4822 1095 4872 aliorum
1128 4822 1389 4874 Christiani
1418 4825 1629 4873 nominis
1652 4824 1882 4873 hostium.

498 4924 708 4981 Diserte
734 4944 863 4983 vero
917 4928 984 4982 ad
1034 4931 1183 4999 psal.
1243 4943 1391 4983 vau
1441 4928 1666 4999 quinam
1729 4929 1807 4984 illi
1848 4930 2006 4984 Chri—

426 5015 732 5071 stianorum
786 5018 1071 5077 carniﬁces
1135 5021 1492 5090 imperatores
1518 5060 1532 5083 ,
1588 5029 1642 5075 et
1673 5036 1781 5089 quo
1815 5021 2007 5075 mortis

424 5125 625 5191 genere
656 5112 857 5167 sublati
891 5114 1002 5169 sint
1030 5123 1254 5170 enarrat
1296 5116 1379 5170 bis
1413 5115 1593 5169 verbis
1627 5133 1639 5168 :
1681 5113 1814 5168 Ha'c
1849 5130 2005 5182 porro

423 5221 576 5274 opere
605 5208 866 5279 completa
912 5225 1007 5263 nos
1052 5211 1180 5278 ipsis
1212 5210 1380 5264 oculis
1409 5208 1732 5278 percepimus
1758 5223 1779 5260 :
1818 5205 2004 5277 quibus

424 5321 552 5360 sane
582 5305 861 5360 verisimile
890 5316 968 5363 est
997 5316 1230 5374 pasteros
1267 5313 1474 5357 nostros
1507 5301 1807 5362 incredulos
1829 5341 1843 5365 ,
1886 5317 2005 5353 cum

426 5398 538 5452 tunc
566 5396 804 5462 audient,
834 5399 993 5468 [idem
1017 5415 1120 5453 non
1148 5398 1419 5451 habituros
1443 5413 1577 5453 esse.
1603 5395 1867 5467 Quotquot
1902 5397 2000 5467 igi-

428 5500 516 5544 tur
547 5508 656 5546 wro
692 5502 873 5546 nostra
905 5492 1049 5561 {uere
1081 5490 1332 5542 Ecclesia:
1362 5489 1455 5541 Dei
1495 5489 1717 5552 inimici,
1744 5489 2001 5561 principes

424 5585 581 5658 hujus
603 5586 787 5641 saeculi
817 5594 867 5639 et
906 5584 1120 5657 tyranni
1146 5623 1160 5645 ,
1204 5583 1458 5637 divinitus
1489 5582 1744 5638 immissis
1774 5583 2002 5655 ﬂagellis

425 5675 652 5740 laniati;
682 5678 779 5730 alii
822 5674 1031 5747 quidem
1078 5674 1310 5739 corporis
1353 5673 1546 5726 cariem
1591 5675 1823 5741 perpessi
1852 5680 1999 5735 sunt,

425 5778 482 5821 ut
514 5769 675 5823 etiam
709 5767 786 5821 vel
820 5765 989 5818 adhuc
1048 5764 1266 5817 viventes
1319 5781 1435 5817 cum
1465 5763 1789 5821 intolerabili
1836 5762 2001 5828 fetore

424 5861 683 5916 vermibus
715 5866 1019 5913 scaterent:
1070 5856 1166 5910 alii
1225 5858 1440 5913 virentes
1494 5860 1613 5912 item
1662 5858 1826 5913 oculis
1862 5858 2001 5926 capti

2136 602 2533 663 ntadverterent,
2578 596 3005 667 palinodiamque
3032 602 3311 657 canerent,
3363 610 3425 646 ac
3459 592 3715 647 Ecclesia!

2134 695 2300 747 Deum
2339 708 2585 763 magnum
2638 705 2946 759 rerumque,
2990 696 3040 741 et
3076 686 3248 741 solum
3282 702 3397 740 esse
3426 685 3707 739 Dominum

2133 787 2527 853 conﬁterentur,
2559 797 2865 852 summaque
2897 795 3027 833 cura
3056 779 3414 847 praciperent,
3441 786 3496 829 ut
3522 777 3708 830 civitas

2131 877 2227 931 illa
2260 876 2373 939 Dei,
2407 875 2472 928 ab
2515 891 2569 928 se
2593 873 2717 926 olim
2776 873 3081 940 impugnata
3108 909 3123 932 ,
3167 878 3555 923 restauraretur
3576 908 3590 932 ,
3643 883 3707 919 ac

2129 967 2297 1021 denuo
2321 975 2731 1022 construeretur.
2755 964 3021 1019 Videlicet
3041 962 3291 1018 Galerius
3320 961 3700 1022 Maximianus.

2127 1059 2217 1127 qui
2266 1058 2532 1113 vermium
2602 1054 2771 1110 fetore
2832 1054 3194 1124 computruit,
3230 1061 3290 1107 ut
3336 1054 3493 1108 habet
3536 1052 3703 1104 Ense-

2125 1149 2249 1204 bius
2284 1148 2428 1202 llist.
2481 1147 2607 1201 eccl.
2646 1147 2739 1201 lib.
2774 1162 2868 1199 vm
2899 1186 2914 1211 ,
2968 1160 3017 1199 c.
3054 1143 3150 1209 16;
3199 1144 3338 1199 alius
3373 1145 3463 1213 qui
3509 1148 3705 1212 captus

2128 1240 2305 1295 oculis
2334 1239 2525 1302 fertur,
2550 1246 2634 1293 est
2666 1236 2994 1291 Maximinus
3020 1233 3259 1290 Orientis
3290 1236 3603 1298 imperator,
3640 1240 3709 1287 ut

2125 1332 2200 1384 ait
2232 1330 2522 1393 Eusebius,
2562 1331 2599 1383 l.
2636 1346 2710 1392 ix,
2742 1344 2792 1383 c.
2831 1328 2918 1381 10.
2974 1325 3275 1396 Utrumque
3306 1338 3433 1379 vero
3484 1326 3703 1395 palino-

2123 1422 2267 1476 diam
2300 1422 2565 1477 cecinisse
2594 1429 2783 1474 narrat
2809 1418 3075 1474 Eusebius
3110 1418 3198 1471 hic
3244 1427 3299 1472 et
3356 1420 3405 1468 in
3453 1416 3702 1470 Historia

2120 1513 2499 1570 ecclesiastica.
2566 1511 2827 1566 Similiter
2880 1510 2946 1563 ad
2995 1510 3258 1579 psalmum
3292 1523 3532 1571 Lxxvm,
3584 1507 3705 1561 hazc

2123 1606 2329 1660 habet:
2388 1603 2566 1673 Neque
2618 1603 2788 1657 solum
2844 1603 2911 1655 iis
2976 1601 3101 1671 (qui
3156 1610 3395 1668 tempore
3443 1597 3699 1652 Antiochi

2122 1699 2273 1768 passi
2319 1697 2472 1769 sunt)
2506 1698 2614 1751 hwc
2647 1696 2845 1750 tradita
2876 1695 3052 1763 fuere;
3102 1694 3339 1748 omnibus
3381 1694 3571 1762 quippe
3618 1692 3714 1746 εἰ·-

2120 1790 2271 1843 utilia
2292 1790 2609 1857 patientibus
2647 1797 2942 1855 competunt
2966 1803 2983 1840 :
3012 1787 3133 1855 quia
3161 1787 3214 1839 in
3229 1785 3713 1853 persecutionibus,.

2118 1897 2234 1951 qua:
2264 1891 2444 1935 nostra
2466 1889 2619 1934 wtate
2648 1880 2993 1947 contigerunt,
3012 1879 3235 1933 sexcenti
3251 1889 3410 1945 supra
3427 1876 3713 1929 recensitis.

2117 1973 2317 2027 similia
2343 1981 2463 2026 sunt
2496 1971 2742 2040 perpessi.
2796 1970 2861 2022 Et
2896 1970 2962 2022 ad
3008 1969 3273 2037 psalmum
3322 1982 3410 2032 xc,
3446 1982 3588 2022 vers.
3633 1967 3692 2029 9,

2117 2079 2175 2120 sc
2209 2081 2315 2119 non
2346 2064 2511 2118 unius
2543 2072 2750 2116 tantum
2808 2062 2901 2118 sed
2953 2062 3308 2131 plurimarum
3361 2060 3716 2130 persecutio-.

2116 2171 2246 2210 num
2278 2162 2468 2209 testem
2500 2154 2669 2209 fuisse
2705 2161 2926 2216 narrat,
2956 2160 3326 2223 tyrannosque
3358 2167 3467 2205 non
3496 2150 3588 2205 diu
3624 2151 3693 2202 ab

2117 2248 2267 2301 illata
2298 2244 2626 2301 Christianis
2660 2244 2833 2307 clade,
2886 2245 3108 2299 interitu
3164 2243 3350 2313 plexos
3386 2244 3470 2298 his
3500 2242 3715 2299 testIﬁ-.

2116 2348 2311 2396 catur:
2351 2338 2464 2396 Nos
2510 2350 2683 2393 autem
2722 2339 2990 2393 veritatem
3035 2339 3149 2407 ipsa
3198 2337 3552 2405 exemplorum
3607 2336 3692 2388 in-

2117 2432 2485 2500 terpretatione
2514 2430 2856 2500 percepimus,
2884 2440 3152 2499 conspecto
3183 2428 3343 2481 uariis
3376 2425 3712 2494 temporibus.

2116 2521 2408 2576 Ecclesium
2436 2521 2634 2576 Christi
2678 2521 3095 2589 impugnantium
3151 2517 3325 2579 exitu,
3370 2516 3459 2585 qui
3510 2514 3689 2583 confe~

2116 2616 2242 2668 stim
2262 2654 2278 2678 ,
2315 2630 2378 2668 ne
2407 2614 2658 2666 diuturno
2691 2621 2806 2681 post
2837 2624 3080 2679 tempore,
3112 2608 3356 2663 debellati
3384 2616 3526 2661 sunt.
3572 2604 3692 2676 Ipse

2114 2721 2349 2776 namque
2372 2706 2581 2760 viderat
2623 2704 3049 2765 Diocletianum,
3107 2700 3491 2754 Maximianum
3532 2697 3691 2751 Gale-

2113 2798 2277 2862 rium,
2304 2797 2652 2852 Maximinum
2678 2803 2731 2851 et
2759 2794 3025 2848 Licinium
3051 2833 3066 2855 ,
3108 2792 3205 2862 qui
3250 2792 3306 2846 in
3341 2790 3690 2846 Christianos

2113 2885 2483 2941 carniﬁcinam
2510 2892 2903 2948 exercuerant,
2961 2881 3203 2935 infausto
3246 2882 3439 2936 mortis
3492 2893 3689 2951 genere

2112 2978 2363 3049 periisse.

2282 3088 2360 3139 VI.
2389 3088 2496 3148 Quo
2520 3094 2743 3151 tempore
2764 3088 2854 3137 bus
2876 3086 3251 3137 commentarios
3270 3084 3507 3134 ediderit.

2187 3190 2651 3249 Manifestissimis
2694 3193 2860 3263 igitur
2890 3193 3033 3247 notis
3082 3191 3412 3260 iudiciisque
3445 3202 3565 3244 sese
3596 3185 3692 3240 ho-

2117 3302 2237 3340 rum
2269 3288 2786 3342 commentariorum
2828 3293 3105 3340 auctorem
3150 3284 3331 3355 prodit
3381 3282 3685 3336 Eusebius:

2114 3373 2225 3445 iam
2259 3390 2387 3433 vero
2422 3383 2590 3430 restat
2641 3382 2701 3429 ut
2753 3375 3096 3445 exploremus
3138 3390 3246 3445 quo
3302 3382 3546 3443 tempore
3584 3373 3707 3431 hoc.

2115 3481 2253 3537 opus
2285 3465 2539 3522 ediderit.
2575 3465 2691 3535 Qua
2723 3465 2791 3519 de
2825 3482 2885 3519 re
2923 3481 2987 3519 ex
3035 3480 3147 3519 uno
3186 3474 3395 3518 tantum
3450 3464 3568 3516 loco
3611 3463 3690 3516 lu-

2116 3571 2234 3611 cem
2262 3558 2499 3611 mutuari
2539 3557 2683 3611 licet.
2720 3555 2815 3612 Est
2850 3557 2896 3613 is
2953 3558 3005 3609 in
3064 3556 3277 3622 psalmo
3328 3570 3577 3614 Lxxxvn.
3617 3551 3686 3605 ad

2115 3648 2261 3704 hunc
2312 3664 2529 3705 versum
2564 3646 2859 3718 :Nunquid
2911 3649 3131 3703 mortuis
3180 3648 3341 3718 facies
3380 3644 3693 3699 mirabilia?

2114 3742 2207 3796 ubi
2247 3743 2327 3797 sic
2373 3740 2535 3797 habet
2570 3759 2582 3794 :
2626 3742 2687 3794 El
2720 3741 2778 3796 δέ
2805 3759 2887 3807 τις
2921 3741 3044 3795 νοῦν
3086 3741 3397 3812 ἐπιστήσειε
3426 3741 3537 3801 τοῖς
3564 3736 3689 3789 καθ’

2112 3835 2260 3905 ἡμᾶς
2289 3835 2431 3904 ἀμφὶ
2455 3834 2517 3887 τὸ
2539 3834 2725 3906 μνῆμα
2742 3835 2834 3888 καὶ
2867 3834 2925 3887 τὸ
2960 3832 3257 3904 μαρτύριον
3290 3830 3381 3882 τοῦ
3434 3829 3689 3898 Σωτῆρος

2114 3923 2269 3995 ἡμῶν
2311 3923 2701 3988 ὲπιτελεσθεῖσι
2758 3906 3110 3993 Θαυμασξοις,
3139 3919 3352 3990 ἀληθῶς
3393 3916 3593 3969 εἴσεται
3630 3915 3688 3969 ὄσ

2114 4033 2235 4079 πως
2275 4016 2625 4086 πεπλήρωται
2654 4015 2836 4086 ἔργοις
2880 4008 3374 4081 τὰῆτεθεσπισμένα
3401 4048 3415 4072 ,
3470 4007 3523 4061 id
3565 4016 3682 4063 est:

2116 4107 2269 4174 Quod
2297 4110 2343 4161 si
2376 4109 2492 4177 quis
2532 4093 2766 4160 animum
2799 4105 3044 4161 adhibeat
3076 4105 3161 4169 iis,
3190 4118 3304 4173 qua:
3331 4111 3508 4156 nostro
3554 4111 3686 4154 tem—

2111 4215 2233 4268 pore
2264 4198 2338 4253 ad
2369 4199 2663 4268 sepulcrum
2712 4208 2762 4252 et
2814 4198 3132 4266 martyrium
3186 4194 3479 4250 Saluatoris
3513 4194 3683 4248 nostri

2112 4303 2327 4362 patrata
2361 4302 2505 4358 sunt,
2537 4290 2868 4355 mirabilibus
2890 4329 2907 4356 ,
2956 4291 3000 4343 is
3042 4274 3168 4344 sane
3196 4287 3534 4357 deprehendet
3583 4301 3684 4357 quo

2111 4394 2266 4453 pacto
2294 4401 2356 4439 ea
2384 4401 2500 4455 qua:
2544 4384 2903 4453 praenuntiata
2937 4383 3185 4451 fuerant,
3234 4398 3382 4448 opere
3426 4378 3685 4448 completa

2112 4478 2239 4531 sint.
2269 4475 2345 4531 De
2377 4476 2659 4530 miraculis
2701 4476 2755 4529 in
2790 4476 3052 4545 sepulcro~
3077 4483 3130 4529 et
3177 4474 3436 4545 martyrio
3478 4469 3684 4527 Christi

2039 4570 2087 4629 ι)
2113 4567 2274 4622 editis
2298 4584 2368 4622 ne
2392 4568 2614 4622 verbum
2645 4566 2861 4637 quidem
2889 4566 3159 4621 Eusebius
3181 4567 3237 4625 in
3278 4565 3395 4627 l’ita
3425 4562 3686 4618 Constan-

2114 4660 2252 4723 tini;
2282 4659 2385 4714 etsi
2408 4660 2702 4721 detectum,
2730 4667 2955 4713 curante
2982 4658 3216 4721 Helena,
3269 4658 3577 4726 sepulcrum
3629 4660 3700 4714 et_

2111 4751 2435 4821 martyrium
2488 4757 2771 4815 memoret,
2804 4756 3137 4804 exstructam
3195 4747 3407 4805 eodem,
3439 4745 3556 4803 loco
3586 4758 3684 4811 per

2108 4843 2529 4899 Constantinum
2560 4841 3154 4912 magniﬁcentissimam
3201 4837 3485 4893 ecclesiam
3522 4850 3648 4888 enat
3676 4863 3685 4873 ι

2109 4948 2188 4993 ret
2217 4978 2230 5001 ,
2263 4937 2530 5007 synodum
2554 4935 2610 4989 in
2636 4936 2881 5005 ejusdem
2906 4933 3151 4987 ecclesiae
3177 4930 3433 4986 encaeniis
3460 4943 3558 4982 seu
3587 4927 3683 4981 de-

2109 5030 2382 5084 dicatione
2443 5029 2771 5084 celebratam
2843 5041 2985 5082 anno
3043 5026 3187 5091 5'55,
3248 5022 3555 5078 minutatim
3628 5027 3684 5074 et

2109 5121 2333 5191 κομψῶς
2362 5121 2656 5176 describat.
2682 5119 2883 5175 Verum
2921 5118 3012 5172 hic
3047 5116 3115 5171 de
3146 5115 3423 5170 miraculis
3455 5114 3538 5183 agi
3562 5126 3683 5181 qua

2109 5229 2139 5265 a
2194 5211 2409 5275 Ruﬁno,
2445 5211 2683 5283 Sulpicio
2714 5209 2937 5275 Severo,
2966 5208 3222 5271 Socrate,
3278 5205 3581 5262 Sozomeno
3629 5209 3689 5257 et

2109 5303 2451 5359 Theodoreto
2484 5311 2858 5365 recensentur,
2887 5316 2956 5357 ne
2989 5301 3252 5370 ambigas.
3283 5299 3452 5352 Aiunt
3481 5308 3682 5366 quippe

2110 5397 2209 5460 illi,
2246 5397 2460 5451 amante
2490 5396 2713 5453 numine
2775 5395 2953 5449 locum
3001 5394 3239 5464 sepulcri
3280 5390 3537 5445 llelenam
3585 5386 3685 5440 de-r
3756 5422 3773 5485 ξ

2109 5489 2330 5551 texisse,
2364 5495 2476 5542 tres
2510 5488 2581 5541 ibi
2616 5501 2808 5545 cruces
2837 5492 3080 5556 repertas
3106 5498 3258 5549 esse;
3305 5480 3683 5545 haerentesque
3760 5480 3776 5506 ‘-

2106 5596 2298 5637 omnes
2322 5596 2568 5651 quaenam
2600 5595 2667 5635 ex
2719 5579 2896 5634 tribus
2925 5578 3128 5633 Christi
3161 5572 3457 5644 suspendio
3482 5586 3679 5625 conse-

2105 5682 2256 5729 crata
2285 5674 2495 5736 fuisset,
2526 5671 2693 5727 dubio
2727 5671 2943 5727 tandem
2980 5670 3185 5725 levatos
3215 5665 3385 5721 fuisse
3408 5705 3422 5729 ,
3464 5678 3587 5719 cum
3622 5662 3675 5715 in

2106 5766 2362 5821 extremis
2394 5780 2559 5835 agens
2598 5763 2813 5827 mulier,
2845 5777 2911 5816 ex
2955 5760 3185 5813 aliarum
3251 5762 3507 5816 contactu
3541 5750 3676 5806 nihil

2109 5856 2331 5915 remedii
2376 5864 2703 5919 consecuta,
2759 5855 2971 5909 admota
3026 5852 3240 5909 demum
3291 5863 3416 5905 vera
3471 5842 3674 5902 Christi
