  <div class='ocr_page' id='page_1' title='image "/cluster/home/n/w/nwhite01/storage/ocr_20150623/23/hvd.32044019207711/018.png"; bbox 0 0 4086 6528; ppageno 0'>
   <div class='ocr_carea' id='block_1_1' title="bbox 371 374 3600 444">
    <p class='ocr_par' dir='ltr' id='par_1_1' title="bbox 371 374 3600 444">
     <span class='ocr_line' id='line_1_1' title="bbox 371 374 3600 444; baseline -0.004 -1"><span class='ocrx_word' id='word_1_1' title='bbox 371 390 432 444; x_wconf 67' lang='grc'><strong>21</strong></span> <span class='ocrx_word' id='word_1_2' title='bbox 1145 378 1646 438; x_wconf 73' lang='lat' dir='ltr'><strong>COMMENTARIA</strong></span> <span class='ocrx_word' id='word_1_3' title='bbox 1685 376 1750 429; x_wconf 89' lang='lat' dir='ltr'><strong>lN</strong></span> <span class='ocrx_word' id='word_1_4' title='bbox 1780 374 2119 433; x_wconf 73' lang='lat' dir='ltr'><strong>PSALMOS.</strong></span> <span class='ocrx_word' id='word_1_5' title='bbox 2169 407 2231 417; x_wconf 88' lang='lat'><strong>-—-</strong></span> <span class='ocrx_word' id='word_1_6' title='bbox 2270 375 2806 432; x_wconf 65' lang='lat' dir='ltr'><strong>PRAELIHINARIA.</strong></span> <span class='ocrx_word' id='word_1_7' title='bbox 3528 375 3600 430; x_wconf 68' lang='lat'><strong>92</strong></span> 
     </span>
    </p>
   </div>
   <div class='ocr_carea' id='block_1_2' title="bbox 370 490 3595 569">
    <p class='ocr_par' dir='ltr' id='par_1_2' title="bbox 370 490 3595 569">
     <span class='ocr_line' id='line_1_2' title="bbox 370 490 3595 569; baseline -0.006 -8"><span class='ocrx_word' id='word_1_8' title='bbox 370 521 551 567; x_wconf 85' lang='lat' dir='ltr'><strong>cruce,</strong></span> <span class='ocrx_word' id='word_1_9' title='bbox 588 503 771 558; x_wconf 89' lang='lat' dir='ltr'><strong>statim</strong></span> <span class='ocrx_word' id='word_1_10' title='bbox 805 516 833 555; x_wconf 88' lang='lat' dir='ltr'><strong>a</strong></span> <span class='ocrx_word' id='word_1_11' title='bbox 865 501 1053 554; x_wconf 89' lang='lat' dir='ltr'><strong>morbo</strong></span> <span class='ocrx_word' id='word_1_12' title='bbox 1074 500 1286 569; x_wconf 90' lang='lat' dir='ltr'><strong>penitus</strong></span> <span class='ocrx_word' id='word_1_13' title='bbox 1310 506 1575 560; x_wconf 89' lang='lat' dir='ltr'><strong>recreata,</strong></span> <span class='ocrx_word' id='word_1_14' title='bbox 1598 508 1652 551; x_wconf 91' lang='lat' dir='ltr'><strong>et</strong></span> <span class='ocrx_word' id='word_1_15' title='bbox 1689 496 1936 566; x_wconf 60' lang='lat' dir='ltr'><strong>pristina:</strong></span> <span class='ocrx_word' id='word_1_16' title='bbox 1966 503 2009 558; x_wconf 79' lang='grc' dir='ltr'><strong>Α</strong></span> <span class='ocrx_word' id='word_1_17' title='bbox 2039 496 2229 550; x_wconf 86' lang='lat' dir='ltr'><strong>lentim</strong></span> <span class='ocrx_word' id='word_1_18' title='bbox 2264 511 2395 551; x_wconf 91' lang='lat' dir='ltr'><strong>vero</strong></span> <span class='ocrx_word' id='word_1_19' title='bbox 2432 496 2715 550; x_wconf 88' lang='lat' dir='ltr'><strong>ratiocinia</strong></span> <span class='ocrx_word' id='word_1_20' title='bbox 2745 493 2970 564; x_wconf 76' lang='lat' dir='ltr'><strong>profert,</strong></span> <span class='ocrx_word' id='word_1_21' title='bbox 3017 492 3173 557; x_wconf 86' lang='lat' dir='ltr'><strong>nihil,</strong></span> <span class='ocrx_word' id='word_1_22' title='bbox 3206 490 3350 562; x_wconf 89' lang='lat' dir='ltr'><strong>quod</strong></span> <span class='ocrx_word' id='word_1_23' title='bbox 3378 492 3447 545; x_wconf 80' lang='lat' dir='ltr'><strong>ad</strong></span> <span class='ocrx_word' id='word_1_24' title='bbox 3482 505 3595 545; x_wconf 78' lang='lat' dir='ltr'><strong>rem</strong></span> 
     </span>
    </p>
   </div>
   <div class='ocr_carea' id='block_1_3' title="bbox 370 588 1927 651">
    <p class='ocr_par' dir='ltr' id='par_1_3' title="bbox 370 588 1927 651">
     <span class='ocr_line' id='line_1_3' title="bbox 370 588 1927 651; baseline -0.006 -2"><span class='ocrx_word' id='word_1_25' title='bbox 370 595 657 651; x_wconf 72' lang='lat' dir='ltr'><strong>valetudini</strong></span> <span class='ocrx_word' id='word_1_26' title='bbox 691 594 939 649; x_wconf 88' lang='lat' dir='ltr'><strong>restituta</strong></span> <span class='ocrx_word' id='word_1_27' title='bbox 966 600 1069 646; x_wconf 89' lang='lat' dir='ltr'><strong>est.</strong></span> <span class='ocrx_word' id='word_1_28' title='bbox 1092 589 1227 645; x_wconf 90' lang='lat' dir='ltr'><strong>Cum</strong></span> <span class='ocrx_word' id='word_1_29' title='bbox 1257 596 1435 644; x_wconf 89' lang='lat' dir='ltr'><strong>autem</strong></span> <span class='ocrx_word' id='word_1_30' title='bbox 1468 588 1580 642; x_wconf 69' lang='lat' dir='ltr'><strong>haec</strong></span> <span class='ocrx_word' id='word_1_31' title='bbox 1625 602 1768 641; x_wconf 92' lang='lat' dir='ltr'><strong>anno</strong></span> <span class='ocrx_word' id='word_1_32' title='bbox 1802 588 1927 651; x_wconf 76' lang='lat'><strong>527,</strong></span> 
     </span>
    </p>
   </div>
   <div class='ocr_carea' id='block_1_4' title="bbox 368 679 1932 758">
    <p class='ocr_par' dir='ltr' id='par_1_4' title="bbox 368 679 1932 758">
     <span class='ocr_line' id='line_1_4' title="bbox 368 679 1932 758; baseline -0.006 -15"><span class='ocrx_word' id='word_1_33' title='bbox 368 686 783 758; x_wconf 83' lang='lat' dir='ltr'><strong>autinsequenti</strong></span> <span class='ocrx_word' id='word_1_34' title='bbox 826 693 973 755; x_wconf 88' lang='lat' dir='ltr'><strong>gesta</strong></span> <span class='ocrx_word' id='word_1_35' title='bbox 1018 683 1158 746; x_wconf 91' lang='lat' dir='ltr'><strong>sint,</strong></span> <span class='ocrx_word' id='word_1_36' title='bbox 1214 681 1341 735; x_wconf 88' lang='lat' dir='ltr'><strong>hinc</strong></span> <span class='ocrx_word' id='word_1_37' title='bbox 1375 680 1730 751; x_wconf 89' lang='lat' dir='ltr'><strong>consequitur</strong></span> <span class='ocrx_word' id='word_1_38' title='bbox 1760 679 1932 735; x_wconf 85' lang='lat' dir='ltr'><strong>Euse-</strong></span> 
     </span>
    </p>
   </div>
   <div class='ocr_carea' id='block_1_5' title="bbox 366 771 1934 836">
    <p class='ocr_par' dir='ltr' id='par_1_5' title="bbox 366 771 1934 836">
     <span class='ocr_line' id='line_1_5' title="bbox 366 771 1934 836; baseline -0.005 -1"><span class='ocrx_word' id='word_1_39' title='bbox 366 781 511 836; x_wconf 97' lang='lat' dir='ltr'><strong>bium</strong></span> <span class='ocrx_word' id='word_1_40' title='bbox 541 796 639 835; x_wconf 90' lang='lat' dir='ltr'><strong>sua</strong></span> <span class='ocrx_word' id='word_1_41' title='bbox 666 780 721 832; x_wconf 91' lang='lat' dir='ltr'><strong>in</strong></span> <span class='ocrx_word' id='word_1_42' title='bbox 741 777 989 832; x_wconf 87' lang='lat' dir='ltr'><strong>Psalmos</strong></span> <span class='ocrx_word' id='word_1_43' title='bbox 1025 776 1418 830; x_wconf 87' lang='lat' dir='ltr'><strong>commentaria</strong></span> <span class='ocrx_word' id='word_1_44' title='bbox 1465 774 1566 829; x_wconf 90' lang='lat' dir='ltr'><strong>sub</strong></span> <span class='ocrx_word' id='word_1_45' title='bbox 1592 773 1706 827; x_wconf 77' lang='lat' dir='ltr'><strong>haec</strong></span> <span class='ocrx_word' id='word_1_46' title='bbox 1732 771 1934 828; x_wconf 86' lang='lat' dir='ltr'><strong>edidis-</strong></span> 
     </span>
    </p>
   </div>
   <div class='ocr_carea' id='block_1_6' title="bbox 364 863 1932 939">
    <p class='ocr_par' dir='ltr' id='par_1_6' title="bbox 364 863 1932 939">
     <span class='ocr_line' id='line_1_6' title="bbox 364 863 1932 939; baseline -0.006 -14"><span class='ocrx_word' id='word_1_47' title='bbox 364 886 443 927; x_wconf 83' lang='lat' dir='ltr'><strong>se.</strong></span> <span class='ocrx_word' id='word_1_48' title='bbox 476 868 662 939; x_wconf 87' lang='lat' dir='ltr'><strong>Neque</strong></span> <span class='ocrx_word' id='word_1_49' title='bbox 692 876 868 922; x_wconf 90' lang='lat' dir='ltr'><strong>tamen</strong></span> <span class='ocrx_word' id='word_1_50' title='bbox 904 866 1085 921; x_wconf 90' lang='lat' dir='ltr'><strong>statim</strong></span> <span class='ocrx_word' id='word_1_51' title='bbox 1138 872 1327 934; x_wconf 83' lang='lat' dir='ltr'><strong>postea</strong></span> <span class='ocrx_word' id='word_1_52' title='bbox 1354 904 1368 928; x_wconf 94' lang='lat'><strong>,</strong></span> <span class='ocrx_word' id='word_1_53' title='bbox 1425 864 1520 919; x_wconf 89' lang='lat' dir='ltr'><strong>sed</strong></span> <span class='ocrx_word' id='word_1_54' title='bbox 1576 864 1759 919; x_wconf 88' lang='lat' dir='ltr'><strong>multis</strong></span> <span class='ocrx_word' id='word_1_55' title='bbox 1804 863 1932 916; x_wconf 90' lang='lat' dir='ltr'><strong>hinc</strong></span> 
     </span>
    </p>
   </div>
   <div class='ocr_carea' id='block_1_7' title="bbox 360 954 1930 1029">
    <p class='ocr_par' dir='ltr' id='par_1_7' title="bbox 360 954 1930 1029">
     <span class='ocr_line' id='line_1_7' title="bbox 360 954 1930 1029; baseline -0.004 -14"><span class='ocrx_word' id='word_1_56' title='bbox 360 961 562 1029; x_wconf 84' lang='lat' dir='ltr'><strong>elapsis</strong></span> <span class='ocrx_word' id='word_1_57' title='bbox 593 963 749 1013; x_wconf 88' lang='lat' dir='ltr'><strong>annis</strong></span> <span class='ocrx_word' id='word_1_58' title='bbox 778 959 889 1011; x_wconf 69' lang='lat' dir='ltr'><strong>haec</strong></span> <span class='ocrx_word' id='word_1_59' title='bbox 917 955 1270 1011; x_wconf 88' lang='lat' dir='ltr'><strong>elucubrasse</strong></span> <span class='ocrx_word' id='word_1_60' title='bbox 1321 954 1553 1010; x_wconf 79' lang='lat' dir='ltr'><strong>suadere</strong></span> <span class='ocrx_word' id='word_1_61' title='bbox 1584 955 1799 1009; x_wconf 88' lang='lat' dir='ltr'><strong>videtur</strong></span> <span class='ocrx_word' id='word_1_62' title='bbox 1828 970 1930 1008; x_wconf 84' lang='lat' dir='ltr'><strong>vox</strong></span> 
     </span>
    </p>
   </div>
   <div class='ocr_carea' id='block_1_8' title="bbox 362 1047 1928 1122">
    <p class='ocr_par' dir='ltr' id='par_1_8' title="bbox 362 1047 1928 1122">
     <span class='ocr_line' id='line_1_8' title="bbox 362 1047 1928 1122; baseline -0.003 -17"><span class='ocrx_word' id='word_1_63' title='bbox 362 1052 485 1106; x_wconf 78' lang='grc' dir='ltr'><strong>καθ’</strong></span> <span class='ocrx_word' id='word_1_64' title='bbox 516 1054 814 1122; x_wconf 66' lang='grc' dir='ltr'><strong>ἡμᾶς,ᾳυαε</strong></span> <span class='ocrx_word' id='word_1_65' title='bbox 844 1058 1027 1103; x_wconf 88' lang='lat' dir='ltr'><strong>nostra</strong></span> <span class='ocrx_word' id='word_1_66' title='bbox 1056 1057 1210 1104; x_wconf 65' lang='lat' dir='ltr'><strong>actate</strong></span> <span class='ocrx_word' id='word_1_67' title='bbox 1240 1047 1543 1118; x_wconf 88' lang='lat' dir='ltr'><strong>signiﬁcat;</strong></span> <span class='ocrx_word' id='word_1_68' title='bbox 1570 1062 1747 1117; x_wconf 91' lang='lat' dir='ltr'><strong>neque</strong></span> <span class='ocrx_word' id='word_1_69' title='bbox 1781 1047 1928 1100; x_wconf 90' lang='lat' dir='ltr'><strong>enim</strong></span> 
     </span>
    </p>
   </div>
   <div class='ocr_carea' id='block_1_9' title="bbox 361 1143 1929 1214">
    <p class='ocr_par' dir='ltr' id='par_1_9' title="bbox 361 1143 1929 1214">
     <span class='ocr_line' id='line_1_9' title="bbox 361 1143 1929 1214; baseline 0 -18"><span class='ocrx_word' id='word_1_70' title='bbox 361 1159 461 1214; x_wconf 89' lang='lat' dir='ltr'><strong>pro</strong></span> <span class='ocrx_word' id='word_1_71' title='bbox 485 1144 836 1213; x_wconf 83' lang='lat' dir='ltr'><strong>praesentibus</strong></span> <span class='ocrx_word' id='word_1_72' title='bbox 860 1154 952 1198; x_wconf 85' lang='lat' dir='ltr'><strong>aut</strong></span> <span class='ocrx_word' id='word_1_73' title='bbox 979 1145 1053 1197; x_wconf 90' lang='lat' dir='ltr'><strong>ita</strong></span> <span class='ocrx_word' id='word_1_74' title='bbox 1084 1144 1306 1213; x_wconf 89' lang='lat' dir='ltr'><strong>nuperis</strong></span> <span class='ocrx_word' id='word_1_75' title='bbox 1346 1145 1509 1198; x_wconf 86' lang='lat' dir='ltr'><strong>rebus</strong></span> <span class='ocrx_word' id='word_1_76' title='bbox 1554 1143 1669 1198; x_wconf 78' lang='lat' dir='ltr'><strong>haec</strong></span> <span class='ocrx_word' id='word_1_77' title='bbox 1702 1143 1929 1212; x_wconf 87' lang='lat' dir='ltr'><strong>loquen-</strong></span> 
     </span>
    </p>
   </div>
   <div class='ocr_carea' id='block_1_10' title="bbox 359 1233 1931 1306">
    <p class='ocr_par' dir='ltr' id='par_1_10' title="bbox 359 1233 1931 1306">
     <span class='ocr_line' id='line_1_10' title="bbox 359 1233 1931 1306; baseline 0.003 -18"><span class='ocrx_word' id='word_1_78' title='bbox 359 1235 415 1289; x_wconf 88' lang='lat' dir='ltr'><strong>di</strong></span> <span class='ocrx_word' id='word_1_79' title='bbox 445 1236 581 1288; x_wconf 85' lang='lat' dir='ltr'><strong>ratio</strong></span> <span class='ocrx_word' id='word_1_80' title='bbox 605 1250 700 1289; x_wconf 91' lang='lat' dir='ltr'><strong>usu</strong></span> <span class='ocrx_word' id='word_1_81' title='bbox 726 1235 909 1290; x_wconf 87' lang='lat' dir='ltr'><strong>venire</strong></span> <span class='ocrx_word' id='word_1_82' title='bbox 941 1235 1097 1289; x_wconf 86' lang='lat' dir='ltr'><strong>solet.</strong></span> <span class='ocrx_word' id='word_1_83' title='bbox 1137 1233 1229 1288; x_wconf 90' lang='lat' dir='ltr'><strong>Sic</strong></span> <span class='ocrx_word' id='word_1_84' title='bbox 1280 1235 1370 1289; x_wconf 90' lang='lat' dir='ltr'><strong>ille</strong></span> <span class='ocrx_word' id='word_1_85' title='bbox 1411 1249 1534 1288; x_wconf 92' lang='lat' dir='ltr'><strong>cum</strong></span> <span class='ocrx_word' id='word_1_86' title='bbox 1565 1235 1631 1289; x_wconf 86' lang='lat' dir='ltr'><strong>de</strong></span> <span class='ocrx_word' id='word_1_87' title='bbox 1684 1235 1931 1306; x_wconf 85' lang='lat' dir='ltr'><strong>tyrannis</strong></span> 
     </span>
    </p>
   </div>
   <div class='ocr_carea' id='block_1_11' title="bbox 360 1324 1922 1396">
    <p class='ocr_par' dir='ltr' id='par_1_11' title="bbox 360 1324 1922 1396">
     <span class='ocr_line' id='line_1_11' title="bbox 360 1324 1922 1396; baseline 0 -16"><span class='ocrx_word' id='word_1_88' title='bbox 360 1326 486 1396; x_wconf 82' lang='lat' dir='ltr'><strong>agit,</strong></span> <span class='ocrx_word' id='word_1_89' title='bbox 521 1326 613 1396; x_wconf 90' lang='lat' dir='ltr'><strong>qui</strong></span> <span class='ocrx_word' id='word_1_90' title='bbox 643 1326 755 1395; x_wconf 86' lang='lat' dir='ltr'><strong>jam</strong></span> <span class='ocrx_word' id='word_1_91' title='bbox 785 1326 983 1381; x_wconf 92' lang='lat' dir='ltr'><strong>multos</strong></span> <span class='ocrx_word' id='word_1_92' title='bbox 1022 1334 1149 1381; x_wconf 86' lang='lat' dir='ltr'><strong>ante</strong></span> <span class='ocrx_word' id='word_1_93' title='bbox 1185 1340 1361 1380; x_wconf 88' lang='lat' dir='ltr'><strong>annos</strong></span> <span class='ocrx_word' id='word_1_94' title='bbox 1407 1324 1518 1381; x_wconf 85' lang='lat' dir='ltr'><strong>fato</strong></span> <span class='ocrx_word' id='word_1_95' title='bbox 1548 1324 1715 1381; x_wconf 80' lang='lat' dir='ltr'><strong>functi</strong></span> <span class='ocrx_word' id='word_1_96' title='bbox 1744 1336 1922 1390; x_wconf 90' lang='lat' dir='ltr'><strong>erant,</strong></span> 
     </span>
    </p>
   </div>
   <div class='ocr_carea' id='block_1_12' title="bbox 356 1417 1925 1489">
    <p class='ocr_par' dir='ltr' id='par_1_12' title="bbox 356 1417 1925 1489">
     <span class='ocr_line' id='line_1_12' title="bbox 356 1417 1925 1489; baseline 0.001 -19"><span class='ocrx_word' id='word_1_97' title='bbox 356 1432 484 1472; x_wconf 79' lang='lat' dir='ltr'><strong>voce</strong></span> <span class='ocrx_word' id='word_1_98' title='bbox 514 1417 633 1471; x_wconf 86' lang='grc' dir='ltr'>καθ’</span> <span class='ocrx_word' id='word_1_99' title='bbox 669 1419 816 1489; x_wconf 79' lang='grc' dir='ltr'><strong>ἡμᾶς</strong></span> <span class='ocrx_word' id='word_1_100' title='bbox 848 1419 1036 1484; x_wconf 88' lang='lat' dir='ltr'><strong>utitur,</strong></span> <span class='ocrx_word' id='word_1_101' title='bbox 1065 1433 1225 1488; x_wconf 89' lang='lat' dir='ltr'><strong>quam</strong></span> <span class='ocrx_word' id='word_1_102' title='bbox 1249 1425 1426 1472; x_wconf 88' lang='lat' dir='ltr'><strong>tamen</strong></span> <span class='ocrx_word' id='word_1_103' title='bbox 1458 1433 1725 1488; x_wconf 84' lang='lat' dir='ltr'><strong>nusquam</strong></span> <span class='ocrx_word' id='word_1_104' title='bbox 1763 1434 1925 1473; x_wconf 87' lang='lat' dir='ltr'><strong>usur-</strong></span> 
     </span>
    </p>
   </div>
   <div class='ocr_carea' id='block_1_13' title="bbox 352 1508 1922 1579">
    <p class='ocr_par' dir='ltr' id='par_1_13' title="bbox 352 1508 1922 1579">
     <span class='ocr_line' id='line_1_13' title="bbox 352 1508 1922 1579; baseline 0.001 -18"><span class='ocrx_word' id='word_1_105' title='bbox 352 1515 444 1577; x_wconf 91' lang='lat' dir='ltr'><strong>pat</strong></span> <span class='ocrx_word' id='word_1_106' title='bbox 470 1522 594 1563; x_wconf 86' lang='lat' dir='ltr'><strong>cum</strong></span> <span class='ocrx_word' id='word_1_107' title='bbox 630 1508 697 1563; x_wconf 92' lang='lat' dir='ltr'><strong>de</strong></span> <span class='ocrx_word' id='word_1_108' title='bbox 726 1509 887 1564; x_wconf 89' lang='lat' dir='ltr'><strong>rebus</strong></span> <span class='ocrx_word' id='word_1_109' title='bbox 908 1550 922 1570; x_wconf 91' lang='lat'><strong>.</strong></span> <span class='ocrx_word' id='word_1_110' title='bbox 963 1524 1084 1579; x_wconf 89' lang='lat' dir='ltr'><strong>quae</strong></span> <span class='ocrx_word' id='word_1_111' title='bbox 1113 1509 1195 1563; x_wconf 80' lang='lat' dir='ltr'><strong>vel</strong></span> <span class='ocrx_word' id='word_1_112' title='bbox 1239 1509 1330 1563; x_wconf 92' lang='lat' dir='ltr'><strong>illo</strong></span> <span class='ocrx_word' id='word_1_113' title='bbox 1380 1510 1671 1572; x_wconf 86' lang='lat' dir='ltr'><strong>scribente,</strong></span> <span class='ocrx_word' id='word_1_114' title='bbox 1705 1511 1788 1564; x_wconf 89' lang='lat' dir='ltr'><strong>vel</strong></span> <span class='ocrx_word' id='word_1_115' title='bbox 1821 1526 1922 1563; x_wconf 84' lang='lat' dir='ltr'><strong>nu-</strong></span> 
     </span>
    </p>
   </div>
   <div class='ocr_carea' id='block_1_14' title="bbox 349 1599 1922 1671">
    <p class='ocr_par' dir='ltr' id='par_1_14' title="bbox 349 1599 1922 1671">
     <span class='ocr_line' id='line_1_14' title="bbox 349 1599 1922 1671; baseline 0.004 -20"><span class='ocrx_word' id='word_1_116' title='bbox 349 1600 588 1669; x_wconf 89' lang='lat' dir='ltr'><strong>perrime</strong></span> <span class='ocrx_word' id='word_1_117' title='bbox 617 1607 781 1670; x_wconf 75' lang='lat' dir='ltr'><strong>gesta:</strong></span> <span class='ocrx_word' id='word_1_118' title='bbox 806 1609 970 1665; x_wconf 92' lang='lat' dir='ltr'><strong>sunt,</strong></span> <span class='ocrx_word' id='word_1_119' title='bbox 1018 1601 1217 1670; x_wconf 90' lang='lat' dir='ltr'><strong>agitur.</strong></span> <span class='ocrx_word' id='word_1_120' title='bbox 1271 1599 1469 1656; x_wconf 78' lang='lat' dir='ltr'><strong>Verum</strong></span> <span class='ocrx_word' id='word_1_121' title='bbox 1508 1611 1565 1656; x_wconf 91' lang='lat' dir='ltr'><strong>ut</strong></span> <span class='ocrx_word' id='word_1_122' title='bbox 1599 1602 1713 1657; x_wconf 71' lang='lat' dir='ltr'><strong>haec</strong></span> <span class='ocrx_word' id='word_1_123' title='bbox 1746 1603 1922 1671; x_wconf 80' lang='lat' dir='ltr'><strong>conje-</strong></span> 
     </span>
    </p>
   </div>
   <div class='ocr_carea' id='block_1_15' title="bbox 348 1692 1917 1766">
    <p class='ocr_par' dir='ltr' id='par_1_15' title="bbox 348 1692 1917 1766">
     <span class='ocr_line' id='line_1_15' title="bbox 348 1692 1917 1766; baseline 0.004 -21"><span class='ocrx_word' id='word_1_124' title='bbox 348 1692 547 1748; x_wconf 82' lang='lat' dir='ltr'><strong>ctando</strong></span> <span class='ocrx_word' id='word_1_125' title='bbox 592 1694 764 1749; x_wconf 90' lang='lat' dir='ltr'><strong>solum</strong></span> <span class='ocrx_word' id='word_1_126' title='bbox 798 1694 1066 1759; x_wconf 79' lang='lat' dir='ltr'><strong>dicimus,</strong></span> <span class='ocrx_word' id='word_1_127' title='bbox 1124 1696 1197 1749; x_wconf 93' lang='lat' dir='ltr'><strong>ita</strong></span> <span class='ocrx_word' id='word_1_128' title='bbox 1258 1705 1380 1766; x_wconf 89' lang='lat' dir='ltr'><strong>post</strong></span> <span class='ocrx_word' id='word_1_129' title='bbox 1429 1711 1628 1750; x_wconf 85' lang='lat' dir='ltr'><strong>annum</strong></span> <span class='ocrx_word' id='word_1_130' title='bbox 1659 1697 1761 1751; x_wconf 72' lang='lat'><strong>527</strong></span> <span class='ocrx_word' id='word_1_131' title='bbox 1790 1736 1804 1759; x_wconf 95' lang='lat'><strong>,</strong></span> <span class='ocrx_word' id='word_1_132' title='bbox 1855 1712 1917 1751; x_wconf 90' lang='lat' dir='ltr'><strong>ea</strong></span> 
     </span>
    </p>
   </div>
   <div class='ocr_carea' id='block_1_16' title="bbox 347 1786 1919 1855">
    <p class='ocr_par' dir='ltr' id='par_1_16' title="bbox 347 1786 1919 1855">
     <span class='ocr_line' id='line_1_16' title="bbox 347 1786 1919 1855; baseline 0.001 -17"><span class='ocrx_word' id='word_1_133' title='bbox 347 1799 510 1853; x_wconf 88' lang='lat' dir='ltr'><strong>quam</strong></span> <span class='ocrx_word' id='word_1_134' title='bbox 542 1801 708 1855; x_wconf 90' lang='lat' dir='ltr'><strong>supra</strong></span> <span class='ocrx_word' id='word_1_135' title='bbox 736 1786 974 1841; x_wconf 80' lang='lat' dir='ltr'><strong>diximus</strong></span> <span class='ocrx_word' id='word_1_136' title='bbox 1023 1787 1091 1842; x_wconf 91' lang='lat' dir='ltr'><strong>de</strong></span> <span class='ocrx_word' id='word_1_137' title='bbox 1119 1801 1286 1842; x_wconf 90' lang='lat' dir='ltr'><strong>causa</strong></span> <span class='ocrx_word' id='word_1_138' title='bbox 1308 1826 1323 1851; x_wconf 92' lang='lat'><strong>,</strong></span> <span class='ocrx_word' id='word_1_139' title='bbox 1366 1786 1541 1841; x_wconf 90' lang='lat' dir='ltr'><strong>editos</strong></span> <span class='ocrx_word' id='word_1_140' title='bbox 1586 1795 1919 1841; x_wconf 89' lang='lat' dir='ltr'><strong>commenta-</strong></span> 
     </span>
    </p>
   </div>
   <div class='ocr_carea' id='block_1_17' title="bbox 2044 582 3594 657">
    <p class='ocr_par' dir='ltr' id='par_1_17' title="bbox 2044 582 3594 657">
     <span class='ocr_line' id='line_1_17' title="bbox 2044 582 3594 657; baseline -0.005 -16"><span class='ocrx_word' id='word_1_141' title='bbox 2044 587 2332 657; x_wconf 88' lang='lat' dir='ltr'><strong>pertineat,</strong></span> <span class='ocrx_word' id='word_1_142' title='bbox 2360 587 2622 641; x_wconf 90' lang='lat' dir='ltr'><strong>intactum</strong></span> <span class='ocrx_word' id='word_1_143' title='bbox 2659 584 2935 656; x_wconf 89' lang='lat' dir='ltr'><strong>relinquit.</strong></span> <span class='ocrx_word' id='word_1_144' title='bbox 2973 584 3161 639; x_wconf 84' lang='lat' dir='ltr'><strong>Parem</strong></span> <span class='ocrx_word' id='word_1_145' title='bbox 3193 582 3452 654; x_wconf 83' lang='lat' dir='ltr'><strong>arguendi</strong></span> <span class='ocrx_word' id='word_1_146' title='bbox 3486 582 3594 635; x_wconf 85' lang='lat' dir='ltr'><strong>vim</strong></span> 
     </span>
    </p>
   </div>
   <div class='ocr_carea' id='block_1_18' title="bbox 2037 674 3593 742">
    <p class='ocr_par' dir='ltr' id='par_1_18' title="bbox 2037 674 3593 742">
     <span class='ocr_line' id='line_1_18' title="bbox 2037 674 3593 742; baseline -0.004 -10"><span class='ocrx_word' id='word_1_147' title='bbox 2037 687 2089 733; x_wconf 89' lang='lat' dir='ltr'><strong>et</strong></span> <span class='ocrx_word' id='word_1_148' title='bbox 2118 678 2429 731; x_wconf 87' lang='lat' dir='ltr'><strong>methodum</strong></span> <span class='ocrx_word' id='word_1_149' title='bbox 2453 677 2874 742; x_wconf 84' lang='lat' dir='ltr'><strong>animadvertas,</strong></span> <span class='ocrx_word' id='word_1_150' title='bbox 2902 690 3024 729; x_wconf 89' lang='lat' dir='ltr'><strong>eum</strong></span> <span class='ocrx_word' id='word_1_151' title='bbox 3046 690 3233 730; x_wconf 90' lang='lat' dir='ltr'><strong>eorum</strong></span> <span class='ocrx_word' id='word_1_152' title='bbox 3264 674 3593 729; x_wconf 86' lang='lat' dir='ltr'><strong>sententiam</strong></span> 
     </span>
    </p>
   </div>
   <div class='ocr_carea' id='block_1_19' title="bbox 2038 764 3593 839">
    <p class='ocr_par' dir='ltr' id='par_1_19' title="bbox 2038 764 3593 839">
     <span class='ocr_line' id='line_1_19' title="bbox 2038 764 3593 839; baseline -0.005 -16"><span class='ocrx_word' id='word_1_153' title='bbox 2038 769 2280 839; x_wconf 84' lang='lat' dir='ltr'><strong>depellit,</strong></span> <span class='ocrx_word' id='word_1_154' title='bbox 2318 770 2411 838; x_wconf 89' lang='lat' dir='ltr'><strong>qui</strong></span> <span class='ocrx_word' id='word_1_155' title='bbox 2460 769 2671 823; x_wconf 87' lang='lat' dir='ltr'><strong>numeri</strong></span> <span class='ocrx_word' id='word_1_156' title='bbox 2700 770 2965 822; x_wconf 88' lang='lat' dir='ltr'><strong>rationem</strong></span> <span class='ocrx_word' id='word_1_157' title='bbox 2997 766 3063 819; x_wconf 92' lang='lat' dir='ltr'><strong>ad</strong></span> <span class='ocrx_word' id='word_1_158' title='bbox 3097 766 3363 837; x_wconf 91' lang='lat' dir='ltr'><strong>cujusque</strong></span> <span class='ocrx_word' id='word_1_159' title='bbox 3398 764 3593 835; x_wconf 88' lang='lat' dir='ltr'><strong>psalmi</strong></span> 
     </span>
    </p>
   </div>
   <div class='ocr_carea' id='block_1_20' title="bbox 2037 854 3593 929">
    <p class='ocr_par' dir='ltr' id='par_1_20' title="bbox 2037 854 3593 929">
     <span class='ocr_line' id='line_1_20' title="bbox 2037 854 3593 929; baseline -0.004 -17"><span class='ocrx_word' id='word_1_160' title='bbox 2037 859 2443 929; x_wconf 83' lang='lat' dir='ltr'><strong>intelligentiam</strong></span> <span class='ocrx_word' id='word_1_161' title='bbox 2473 858 2719 913; x_wconf 89' lang='lat' dir='ltr'><strong>conferre</strong></span> <span class='ocrx_word' id='word_1_162' title='bbox 2740 858 3051 928; x_wconf 81' lang='lat' dir='ltr'><strong>pugnabant</strong></span> <span class='ocrx_word' id='word_1_163' title='bbox 3083 875 3096 911; x_wconf 87' lang='lat'><strong>:</strong></span> <span class='ocrx_word' id='word_1_164' title='bbox 3128 872 3287 927; x_wconf 91' lang='lat' dir='ltr'><strong>quam</strong></span> <span class='ocrx_word' id='word_1_165' title='bbox 3315 854 3593 909; x_wconf 87' lang='lat' dir='ltr'><strong>Philonia-</strong></span> 
     </span>
    </p>
   </div>
   <div class='ocr_carea' id='block_1_21' title="bbox 2033 944 3593 1019">
    <p class='ocr_par' dir='ltr' id='par_1_21' title="bbox 2033 944 3593 1019">
     <span class='ocr_line' id='line_1_21' title="bbox 2033 944 3593 1019; baseline -0.003 -16"><span class='ocrx_word' id='word_1_166' title='bbox 2033 966 2157 1003; x_wconf 91' lang='lat' dir='ltr'><strong>nam</strong></span> <span class='ocrx_word' id='word_1_167' title='bbox 2191 950 2516 1019; x_wconf 86' lang='lat' dir='ltr'><strong>explanandi</strong></span> <span class='ocrx_word' id='word_1_168' title='bbox 2552 950 2883 1016; x_wconf 86' lang='lat' dir='ltr'><strong>methodum,</strong></span> <span class='ocrx_word' id='word_1_169' title='bbox 2916 955 2973 1002; x_wconf 92' lang='lat' dir='ltr'><strong>ut</strong></span> <span class='ocrx_word' id='word_1_170' title='bbox 3006 948 3210 1003; x_wconf 89' lang='lat' dir='ltr'><strong>futilem</strong></span> <span class='ocrx_word' id='word_1_171' title='bbox 3242 956 3295 1003; x_wconf 90' lang='lat' dir='ltr'><strong>et</strong></span> <span class='ocrx_word' id='word_1_172' title='bbox 3315 944 3593 1018; x_wconf 66' lang='grc' dir='ltr'><strong>ἀπρφσδιόο</strong></span> 
     </span>
    </p>
   </div>
   <div class='ocr_carea' id='block_1_22' title="bbox 2030 1040 2793 1112">
    <p class='ocr_par' dir='ltr' id='par_1_22' title="bbox 2030 1040 2793 1112">
     <span class='ocr_line' id='line_1_22' title="bbox 2030 1040 2793 1112; baseline -0.001 -18"><span class='ocrx_word' id='word_1_173' title='bbox 2030 1059 2208 1105; x_wconf 81' lang='grc' dir='ltr'><strong>νυσον,</strong></span> <span class='ocrx_word' id='word_1_174' title='bbox 2245 1041 2484 1112; x_wconf 82' lang='lat' dir='ltr'><strong>explodit</strong></span> <span class='ocrx_word' id='word_1_175' title='bbox 2509 1040 2793 1095; x_wconf 89' lang='lat' dir='ltr'><strong>Eusebius.</strong></span> 
     </span>
    </p>
   </div>
   <div class='ocr_carea' id='block_1_23' title="bbox 2406 1151 3204 1214">
    <p class='ocr_par' dir='ltr' id='par_1_23' title="bbox 2406 1151 3204 1214">
     <span class='ocr_line' id='line_1_23' title="bbox 2406 1151 3204 1214; baseline -0.001 -13"><span class='ocrx_word' id='word_1_176' title='bbox 2406 1151 2492 1201; x_wconf 82' lang='lat' dir='ltr'><strong>lli.</strong></span> <span class='ocrx_word' id='word_1_177' title='bbox 2510 1152 2597 1209; x_wconf 82' lang='lat' dir='ltr'><strong>De</strong></span> <span class='ocrx_word' id='word_1_178' title='bbox 2617 1152 2820 1201; x_wconf 78' lang='lat' dir='ltr'><strong>litterati</strong></span> <span class='ocrx_word' id='word_1_179' title='bbox 2841 1153 3204 1214; x_wconf 81' lang='lat' dir='ltr'><strong>explanatione.</strong></span> 
     </span>
    </p>
   </div>
   <div class='ocr_carea' id='block_1_24' title="bbox 2098 1254 3587 1327">
    <p class='ocr_par' dir='ltr' id='par_1_24' title="bbox 2098 1254 3587 1327">
     <span class='ocr_line' id='line_1_24' title="bbox 2098 1254 3587 1327; baseline -0.001 -17"><span class='ocrx_word' id='word_1_180' title='bbox 2098 1256 2409 1312; x_wconf 88' lang='lat' dir='ltr'><strong>Litteralem</strong></span> <span class='ocrx_word' id='word_1_181' title='bbox 2434 1256 2775 1313; x_wconf 83' lang='lat' dir='ltr'><strong>Psalmorum</strong></span> <span class='ocrx_word' id='word_1_182' title='bbox 2812 1267 3044 1312; x_wconf 90' lang='lat' dir='ltr'><strong>mentem</strong></span> <span class='ocrx_word' id='word_1_183' title='bbox 3077 1258 3166 1311; x_wconf 88' lang='lat' dir='ltr'><strong>ubi</strong></span> <span class='ocrx_word' id='word_1_184' title='bbox 3201 1257 3441 1327; x_wconf 77' lang='lat' dir='ltr'><strong>explicat</strong></span> <span class='ocrx_word' id='word_1_185' title='bbox 3471 1254 3587 1309; x_wconf 85' lang='lat' dir='ltr'><strong>Eu-</strong></span> 
     </span>
    </p>
   </div>
   <div class='ocr_carea' id='block_1_25' title="bbox 2027 1349 3582 1419">
    <p class='ocr_par' dir='ltr' id='par_1_25' title="bbox 2027 1349 3582 1419">
     <span class='ocr_line' id='line_1_25' title="bbox 2027 1349 3582 1419; baseline -0.002 -15"><span class='ocrx_word' id='word_1_186' title='bbox 2027 1349 2232 1411; x_wconf 88' lang='lat' dir='ltr'><strong>sebius,</strong></span> <span class='ocrx_word' id='word_1_187' title='bbox 2263 1350 2556 1419; x_wconf 82' lang='lat' dir='ltr'><strong>genuinum</strong></span> <span class='ocrx_word' id='word_1_188' title='bbox 2582 1351 2740 1419; x_wconf 88' lang='lat' dir='ltr'><strong>vulgo</strong></span> <span class='ocrx_word' id='word_1_189' title='bbox 2772 1366 2992 1405; x_wconf 90' lang='lat' dir='ltr'><strong>sensum</strong></span> <span class='ocrx_word' id='word_1_190' title='bbox 3022 1351 3259 1419; x_wconf 85' lang='lat' dir='ltr'><strong>attingit,</strong></span> <span class='ocrx_word' id='word_1_191' title='bbox 3295 1364 3469 1418; x_wconf 91' lang='lat' dir='ltr'><strong>neque</strong></span> <span class='ocrx_word' id='word_1_192' title='bbox 3510 1349 3582 1402; x_wconf 90' lang='lat' dir='ltr'><strong>ita</strong></span> 
     </span>
    </p>
   </div>
   <div class='ocr_carea' id='block_1_26' title="bbox 2026 1437 3584 1509">
    <p class='ocr_par' dir='ltr' id='par_1_26' title="bbox 2026 1437 3584 1509">
     <span class='ocr_line' id='line_1_26' title="bbox 2026 1437 3584 1509; baseline -0.003 -15"><span class='ocrx_word' id='word_1_193' title='bbox 2026 1441 2338 1509; x_wconf 88' lang='lat' dir='ltr'><strong>frequenter</strong></span> <span class='ocrx_word' id='word_1_194' title='bbox 2365 1440 2579 1495; x_wconf 90' lang='lat' dir='ltr'><strong>aberrat</strong></span> <span class='ocrx_word' id='word_1_195' title='bbox 2630 1457 2679 1493; x_wconf 14' lang='lat' dir='ltr'><strong>al</strong></span> <span class='ocrx_word' id='word_1_196' title='bbox 2711 1454 2879 1509; x_wconf 76' lang='lat' dir='ltr'><strong>scopo</strong></span> <span class='ocrx_word' id='word_1_197' title='bbox 2908 1447 2960 1494; x_wconf 92' lang='lat' dir='ltr'><strong>et</strong></span> <span class='ocrx_word' id='word_1_198' title='bbox 2998 1455 3028 1493; x_wconf 84' lang='lat' dir='ltr'><strong>a</strong></span> <span class='ocrx_word' id='word_1_199' title='bbox 3072 1454 3198 1493; x_wconf 89' lang='lat' dir='ltr'><strong>vera</strong></span> <span class='ocrx_word' id='word_1_200' title='bbox 3241 1437 3584 1492; x_wconf 83' lang='lat' dir='ltr'><strong>Psalmorum</strong></span> 
     </span>
    </p>
   </div>
   <div class='ocr_carea' id='block_1_27' title="bbox 2025 1529 3582 1602">
    <p class='ocr_par' dir='ltr' id='par_1_27' title="bbox 2025 1529 3582 1602">
     <span class='ocr_line' id='line_1_27' title="bbox 2025 1529 3582 1602; baseline -0.004 -13"><span class='ocrx_word' id='word_1_201' title='bbox 2025 1533 2312 1589; x_wconf 88' lang='lat' dir='ltr'><strong>sententia.</strong></span> <span class='ocrx_word' id='word_1_202' title='bbox 2345 1531 2547 1588; x_wconf 77' lang='lat' dir='ltr'><strong>Aderat</strong></span> <span class='ocrx_word' id='word_1_203' title='bbox 2599 1532 2799 1602; x_wconf 89' lang='lat' dir='ltr'><strong>quippe</strong></span> <span class='ocrx_word' id='word_1_204' title='bbox 2846 1532 3026 1601; x_wconf 86' lang='lat' dir='ltr'><strong>opima</strong></span> <span class='ocrx_word' id='word_1_205' title='bbox 3076 1531 3167 1584; x_wconf 86' lang='lat' dir='ltr'><strong>illa</strong></span> <span class='ocrx_word' id='word_1_206' title='bbox 3220 1529 3582 1600; x_wconf 83' lang='lat' dir='ltr'><strong>Hexaplorum</strong></span> 
     </span>
    </p>
   </div>
   <div class='ocr_carea' id='block_1_28' title="bbox 2023 1624 3582 1697">
    <p class='ocr_par' dir='ltr' id='par_1_28' title="bbox 2023 1624 3582 1697">
     <span class='ocr_line' id='line_1_28' title="bbox 2023 1624 3582 1697; baseline -0.004 -16"><span class='ocrx_word' id='word_1_207' title='bbox 2023 1626 2288 1697; x_wconf 84' lang='lat' dir='ltr'><strong>supellex,</strong></span> <span class='ocrx_word' id='word_1_208' title='bbox 2322 1626 2464 1680; x_wconf 91' lang='lat' dir='ltr'><strong>unde</strong></span> <span class='ocrx_word' id='word_1_209' title='bbox 2486 1634 2539 1680; x_wconf 91' lang='lat' dir='ltr'><strong>et</strong></span> <span class='ocrx_word' id='word_1_210' title='bbox 2569 1624 2892 1680; x_wconf 81' lang='lat' dir='ltr'><strong>Hebraicam</strong></span> <span class='ocrx_word' id='word_1_211' title='bbox 2930 1624 3217 1679; x_wconf 89' lang='lat' dir='ltr'><strong>lectionem</strong></span> <span class='ocrx_word' id='word_1_212' title='bbox 3250 1632 3305 1678; x_wconf 91' lang='lat' dir='ltr'><strong>et</strong></span> <span class='ocrx_word' id='word_1_213' title='bbox 3338 1629 3582 1677; x_wconf 88' lang='lat' dir='ltr'><strong>veterum</strong></span> 
     </span>
    </p>
   </div>
   <div class='ocr_carea' id='block_1_29' title="bbox 2021 1711 3578 1786">
    <p class='ocr_par' dir='ltr' id='par_1_29' title="bbox 2021 1711 3578 1786">
     <span class='ocr_line' id='line_1_29' title="bbox 2021 1711 3578 1786; baseline -0.004 -17"><span class='ocrx_word' id='word_1_214' title='bbox 2021 1719 2371 1786; x_wconf 87' lang='lat' dir='ltr'><strong>interpretum</strong></span> <span class='ocrx_word' id='word_1_215' title='bbox 2399 1715 2698 1770; x_wconf 86' lang='lat' dir='ltr'><strong>versionem</strong></span> <span class='ocrx_word' id='word_1_216' title='bbox 2720 1716 2957 1769; x_wconf 88' lang='lat' dir='ltr'><strong>mutuari</strong></span> <span class='ocrx_word' id='word_1_217' title='bbox 2978 1722 3181 1785; x_wconf 90' lang='lat' dir='ltr'><strong>posset.</strong></span> <span class='ocrx_word' id='word_1_218' title='bbox 3202 1711 3388 1781; x_wconf 87' lang='lat' dir='ltr'><strong>Neque</strong></span> <span class='ocrx_word' id='word_1_219' title='bbox 3411 1712 3578 1772; x_wconf 90' lang='lat' dir='ltr'><strong>enim,</strong></span> 
     </span>
    </p>
   </div>
   <div class='ocr_carea' id='block_1_30' title="bbox 2018 1799 3583 1875">
    <p class='ocr_par' dir='ltr' id='par_1_30' title="bbox 2018 1799 3583 1875">
     <span class='ocr_line' id='line_1_30' title="bbox 2018 1799 3583 1875; baseline -0.004 -13"><span class='ocrx_word' id='word_1_220' title='bbox 2018 1818 2078 1862; x_wconf 87' lang='lat' dir='ltr'><strong>ut</strong></span> <span class='ocrx_word' id='word_1_221' title='bbox 2122 1824 2188 1862; x_wconf 89' lang='lat' dir='ltr'><strong>ex</strong></span> <span class='ocrx_word' id='word_1_222' title='bbox 2234 1808 2319 1861; x_wconf 91' lang='lat' dir='ltr'><strong>his</strong></span> <span class='ocrx_word' id='word_1_223' title='bbox 2358 1806 2767 1862; x_wconf 88' lang='lat' dir='ltr'><strong>commentariis</strong></span> <span class='ocrx_word' id='word_1_224' title='bbox 2814 1804 3219 1875; x_wconf 85' lang='lat' dir='ltr'><strong>deprehendere</strong></span> <span class='ocrx_word' id='word_1_225' title='bbox 3274 1803 3421 1863; x_wconf 89' lang='lat' dir='ltr'><strong>licet,</strong></span> <span class='ocrx_word' id='word_1_226' title='bbox 3477 1799 3583 1855; x_wconf 88' lang='lat' dir='ltr'><strong>He-</strong></span> 
     </span>
    </p>
   </div>
   <div class='ocr_carea' id='block_1_31' title="bbox 347 1874 1904 1966">
    <p class='ocr_par' dir='ltr' id='par_1_31' title="bbox 347 1874 1904 1947">
     <span class='ocr_line' id='line_1_31' title="bbox 347 1874 1904 1947; baseline 0 -18"><span class='ocrx_word' id='word_1_227' title='bbox 347 1875 460 1930; x_wconf 88' lang='lat' dir='ltr'><strong>rios</strong></span> <span class='ocrx_word' id='word_1_228' title='bbox 494 1874 748 1930; x_wconf 82' lang='lat' dir='ltr'><strong>aliirmari</strong></span> <span class='ocrx_word' id='word_1_229' title='bbox 783 1893 943 1947; x_wconf 90' lang='lat' dir='ltr'><strong>posse</strong></span> <span class='ocrx_word' id='word_1_230' title='bbox 977 1886 1256 1947; x_wconf 85' lang='lat' dir='ltr'><strong>putamus.</strong></span> <span class='ocrx_word' id='word_1_231' title='bbox 1318 1878 1524 1934; x_wconf 86' lang='lat' dir='ltr'><strong>Detecti</strong></span> <span class='ocrx_word' id='word_1_232' title='bbox 1561 1880 1689 1934; x_wconf 89' lang='lat' dir='ltr'><strong>item</strong></span> <span class='ocrx_word' id='word_1_233' title='bbox 1731 1877 1904 1932; x_wconf 90' lang='lat' dir='ltr'><strong>Domi-</strong></span> 
     </span>
    </p>
   </div>
   <div class='ocr_carea' id='block_1_32' title="bbox 2002 1874 3579 1966">
    <p class='ocr_par' dir='ltr' id='par_1_32' title="bbox 2016 1874 3579 1966">
     <span class='ocr_line' id='line_1_32' title="bbox 2016 1874 3579 1966; baseline -0.004 -13"><span class='ocrx_word' id='word_1_234' title='bbox 2016 1899 2197 1953; x_wconf 84' lang='lat' dir='ltr'><strong>braice</strong></span> <span class='ocrx_word' id='word_1_235' title='bbox 2227 1898 2434 1966; x_wconf 90' lang='lat' dir='ltr'><strong>peritus</strong></span> <span class='ocrx_word' id='word_1_236' title='bbox 2467 1897 2569 1949; x_wconf 83' lang='lat' dir='ltr'><strong>fuit</strong></span> <span class='ocrx_word' id='word_1_237' title='bbox 2602 1874 2904 1951; x_wconf 85' lang='lat' dir='ltr'><strong>Eusebius:</strong></span> <span class='ocrx_word' id='word_1_238' title='bbox 2932 1894 3198 1964; x_wconf 89' lang='lat' dir='ltr'><strong>siquidem</strong></span> <span class='ocrx_word' id='word_1_239' title='bbox 3228 1895 3294 1949; x_wconf 90' lang='lat' dir='ltr'><strong>de</strong></span> <span class='ocrx_word' id='word_1_240' title='bbox 3316 1892 3579 1949; x_wconf 69' lang='lat' dir='ltr'><strong>Hebraice</strong></span> 
     </span>
    </p>
   </div>
   <div class='ocr_carea' id='block_1_33' title="bbox 349 1966 1914 2037">
    <p class='ocr_par' dir='ltr' id='par_1_33' title="bbox 349 1966 1914 2037">
     <span class='ocr_line' id='line_1_33' title="bbox 349 1966 1914 2037; baseline 0.001 -18"><span class='ocrx_word' id='word_1_241' title='bbox 349 1966 453 2020; x_wconf 90' lang='lat' dir='ltr'><strong>nici</strong></span> <span class='ocrx_word' id='word_1_242' title='bbox 488 1968 725 2036; x_wconf 91' lang='lat' dir='ltr'><strong>sepulcri</strong></span> <span class='ocrx_word' id='word_1_243' title='bbox 772 1968 1020 2023; x_wconf 86' lang='lat' dir='ltr'><strong>meminit</strong></span> <span class='ocrx_word' id='word_1_244' title='bbox 1058 1967 1326 2023; x_wconf 87' lang='lat' dir='ltr'><strong>Eusebius</strong></span> <span class='ocrx_word' id='word_1_245' title='bbox 1358 1967 1427 2023; x_wconf 89' lang='lat' dir='ltr'><strong>ad</strong></span> <span class='ocrx_word' id='word_1_246' title='bbox 1458 1968 1726 2037; x_wconf 90' lang='lat' dir='ltr'><strong>psalmum</strong></span> <span class='ocrx_word' id='word_1_247' title='bbox 1757 1982 1914 2030; x_wconf 83' lang='lat' dir='ltr'><strong>cvm,</strong></span> 
     </span>
    </p>
   </div>
   <div class='ocr_carea' id='block_1_34' title="bbox 346 2056 1918 2128">
    <p class='ocr_par' dir='ltr' id='par_1_34' title="bbox 346 2056 1918 2128">
     <span class='ocr_line' id='line_1_34' title="bbox 346 2056 1918 2128; baseline 0.001 -18"><span class='ocrx_word' id='word_1_248' title='bbox 346 2056 432 2111; x_wconf 87' lang='lat' dir='ltr'><strong>his</strong></span> <span class='ocrx_word' id='word_1_249' title='bbox 461 2058 680 2113; x_wconf 85' lang='lat' dir='ltr'><strong>verbis:</strong></span> <span class='ocrx_word' id='word_1_250' title='bbox 718 2057 834 2112; x_wconf 83' lang='lat' dir='ltr'><strong>Hoc</strong></span> <span class='ocrx_word' id='word_1_251' title='bbox 869 2067 1042 2111; x_wconf 86' lang='lat' dir='ltr'><strong>autem</strong></span> <span class='ocrx_word' id='word_1_252' title='bbox 1068 2058 1309 2122; x_wconf 79' lang='lat' dir='ltr'><strong>ediscas,</strong></span> <span class='ocrx_word' id='word_1_253' title='bbox 1357 2060 1404 2111; x_wconf 96' lang='lat' dir='ltr'><strong>si</strong></span> <span class='ocrx_word' id='word_1_254' title='bbox 1460 2059 1753 2113; x_wconf 80' lang='lat' dir='ltr'><strong>consideres</strong></span> <span class='ocrx_word' id='word_1_255' title='bbox 1815 2074 1918 2128; x_wconf 88' lang='lat' dir='ltr'><strong>qua</strong></span> 
     </span>
    </p>
   </div>
   <div class='ocr_carea' id='block_1_35' title="bbox 346 2146 1915 2220">
    <p class='ocr_par' dir='ltr' id='par_1_35' title="bbox 346 2146 1915 2220">
     <span class='ocr_line' id='line_1_35' title="bbox 346 2146 1915 2220; baseline 0.002 -21"><span class='ocrx_word' id='word_1_256' title='bbox 346 2156 517 2200; x_wconf 84' lang='lat' dir='ltr'><strong>mente</strong></span> <span class='ocrx_word' id='word_1_257' title='bbox 547 2148 654 2207; x_wconf 85' lang='lat' dir='ltr'><strong>sint</strong></span> <span class='ocrx_word' id='word_1_258' title='bbox 674 2146 874 2211; x_wconf 75' lang='lat' dir='ltr'><strong>Judaei,</strong></span> <span class='ocrx_word' id='word_1_259' title='bbox 900 2149 1127 2203; x_wconf 79' lang='lat' dir='ltr'><strong>videntes</strong></span> <span class='ocrx_word' id='word_1_260' title='bbox 1155 2148 1359 2220; x_wconf 81' lang='lat' dir='ltr'><strong>quidem</strong></span> <span class='ocrx_word' id='word_1_261' title='bbox 1386 2150 1680 2203; x_wconf 86' lang='lat' dir='ltr'><strong>veneranda</strong></span> <span class='ocrx_word' id='word_1_262' title='bbox 1707 2159 1756 2203; x_wconf 85' lang='lat' dir='ltr'><strong>et</strong></span> <span class='ocrx_word' id='word_1_263' title='bbox 1787 2166 1915 2202; x_wconf 86' lang='lat' dir='ltr'><strong>san-</strong></span> 
     </span>
    </p>
   </div>
   <div class='ocr_carea' id='block_1_36' title="bbox 346 2238 1913 2311">
    <p class='ocr_par' dir='ltr' id='par_1_36' title="bbox 346 2238 1913 2311">
     <span class='ocr_line' id='line_1_36' title="bbox 346 2238 1913 2311; baseline 0.003 -23"><span class='ocrx_word' id='word_1_264' title='bbox 346 2245 432 2288; x_wconf 85' lang='lat' dir='ltr'><strong>cta</strong></span> <span class='ocrx_word' id='word_1_265' title='bbox 463 2253 561 2290; x_wconf 83' lang='lat' dir='ltr'><strong>sua</strong></span> <span class='ocrx_word' id='word_1_266' title='bbox 584 2238 823 2306; x_wconf 78' lang='lat' dir='ltr'><strong>funditus</strong></span> <span class='ocrx_word' id='word_1_267' title='bbox 853 2238 1060 2304; x_wconf 85' lang='lat' dir='ltr'><strong>deleta;</strong></span> <span class='ocrx_word' id='word_1_268' title='bbox 1088 2241 1231 2295; x_wconf 87' lang='lat' dir='ltr'><strong>illius</strong></span> <span class='ocrx_word' id='word_1_269' title='bbox 1262 2258 1377 2295; x_wconf 86' lang='lat' dir='ltr'><strong>vero</strong></span> <span class='ocrx_word' id='word_1_270' title='bbox 1404 2243 1494 2311; x_wconf 85' lang='lat' dir='ltr'><strong>qui</strong></span> <span class='ocrx_word' id='word_1_271' title='bbox 1524 2241 1589 2293; x_wconf 87' lang='lat' dir='ltr'><strong>ab</strong></span> <span class='ocrx_word' id='word_1_272' title='bbox 1613 2242 1738 2309; x_wconf 87' lang='lat' dir='ltr'><strong>ipsis</strong></span> <span class='ocrx_word' id='word_1_273' title='bbox 1767 2243 1913 2309; x_wconf 85' lang='lat' dir='ltr'><strong>igno-</strong></span> 
     </span>
    </p>
   </div>
   <div class='ocr_carea' id='block_1_37' title="bbox 344 2328 1908 2397">
    <p class='ocr_par' dir='ltr' id='par_1_37' title="bbox 344 2328 1908 2397">
     <span class='ocr_line' id='line_1_37' title="bbox 344 2328 1908 2397; baseline 0.003 -18"><span class='ocrx_word' id='word_1_274' title='bbox 344 2328 509 2380; x_wconf 83' lang='lat' dir='ltr'><strong>minia</strong></span> <span class='ocrx_word' id='word_1_275' title='bbox 539 2330 778 2397; x_wconf 69' lang='lat' dir='ltr'><strong>a/Tsctus,</strong></span> <span class='ocrx_word' id='word_1_276' title='bbox 811 2347 872 2383; x_wconf 88' lang='lat' dir='ltr'><strong>ac</strong></span> <span class='ocrx_word' id='word_1_277' title='bbox 901 2332 954 2384; x_wconf 90' lang='lat' dir='ltr'><strong>in</strong></span> <span class='ocrx_word' id='word_1_278' title='bbox 989 2348 1192 2385; x_wconf 86' lang='lat' dir='ltr'><strong>crucem</strong></span> <span class='ocrx_word' id='word_1_279' title='bbox 1223 2341 1271 2386; x_wconf 83' lang='lat' dir='ltr'><strong>et</strong></span> <span class='ocrx_word' id='word_1_280' title='bbox 1301 2341 1521 2385; x_wconf 86' lang='lat' dir='ltr'><strong>mortem</strong></span> <span class='ocrx_word' id='word_1_281' title='bbox 1551 2331 1777 2385; x_wconf 85' lang='lat' dir='ltr'><strong>traditus</strong></span> <span class='ocrx_word' id='word_1_282' title='bbox 1809 2341 1908 2396; x_wconf 86' lang='lat' dir='ltr'><strong>est,</strong></span> 
     </span>
    </p>
   </div>
   <div class='ocr_carea' id='block_1_38' title="bbox 340 2419 1909 2486">
    <p class='ocr_par' dir='ltr' id='par_1_38' title="bbox 340 2419 1909 2486">
     <span class='ocr_line' id='line_1_38' title="bbox 340 2419 1909 2486; baseline 0.004 -15"><span class='ocrx_word' id='word_1_283' title='bbox 340 2419 655 2486; x_wconf 82' lang='lat' dir='ltr'><strong>sepulcrum,</strong></span> <span class='ocrx_word' id='word_1_284' title='bbox 686 2420 864 2476; x_wconf 83' lang='lat' dir='ltr'><strong>studio</strong></span> <span class='ocrx_word' id='word_1_285' title='bbox 906 2430 957 2475; x_wconf 88' lang='lat' dir='ltr'><strong>et</strong></span> <span class='ocrx_word' id='word_1_286' title='bbox 983 2422 1267 2477; x_wconf 83' lang='lat' dir='ltr'><strong>honoribus</strong></span> <span class='ocrx_word' id='word_1_287' title='bbox 1305 2422 1592 2486; x_wconf 83' lang='lat' dir='ltr'><strong>celebrari,</strong></span> <span class='ocrx_word' id='word_1_288' title='bbox 1645 2422 1909 2477; x_wconf 87' lang='lat' dir='ltr'><strong>Ecclesias</strong></span> 
     </span>
    </p>
   </div>
   <div class='ocr_carea' id='block_1_39' title="bbox 340 2512 1911 2585">
    <p class='ocr_par' dir='ltr' id='par_1_39' title="bbox 340 2512 1911 2585">
     <span class='ocr_line' id='line_1_39' title="bbox 340 2512 1911 2585; baseline 0.004 -22"><span class='ocrx_word' id='word_1_289' title='bbox 340 2518 538 2572; x_wconf 71' lang='lat' dir='ltr'><strong>autem,</strong></span> <span class='ocrx_word' id='word_1_290' title='bbox 567 2527 689 2580; x_wconf 68' lang='lat' dir='ltr'><strong>qua</strong></span> <span class='ocrx_word' id='word_1_291' title='bbox 724 2512 836 2582; x_wconf 83' lang='lat' dir='ltr'><strong>ejus</strong></span> <span class='ocrx_word' id='word_1_292' title='bbox 864 2515 1053 2568; x_wconf 82' lang='lat' dir='ltr'><strong>virtute</strong></span> <span class='ocrx_word' id='word_1_293' title='bbox 1096 2528 1190 2583; x_wconf 79' lang='lat' dir='ltr'><strong>per</strong></span> <span class='ocrx_word' id='word_1_294' title='bbox 1235 2524 1403 2569; x_wconf 87' lang='lat' dir='ltr'><strong>totum</strong></span> <span class='ocrx_word' id='word_1_295' title='bbox 1450 2515 1623 2570; x_wconf 87' lang='lat' dir='ltr'><strong>orbem</strong></span> <span class='ocrx_word' id='word_1_296' title='bbox 1674 2513 1911 2585; x_wconf 72' lang='lat' dir='ltr'><strong>fundata</strong></span> 
     </span>
    </p>
   </div>
   <div class='ocr_carea' id='block_1_40' title="bbox 338 2602 1182 2671">
    <p class='ocr_par' dir='ltr' id='par_1_40' title="bbox 338 2602 1182 2671">
     <span class='ocr_line' id='line_1_40' title="bbox 338 2602 1182 2671; baseline 0.004 -14"><span class='ocrx_word' id='word_1_297' title='bbox 338 2611 481 2667; x_wconf 77' lang='lat' dir='ltr'><strong>sunt,</strong></span> <span class='ocrx_word' id='word_1_298' title='bbox 514 2605 570 2656; x_wconf 89' lang='lat' dir='ltr'><strong>in</strong></span> <span class='ocrx_word' id='word_1_299' title='bbox 593 2602 703 2657; x_wconf 84' lang='lat' dir='ltr'><strong>dies</strong></span> <span class='ocrx_word' id='word_1_300' title='bbox 731 2620 1042 2671; x_wconf 88' lang='lat' dir='ltr'><strong>accrescere,</strong></span> <span class='ocrx_word' id='word_1_301' title='bbox 1075 2613 1182 2661; x_wconf 87' lang='lat' dir='ltr'><strong>etc.</strong></span> 
     </span>
    </p>
   </div>
   <div class='ocr_carea' id='block_1_41' title="bbox 943 2715 1309 2773">
    <p class='ocr_par' dir='ltr' id='par_1_41' title="bbox 943 2715 1309 2773">
     <span class='ocr_line' id='line_1_41' title="bbox 943 2715 1309 2773; baseline 0 0"><span class='ocrx_word' id='word_1_302' title='bbox 943 2715 1171 2773; x_wconf 88' lang='lat' dir='ltr'><strong>CAPUT</strong></span> <span class='ocrx_word' id='word_1_303' title='bbox 1217 2715 1309 2773; x_wconf 72' lang='grc' dir='ltr'><strong>ιγ.</strong></span> 
     </span>
    </p>
   </div>
   <div class='ocr_carea' id='block_1_42' title="bbox 336 2844 1904 2897">
    <p class='ocr_par' dir='ltr' id='par_1_42' title="bbox 336 2844 1904 2897">
     <span class='ocr_line' id='line_1_42' title="bbox 336 2844 1904 2897; baseline 0.002 -13"><span class='ocrx_word' id='word_1_304' title='bbox 336 2844 404 2884; x_wconf 69' lang='grc' dir='ltr'>»ι</span> <span class='ocrx_word' id='word_1_305' title='bbox 444 2846 648 2885; x_wconf 72' lang='lat' dir='ltr'><strong>GBNBBE</strong></span> <span class='ocrx_word' id='word_1_306' title='bbox 686 2846 1109 2886; x_wconf 70' lang='lat' dir='ltr'><strong>INTEBPRE‘I‘ANDI</strong></span> <span class='ocrx_word' id='word_1_307' title='bbox 1151 2847 1396 2894; x_wconf 81' lang='lat' dir='ltr'><strong>EUSEBII,</strong></span> <span class='ocrx_word' id='word_1_308' title='bbox 1434 2845 1602 2894; x_wconf 76' lang='grc' dir='ltr'><strong>υεουε</strong></span> <span class='ocrx_word' id='word_1_309' title='bbox 1643 2847 1904 2897; x_wconf 69' lang='grc' dir='ltr'><strong>ΑΝτιρυιε</strong></span> 
     </span>
    </p>
   </div>
   <div class='ocr_carea' id='block_1_43' title="bbox 699 2915 1535 2956">
    <p class='ocr_par' dir='ltr' id='par_1_43' title="bbox 699 2915 1535 2956">
     <span class='ocr_line' id='line_1_43' title="bbox 699 2915 1535 2956; baseline -0.001 -1"><span class='ocrx_word' id='word_1_310' title='bbox 699 2916 1045 2956; x_wconf 65' lang='grc' dir='ltr'><strong>νειιειοκωυε</strong></span> <span class='ocrx_word' id='word_1_311' title='bbox 1083 2918 1148 2955; x_wconf 74' lang='grc' dir='ltr'><strong>ΑΒ</strong></span> <span class='ocrx_word' id='word_1_312' title='bbox 1185 2918 1252 2955; x_wconf 83' lang='grc' dir='ltr'><strong>ΕΟ</strong></span> <span class='ocrx_word' id='word_1_313' title='bbox 1292 2915 1535 2955; x_wconf 75' lang='lat' dir='ltr'><strong>ALLA’I‘IS.</strong></span> 
     </span>
    </p>
   </div>
   <div class='ocr_carea' id='block_1_44' title="bbox 339 2990 1905 3061">
    <p class='ocr_par' dir='ltr' id='par_1_44' title="bbox 339 2990 1905 3061">
     <span class='ocr_line' id='line_1_44' title="bbox 339 2990 1905 3061; baseline 0.001 -15"><span class='ocrx_word' id='word_1_314' title='bbox 339 2990 388 3047; x_wconf 81' lang='grc'><strong>1.</strong></span> <span class='ocrx_word' id='word_1_315' title='bbox 420 2991 808 3061; x_wconf 82' lang='lat' dir='ltr'><strong>lnterpretandi</strong></span> <span class='ocrx_word' id='word_1_316' title='bbox 832 3009 989 3061; x_wconf 89' lang='lat' dir='ltr'><strong>genus</strong></span> <span class='ocrx_word' id='word_1_317' title='bbox 1025 2991 1309 3045; x_wconf 84' lang='lat' dir='ltr'><strong>Eusebium</strong></span> <span class='ocrx_word' id='word_1_318' title='bbox 1338 2994 1698 3047; x_wconf 88' lang='lat' dir='ltr'><strong>commentarii</strong></span> <span class='ocrx_word' id='word_1_319' title='bbox 1721 3003 1905 3047; x_wconf 86' lang='lat' dir='ltr'><strong>aucto-</strong></span> 
     </span>
    </p>
   </div>
   <div class='ocr_carea' id='block_1_45' title="bbox 404 3061 1901 3132">
    <p class='ocr_par' dir='ltr' id='par_1_45' title="bbox 404 3061 1901 3132">
     <span class='ocr_line' id='line_1_45' title="bbox 404 3061 1901 3132; baseline 0.002 -17"><span class='ocrx_word' id='word_1_320' title='bbox 404 3078 511 3132; x_wconf 69' lang='lat' dir='ltr'><strong>rem</strong></span> <span class='ocrx_word' id='word_1_321' title='bbox 534 3063 729 3132; x_wconf 76' lang='lat' dir='ltr'><strong>prodit.</strong></span> <span class='ocrx_word' id='word_1_322' title='bbox 751 3061 835 3116; x_wconf 84' lang='lat' dir='ltr'><strong>II.</strong></span> <span class='ocrx_word' id='word_1_323' title='bbox 874 3061 1272 3117; x_wconf 85' lang='lat' dir='ltr'><strong>Observationes</strong></span> <span class='ocrx_word' id='word_1_324' title='bbox 1295 3065 1490 3117; x_wconf 76' lang='lat' dir='ltr'><strong>critica:</strong></span> <span class='ocrx_word' id='word_1_325' title='bbox 1506 3064 1721 3132; x_wconf 77' lang='lat' dir='ltr'><strong>egregia:</strong></span> <span class='ocrx_word' id='word_1_326' title='bbox 1744 3074 1901 3118; x_wconf 76' lang='lat' dir='ltr'><strong>now.</strong></span> 
     </span>
    </p>
   </div>
   <div class='ocr_carea' id='block_1_46' title="bbox 408 3130 1903 3203">
    <p class='ocr_par' dir='ltr' id='par_1_46' title="bbox 408 3130 1903 3203">
     <span class='ocr_line' id='line_1_46' title="bbox 408 3130 1903 3203; baseline 0.003 -19"><span class='ocrx_word' id='word_1_327' title='bbox 408 3130 507 3184; x_wconf 81' lang='grc'><strong>111</strong></span> <span class='ocrx_word' id='word_1_328' title='bbox 518 3130 540 3186; x_wconf 28' lang='grc' dir='ltr'><strong>,ί</strong></span> <span class='ocrx_word' id='word_1_329' title='bbox 564 3131 640 3203; x_wconf 72' lang='lat' dir='ltr'><strong>De</strong></span> <span class='ocrx_word' id='word_1_330' title='bbox 685 3132 905 3203; x_wconf 82' lang='lat' dir='ltr'><strong>litterali</strong></span> <span class='ocrx_word' id='word_1_331' title='bbox 948 3132 1333 3203; x_wconf 64' lang='lat' dir='ltr'><strong>explanatione.</strong></span> <span class='ocrx_word' id='word_1_332' title='bbox 1368 3131 1471 3187; x_wconf 88' lang='lat' dir='ltr'><strong>IV.</strong></span> <span class='ocrx_word' id='word_1_333' title='bbox 1522 3131 1598 3188; x_wconf 78' lang='lat' dir='ltr'><strong>De</strong></span> <span class='ocrx_word' id='word_1_334' title='bbox 1625 3130 1903 3203; x_wconf 50' lang='lat' dir='ltr'><strong>&#39;mystago-</strong></span> 
     </span>
    </p>
   </div>
   <div class='ocr_carea' id='block_1_47' title="bbox 437 3201 1899 3273">
    <p class='ocr_par' dir='ltr' id='par_1_47' title="bbox 437 3201 1899 3273">
     <span class='ocr_line' id='line_1_47' title="bbox 437 3201 1899 3273; baseline 0.003 -20"><span class='ocrx_word' id='word_1_335' title='bbox 437 3204 539 3273; x_wconf 85' lang='lat' dir='ltr'><strong>ica.</strong></span> <span class='ocrx_word' id='word_1_336' title='bbox 585 3201 940 3273; x_wconf 54' lang='lat' dir='ltr'><strong>Y._Eusebius</strong></span> <span class='ocrx_word' id='word_1_337' title='bbox 972 3202 1246 3271; x_wconf 86' lang='lat' dir='ltr'><strong>Origenem</strong></span> <span class='ocrx_word' id='word_1_338' title='bbox 1276 3205 1569 3273; x_wconf 79' lang='lat' dir='ltr'><strong>sequitur,</strong></span> <span class='ocrx_word' id='word_1_339' title='bbox 1606 3204 1701 3256; x_wconf 85' lang='lat' dir='ltr'><strong>alii</strong></span> <span class='ocrx_word' id='word_1_340' title='bbox 1732 3201 1899 3257; x_wconf 70' lang='lat' dir='ltr'><strong>Euse-</strong></span> 
     </span>
    </p>
   </div>
   <div class='ocr_carea' id='block_1_48' title="bbox 436 3248 1968 3343">
    <p class='ocr_par' dir='ltr' id='par_1_48' title="bbox 436 3248 1968 3343">
     <span class='ocr_line' id='line_1_48' title="bbox 436 3248 1968 3343; baseline 0.004 -19"><span class='ocrx_word' id='word_1_341' title='bbox 436 3248 565 3324; x_wconf 66' lang='grc' dir='ltr'><strong>ὲὲιῖιὶ.</strong></span> <span class='ocrx_word' id='word_1_342' title='bbox 592 3248 1890 3343; x_wconf 57' lang='grc' dir='ltr'><strong>’νιῗιῖἓιὶὲἠῖιὲεἲὶιὶέἦᾶἱέἱίθᾆξ”ἶιῖέτῖιὶὲηὶὲἰύἱῖἷᾶἰ</strong></span> <span class='ocrx_word' id='word_1_343' title='bbox 1924 3248 1968 3307; x_wconf 71' lang='grc' dir='ltr'><em>ο</em></span> 
     </span>
    </p>
   </div>
   <div class='ocr_carea' id='block_1_49' title="bbox 331 3384 1893 3498">
    <p class='ocr_par' dir='ltr' id='par_1_49' title="bbox 331 3384 1893 3498">
     <span class='ocr_line' id='line_1_49' title="bbox 331 3384 1893 3498; baseline 0.003 -62"><span class='ocrx_word' id='word_1_344' title='bbox 331 3386 370 3436; x_wconf 85' lang='grc' dir='ltr'><strong>ι.</strong></span> <span class='ocrx_word' id='word_1_345' title='bbox 395 3384 754 3446; x_wconf 86' lang='lat' dir='ltr'><strong>lnterpretandi</strong></span> <span class='ocrx_word' id='word_1_346' title='bbox 801 3400 960 3450; x_wconf 89' lang='lat' dir='ltr'><strong>genus</strong></span> <span class='ocrx_word' id='word_1_347' title='bbox 979 3386 1247 3498; x_wconf 59' lang='lat' dir='ltr'><strong>Eusegipm</strong></span> <span class='ocrx_word' id='word_1_348' title='bbox 1277 3388 1612 3439; x_wconf 80' lang='lat' dir='ltr'><strong>commentarii</strong></span> <span class='ocrx_word' id='word_1_349' title='bbox 1645 3396 1893 3441; x_wconf 86' lang='lat' dir='ltr'><strong>auctorem</strong></span> 
     </span>
     <span class='ocr_line' id='line_1_50' title="bbox 1018 3462 1197 3498; baseline -0.006 0"><span class='ocrx_word' id='word_1_350' title='bbox 1018 3462 1106 3498; x_wconf 83' lang='lat' dir='ltr'><strong>oro</strong></span> <span class='ocrx_word' id='word_1_351' title='bbox 1143 3462 1157 3497; x_wconf 84' lang='grc' dir='ltr'><strong><em>ι</em></strong></span> <span class='ocrx_word' id='word_1_352' title='bbox 1186 3486 1197 3497; x_wconf 93' lang='grc'><strong>.</strong></span> 
     </span>
    </p>
   </div>
   <div class='ocr_carea' id='block_1_50' title="bbox 1018 3462 1197 3511">
    <p class='ocr_par' dir='ltr' id='par_1_50' title="bbox 1018 3462 1197 3511">
     <span class='ocr_line' id='line_1_51' title="bbox 1018 3462 1197 3511; baseline -0.006 -13"><span class='ocrx_word' id='word_1_353' title='bbox 1018 3462 1197 3511; x_wconf 82' lang='lat' dir='ltr'><strong>proait.</strong></span> 
     </span>
    </p>
   </div>
   <div class='ocr_carea' id='block_1_51' title="bbox 397 3549 1892 3624">
    <p class='ocr_par' dir='ltr' id='par_1_51' title="bbox 397 3549 1892 3624">
     <span class='ocr_line' id='line_1_52' title="bbox 397 3549 1892 3624; baseline 0.004 -19"><span class='ocrx_word' id='word_1_354' title='bbox 397 3549 575 3607; x_wconf 88' lang='lat' dir='ltr'><strong>Hosce</strong></span> <span class='ocrx_word' id='word_1_355' title='bbox 629 3552 1048 3608; x_wconf 89' lang='lat' dir='ltr'><strong>commentarios</strong></span> <span class='ocrx_word' id='word_1_356' title='bbox 1122 3568 1435 3624; x_wconf 85' lang='lat' dir='ltr'><strong>germanum</strong></span> <span class='ocrx_word' id='word_1_357' title='bbox 1499 3570 1621 3611; x_wconf 90' lang='lat' dir='ltr'><strong>esse</strong></span> <span class='ocrx_word' id='word_1_358' title='bbox 1674 3556 1892 3613; x_wconf 88' lang='lat' dir='ltr'><strong>Eusebii</strong></span> 
     </span>
    </p>
   </div>
   <div class='ocr_carea' id='block_1_52' title="bbox 324 3644 1892 3713">
    <p class='ocr_par' dir='ltr' id='par_1_52' title="bbox 324 3644 1892 3713">
     <span class='ocr_line' id='line_1_53' title="bbox 324 3644 1892 3713; baseline 0.004 -16"><span class='ocrx_word' id='word_1_359' title='bbox 324 3657 486 3713; x_wconf 87' lang='lat' dir='ltr'><strong>opus,</strong></span> <span class='ocrx_word' id='word_1_360' title='bbox 517 3659 627 3699; x_wconf 77' lang='lat' dir='ltr'><strong>non</strong></span> <span class='ocrx_word' id='word_1_361' title='bbox 658 3658 723 3698; x_wconf 86' lang='lat' dir='ltr'><strong>ex</strong></span> <span class='ocrx_word' id='word_1_362' title='bbox 753 3644 1051 3713; x_wconf 76' lang='lat' dir='ltr'><strong>praemissis</strong></span> <span class='ocrx_word' id='word_1_363' title='bbox 1079 3646 1262 3709; x_wconf 89' lang='lat' dir='ltr'><strong>modo,</strong></span> <span class='ocrx_word' id='word_1_364' title='bbox 1299 3646 1392 3701; x_wconf 89' lang='lat' dir='ltr'><strong>sed</strong></span> <span class='ocrx_word' id='word_1_365' title='bbox 1427 3647 1588 3702; x_wconf 85' lang='lat' dir='ltr'><strong>etiam</strong></span> <span class='ocrx_word' id='word_1_366' title='bbox 1625 3664 1690 3704; x_wconf 86' lang='lat' dir='ltr'><strong>ex</strong></span> <span class='ocrx_word' id='word_1_367' title='bbox 1722 3650 1892 3705; x_wconf 81' lang='lat' dir='ltr'><strong>inter-</strong></span> 
     </span>
    </p>
   </div>
   <div class='ocr_carea' id='block_1_53' title="bbox 326 3731 1893 3804">
    <p class='ocr_par' dir='ltr' id='par_1_53' title="bbox 326 3731 1893 3804">
     <span class='ocr_line' id='line_1_54' title="bbox 326 3731 1893 3804; baseline 0.006 -19"><span class='ocrx_word' id='word_1_368' title='bbox 326 3731 577 3804; x_wconf 86' lang='lat' dir='ltr'><strong>pretandi</strong></span> <span class='ocrx_word' id='word_1_369' title='bbox 629 3748 845 3802; x_wconf 87' lang='lat' dir='ltr'><strong>genere,</strong></span> <span class='ocrx_word' id='word_1_370' title='bbox 877 3749 942 3787; x_wconf 86' lang='lat' dir='ltr'><strong>ex</strong></span> <span class='ocrx_word' id='word_1_371' title='bbox 991 3732 1270 3802; x_wconf 82' lang='lat' dir='ltr'><strong>frequente</strong></span> <span class='ocrx_word' id='word_1_372' title='bbox 1304 3736 1397 3789; x_wconf 92' lang='lat' dir='ltr'><strong>illo</strong></span> <span class='ocrx_word' id='word_1_373' title='bbox 1449 3743 1687 3790; x_wconf 75' lang='lat' dir='ltr'><strong>veterum</strong></span> <span class='ocrx_word' id='word_1_374' title='bbox 1722 3738 1893 3794; x_wconf 52' lang='lat' dir='ltr'><strong>inter-</strong></span> 
     </span>
    </p>
   </div>
   <div class='ocr_carea' id='block_1_54' title="bbox 324 3822 1892 3898">
    <p class='ocr_par' dir='ltr' id='par_1_54' title="bbox 324 3822 1892 3898">
     <span class='ocr_line' id='line_1_55' title="bbox 324 3822 1892 3898; baseline 0.004 -22"><span class='ocrx_word' id='word_1_375' title='bbox 324 3830 537 3892; x_wconf 90' lang='lat' dir='ltr'><strong>pretum</strong></span> <span class='ocrx_word' id='word_1_376' title='bbox 572 3839 697 3887; x_wconf 94' lang='lat' dir='ltr'><strong>usu,</strong></span> <span class='ocrx_word' id='word_1_377' title='bbox 742 3840 809 3879; x_wconf 87' lang='lat' dir='ltr'><strong>ex</strong></span> <span class='ocrx_word' id='word_1_378' title='bbox 848 3822 1143 3894; x_wconf 72' lang='lat' dir='ltr'><strong>Scriptura:</strong></span> <span class='ocrx_word' id='word_1_379' title='bbox 1194 3839 1364 3879; x_wconf 70' lang='lat' dir='ltr'><strong>sacrae</strong></span> <span class='ocrx_word' id='word_1_380' title='bbox 1419 3826 1609 3894; x_wconf 90' lang='lat' dir='ltr'><strong>peritia</strong></span> <span class='ocrx_word' id='word_1_381' title='bbox 1643 3842 1892 3898; x_wconf 85' lang='lat' dir='ltr'><strong>compro-</strong></span> 
     </span>
    </p>
   </div>
   <div class='ocr_carea' id='block_1_55' title="bbox 324 3912 1892 3988">
    <p class='ocr_par' dir='ltr' id='par_1_55' title="bbox 324 3912 1892 3988">
     <span class='ocr_line' id='line_1_56' title="bbox 324 3912 1892 3988; baseline 0.001 -18"><span class='ocrx_word' id='word_1_382' title='bbox 324 3915 504 3970; x_wconf 89' lang='lat' dir='ltr'><strong>batur.</strong></span> <span class='ocrx_word' id='word_1_383' title='bbox 532 3912 629 3969; x_wconf 85' lang='lat' dir='ltr'><strong>His</strong></span> <span class='ocrx_word' id='word_1_384' title='bbox 662 3931 720 3971; x_wconf 91' lang='lat' dir='ltr'><strong>se</strong></span> <span class='ocrx_word' id='word_1_385' title='bbox 762 3916 985 3972; x_wconf 90' lang='lat' dir='ltr'><strong>tesseris</strong></span> <span class='ocrx_word' id='word_1_386' title='bbox 1014 3924 1068 3971; x_wconf 84' lang='lat' dir='ltr'><strong>et</strong></span> <span class='ocrx_word' id='word_1_387' title='bbox 1111 3918 1447 3988; x_wconf 81' lang='lat' dir='ltr'><strong>argumentis</strong></span> <span class='ocrx_word' id='word_1_388' title='bbox 1476 3919 1691 3974; x_wconf 80' lang='lat' dir='ltr'><strong>exhibet</strong></span> <span class='ocrx_word' id='word_1_389' title='bbox 1720 3914 1892 3973; x_wconf 83' lang='lat' dir='ltr'><strong>Euse-</strong></span> 
     </span>
    </p>
   </div>
   <div class='ocr_carea' id='block_1_56' title="bbox 323 4007 1891 4083">
    <p class='ocr_par' dir='ltr' id='par_1_56' title="bbox 323 4007 1891 4083">
     <span class='ocr_line' id='line_1_57' title="bbox 323 4007 1891 4083; baseline 0.004 -21"><span class='ocrx_word' id='word_1_390' title='bbox 323 4007 448 4065; x_wconf 85' lang='lat' dir='ltr'><strong>hius</strong></span> <span class='ocrx_word' id='word_1_391' title='bbox 473 4009 561 4064; x_wconf 89' lang='lat' dir='ltr'><strong>ille</strong></span> <span class='ocrx_word' id='word_1_392' title='bbox 591 4008 856 4081; x_wconf 88' lang='lat' dir='ltr'><strong>Pamphili</strong></span> <span class='ocrx_word' id='word_1_393' title='bbox 908 4014 1161 4083; x_wconf 86' lang='lat' dir='ltr'><strong>martyris</strong></span> <span class='ocrx_word' id='word_1_394' title='bbox 1212 4013 1417 4079; x_wconf 92' lang='lat' dir='ltr'><strong>socius,</strong></span> <span class='ocrx_word' id='word_1_395' title='bbox 1452 4013 1703 4083; x_wconf 84' lang='lat' dir='ltr'><strong>quicum,</strong></span> <span class='ocrx_word' id='word_1_396' title='bbox 1752 4021 1891 4069; x_wconf 90' lang='lat' dir='ltr'><strong>teste</strong></span> 
     </span>
    </p>
   </div>
   <div class='ocr_carea' id='block_1_57' title="bbox 324 4096 1895 4173">
    <p class='ocr_par' dir='ltr' id='par_1_57' title="bbox 324 4096 1895 4173">
     <span class='ocr_line' id='line_1_58' title="bbox 324 4096 1895 4173; baseline 0.004 -21"><span class='ocrx_word' id='word_1_397' title='bbox 324 4096 683 4171; x_wconf 78' lang='lat' dir='ltr'><strong>Hieronymo,</strong></span> <span class='ocrx_word' id='word_1_398' title='bbox 740 4100 986 4156; x_wconf 80' lang='lat' dir='ltr'><strong>Divinam</strong></span> <span class='ocrx_word' id='word_1_399' title='bbox 1037 4102 1419 4157; x_wconf 76' lang='lat' dir='ltr'><strong>Bibliothecam</strong></span> <span class='ocrx_word' id='word_1_400' title='bbox 1480 4103 1895 4173; x_wconf 79' lang='lat' dir='ltr'><strong>diligentissime</strong></span> 
     </span>
    </p>
   </div>
   <div class='ocr_carea' id='block_1_58' title="bbox 323 4191 1888 4264">
    <p class='ocr_par' dir='ltr' id='par_1_58' title="bbox 323 4191 1888 4264">
     <span class='ocr_line' id='line_1_59' title="bbox 323 4191 1888 4264; baseline 0.002 -20"><span class='ocrx_word' id='word_1_401' title='bbox 323 4191 734 4261; x_wconf 54' lang='lat' dir='ltr'><strong>pervestigarat‘.</strong></span> <span class='ocrx_word' id='word_1_402' title='bbox 797 4191 924 4248; x_wconf 88' lang='lat' dir='ltr'><strong>Tria</strong></span> <span class='ocrx_word' id='word_1_403' title='bbox 983 4204 1318 4263; x_wconf 71' lang='lat' dir='ltr'><strong>porrofcum</strong></span> <span class='ocrx_word' id='word_1_404' title='bbox 1396 4194 1585 4264; x_wconf 88' lang='lat' dir='ltr'><strong>primis</strong></span> <span class='ocrx_word' id='word_1_405' title='bbox 1644 4202 1888 4249; x_wconf 88' lang='lat' dir='ltr'><strong>contem-</strong></span> 
     </span>
    </p>
   </div>
   <div class='ocr_carea' id='block_1_59' title="bbox 322 4283 1888 4356">
    <p class='ocr_par' dir='ltr' id='par_1_59' title="bbox 322 4283 1888 4356">
     <span class='ocr_line' id='line_1_60' title="bbox 322 4283 1888 4356; baseline 0.003 -20"><span class='ocrx_word' id='word_1_406' title='bbox 322 4283 519 4352; x_wconf 88' lang='lat' dir='ltr'><strong>planda</strong></span> <span class='ocrx_word' id='word_1_407' title='bbox 551 4284 710 4339; x_wconf 90' lang='lat' dir='ltr'><strong>nobis</strong></span> <span class='ocrx_word' id='word_1_408' title='bbox 739 4284 892 4340; x_wconf 77' lang='lat' dir='ltr'><strong>offert</strong></span> <span class='ocrx_word' id='word_1_409' title='bbox 918 4285 1627 4356; x_wconf 87' lang='lat' dir='ltr'><strong>celeberrimusinterpres:</strong></span> <span class='ocrx_word' id='word_1_410' title='bbox 1664 4285 1888 4341; x_wconf 87' lang='lat' dir='ltr'><strong>criticas</strong></span> 
     </span>
    </p>
   </div>
   <div class='ocr_carea' id='block_1_60' title="bbox 323 4370 1887 4444">
    <p class='ocr_par' dir='ltr' id='par_1_60' title="bbox 323 4370 1887 4444">
     <span class='ocr_line' id='line_1_61' title="bbox 323 4370 1887 4444; baseline 0.004 -20"><span class='ocrx_word' id='word_1_411' title='bbox 323 4371 379 4425; x_wconf 93' lang='lat' dir='ltr'><strong>in</strong></span> <span class='ocrx_word' id='word_1_412' title='bbox 404 4370 742 4427; x_wconf 80' lang='lat' dir='ltr'><strong>Psalmorum</strong></span> <span class='ocrx_word' id='word_1_413' title='bbox 778 4374 1025 4431; x_wconf 89' lang='lat' dir='ltr'><strong>ordinem</strong></span> <span class='ocrx_word' id='word_1_414' title='bbox 1062 4384 1241 4439; x_wconf 89' lang='lat' dir='ltr'><strong>notas,</strong></span> <span class='ocrx_word' id='word_1_415' title='bbox 1274 4376 1771 4444; x_wconf 89' lang='lat' dir='ltr'><strong>interpretationem</strong></span> <span class='ocrx_word' id='word_1_416' title='bbox 1798 4376 1887 4431; x_wconf 84' lang='lat' dir='ltr'><strong>lit-</strong></span> 
     </span>
    </p>
   </div>
   <div class='ocr_carea' id='block_1_61' title="bbox 320 4460 1888 4536">
    <p class='ocr_par' dir='ltr' id='par_1_61' title="bbox 320 4460 1888 4536">
     <span class='ocr_line' id='line_1_62' title="bbox 320 4460 1888 4536; baseline 0.004 -24"><span class='ocrx_word' id='word_1_417' title='bbox 320 4460 579 4525; x_wconf 90' lang='lat' dir='ltr'><strong>teralem,</strong></span> <span class='ocrx_word' id='word_1_418' title='bbox 637 4472 690 4517; x_wconf 89' lang='lat' dir='ltr'><strong>et</strong></span> <span class='ocrx_word' id='word_1_419' title='bbox 747 4466 1166 4535; x_wconf 87' lang='lat' dir='ltr'><strong>mystagogicam</strong></span> <span class='ocrx_word' id='word_1_420' title='bbox 1224 4464 1546 4536; x_wconf 84' lang='lat' dir='ltr'><strong>explanandi</strong></span> <span class='ocrx_word' id='word_1_421' title='bbox 1600 4464 1773 4530; x_wconf 87' lang='lat' dir='ltr'><strong>viam,</strong></span> <span class='ocrx_word' id='word_1_422' title='bbox 1821 4465 1888 4519; x_wconf 92' lang='lat' dir='ltr'><strong>de</strong></span> 
     </span>
    </p>
   </div>
   <div class='ocr_carea' id='block_1_62' title="bbox 325 4550 1395 4625">
    <p class='ocr_par' dir='ltr' id='par_1_62' title="bbox 325 4550 1395 4625">
     <span class='ocr_line' id='line_1_63' title="bbox 325 4550 1395 4625; baseline 0.004 -21"><span class='ocrx_word' id='word_1_423' title='bbox 325 4550 526 4621; x_wconf 88' lang='lat' dir='ltr'><strong>quibus</strong></span> <span class='ocrx_word' id='word_1_424' title='bbox 558 4568 730 4621; x_wconf 89' lang='lat' dir='ltr'><strong>pauca</strong></span> <span class='ocrx_word' id='word_1_425' title='bbox 757 4554 1042 4625; x_wconf 87' lang='lat' dir='ltr'><strong>praelibare</strong></span> <span class='ocrx_word' id='word_1_426' title='bbox 1067 4571 1098 4610; x_wconf 92' lang='lat' dir='ltr'><strong>e</strong></span> <span class='ocrx_word' id='word_1_427' title='bbox 1126 4571 1186 4611; x_wconf 91' lang='lat' dir='ltr'><strong>re</strong></span> <span class='ocrx_word' id='word_1_428' title='bbox 1214 4555 1395 4611; x_wconf 85' lang='lat' dir='ltr'><strong>fuerit.</strong></span> 
     </span>
    </p>
   </div>
   <div class='ocr_carea' id='block_1_63' title="bbox 552 4660 1650 4727">
    <p class='ocr_par' dir='ltr' id='par_1_63' title="bbox 552 4660 1650 4727">
     <span class='ocr_line' id='line_1_64' title="bbox 552 4660 1650 4727; baseline 0.003 -18"><span class='ocrx_word' id='word_1_429' title='bbox 552 4660 615 4710; x_wconf 86' lang='lat' dir='ltr'><strong>Il.</strong></span> <span class='ocrx_word' id='word_1_430' title='bbox 642 4661 1024 4713; x_wconf 81' lang='lat' dir='ltr'><strong>Observationes</strong></span> <span class='ocrx_word' id='word_1_431' title='bbox 1044 4666 1244 4724; x_wconf 61' lang='lat' dir='ltr'><strong>critica,</strong></span> <span class='ocrx_word' id='word_1_432' title='bbox 1265 4665 1484 4727; x_wconf 66' lang='lat' dir='ltr'><strong>egregiae</strong></span> <span class='ocrx_word' id='word_1_433' title='bbox 1504 4668 1650 4713; x_wconf 67' lang='lat' dir='ltr'><strong>notae.</strong></span> 
     </span>
    </p>
   </div>
   <div class='ocr_carea' id='block_1_64' title="bbox 392 4763 1884 4838">
    <p class='ocr_par' dir='ltr' id='par_1_64' title="bbox 392 4763 1884 4838">
     <span class='ocr_line' id='line_1_65' title="bbox 392 4763 1884 4838; baseline 0.001 -17"><span class='ocrx_word' id='word_1_434' title='bbox 392 4763 814 4823; x_wconf 86' lang='lat' dir='ltr'><strong>Observationes</strong></span> <span class='ocrx_word' id='word_1_435' title='bbox 877 4766 1093 4823; x_wconf 86' lang='lat' dir='ltr'><strong>Eusebii</strong></span> <span class='ocrx_word' id='word_1_436' title='bbox 1148 4769 1350 4824; x_wconf 69' lang='lat' dir='ltr'><strong>critica:</strong></span> <span class='ocrx_word' id='word_1_437' title='bbox 1379 4808 1394 4832; x_wconf 88' lang='lat'><strong>,</strong></span> <span class='ocrx_word' id='word_1_438' title='bbox 1461 4768 1690 4838; x_wconf 72' lang='lat' dir='ltr'><strong>egregiae</strong></span> <span class='ocrx_word' id='word_1_439' title='bbox 1744 4774 1884 4822; x_wconf 71' lang='lat' dir='ltr'><strong>nota:</strong></span> 
     </span>
    </p>
   </div>
   <div class='ocr_carea' id='block_1_65' title="bbox 320 4859 1880 4931">
    <p class='ocr_par' dir='ltr' id='par_1_65' title="bbox 320 4859 1880 4931">
     <span class='ocr_line' id='line_1_66' title="bbox 320 4859 1880 4931; baseline 0.002 -19"><span class='ocrx_word' id='word_1_440' title='bbox 320 4866 450 4912; x_wconf 83' lang='lat' dir='ltr'><strong>sunt</strong></span> <span class='ocrx_word' id='word_1_441' title='bbox 491 4878 503 4913; x_wconf 90' lang='lat'><strong>:</strong></span> <span class='ocrx_word' id='word_1_442' title='bbox 533 4874 660 4913; x_wconf 90' lang='lat' dir='ltr'><strong>nam</strong></span> <span class='ocrx_word' id='word_1_443' title='bbox 692 4867 888 4930; x_wconf 79' lang='lat' dir='ltr'><strong>praeter</strong></span> <span class='ocrx_word' id='word_1_444' title='bbox 915 4876 977 4915; x_wconf 90' lang='lat' dir='ltr'><strong>ea</strong></span> <span class='ocrx_word' id='word_1_445' title='bbox 1001 4876 1124 4931; x_wconf 66' lang='lat' dir='ltr'><strong>quae</strong></span> <span class='ocrx_word' id='word_1_446' title='bbox 1158 4861 1212 4915; x_wconf 93' lang='lat' dir='ltr'><strong>in</strong></span> <span class='ocrx_word' id='word_1_447' title='bbox 1248 4861 1659 4931; x_wconf 86' lang='lat' dir='ltr'><strong>praefationibus</strong></span> <span class='ocrx_word' id='word_1_448' title='bbox 1690 4859 1880 4915; x_wconf 90' lang='lat' dir='ltr'><strong>ferun-</strong></span> 
     </span>
    </p>
   </div>
   <div class='ocr_carea' id='block_1_66' title="bbox 322 4950 1883 5021">
    <p class='ocr_par' dir='ltr' id='par_1_66' title="bbox 322 4950 1883 5021">
     <span class='ocr_line' id='line_1_67' title="bbox 322 4950 1883 5021; baseline 0.004 -21"><span class='ocrx_word' id='word_1_449' title='bbox 322 4956 430 5006; x_wconf 88' lang='lat' dir='ltr'><strong>tur.</strong></span> <span class='ocrx_word' id='word_1_450' title='bbox 459 4964 564 5002; x_wconf 91' lang='lat' dir='ltr'><strong>non</strong></span> <span class='ocrx_word' id='word_1_451' title='bbox 595 4950 898 5019; x_wconf 89' lang='lat' dir='ltr'><strong>spernenda</strong></span> <span class='ocrx_word' id='word_1_452' title='bbox 933 4967 1085 5016; x_wconf 90' lang='lat' dir='ltr'><strong>sane,</strong></span> <span class='ocrx_word' id='word_1_453' title='bbox 1118 4952 1286 5006; x_wconf 92' lang='lat' dir='ltr'><strong>multa</strong></span> <span class='ocrx_word' id='word_1_454' title='bbox 1314 4952 1744 5021; x_wconf 86' lang='lat' dir='ltr'><strong>expositionibus</strong></span> <span class='ocrx_word' id='word_1_455' title='bbox 1766 4953 1883 5007; x_wconf 85' lang='lat' dir='ltr'><strong>suis</strong></span> 
     </span>
    </p>
   </div>
   <div class='ocr_carea' id='block_1_67' title="bbox 317 5036 1883 5112">
    <p class='ocr_par' dir='ltr' id='par_1_67' title="bbox 317 5036 1883 5112">
     <span class='ocr_line' id='line_1_68' title="bbox 317 5036 1883 5112; baseline 0.006 -23"><span class='ocrx_word' id='word_1_456' title='bbox 317 5037 388 5089; x_wconf 88' lang='lat' dir='ltr'><strong>de</strong></span> <span class='ocrx_word' id='word_1_457' title='bbox 418 5036 606 5092; x_wconf 87' lang='lat' dir='ltr'><strong>ordine</strong></span> <span class='ocrx_word' id='word_1_458' title='bbox 634 5040 782 5094; x_wconf 88' lang='lat' dir='ltr'><strong>etde</strong></span> <span class='ocrx_word' id='word_1_459' title='bbox 828 5047 1053 5096; x_wconf 88' lang='lat' dir='ltr'><strong>auctore</strong></span> <span class='ocrx_word' id='word_1_460' title='bbox 1105 5042 1370 5112; x_wconf 88' lang='lat' dir='ltr'><strong>cujusque</strong></span> <span class='ocrx_word' id='word_1_461' title='bbox 1417 5042 1608 5112; x_wconf 88' lang='lat' dir='ltr'><strong>psalmi</strong></span> <span class='ocrx_word' id='word_1_462' title='bbox 1652 5042 1883 5098; x_wconf 89' lang='lat' dir='ltr'><strong>subinde</strong></span> 
     </span>
    </p>
   </div>
   <div class='ocr_carea' id='block_1_68' title="bbox 318 5130 1883 5205">
    <p class='ocr_par' dir='ltr' id='par_1_68' title="bbox 318 5130 1883 5205">
     <span class='ocr_line' id='line_1_69' title="bbox 318 5130 1883 5205; baseline 0.003 -23"><span class='ocrx_word' id='word_1_463' title='bbox 318 5130 615 5196; x_wconf 75' lang='lat' dir='ltr'><strong>praemittit,</strong></span> <span class='ocrx_word' id='word_1_464' title='bbox 641 5146 761 5200; x_wconf 69' lang='lat' dir='ltr'><strong>qute</strong></span> <span class='ocrx_word' id='word_1_465' title='bbox 783 5133 1047 5201; x_wconf 90' lang='lat' dir='ltr'><strong>judicium</strong></span> <span class='ocrx_word' id='word_1_466' title='bbox 1082 5135 1440 5204; x_wconf 89' lang='lat' dir='ltr'><strong>peritiamque</strong></span> <span class='ocrx_word' id='word_1_467' title='bbox 1488 5136 1770 5205; x_wconf 86' lang='lat' dir='ltr'><strong>scriptoris</strong></span> <span class='ocrx_word' id='word_1_468' title='bbox 1793 5151 1883 5189; x_wconf 85' lang='lat' dir='ltr'><strong>ar-</strong></span> 
     </span>
    </p>
   </div>
   <div class='ocr_carea' id='block_1_69' title="bbox 315 5217 1881 5293">
    <p class='ocr_par' dir='ltr' id='par_1_69' title="bbox 315 5217 1881 5293">
     <span class='ocr_line' id='line_1_70' title="bbox 315 5217 1881 5293; baseline 0.01 -29"><span class='ocrx_word' id='word_1_469' title='bbox 315 5221 483 5282; x_wconf 81' lang='lat' dir='ltr'><strong>guant</strong></span> <span class='ocrx_word' id='word_1_470' title='bbox 516 5234 529 5269; x_wconf 88' lang='lat'><strong>:</strong></span> <span class='ocrx_word' id='word_1_471' title='bbox 568 5232 674 5285; x_wconf 88' lang='lat' dir='ltr'><strong>qua</strong></span> <span class='ocrx_word' id='word_1_472' title='bbox 707 5217 763 5270; x_wconf 91' lang='lat' dir='ltr'><strong>in</strong></span> <span class='ocrx_word' id='word_1_473' title='bbox 809 5234 869 5273; x_wconf 92' lang='lat' dir='ltr'><strong>re</strong></span> <span class='ocrx_word' id='word_1_474' title='bbox 899 5236 1029 5275; x_wconf 89' lang='lat' dir='ltr'><strong>sane</strong></span> <span class='ocrx_word' id='word_1_475' title='bbox 1059 5223 1147 5275; x_wconf 87' lang='lat' dir='ltr'><strong>vix</strong></span> <span class='ocrx_word' id='word_1_476' title='bbox 1176 5222 1486 5278; x_wconf 85' lang='lat' dir='ltr'><strong>accuratius</strong></span> <span class='ocrx_word' id='word_1_477' title='bbox 1521 5225 1881 5293; x_wconf 85' lang='lat' dir='ltr'><strong>sagaciusque</strong></span> 
     </span>
    </p>
   </div>
   <div class='ocr_carea' id='block_1_70' title="bbox 312 5301 1881 5382">
    <p class='ocr_par' dir='ltr' id='par_1_70' title="bbox 312 5301 1881 5382">
     <span class='ocr_line' id='line_1_71' title="bbox 312 5301 1881 5382; baseline 0.01 -26"><span class='ocrx_word' id='word_1_478' title='bbox 312 5301 579 5374; x_wconf 89' lang='lat' dir='ltr'><strong>disputari</strong></span> <span class='ocrx_word' id='word_1_479' title='bbox 605 5323 767 5376; x_wconf 85' lang='lat' dir='ltr'><strong>posse</strong></span> <span class='ocrx_word' id='word_1_480' title='bbox 791 5312 1134 5366; x_wconf 66' lang='lat' dir='ltr'><strong>aestimabunt</strong></span> <span class='ocrx_word' id='word_1_481' title='bbox 1158 5315 1336 5382; x_wconf 88' lang='lat' dir='ltr'><strong>periti.</strong></span> <span class='ocrx_word' id='word_1_482' title='bbox 1368 5312 1425 5369; x_wconf 84' lang='lat' dir='ltr'><strong>In</strong></span> <span class='ocrx_word' id='word_1_483' title='bbox 1451 5316 1535 5370; x_wconf 90' lang='lat' dir='ltr'><strong>his</strong></span> <span class='ocrx_word' id='word_1_484' title='bbox 1564 5325 1742 5370; x_wconf 89' lang='lat' dir='ltr'><strong>autem</strong></span> <span class='ocrx_word' id='word_1_485' title='bbox 1774 5317 1881 5371; x_wconf 89' lang='lat' dir='ltr'><strong>Eu-</strong></span> 
     </span>
    </p>
   </div>
   <div class='ocr_carea' id='block_1_71' title="bbox 313 5395 1880 5471">
    <p class='ocr_par' dir='ltr' id='par_1_71' title="bbox 313 5395 1880 5471">
     <span class='ocr_line' id='line_1_72' title="bbox 313 5395 1880 5471; baseline 0.008 -21"><span class='ocrx_word' id='word_1_486' title='bbox 313 5395 523 5459; x_wconf 86' lang='lat' dir='ltr'><strong>sebius,</strong></span> <span class='ocrx_word' id='word_1_487' title='bbox 554 5398 647 5466; x_wconf 91' lang='lat' dir='ltr'><strong>qui</strong></span> <span class='ocrx_word' id='word_1_488' title='bbox 676 5414 956 5469; x_wconf 89' lang='lat' dir='ltr'><strong>nunquam</strong></span> <span class='ocrx_word' id='word_1_489' title='bbox 993 5406 1312 5471; x_wconf 89' lang='lat' dir='ltr'><strong>compendio</strong></span> <span class='ocrx_word' id='word_1_490' title='bbox 1347 5407 1575 5468; x_wconf 83' lang='lat' dir='ltr'><strong>studuit,</strong></span> <span class='ocrx_word' id='word_1_491' title='bbox 1627 5409 1745 5463; x_wconf 89' lang='lat' dir='ltr'><strong>sine</strong></span> <span class='ocrx_word' id='word_1_492' title='bbox 1779 5409 1880 5462; x_wconf 90' lang='lat' dir='ltr'><strong>ali-</strong></span> 
     </span>
    </p>
   </div>
   <div class='ocr_carea' id='block_1_72' title="bbox 311 5484 1879 5566">
    <p class='ocr_par' dir='ltr' id='par_1_72' title="bbox 311 5484 1879 5566">
     <span class='ocr_line' id='line_1_73' title="bbox 311 5484 1879 5566; baseline 0.01 -32"><span class='ocrx_word' id='word_1_493' title='bbox 311 5498 423 5553; x_wconf 87' lang='lat' dir='ltr'><strong>quo</strong></span> <span class='ocrx_word' id='word_1_494' title='bbox 454 5484 676 5539; x_wconf 91' lang='lat' dir='ltr'><strong>lectoris</strong></span> <span class='ocrx_word' id='word_1_495' title='bbox 698 5488 860 5540; x_wconf 63' lang='lat' dir='ltr'><strong>taedio</strong></span> <span class='ocrx_word' id='word_1_496' title='bbox 891 5488 1177 5546; x_wconf 81' lang='lat' dir='ltr'><strong>fastidiove</strong></span> <span class='ocrx_word' id='word_1_497' title='bbox 1204 5495 1468 5561; x_wconf 88' lang='lat' dir='ltr'><strong>prolixius</strong></span> <span class='ocrx_word' id='word_1_498' title='bbox 1503 5496 1632 5566; x_wconf 88' lang='lat' dir='ltr'><strong>agit.</strong></span> <span class='ocrx_word' id='word_1_499' title='bbox 1674 5496 1727 5548; x_wconf 92' lang='lat' dir='ltr'><strong>ld</strong></span> <span class='ocrx_word' id='word_1_500' title='bbox 1751 5512 1879 5550; x_wconf 88' lang='lat' dir='ltr'><strong>vero</strong></span> 
     </span>
    </p>
   </div>
   <div class='ocr_carea' id='block_1_73' title="bbox 314 5575 1877 5648">
    <p class='ocr_par' dir='ltr' id='par_1_73' title="bbox 314 5575 1877 5648">
     <span class='ocr_line' id='line_1_74' title="bbox 314 5575 1877 5648; baseline 0.011 -24"><span class='ocrx_word' id='word_1_501' title='bbox 314 5575 617 5639; x_wconf 64' lang='lat' dir='ltr'><strong>praesertim</strong></span> <span class='ocrx_word' id='word_1_502' title='bbox 658 5575 914 5632; x_wconf 84' lang='lat' dir='ltr'><strong>observes</strong></span> <span class='ocrx_word' id='word_1_503' title='bbox 945 5578 1001 5632; x_wconf 92' lang='lat' dir='ltr'><strong>in</strong></span> <span class='ocrx_word' id='word_1_504' title='bbox 1033 5580 1151 5648; x_wconf 85' lang='lat' dir='ltr'><strong>ejus</strong></span> <span class='ocrx_word' id='word_1_505' title='bbox 1180 5582 1247 5636; x_wconf 90' lang='lat' dir='ltr'><strong>de</strong></span> <span class='ocrx_word' id='word_1_506' title='bbox 1276 5583 1624 5640; x_wconf 83' lang='lat' dir='ltr'><strong>Abimelecho</strong></span> <span class='ocrx_word' id='word_1_507' title='bbox 1669 5586 1877 5641; x_wconf 86' lang='lat' dir='ltr'><strong>disser-</strong></span> 
     </span>
    </p>
   </div>
   <div class='ocr_carea' id='block_1_74' title="bbox 312 5663 1879 5738">
    <p class='ocr_par' dir='ltr' id='par_1_74' title="bbox 312 5663 1879 5738">
     <span class='ocr_line' id='line_1_75' title="bbox 312 5663 1879 5738; baseline 0.011 -23"><span class='ocrx_word' id='word_1_508' title='bbox 312 5663 541 5729; x_wconf 91' lang='lat' dir='ltr'><strong>tatione,</strong></span> <span class='ocrx_word' id='word_1_509' title='bbox 574 5666 629 5720; x_wconf 89' lang='lat' dir='ltr'><strong>in</strong></span> <span class='ocrx_word' id='word_1_510' title='bbox 658 5670 1147 5738; x_wconf 89' lang='lat' dir='ltr'><strong>perquisitionibus</strong></span> <span class='ocrx_word' id='word_1_511' title='bbox 1178 5672 1245 5728; x_wconf 89' lang='lat' dir='ltr'><strong>de</strong></span> <span class='ocrx_word' id='word_1_512' title='bbox 1272 5689 1399 5727; x_wconf 87' lang='lat' dir='ltr'><strong>vera</strong></span> <span class='ocrx_word' id='word_1_513' title='bbox 1424 5674 1766 5735; x_wconf 86' lang='lat' dir='ltr'><strong>Psalmorum</strong></span> <span class='ocrx_word' id='word_1_514' title='bbox 1791 5694 1879 5733; x_wconf 86' lang='lat' dir='ltr'><strong>se-</strong></span> 
     </span>
    </p>
   </div>
   <div class='ocr_carea' id='block_1_75' title="bbox 311 5754 1881 5839">
    <p class='ocr_par' dir='ltr' id='par_1_75' title="bbox 311 5754 1881 5839">
     <span class='ocr_line' id='line_1_76' title="bbox 311 5754 1881 5839; baseline 0.011 -32"><span class='ocrx_word' id='word_1_515' title='bbox 311 5754 392 5810; x_wconf 87' lang='lat' dir='ltr'><strong>rie</strong></span> <span class='ocrx_word' id='word_1_516' title='bbox 424 5764 478 5810; x_wconf 88' lang='lat' dir='ltr'><strong>et</strong></span> <span class='ocrx_word' id='word_1_517' title='bbox 510 5757 576 5812; x_wconf 90' lang='lat' dir='ltr'><strong>de</strong></span> <span class='ocrx_word' id='word_1_518' title='bbox 604 5774 862 5829; x_wconf 87' lang='lat' dir='ltr'><strong>germano</strong></span> <span class='ocrx_word' id='word_1_519' title='bbox 888 5764 1157 5834; x_wconf 79' lang='lat' dir='ltr'><strong>cujusque</strong></span> <span class='ocrx_word' id='word_1_520' title='bbox 1203 5774 1428 5820; x_wconf 90' lang='lat' dir='ltr'><strong>auctore</strong></span> <span class='ocrx_word' id='word_1_521' title='bbox 1467 5786 1480 5821; x_wconf 83' lang='lat'><strong>2</strong></span> <span class='ocrx_word' id='word_1_522' title='bbox 1536 5770 1881 5839; x_wconf 82' lang='lat' dir='ltr'><strong>maximeque</strong></span> 
     </span>
    </p>
   </div>
   <div class='ocr_carea' id='block_1_76' title="bbox 313 5845 1871 5939">
    <p class='ocr_par' dir='ltr' id='par_1_76' title="bbox 313 5845 1871 5939">
     <span class='ocr_line' id='line_1_77' title="bbox 313 5845 1871 5939; baseline 0.011 -39"><span class='ocrx_word' id='word_1_523' title='bbox 313 5845 404 5901; x_wconf 85' lang='lat' dir='ltr'><strong>ubi</strong></span> <span class='ocrx_word' id='word_1_524' title='bbox 435 5847 500 5904; x_wconf 89' lang='lat' dir='ltr'><strong>de</strong></span> <span class='ocrx_word' id='word_1_525' title='bbox 527 5851 737 5920; x_wconf 88' lang='lat' dir='ltr'><strong>psalmo</strong></span> <span class='ocrx_word' id='word_1_526' title='bbox 758 5853 811 5909; x_wconf 93' lang='lat' dir='ltr'><strong>in</strong></span> <span class='ocrx_word' id='word_1_527' title='bbox 846 5857 1104 5927; x_wconf 81' lang='lat' dir='ltr'><strong>spelunca</strong></span> <span class='ocrx_word' id='word_1_528' title='bbox 1128 5857 1355 5913; x_wconf 79' lang='lat' dir='ltr'><strong>mirifice</strong></span> <span class='ocrx_word' id='word_1_529' title='bbox 1383 5858 1655 5939; x_wconf 80' lang='lat' dir='ltr'><strong>edisserit.</strong></span> <span class='ocrx_word' id='word_1_530' title='bbox 1702 5860 1871 5917; x_wconf 78' lang='lat' dir='ltr'><strong>Pede-</strong></span> 
     </span>
    </p>
   </div>
   <div class='ocr_carea' id='block_1_77' title="bbox 2020 1984 3581 2057">
    <p class='ocr_par' dir='ltr' id='par_1_77' title="bbox 2020 1984 3581 2057">
     <span class='ocr_line' id='line_1_78' title="bbox 2020 1984 3581 2057; baseline -0.003 -15"><span class='ocrx_word' id='word_1_531' title='bbox 2020 1990 2109 2043; x_wconf 90' lang='lat' dir='ltr'><strong>ille</strong></span> <span class='ocrx_word' id='word_1_532' title='bbox 2141 1989 2369 2044; x_wconf 92' lang='lat' dir='ltr'><strong>lectione</strong></span> <span class='ocrx_word' id='word_1_533' title='bbox 2409 1988 2727 2057; x_wconf 87' lang='lat' dir='ltr'><strong>plerumque</strong></span> <span class='ocrx_word' id='word_1_534' title='bbox 2753 2001 2861 2041; x_wconf 91' lang='lat' dir='ltr'><strong>non</strong></span> <span class='ocrx_word' id='word_1_535' title='bbox 2894 1986 2966 2039; x_wconf 90' lang='lat' dir='ltr'><strong>ita</strong></span> <span class='ocrx_word' id='word_1_536' title='bbox 2993 1987 3153 2041; x_wconf 88' lang='lat' dir='ltr'><strong>docte</strong></span> <span class='ocrx_word' id='word_1_537' title='bbox 3179 1984 3459 2050; x_wconf 89' lang='lat' dir='ltr'><strong>edisserit,</strong></span> <span class='ocrx_word' id='word_1_538' title='bbox 3492 1991 3581 2038; x_wconf 83' lang='lat' dir='ltr'><strong>ut-</strong></span> 
     </span>
    </p>
   </div>
   <div class='ocr_carea' id='block_1_78' title="bbox 2017 2073 3578 2147">
    <p class='ocr_par' dir='ltr' id='par_1_78' title="bbox 2017 2073 3578 2147">
     <span class='ocr_line' id='line_1_79' title="bbox 2017 2073 3578 2147; baseline -0.004 -16"><span class='ocrx_word' id='word_1_539' title='bbox 2017 2086 2141 2147; x_wconf 91' lang='lat' dir='ltr'><strong>pote</strong></span> <span class='ocrx_word' id='word_1_540' title='bbox 2170 2076 2260 2146; x_wconf 89' lang='lat' dir='ltr'><strong>qui</strong></span> <span class='ocrx_word' id='word_1_541' title='bbox 2309 2076 2573 2130; x_wconf 86' lang='lat' dir='ltr'><strong>Hebraica</strong></span> <span class='ocrx_word' id='word_1_542' title='bbox 2627 2076 2829 2131; x_wconf 61' lang='lat' dir='ltr'><strong>Graecis</strong></span> <span class='ocrx_word' id='word_1_543' title='bbox 2861 2074 3057 2129; x_wconf 89' lang='lat' dir='ltr'><strong>litteris</strong></span> <span class='ocrx_word' id='word_1_544' title='bbox 3084 2087 3362 2143; x_wconf 86' lang='lat' dir='ltr'><strong>expressa,</strong></span> <span class='ocrx_word' id='word_1_545' title='bbox 3397 2073 3578 2141; x_wconf 74' lang='lat' dir='ltr'><strong>qualia</strong></span> 
     </span>
    </p>
   </div>
   <div class='ocr_carea' id='block_1_79' title="bbox 2014 2164 3579 2238">
    <p class='ocr_par' dir='ltr' id='par_1_79' title="bbox 2014 2164 3579 2238">
     <span class='ocr_line' id='line_1_80' title="bbox 2014 2164 3579 2238; baseline -0.001 -16"><span class='ocrx_word' id='word_1_546' title='bbox 2014 2170 2069 2222; x_wconf 88' lang='lat' dir='ltr'><strong>in</strong></span> <span class='ocrx_word' id='word_1_547' title='bbox 2099 2166 2355 2238; x_wconf 89' lang='lat' dir='ltr'><strong>Hexaplis</strong></span> <span class='ocrx_word' id='word_1_548' title='bbox 2383 2177 2561 2230; x_wconf 87' lang='lat' dir='ltr'><strong>erant,</strong></span> <span class='ocrx_word' id='word_1_549' title='bbox 2600 2175 2809 2222; x_wconf 90' lang='lat' dir='ltr'><strong>tantum</strong></span> <span class='ocrx_word' id='word_1_550' title='bbox 2853 2167 3081 2238; x_wconf 88' lang='lat' dir='ltr'><strong>legerit;</strong></span> <span class='ocrx_word' id='word_1_551' title='bbox 3116 2165 3210 2221; x_wconf 88' lang='lat' dir='ltr'><strong>sed</strong></span> <span class='ocrx_word' id='word_1_552' title='bbox 3260 2167 3305 2221; x_wconf 90' lang='lat' dir='ltr'><strong>si</strong></span> <span class='ocrx_word' id='word_1_553' title='bbox 3349 2164 3478 2235; x_wconf 91' lang='lat' dir='ltr'><strong>quid</strong></span> <span class='ocrx_word' id='word_1_554' title='bbox 3511 2165 3579 2220; x_wconf 86' lang='lat' dir='ltr'><strong>de</strong></span> 
     </span>
    </p>
   </div>
   <div class='ocr_carea' id='block_1_80' title="bbox 2012 2256 3576 2320">
    <p class='ocr_par' dir='ltr' id='par_1_80' title="bbox 2012 2256 3576 2320">
     <span class='ocr_line' id='line_1_81' title="bbox 2012 2256 3576 2320; baseline -0.001 -7"><span class='ocrx_word' id='word_1_555' title='bbox 2012 2260 2236 2316; x_wconf 82' lang='lat' dir='ltr'><strong>vocibus</strong></span> <span class='ocrx_word' id='word_1_556' title='bbox 2267 2267 2321 2314; x_wconf 89' lang='lat' dir='ltr'><strong>et</strong></span> <span class='ocrx_word' id='word_1_557' title='bbox 2355 2261 2549 2316; x_wconf 88' lang='lat' dir='ltr'><strong>litteris</strong></span> <span class='ocrx_word' id='word_1_558' title='bbox 2574 2259 2857 2315; x_wconf 83' lang='lat' dir='ltr'><strong>Hebraicis</strong></span> <span class='ocrx_word' id='word_1_559' title='bbox 2878 2259 3006 2312; x_wconf 89' lang='lat' dir='ltr'><strong>hinc</strong></span> <span class='ocrx_word' id='word_1_560' title='bbox 3032 2256 3156 2312; x_wconf 91' lang='lat' dir='ltr'><strong>inde</strong></span> <span class='ocrx_word' id='word_1_561' title='bbox 3190 2256 3392 2320; x_wconf 90' lang='lat' dir='ltr'><strong>tradat,</strong></span> <span class='ocrx_word' id='word_1_562' title='bbox 3426 2256 3480 2311; x_wconf 90' lang='lat' dir='ltr'><strong>id</strong></span> <span class='ocrx_word' id='word_1_563' title='bbox 3510 2270 3576 2311; x_wconf 83' lang='lat' dir='ltr'><strong>ex</strong></span> 
     </span>
    </p>
   </div>
   <div class='ocr_carea' id='block_1_81' title="bbox 2012 2345 3573 2407">
    <p class='ocr_par' dir='ltr' id='par_1_81' title="bbox 2012 2345 3573 2407">
     <span class='ocr_line' id='line_1_82' title="bbox 2012 2345 3573 2407; baseline -0.004 -2"><span class='ocrx_word' id='word_1_564' title='bbox 2012 2350 2251 2407; x_wconf 68' lang='lat' dir='ltr'><strong>Hebraeis</strong></span> <span class='ocrx_word' id='word_1_565' title='bbox 2298 2360 2578 2405; x_wconf 89' lang='lat' dir='ltr'><strong>mutuatus</strong></span> <span class='ocrx_word' id='word_1_566' title='bbox 2609 2358 2711 2406; x_wconf 82' lang='lat' dir='ltr'><strong>est.</strong></span> <span class='ocrx_word' id='word_1_567' title='bbox 2763 2349 2829 2402; x_wconf 85' lang='lat' dir='ltr'><strong>Et</strong></span> <span class='ocrx_word' id='word_1_568' title='bbox 2868 2348 3065 2402; x_wconf 90' lang='lat' dir='ltr'><strong>mirum</strong></span> <span class='ocrx_word' id='word_1_569' title='bbox 3122 2361 3254 2402; x_wconf 90' lang='lat' dir='ltr'><strong>sane</strong></span> <span class='ocrx_word' id='word_1_570' title='bbox 3298 2345 3573 2400; x_wconf 73' lang='lat' dir='ltr'><strong>hominem</strong></span> 
     </span>
    </p>
   </div>
   <div class='ocr_carea' id='block_1_82' title="bbox 2008 2437 3572 2516">
    <p class='ocr_par' dir='ltr' id='par_1_82' title="bbox 2008 2437 3572 2516">
     <span class='ocr_line' id='line_1_83' title="bbox 2008 2437 3572 2516; baseline -0.006 -17"><span class='ocrx_word' id='word_1_571' title='bbox 2008 2445 2100 2516; x_wconf 90' lang='lat' dir='ltr'><strong>qui</strong></span> <span class='ocrx_word' id='word_1_572' title='bbox 2143 2444 2197 2499; x_wconf 92' lang='lat' dir='ltr'><strong>in</strong></span> <span class='ocrx_word' id='word_1_573' title='bbox 2230 2443 2519 2499; x_wconf 64' lang='lat' dir='ltr'><strong>Palaestina</strong></span> <span class='ocrx_word' id='word_1_574' title='bbox 2543 2450 2755 2497; x_wconf 79' lang='lat' dir='ltr'><strong>aetatem</strong></span> <span class='ocrx_word' id='word_1_575' title='bbox 2782 2442 2909 2512; x_wconf 90' lang='lat' dir='ltr'><strong>egit,</strong></span> <span class='ocrx_word' id='word_1_576' title='bbox 2936 2455 3060 2494; x_wconf 91' lang='lat' dir='ltr'><strong>cum</strong></span> <span class='ocrx_word' id='word_1_577' title='bbox 3089 2438 3290 2493; x_wconf 70' lang='lat' dir='ltr'><strong>Iudaeis</strong></span> <span class='ocrx_word' id='word_1_578' title='bbox 3316 2437 3572 2508; x_wconf 75' lang='lat' dir='ltr'><strong>frequen-</strong></span> 
     </span>
    </p>
   </div>
   <div class='ocr_carea' id='block_1_83' title="bbox 2008 2527 3576 2602">
    <p class='ocr_par' dir='ltr' id='par_1_83' title="bbox 2008 2527 3576 2602">
     <span class='ocr_line' id='line_1_84' title="bbox 2008 2527 3576 2602; baseline -0.008 -12"><span class='ocrx_word' id='word_1_579' title='bbox 2008 2544 2091 2591; x_wconf 89' lang='lat' dir='ltr'><strong>ter</strong></span> <span class='ocrx_word' id='word_1_580' title='bbox 2119 2550 2423 2592; x_wconf 89' lang='lat' dir='ltr'><strong>sermonem</strong></span> <span class='ocrx_word' id='word_1_581' title='bbox 2453 2534 2664 2597; x_wconf 88' lang='lat' dir='ltr'><strong>habuit,</strong></span> <span class='ocrx_word' id='word_1_582' title='bbox 2704 2531 2960 2602; x_wconf 81' lang='lat' dir='ltr'><strong>Hexaplis</strong></span> <span class='ocrx_word' id='word_1_583' title='bbox 2985 2540 3039 2585; x_wconf 90' lang='lat' dir='ltr'><strong>et</strong></span> <span class='ocrx_word' id='word_1_584' title='bbox 3070 2528 3404 2583; x_wconf 73' lang='lat' dir='ltr'><strong>Bibliotheca:</strong></span> <span class='ocrx_word' id='word_1_585' title='bbox 3445 2527 3576 2580; x_wconf 80' lang='lat' dir='ltr'><strong>divi-</strong></span> 
     </span>
    </p>
   </div>
   <div class='ocr_carea' id='block_1_84' title="bbox 2006 2620 3573 2696">
    <p class='ocr_par' dir='ltr' id='par_1_84' title="bbox 2006 2620 3573 2696">
     <span class='ocr_line' id='line_1_85' title="bbox 2006 2620 3573 2696; baseline -0.007 -13"><span class='ocrx_word' id='word_1_586' title='bbox 2006 2645 2087 2683; x_wconf 76' lang='grc' dir='ltr'><strong>πω</strong></span> <span class='ocrx_word' id='word_1_587' title='bbox 2115 2642 2241 2683; x_wconf 90' lang='lat' dir='ltr'><strong>cum</strong></span> <span class='ocrx_word' id='word_1_588' title='bbox 2288 2625 2574 2696; x_wconf 89' lang='lat' dir='ltr'><strong>Pamphilo</strong></span> <span class='ocrx_word' id='word_1_589' title='bbox 2605 2631 2847 2695; x_wconf 87' lang='lat' dir='ltr'><strong>martyre</strong></span> <span class='ocrx_word' id='word_1_590' title='bbox 2885 2621 3195 2692; x_wconf 88' lang='lat' dir='ltr'><strong>digerendis</strong></span> <span class='ocrx_word' id='word_1_591' title='bbox 3227 2635 3445 2690; x_wconf 89' lang='lat' dir='ltr'><strong>operam</strong></span> <span class='ocrx_word' id='word_1_592' title='bbox 3479 2620 3573 2674; x_wconf 85' lang='lat' dir='ltr'><strong>de-</strong></span> 
     </span>
    </p>
   </div>
   <div class='ocr_carea' id='block_1_85' title="bbox 2005 2709 3567 2782">
    <p class='ocr_par' dir='ltr' id='par_1_85' title="bbox 2005 2709 3567 2782">
     <span class='ocr_line' id='line_1_86' title="bbox 2005 2709 3567 2782; baseline -0.008 -9"><span class='ocrx_word' id='word_1_593' title='bbox 2005 2718 2106 2782; x_wconf 92' lang='lat' dir='ltr'><strong>dit,</strong></span> <span class='ocrx_word' id='word_1_594' title='bbox 2138 2716 2401 2772; x_wconf 89' lang='lat' dir='ltr'><strong>Hebraice</strong></span> <span class='ocrx_word' id='word_1_595' title='bbox 2430 2715 2758 2770; x_wconf 87' lang='lat' dir='ltr'><strong>ineruditum</strong></span> <span class='ocrx_word' id='word_1_596' title='bbox 2788 2711 2995 2767; x_wconf 86' lang='lat' dir='ltr'><strong>fuisse?</strong></span> <span class='ocrx_word' id='word_1_597' title='bbox 3032 2709 3356 2764; x_wconf 82' lang='lat' dir='ltr'><strong>Doctoribus</strong></span> <span class='ocrx_word' id='word_1_598' title='bbox 3388 2715 3567 2764; x_wconf 89' lang='lat' dir='ltr'><strong>autem</strong></span> 
     </span>
    </p>
   </div>
   <div class='ocr_carea' id='block_1_86' title="bbox 2006 2801 3569 2877">
    <p class='ocr_par' dir='ltr' id='par_1_86' title="bbox 2006 2801 3569 2877">
     <span class='ocr_line' id='line_1_87' title="bbox 2006 2801 3569 2877; baseline -0.01 -9"><span class='ocrx_word' id='word_1_599' title='bbox 2006 2811 2122 2868; x_wconf 88' lang='lat' dir='ltr'><strong>suis</strong></span> <span class='ocrx_word' id='word_1_600' title='bbox 2171 2809 2336 2865; x_wconf 78' lang='lat' dir='ltr'><strong>nimis</strong></span> <span class='ocrx_word' id='word_1_601' title='bbox 2366 2807 2646 2864; x_wconf 88' lang='lat' dir='ltr'><strong>credulum</strong></span> <span class='ocrx_word' id='word_1_602' title='bbox 2683 2820 2925 2877; x_wconf 68' lang='lat' dir='ltr'><strong>persaepe</strong></span> <span class='ocrx_word' id='word_1_603' title='bbox 2953 2801 3349 2872; x_wconf 88' lang='lat' dir='ltr'><strong>deprehendas,</strong></span> <span class='ocrx_word' id='word_1_604' title='bbox 3384 2807 3569 2869; x_wconf 89' lang='lat' dir='ltr'><strong>utpote</strong></span> 
     </span>
    </p>
   </div>
   <div class='ocr_carea' id='block_1_87' title="bbox 2004 2892 3570 2974">
    <p class='ocr_par' dir='ltr' id='par_1_87' title="bbox 2004 2892 3570 2974">
     <span class='ocr_line' id='line_1_88' title="bbox 2004 2892 3570 2974; baseline -0.01 -17"><span class='ocrx_word' id='word_1_605' title='bbox 2004 2903 2096 2974; x_wconf 90' lang='lat' dir='ltr'><strong>qui</strong></span> <span class='ocrx_word' id='word_1_606' title='bbox 2128 2902 2387 2956; x_wconf 90' lang='lat' dir='ltr'><strong>nonnulla</strong></span> <span class='ocrx_word' id='word_1_607' title='bbox 2414 2900 2688 2955; x_wconf 89' lang='lat' dir='ltr'><strong>interdum</strong></span> <span class='ocrx_word' id='word_1_608' title='bbox 2731 2897 2939 2959; x_wconf 75' lang='lat' dir='ltr'><strong>afferat,</strong></span> <span class='ocrx_word' id='word_1_609' title='bbox 2974 2894 3064 2951; x_wconf 86' lang='lat' dir='ltr'><strong>ubi</strong></span> <span class='ocrx_word' id='word_1_610' title='bbox 3092 2892 3399 2948; x_wconf 75' lang='lat' dir='ltr'><strong>accuratior</strong></span> <span class='ocrx_word' id='word_1_611' title='bbox 3427 2892 3570 2944; x_wconf 87' lang='lat' dir='ltr'><strong>noti-</strong></span> 
     </span>
    </p>
   </div>
   <div class='ocr_carea' id='block_1_88' title="bbox 2003 2984 3566 3059">
    <p class='ocr_par' dir='ltr' id='par_1_88' title="bbox 2003 2984 3566 3059">
     <span class='ocr_line' id='line_1_89' title="bbox 2003 2984 3566 3059; baseline -0.008 -11"><span class='ocrx_word' id='word_1_612' title='bbox 2003 2994 2077 3048; x_wconf 89' lang='lat' dir='ltr'><strong>tia</strong></span> <span class='ocrx_word' id='word_1_613' title='bbox 2123 2992 2494 3058; x_wconf 88' lang='lat' dir='ltr'><strong>desideretur;</strong></span> <span class='ocrx_word' id='word_1_614' title='bbox 2540 2989 2774 3059; x_wconf 88' lang='lat' dir='ltr'><strong>exempli</strong></span> <span class='ocrx_word' id='word_1_615' title='bbox 2827 3002 2996 3042; x_wconf 89' lang='lat' dir='ltr'><strong>eausa</strong></span> <span class='ocrx_word' id='word_1_616' title='bbox 3042 2986 3107 3040; x_wconf 92' lang='lat' dir='ltr'><strong>ad</strong></span> <span class='ocrx_word' id='word_1_617' title='bbox 3154 2984 3303 3039; x_wconf 87' lang='lat' dir='ltr'><strong>hunc</strong></span> <span class='ocrx_word' id='word_1_618' title='bbox 3349 2998 3566 3038; x_wconf 81' lang='lat' dir='ltr'><strong>versum</strong></span> 
     </span>
    </p>
   </div>
   <div class='ocr_carea' id='block_1_89' title="bbox 2003 3074 3567 3155">
    <p class='ocr_par' dir='ltr' id='par_1_89' title="bbox 2003 3074 3567 3155">
     <span class='ocr_line' id='line_1_90' title="bbox 2003 3074 3567 3155; baseline -0.008 -16"><span class='ocrx_word' id='word_1_619' title='bbox 2003 3085 2195 3155; x_wconf 87' lang='lat' dir='ltr'><strong>psalmi</strong></span> <span class='ocrx_word' id='word_1_620' title='bbox 2229 3099 2340 3147; x_wconf 74' lang='lat' dir='ltr'><strong>est,</strong></span> <span class='ocrx_word' id='word_1_621' title='bbox 2381 3082 2463 3135; x_wconf 79' lang='lat' dir='ltr'><strong>Ea:</strong></span> <span class='ocrx_word' id='word_1_622' title='bbox 2491 3092 2641 3136; x_wconf 89' lang='lat' dir='ltr'><strong>utero</strong></span> <span class='ocrx_word' id='word_1_623' title='bbox 2684 3088 2805 3133; x_wconf 88' lang='lat' dir='ltr'><strong>ante</strong></span> <span class='ocrx_word' id='word_1_624' title='bbox 2847 3078 3126 3147; x_wconf 80' lang='lat' dir='ltr'><strong>luciferum</strong></span> <span class='ocrx_word' id='word_1_625' title='bbox 3170 3076 3323 3146; x_wconf 85' lang='lat' dir='ltr'><strong>genui</strong></span> <span class='ocrx_word' id='word_1_626' title='bbox 3369 3084 3436 3141; x_wconf 91' lang='lat' dir='ltr'><strong>te,</strong></span> <span class='ocrx_word' id='word_1_627' title='bbox 3474 3074 3567 3129; x_wconf 86' lang='lat' dir='ltr'><strong>ubi</strong></span> 
     </span>
    </p>
   </div>
   <div class='ocr_carea' id='block_1_90' title="bbox 2002 3165 3565 3238">
    <p class='ocr_par' dir='ltr' id='par_1_90' title="bbox 2002 3165 3565 3238">
     <span class='ocr_line' id='line_1_91' title="bbox 2002 3165 3565 3238; baseline -0.009 -7"><span class='ocrx_word' id='word_1_628' title='bbox 2002 3175 2327 3232; x_wconf 85' lang='lat' dir='ltr'><strong>Hebraieum</strong></span> <span class='ocrx_word' id='word_1_629' title='bbox 2361 3186 2575 3238; x_wconf 69' lang='lat' dir='ltr'><strong>tamn,</strong></span> <span class='ocrx_word' id='word_1_630' title='bbox 2613 3170 2874 3225; x_wconf 81' lang='lat' dir='ltr'><strong>Merehem</strong></span> <span class='ocrx_word' id='word_1_631' title='bbox 2916 3169 3100 3235; x_wconf 82' lang='lat' dir='ltr'><strong>habet,</strong></span> <span class='ocrx_word' id='word_1_632' title='bbox 3135 3176 3194 3222; x_wconf 93' lang='lat' dir='ltr'><strong>ut</strong></span> <span class='ocrx_word' id='word_1_633' title='bbox 3228 3165 3565 3237; x_wconf 75' lang='lat' dir='ltr'><strong>probabilem</strong></span> 
     </span>
    </p>
   </div>
   <div class='ocr_carea' id='block_1_91' title="bbox 2001 3258 3567 3339">
    <p class='ocr_par' dir='ltr' id='par_1_91' title="bbox 2001 3258 3567 3339">
     <span class='ocr_line' id='line_1_92' title="bbox 2001 3258 3567 3339; baseline -0.009 -14"><span class='ocrx_word' id='word_1_634' title='bbox 2001 3269 2305 3339; x_wconf 89' lang='lat' dir='ltr'><strong>cujusdam.</strong></span> <span class='ocrx_word' id='word_1_635' title='bbox 2336 3268 2647 3338; x_wconf 87' lang='lat' dir='ltr'><strong>opinionem</strong></span> <span class='ocrx_word' id='word_1_636' title='bbox 2684 3264 2862 3326; x_wconf 83' lang='lat' dir='ltr'><strong>aﬁ‘ert,</strong></span> <span class='ocrx_word' id='word_1_637' title='bbox 2899 3263 2992 3332; x_wconf 84' lang='lat' dir='ltr'><strong>qui</strong></span> <span class='ocrx_word' id='word_1_638' title='bbox 3031 3260 3258 3332; x_wconf 84' lang='lat' dir='ltr'><strong>putabat</strong></span> <span class='ocrx_word' id='word_1_639' title='bbox 3302 3258 3394 3313; x_wconf 88' lang='lat' dir='ltr'><strong>hic</strong></span> <span class='ocrx_word' id='word_1_640' title='bbox 3439 3258 3567 3312; x_wconf 57' lang='lat' dir='ltr'><strong>hem</strong></span> 
     </span>
    </p>
   </div>
   <div class='ocr_carea' id='block_1_92' title="bbox 2001 3347 3569 3428">
    <p class='ocr_par' dir='ltr' id='par_1_92' title="bbox 2001 3347 3569 3428">
     <span class='ocr_line' id='line_1_93' title="bbox 2001 3347 3569 3428; baseline -0.009 -13"><span class='ocrx_word' id='word_1_641' title='bbox 2001 3369 2108 3416; x_wconf 90' lang='lat' dir='ltr'><strong>tam</strong></span> <span class='ocrx_word' id='word_1_642' title='bbox 2139 3361 2361 3416; x_wconf 84' lang='lat' dir='ltr'><strong>Mariam</strong></span> <span class='ocrx_word' id='word_1_643' title='bbox 2385 3358 2669 3428; x_wconf 89' lang='lat' dir='ltr'><strong>Deiparam</strong></span> <span class='ocrx_word' id='word_1_644' title='bbox 2695 3355 2945 3417; x_wconf 88' lang='lat' dir='ltr'><strong>indicari,</strong></span> <span class='ocrx_word' id='word_1_645' title='bbox 2970 3352 3114 3424; x_wconf 89' lang='lat' dir='ltr'><strong>quod</strong></span> <span class='ocrx_word' id='word_1_646' title='bbox 3138 3367 3267 3407; x_wconf 89' lang='lat' dir='ltr'><strong>sane</strong></span> <span class='ocrx_word' id='word_1_647' title='bbox 3283 3347 3569 3422; x_wconf 75' lang='grc' dir='ltr'><strong>ἀπροσδιό-</strong></span> 
     </span>
    </p>
   </div>
   <div class='ocr_carea' id='block_1_93' title="bbox 2001 3440 3564 3514">
    <p class='ocr_par' dir='ltr' id='par_1_93' title="bbox 2001 3440 3564 3514">
     <span class='ocr_line' id='line_1_94' title="bbox 2001 3440 3564 3514; baseline -0.01 -7"><span class='ocrx_word' id='word_1_648' title='bbox 2001 3470 2157 3507; x_wconf 85' lang='grc' dir='ltr'>νυσον</span> <span class='ocrx_word' id='word_1_649' title='bbox 2188 3460 2272 3508; x_wconf 79' lang='lat' dir='ltr'><strong>est</strong></span> <span class='ocrx_word' id='word_1_650' title='bbox 2303 3470 2317 3506; x_wconf 90' lang='lat'><strong>:</strong></span> <span class='ocrx_word' id='word_1_651' title='bbox 2346 3466 2470 3505; x_wconf 89' lang='lat' dir='ltr'><strong>nam</strong></span> <span class='ocrx_word' id='word_1_652' title='bbox 2502 3447 2700 3511; x_wconf 72' lang='lat' dir='ltr'><strong>Maria,</strong></span> <span class='ocrx_word' id='word_1_653' title='bbox 2740 3461 2935 3501; x_wconf 86' lang='lat' dir='ltr'><strong>nomen</strong></span> <span class='ocrx_word' id='word_1_654' title='bbox 2977 3444 3116 3514; x_wconf 89' lang='lat' dir='ltr'><strong>apud</strong></span> <span class='ocrx_word' id='word_1_655' title='bbox 3169 3442 3421 3498; x_wconf 79' lang='lat' dir='ltr'><strong>Hebraeos</strong></span> <span class='ocrx_word' id='word_1_656' title='bbox 3456 3440 3564 3494; x_wconf 65' lang='lat' dir='ltr'><strong>Ire-</strong></span> 
     </span>
    </p>
   </div>
   <div class='ocr_carea' id='block_1_94' title="bbox 1999 3529 3566 3617">
    <p class='ocr_par' dir='ltr' id='par_1_94' title="bbox 1999 3529 3566 3617">
     <span class='ocr_line' id='line_1_95' title="bbox 1999 3529 3566 3617; baseline -0.01 -17"><span class='ocrx_word' id='word_1_657' title='bbox 1999 3544 2415 3617; x_wconf 88' lang='lat' dir='ltr'><strong>quentissimum</strong></span> <span class='ocrx_word' id='word_1_658' title='bbox 2442 3550 2633 3607; x_wconf 64' lang='lat' dir='ltr'><strong>cat-1n,</strong></span> <span class='ocrx_word' id='word_1_659' title='bbox 2661 3538 2880 3592; x_wconf 82' lang='lat' dir='ltr'><strong>Miriam</strong></span> <span class='ocrx_word' id='word_1_660' title='bbox 2902 3536 3278 3601; x_wconf 89' lang='lat' dir='ltr'><strong>scribebatur;</strong></span> <span class='ocrx_word' id='word_1_661' title='bbox 3310 3540 3364 3589; x_wconf 91' lang='lat' dir='ltr'><strong>et</strong></span> <span class='ocrx_word' id='word_1_662' title='bbox 3404 3529 3566 3587; x_wconf 74' lang='lat' dir='ltr'><strong>Mere-</strong></span> 
     </span>
    </p>
   </div>
   <div class='ocr_carea' id='block_1_95' title="bbox 1998 3623 3270 3700">
    <p class='ocr_par' dir='ltr' id='par_1_95' title="bbox 1998 3623 3270 3700">
     <span class='ocr_line' id='line_1_96' title="bbox 1998 3623 3270 3700; baseline -0.009 -11"><span class='ocrx_word' id='word_1_663' title='bbox 1998 3638 2114 3691; x_wconf 83' lang='lat' dir='ltr'><strong>hem</strong></span> <span class='ocrx_word' id='word_1_664' title='bbox 2141 3633 2277 3689; x_wconf 88' lang='lat' dir='ltr'><strong>nihil</strong></span> <span class='ocrx_word' id='word_1_665' title='bbox 2307 3632 2451 3686; x_wconf 91' lang='lat' dir='ltr'><strong>aliud</strong></span> <span class='ocrx_word' id='word_1_666' title='bbox 2477 3645 2664 3700; x_wconf 89' lang='lat' dir='ltr'><strong>quam,</strong></span> <span class='ocrx_word' id='word_1_667' title='bbox 2690 3644 2754 3682; x_wconf 73' lang='lat' dir='ltr'><strong>ex</strong></span> <span class='ocrx_word' id='word_1_668' title='bbox 2776 3638 2944 3691; x_wconf 87' lang='lat' dir='ltr'><strong>utero,</strong></span> <span class='ocrx_word' id='word_1_669' title='bbox 2976 3623 3270 3696; x_wconf 85' lang='lat' dir='ltr'><strong>signiﬁcat.</strong></span> 
     </span>
    </p>
   </div>
   <div class='ocr_carea' id='block_1_96' title="bbox 2498 3742 3050 3802">
    <p class='ocr_par' dir='ltr' id='par_1_96' title="bbox 2498 3742 3050 3802">
     <span class='ocr_line' id='line_1_97' title="bbox 2498 3742 3050 3802; baseline -0.005 -11"><span class='ocrx_word' id='word_1_670' title='bbox 2498 3743 2578 3792; x_wconf 85' lang='lat' dir='ltr'><strong>IV.</strong></span> <span class='ocrx_word' id='word_1_671' title='bbox 2608 3742 2683 3790; x_wconf 88' lang='lat' dir='ltr'><strong>De</strong></span> <span class='ocrx_word' id='word_1_672' title='bbox 2706 3742 3050 3802; x_wconf 76' lang='lat' dir='ltr'><strong>mystagogica.</strong></span> 
     </span>
    </p>
   </div>
   <div class='ocr_carea' id='block_1_97' title="bbox 2068 3839 3564 3919">
    <p class='ocr_par' dir='ltr' id='par_1_97' title="bbox 2068 3839 3564 3919">
     <span class='ocr_line' id='line_1_98' title="bbox 2068 3839 3564 3919; baseline -0.005 -17"><span class='ocrx_word' id='word_1_673' title='bbox 2068 3846 2488 3919; x_wconf 80' lang='lat' dir='ltr'><strong>Mystagogicam</strong></span> <span class='ocrx_word' id='word_1_674' title='bbox 2521 3842 2847 3912; x_wconf 84' lang='lat' dir='ltr'><strong>explanandi</strong></span> <span class='ocrx_word' id='word_1_675' title='bbox 2879 3842 3045 3907; x_wconf 92' lang='lat' dir='ltr'><strong>viam,</strong></span> <span class='ocrx_word' id='word_1_676' title='bbox 3091 3857 3197 3911; x_wconf 91' lang='lat' dir='ltr'><strong>qua</strong></span> <span class='ocrx_word' id='word_1_677' title='bbox 3244 3840 3312 3894; x_wconf 91' lang='lat' dir='ltr'><strong>ad</strong></span> <span class='ocrx_word' id='word_1_678' title='bbox 3360 3839 3564 3895; x_wconf 77' lang='lat' dir='ltr'><strong>Christi</strong></span> 
     </span>
    </p>
   </div>
   <div class='ocr_carea' id='block_1_98' title="bbox 1995 3930 3561 4008">
    <p class='ocr_par' dir='ltr' id='par_1_98' title="bbox 1995 3930 3561 4008">
     <span class='ocr_line' id='line_1_99' title="bbox 1995 3930 3561 4008; baseline -0.006 -16"><span class='ocrx_word' id='word_1_679' title='bbox 1995 3951 2283 4008; x_wconf 88' lang='lat' dir='ltr'><strong>personam</strong></span> <span class='ocrx_word' id='word_1_680' title='bbox 2332 3936 2417 3991; x_wconf 91' lang='lat' dir='ltr'><strong>vel</strong></span> <span class='ocrx_word' id='word_1_681' title='bbox 2448 3934 2767 3998; x_wconf 86' lang='lat' dir='ltr'><strong>Ecclesiam,</strong></span> <span class='ocrx_word' id='word_1_682' title='bbox 2801 3935 2915 3989; x_wconf 92' lang='lat' dir='ltr'><strong>sive</strong></span> <span class='ocrx_word' id='word_1_683' title='bbox 2956 3933 3022 3987; x_wconf 92' lang='lat' dir='ltr'><strong>ad</strong></span> <span class='ocrx_word' id='word_1_684' title='bbox 3064 3933 3271 3988; x_wconf 89' lang='lat' dir='ltr'><strong>ﬁdelem</strong></span> <span class='ocrx_word' id='word_1_685' title='bbox 3300 3930 3561 3994; x_wconf 80' lang='lat' dir='ltr'><strong>animam,</strong></span> 
     </span>
    </p>
   </div>
   <div class='ocr_carea' id='block_1_99' title="bbox 1995 4024 3558 4087">
    <p class='ocr_par' dir='ltr' id='par_1_99' title="bbox 1995 4024 3558 4087">
     <span class='ocr_line' id='line_1_100' title="bbox 1995 4024 3558 4087; baseline -0.005 -2"><span class='ocrx_word' id='word_1_686' title='bbox 1995 4038 2088 4085; x_wconf 91' lang='lat' dir='ltr'><strong>aut</strong></span> <span class='ocrx_word' id='word_1_687' title='bbox 2113 4029 2327 4084; x_wconf 91' lang='lat' dir='ltr'><strong>demum</strong></span> <span class='ocrx_word' id='word_1_688' title='bbox 2356 4028 2423 4083; x_wconf 92' lang='lat' dir='ltr'><strong>ad</strong></span> <span class='ocrx_word' id='word_1_689' title='bbox 2445 4028 2719 4083; x_wconf 71' lang='lat' dir='ltr'><strong>cmlestem</strong></span> <span class='ocrx_word' id='word_1_690' title='bbox 2748 4025 2967 4081; x_wconf 92' lang='lat' dir='ltr'><strong>Sionem</strong></span> <span class='ocrx_word' id='word_1_691' title='bbox 2992 4026 3171 4080; x_wconf 92' lang='lat' dir='ltr'><strong>omnia</strong></span> <span class='ocrx_word' id='word_1_692' title='bbox 3203 4024 3558 4087; x_wconf 88' lang='lat' dir='ltr'><strong>reducuntur,</strong></span> 
     </span>
    </p>
   </div>
   <div class='ocr_carea' id='block_1_100' title="bbox 1994 4117 3555 4191">
    <p class='ocr_par' dir='ltr' id='par_1_100' title="bbox 1994 4117 3555 4191">
     <span class='ocr_line' id='line_1_101' title="bbox 1994 4117 3555 4191; baseline -0.006 -14"><span class='ocrx_word' id='word_1_693' title='bbox 1994 4121 2285 4178; x_wconf 85' lang='lat' dir='ltr'><strong>admodum</strong></span> <span class='ocrx_word' id='word_1_694' title='bbox 2320 4120 2681 4191; x_wconf 90' lang='lat' dir='ltr'><strong>frequentavit</strong></span> <span class='ocrx_word' id='word_1_695' title='bbox 2706 4118 3008 4174; x_wconf 87' lang='lat' dir='ltr'><strong>Eusebius:</strong></span> <span class='ocrx_word' id='word_1_696' title='bbox 3036 4118 3161 4188; x_wconf 91' lang='lat' dir='ltr'><strong>quia</strong></span> <span class='ocrx_word' id='word_1_697' title='bbox 3185 4117 3278 4172; x_wconf 92' lang='lat' dir='ltr'><strong>illo</strong></span> <span class='ocrx_word' id='word_1_698' title='bbox 3298 4131 3411 4171; x_wconf 62' lang='lat' dir='ltr'><strong>aevo</strong></span> <span class='ocrx_word' id='word_1_699' title='bbox 3434 4132 3555 4170; x_wconf 91' lang='lat' dir='ltr'><strong>cum</strong></span> 
     </span>
    </p>
   </div>
   <div class='ocr_carea' id='block_1_101' title="bbox 1992 4210 3560 4283">
    <p class='ocr_par' dir='ltr' id='par_1_101' title="bbox 1992 4210 3560 4283">
     <span class='ocr_line' id='line_1_102' title="bbox 1992 4210 3560 4283; baseline -0.006 -14"><span class='ocrx_word' id='word_1_700' title='bbox 1992 4213 2164 4270; x_wconf 67' lang='lat' dir='ltr'><strong>Judaei</strong></span> <span class='ocrx_word' id='word_1_701' title='bbox 2218 4222 2479 4283; x_wconf 89' lang='lat' dir='ltr'><strong>perpetuo</strong></span> <span class='ocrx_word' id='word_1_702' title='bbox 2507 4212 2838 4267; x_wconf 88' lang='lat' dir='ltr'><strong>Christianis</strong></span> <span class='ocrx_word' id='word_1_703' title='bbox 2887 4210 3267 4281; x_wconf 84' lang='lat' dir='ltr'><strong>obgannirent,</strong></span> <span class='ocrx_word' id='word_1_704' title='bbox 3301 4215 3464 4277; x_wconf 88' lang='lat' dir='ltr'><strong>atque</strong></span> <span class='ocrx_word' id='word_1_705' title='bbox 3493 4222 3560 4260; x_wconf 87' lang='lat' dir='ltr'><strong>cx</strong></span> 
     </span>
    </p>
   </div>
   <div class='ocr_carea' id='block_1_102' title="bbox 1990 4300 3556 4378">
    <p class='ocr_par' dir='ltr' id='par_1_102' title="bbox 1990 4300 3556 4378">
     <span class='ocr_line' id='line_1_103' title="bbox 1990 4300 3556 4378; baseline -0.008 -16"><span class='ocrx_word' id='word_1_706' title='bbox 1990 4322 2156 4378; x_wconf 85' lang='lat' dir='ltr'><strong>prave</strong></span> <span class='ocrx_word' id='word_1_707' title='bbox 2205 4306 2417 4360; x_wconf 91' lang='lat' dir='ltr'><strong>detorta</strong></span> <span class='ocrx_word' id='word_1_708' title='bbox 2471 4303 2876 4373; x_wconf 90' lang='lat' dir='ltr'><strong>Scripturarum</strong></span> <span class='ocrx_word' id='word_1_709' title='bbox 2914 4301 3207 4365; x_wconf 88' lang='lat' dir='ltr'><strong>sententia,</strong></span> <span class='ocrx_word' id='word_1_710' title='bbox 3248 4300 3556 4355; x_wconf 88' lang='lat' dir='ltr'><strong>Christiana</strong></span> 
     </span>
    </p>
   </div>
   <div class='ocr_carea' id='block_1_103' title="bbox 1990 4393 3560 4468">
    <p class='ocr_par' dir='ltr' id='par_1_103' title="bbox 1990 4393 3560 4468">
     <span class='ocr_line' id='line_1_104' title="bbox 1990 4393 3560 4468; baseline -0.007 -13"><span class='ocrx_word' id='word_1_711' title='bbox 1990 4400 2057 4454; x_wconf 90' lang='lat' dir='ltr'><strong>de</strong></span> <span class='ocrx_word' id='word_1_712' title='bbox 2088 4397 2376 4454; x_wconf 87' lang='lat' dir='ltr'><strong>Servatore</strong></span> <span class='ocrx_word' id='word_1_713' title='bbox 2400 4396 2649 4468; x_wconf 88' lang='lat' dir='ltr'><strong>dogmata</strong></span> <span class='ocrx_word' id='word_1_714' title='bbox 2679 4395 3023 4451; x_wconf 87' lang='lat' dir='ltr'><strong>traducerent</strong></span> <span class='ocrx_word' id='word_1_715' title='bbox 3051 4396 3106 4449; x_wconf 91' lang='lat' dir='ltr'><strong>in</strong></span> <span class='ocrx_word' id='word_1_716' title='bbox 3137 4394 3253 4450; x_wconf 89' lang='lat' dir='ltr'><strong>dies</strong></span> <span class='ocrx_word' id='word_1_717' title='bbox 3274 4436 3288 4460; x_wconf 92' lang='lat'><strong>,</strong></span> <span class='ocrx_word' id='word_1_718' title='bbox 3332 4393 3560 4463; x_wconf 86' lang='lat' dir='ltr'><strong>scripto-</strong></span> 
     </span>
    </p>
   </div>
   <div class='ocr_carea' id='block_1_104' title="bbox 1990 4483 3558 4554">
    <p class='ocr_par' dir='ltr' id='par_1_104' title="bbox 1990 4483 3558 4554">
     <span class='ocr_line' id='line_1_105' title="bbox 1990 4483 3558 4554; baseline -0.006 -12"><span class='ocrx_word' id='word_1_719' title='bbox 1990 4502 2079 4543; x_wconf 90' lang='lat' dir='ltr'><strong>res</strong></span> <span class='ocrx_word' id='word_1_720' title='bbox 2124 4486 2482 4542; x_wconf 86' lang='lat' dir='ltr'><strong>ecclesiastici</strong></span> <span class='ocrx_word' id='word_1_721' title='bbox 2525 4492 2739 4548; x_wconf 90' lang='lat' dir='ltr'><strong>contra,</strong></span> <span class='ocrx_word' id='word_1_722' title='bbox 2778 4493 2835 4539; x_wconf 88' lang='lat' dir='ltr'><strong>ut</strong></span> <span class='ocrx_word' id='word_1_723' title='bbox 2886 4483 3149 4554; x_wconf 86' lang='lat' dir='ltr'><strong>petulanti</strong></span> <span class='ocrx_word' id='word_1_724' title='bbox 3202 4492 3255 4539; x_wconf 88' lang='lat' dir='ltr'><strong>et</strong></span> <span class='ocrx_word' id='word_1_725' title='bbox 3305 4490 3558 4552; x_wconf 89' lang='lat' dir='ltr'><strong>protervo</strong></span> 
     </span>
    </p>
   </div>
   <div class='ocr_carea' id='block_1_105' title="bbox 1916 4568 3557 4649">
    <p class='ocr_par' dir='ltr' id='par_1_105' title="bbox 1916 4568 3557 4649">
     <span class='ocr_line' id='line_1_106' title="bbox 1916 4568 3557 4649; baseline -0.007 -14"><span class='ocrx_word' id='word_1_726' title='bbox 1916 4593 1961 4648; x_wconf 85' lang='lat'><strong>1)</strong></span> <span class='ocrx_word' id='word_1_727' title='bbox 1991 4578 2175 4649; x_wconf 89' lang='lat' dir='ltr'><strong>generi</strong></span> <span class='ocrx_word' id='word_1_728' title='bbox 2208 4585 2582 4645; x_wconf 89' lang='lat' dir='ltr'><strong>occurrerent,</strong></span> <span class='ocrx_word' id='word_1_729' title='bbox 2609 4577 2789 4631; x_wconf 90' lang='lat' dir='ltr'><strong>omnia</strong></span> <span class='ocrx_word' id='word_1_730' title='bbox 2824 4576 2890 4632; x_wconf 92' lang='lat' dir='ltr'><strong>ad</strong></span> <span class='ocrx_word' id='word_1_731' title='bbox 2912 4568 3192 4630; x_wconf 78' lang='lat' dir='ltr'><strong>Christum</strong></span> <span class='ocrx_word' id='word_1_732' title='bbox 3223 4582 3278 4629; x_wconf 90' lang='lat' dir='ltr'><strong>et</strong></span> <span class='ocrx_word' id='word_1_733' title='bbox 3305 4574 3370 4626; x_wconf 91' lang='lat' dir='ltr'><strong>ad</strong></span> <span class='ocrx_word' id='word_1_734' title='bbox 3399 4572 3557 4626; x_wconf 91' lang='lat' dir='ltr'><strong>Chri-</strong></span> 
     </span>
    </p>
   </div>
   <div class='ocr_carea' id='block_1_106' title="bbox 1989 4662 3557 4733">
    <p class='ocr_par' dir='ltr' id='par_1_106' title="bbox 1989 4662 3557 4733">
     <span class='ocr_line' id='line_1_107' title="bbox 1989 4662 3557 4733; baseline -0.003 -13"><span class='ocrx_word' id='word_1_735' title='bbox 1989 4668 2059 4721; x_wconf 89' lang='lat' dir='ltr'><strong>sti</strong></span> <span class='ocrx_word' id='word_1_736' title='bbox 2087 4665 2387 4721; x_wconf 89' lang='lat' dir='ltr'><strong>Ecclesiam</strong></span> <span class='ocrx_word' id='word_1_737' title='bbox 2419 4666 2729 4721; x_wconf 87' lang='lat' dir='ltr'><strong>referebant</strong></span> <span class='ocrx_word' id='word_1_738' title='bbox 2777 4684 2791 4722; x_wconf 89' lang='lat'>:</span> <span class='ocrx_word' id='word_1_739' title='bbox 2846 4682 2946 4720; x_wconf 86' lang='lat' dir='ltr'><strong>nec</strong></span> <span class='ocrx_word' id='word_1_740' title='bbox 2995 4664 3158 4719; x_wconf 88' lang='lat' dir='ltr'><strong>modo</strong></span> <span class='ocrx_word' id='word_1_741' title='bbox 3203 4678 3266 4718; x_wconf 93' lang='lat' dir='ltr'><strong>ea</strong></span> <span class='ocrx_word' id='word_1_742' title='bbox 3321 4676 3441 4733; x_wconf 77' lang='lat' dir='ltr'><strong>quae</strong></span> <span class='ocrx_word' id='word_1_743' title='bbox 3488 4662 3557 4716; x_wconf 87' lang='lat' dir='ltr'><strong>de</strong></span> 
     </span>
    </p>
   </div>
   <div class='ocr_carea' id='block_1_107' title="bbox 1986 4755 3555 4813">
    <p class='ocr_par' dir='ltr' id='par_1_107' title="bbox 1986 4755 3555 4813">
     <span class='ocr_line' id='line_1_108' title="bbox 1986 4755 3555 4813; baseline -0.001 -2"><span class='ocrx_word' id='word_1_744' title='bbox 1986 4756 2205 4812; x_wconf 88' lang='lat' dir='ltr'><strong>Christo</strong></span> <span class='ocrx_word' id='word_1_745' title='bbox 2233 4765 2286 4813; x_wconf 87' lang='lat' dir='ltr'><strong>et</strong></span> <span class='ocrx_word' id='word_1_746' title='bbox 2322 4757 2390 4813; x_wconf 90' lang='lat' dir='ltr'><strong>de</strong></span> <span class='ocrx_word' id='word_1_747' title='bbox 2420 4757 2623 4812; x_wconf 87' lang='lat' dir='ltr'><strong>Christi</strong></span> <span class='ocrx_word' id='word_1_748' title='bbox 2658 4756 2912 4811; x_wconf 90' lang='lat' dir='ltr'><strong>ﬁdelibus</strong></span> <span class='ocrx_word' id='word_1_749' title='bbox 2942 4756 3145 4812; x_wconf 90' lang='lat' dir='ltr'><strong>diserte</strong></span> <span class='ocrx_word' id='word_1_750' title='bbox 3174 4765 3227 4811; x_wconf 91' lang='lat' dir='ltr'><strong>et</strong></span> <span class='ocrx_word' id='word_1_751' title='bbox 3271 4755 3555 4813; x_wconf 87' lang='lat' dir='ltr'><strong>evidenter</strong></span> 
     </span>
    </p>
   </div>
   <div class='ocr_carea' id='block_1_108' title="bbox 1985 4845 3556 4916">
    <p class='ocr_par' dir='ltr' id='par_1_108' title="bbox 1985 4845 3556 4916">
     <span class='ocr_line' id='line_1_109' title="bbox 1985 4845 3556 4916; baseline 0 -14"><span class='ocrx_word' id='word_1_752' title='bbox 1985 4848 2263 4903; x_wconf 87' lang='lat' dir='ltr'><strong>enuntiata</strong></span> <span class='ocrx_word' id='word_1_753' title='bbox 2290 4846 2526 4911; x_wconf 86' lang='lat' dir='ltr'><strong>fuerant,</strong></span> <span class='ocrx_word' id='word_1_754' title='bbox 2548 4845 2642 4901; x_wconf 88' lang='lat' dir='ltr'><strong>sed</strong></span> <span class='ocrx_word' id='word_1_755' title='bbox 2673 4847 2836 4900; x_wconf 89' lang='lat' dir='ltr'><strong>etiam</strong></span> <span class='ocrx_word' id='word_1_756' title='bbox 2869 4862 3008 4916; x_wconf 68' lang='lat' dir='ltr'><strong>quae,</strong></span> <span class='ocrx_word' id='word_1_757' title='bbox 3042 4846 3187 4901; x_wconf 90' lang='lat' dir='ltr'><strong>baud</strong></span> <span class='ocrx_word' id='word_1_758' title='bbox 3218 4848 3292 4900; x_wconf 90' lang='lat' dir='ltr'><strong>ita</strong></span> <span class='ocrx_word' id='word_1_759' title='bbox 3319 4848 3556 4903; x_wconf 86' lang='lat' dir='ltr'><strong>dilucide</strong></span> 
     </span>
    </p>
   </div>
   <div class='ocr_carea' id='block_1_109' title="bbox 1985 4938 3555 5010">
    <p class='ocr_par' dir='ltr' id='par_1_109' title="bbox 1985 4938 3555 5010">
     <span class='ocr_line' id='line_1_110' title="bbox 1985 4938 3555 5010; baseline -0.001 -17"><span class='ocrx_word' id='word_1_760' title='bbox 1985 4948 2261 5001; x_wconf 86' lang='lat' dir='ltr'><strong>enarrata,</strong></span> <span class='ocrx_word' id='word_1_761' title='bbox 2292 4947 2518 5010; x_wconf 90' lang='lat' dir='ltr'><strong>possent</strong></span> <span class='ocrx_word' id='word_1_762' title='bbox 2548 4938 2601 4990; x_wconf 91' lang='lat' dir='ltr'><strong>in</strong></span> <span class='ocrx_word' id='word_1_763' title='bbox 2629 4938 2895 4992; x_wconf 85' lang='lat' dir='ltr'><strong>utramvis</strong></span> <span class='ocrx_word' id='word_1_764' title='bbox 2926 4948 3131 5008; x_wconf 87' lang='lat' dir='ltr'><strong>partem</strong></span> <span class='ocrx_word' id='word_1_765' title='bbox 3164 4938 3418 4996; x_wconf 90' lang='lat' dir='ltr'><strong>derivari.</strong></span> <span class='ocrx_word' id='word_1_766' title='bbox 3445 4938 3555 4993; x_wconf 81' lang='lat' dir='ltr'><strong>Nec</strong></span> 
     </span>
    </p>
   </div>
   <div class='ocr_carea' id='block_1_110' title="bbox 1985 5028 3549 5100">
    <p class='ocr_par' dir='ltr' id='par_1_110' title="bbox 1985 5028 3549 5100">
     <span class='ocr_line' id='line_1_111' title="bbox 1985 5028 3549 5100; baseline 0 -16"><span class='ocrx_word' id='word_1_767' title='bbox 1985 5038 2164 5084; x_wconf 89' lang='lat' dir='ltr'><strong>tutum</strong></span> <span class='ocrx_word' id='word_1_768' title='bbox 2223 5039 2339 5084; x_wconf 90' lang='lat' dir='ltr'><strong>erat</strong></span> <span class='ocrx_word' id='word_1_769' title='bbox 2393 5029 2501 5084; x_wconf 90' lang='lat' dir='ltr'><strong>illis</strong></span> <span class='ocrx_word' id='word_1_770' title='bbox 2556 5028 2893 5100; x_wconf 87' lang='lat' dir='ltr'><strong>temporibus</strong></span> <span class='ocrx_word' id='word_1_771' title='bbox 2940 5029 3333 5099; x_wconf 89' lang='lat' dir='ltr'><strong>interpretandi</strong></span> <span class='ocrx_word' id='word_1_772' title='bbox 3388 5029 3549 5084; x_wconf 89' lang='lat' dir='ltr'><strong>aliam</strong></span> 
     </span>
    </p>
   </div>
   <div class='ocr_carea' id='block_1_111' title="bbox 1984 5119 3608 5191">
    <p class='ocr_par' dir='ltr' id='par_1_111' title="bbox 1984 5119 3608 5191">
     <span class='ocr_line' id='line_1_112' title="bbox 1984 5119 3608 5191; baseline -0.001 -14"><span class='ocrx_word' id='word_1_773' title='bbox 1984 5124 2123 5178; x_wconf 91' lang='lat' dir='ltr'><strong>inire</strong></span> <span class='ocrx_word' id='word_1_774' title='bbox 2168 5123 2433 5176; x_wconf 90' lang='lat' dir='ltr'><strong>rationem</strong></span> <span class='ocrx_word' id='word_1_775' title='bbox 2466 5138 2481 5175; x_wconf 91' lang='lat'>:</span> <span class='ocrx_word' id='word_1_776' title='bbox 2516 5129 2666 5175; x_wconf 89' lang='lat' dir='ltr'><strong>certe</strong></span> <span class='ocrx_word' id='word_1_777' title='bbox 2714 5136 2825 5176; x_wconf 90' lang='lat' dir='ltr'><strong>non</strong></span> <span class='ocrx_word' id='word_1_778' title='bbox 2857 5122 3078 5191; x_wconf 87' lang='lat' dir='ltr'><strong>impune</strong></span> <span class='ocrx_word' id='word_1_779' title='bbox 3130 5120 3231 5175; x_wconf 89' lang='lat' dir='ltr'><strong>fuit</strong></span> <span class='ocrx_word' id='word_1_780' title='bbox 3261 5119 3551 5176; x_wconf 87' lang='lat' dir='ltr'><strong>Theodoro</strong></span> <span class='ocrx_word' id='word_1_781' title='bbox 3593 5164 3608 5191; x_wconf 35' lang='grc' dir='ltr'>ιι</span> 
     </span>
    </p>
   </div>
   <div class='ocr_carea' id='block_1_112' title="bbox 1984 5186 3607 5286">
    <p class='ocr_par' dir='ltr' id='par_1_112' title="bbox 1984 5186 3607 5286">
     <span class='ocr_line' id='line_1_113' title="bbox 1984 5186 3607 5286; baseline 0.001 -18"><span class='ocrx_word' id='word_1_782' title='bbox 1984 5213 2386 5283; x_wconf 86' lang='lat' dir='ltr'><strong>Mopsuesteno,</strong></span> <span class='ocrx_word' id='word_1_783' title='bbox 2413 5212 2556 5283; x_wconf 88' lang='lat' dir='ltr'><strong>quod</strong></span> <span class='ocrx_word' id='word_1_784' title='bbox 2584 5213 2831 5282; x_wconf 85' lang='lat' dir='ltr'><strong>neglecta</strong></span> <span class='ocrx_word' id='word_1_785' title='bbox 2854 5186 3222 5286; x_wconf 47' lang='lat' dir='ltr'><strong>my-stagogica</strong></span> <span class='ocrx_word' id='word_1_786' title='bbox 3255 5215 3365 5279; x_wconf 88' lang='lat' dir='ltr'><strong>illa,</strong></span> <span class='ocrx_word' id='word_1_787' title='bbox 3401 5216 3548 5271; x_wconf 86' lang='lat' dir='ltr'><strong>littc-</strong></span> <span class='ocrx_word' id='word_1_788' title='bbox 3593 5186 3607 5215; x_wconf 31' lang='grc' dir='ltr'><strong>ἢ</strong></span> 
     </span>
    </p>
   </div>
   <div class='ocr_carea' id='block_1_113' title="bbox 1983 5306 2641 5363">
    <p class='ocr_par' dir='ltr' id='par_1_113' title="bbox 1983 5306 2641 5363">
     <span class='ocr_line' id='line_1_114' title="bbox 1983 5306 2641 5363; baseline -0.002 0"><span class='ocrx_word' id='word_1_789' title='bbox 1983 5308 2082 5363; x_wconf 87' lang='lat' dir='ltr'><strong>rali</strong></span> <span class='ocrx_word' id='word_1_790' title='bbox 2118 5308 2290 5362; x_wconf 92' lang='lat' dir='ltr'><strong>solum</strong></span> <span class='ocrx_word' id='word_1_791' title='bbox 2318 5306 2641 5362; x_wconf 90' lang='lat' dir='ltr'><strong>attenderet.</strong></span> 
     </span>
    </p>
   </div>
   <div class='ocr_carea' id='block_1_114' title="bbox 2051 5392 3549 5469">
    <p class='ocr_par' dir='ltr' id='par_1_114' title="bbox 2051 5392 3549 5469">
     <span class='ocr_line' id='line_1_115' title="bbox 2051 5392 3549 5469; baseline -0.003 -16"><span class='ocrx_word' id='word_1_792' title='bbox 2051 5398 2319 5453; x_wconf 69' lang='lat' dir='ltr'><strong>Cazterum</strong></span> <span class='ocrx_word' id='word_1_793' title='bbox 2352 5399 2500 5453; x_wconf 92' lang='lat' dir='ltr'><strong>hunc</strong></span> <span class='ocrx_word' id='word_1_794' title='bbox 2526 5392 2851 5469; x_wconf 80' lang='lat' dir='ltr'><strong>explanandi</strong></span> <span class='ocrx_word' id='word_1_795' title='bbox 2897 5400 3084 5465; x_wconf 89' lang='lat' dir='ltr'><strong>ritum,</strong></span> <span class='ocrx_word' id='word_1_796' title='bbox 3139 5404 3359 5453; x_wconf 83' lang='lat' dir='ltr'><strong>auctore</strong></span> <span class='ocrx_word' id='word_1_797' title='bbox 3389 5396 3549 5453; x_wconf 80' lang='lat' dir='ltr'><strong>Chri—</strong></span> 
     </span>
    </p>
   </div>
   <div class='ocr_carea' id='block_1_115' title="bbox 1984 5485 3546 5560">
    <p class='ocr_par' dir='ltr' id='par_1_115' title="bbox 1984 5485 3546 5560">
     <span class='ocr_line' id='line_1_116' title="bbox 1984 5485 3546 5560; baseline -0.004 -15"><span class='ocrx_word' id='word_1_798' title='bbox 1984 5500 2086 5553; x_wconf 89' lang='lat' dir='ltr'><strong>sto,</strong></span> <span class='ocrx_word' id='word_1_799' title='bbox 2123 5492 2679 5546; x_wconf 84' lang='lat' dir='ltr'><strong>eommonstrantibus</strong></span> <span class='ocrx_word' id='word_1_800' title='bbox 2709 5492 2992 5560; x_wconf 90' lang='lat' dir='ltr'><strong>apostolis,</strong></span> <span class='ocrx_word' id='word_1_801' title='bbox 3026 5491 3218 5546; x_wconf 89' lang='lat' dir='ltr'><strong>sectati</strong></span> <span class='ocrx_word' id='word_1_802' title='bbox 3251 5497 3380 5545; x_wconf 89' lang='lat' dir='ltr'><strong>sunt</strong></span> <span class='ocrx_word' id='word_1_803' title='bbox 3441 5485 3546 5540; x_wconf 88' lang='lat' dir='ltr'><strong>Ec-</strong></span> 
     </span>
    </p>
   </div>
   <div class='ocr_carea' id='block_1_116' title="bbox 1982 5577 3547 5652">
    <p class='ocr_par' dir='ltr' id='par_1_116' title="bbox 1982 5577 3547 5652">
     <span class='ocr_line' id='line_1_117' title="bbox 1982 5577 3547 5652; baseline -0.002 -15"><span class='ocrx_word' id='word_1_804' title='bbox 1982 5582 2163 5637; x_wconf 71' lang='lat' dir='ltr'><strong>clesia:</strong></span> <span class='ocrx_word' id='word_1_805' title='bbox 2213 5584 2536 5652; x_wconf 86' lang='lat' dir='ltr'><strong>scriptorcs.</strong></span> <span class='ocrx_word' id='word_1_806' title='bbox 2571 5581 2686 5636; x_wconf 82' lang='lat' dir='ltr'><strong>Non</strong></span> <span class='ocrx_word' id='word_1_807' title='bbox 2718 5582 2879 5637; x_wconf 90' lang='lat' dir='ltr'><strong>modo</strong></span> <span class='ocrx_word' id='word_1_808' title='bbox 2909 5584 3053 5637; x_wconf 89' lang='lat' dir='ltr'><strong>enim</strong></span> <span class='ocrx_word' id='word_1_809' title='bbox 3087 5584 3168 5635; x_wconf 84' lang='lat' dir='ltr'><strong>lex</strong></span> <span class='ocrx_word' id='word_1_810' title='bbox 3206 5587 3361 5634; x_wconf 91' lang='lat' dir='ltr'><strong>vetus</strong></span> <span class='ocrx_word' id='word_1_811' title='bbox 3414 5577 3547 5648; x_wconf 81' lang='lat' dir='ltr'><strong>legis</strong></span> 
     </span>
    </p>
   </div>
   <div class='ocr_carea' id='block_1_117' title="bbox 1980 5670 3545 5744">
    <p class='ocr_par' dir='ltr' id='par_1_117' title="bbox 1980 5670 3545 5744">
     <span class='ocr_line' id='line_1_118' title="bbox 1980 5670 3545 5744; baseline -0.001 -17"><span class='ocrx_word' id='word_1_812' title='bbox 1980 5689 2133 5728; x_wconf 60' lang='lat' dir='ltr'><strong>novre</strong></span> <span class='ocrx_word' id='word_1_813' title='bbox 2163 5674 2332 5744; x_wconf 87' lang='lat' dir='ltr'><strong>ﬁgura</strong></span> <span class='ocrx_word' id='word_1_814' title='bbox 2365 5675 2608 5739; x_wconf 80' lang='lat' dir='ltr'><strong>exstitit;</strong></span> <span class='ocrx_word' id='word_1_815' title='bbox 2640 5675 2735 5729; x_wconf 89' lang='lat' dir='ltr'><strong>sed</strong></span> <span class='ocrx_word' id='word_1_816' title='bbox 2772 5677 2935 5730; x_wconf 91' lang='lat' dir='ltr'><strong>etiam</strong></span> <span class='ocrx_word' id='word_1_817' title='bbox 2962 5692 3050 5731; x_wconf 89' lang='lat' dir='ltr'><strong>res</strong></span> <span class='ocrx_word' id='word_1_818' title='bbox 3084 5677 3138 5729; x_wconf 90' lang='lat' dir='ltr'><strong>in</strong></span> <span class='ocrx_word' id='word_1_819' title='bbox 3166 5672 3332 5727; x_wconf 84' lang='lat' dir='ltr'><strong>veteri</strong></span> <span class='ocrx_word' id='word_1_820' title='bbox 3363 5670 3545 5726; x_wconf 84' lang='lat' dir='ltr'><strong>Eccle-</strong></span> 
     </span>
    </p>
   </div>
   <div class='ocr_carea' id='block_1_118' title="bbox 1980 5764 3540 5837">
    <p class='ocr_par' dir='ltr' id='par_1_118' title="bbox 1980 5764 3540 5837">
     <span class='ocr_line' id='line_1_119' title="bbox 1980 5764 3540 5837; baseline -0.001 -17"><span class='ocrx_word' id='word_1_821' title='bbox 1980 5766 2067 5820; x_wconf 81' lang='lat' dir='ltr'><strong>sia</strong></span> <span class='ocrx_word' id='word_1_822' title='bbox 2119 5776 2303 5837; x_wconf 67' lang='lat' dir='ltr'><strong>gestae,</strong></span> <span class='ocrx_word' id='word_1_823' title='bbox 2366 5767 2667 5836; x_wconf 58' lang='lat' dir='ltr'><strong>praesertim</strong></span> <span class='ocrx_word' id='word_1_824' title='bbox 2718 5768 3039 5832; x_wconf 87' lang='lat' dir='ltr'><strong>nobiliores,</strong></span> <span class='ocrx_word' id='word_1_825' title='bbox 3094 5766 3283 5821; x_wconf 88' lang='lat' dir='ltr'><strong>umbra</strong></span> <span class='ocrx_word' id='word_1_826' title='bbox 3340 5764 3540 5818; x_wconf 89' lang='lat' dir='ltr'><strong>Christi</strong></span> 
     </span>
    </p>
   </div>
   <div class='ocr_carea' id='block_1_119' title="bbox 1978 5855 3539 5930">
    <p class='ocr_par' dir='ltr' id='par_1_119' title="bbox 1978 5855 3539 5930">
     <span class='ocr_line' id='line_1_120' title="bbox 1978 5855 3539 5930; baseline -0.003 -17"><span class='ocrx_word' id='word_1_827' title='bbox 1978 5859 2203 5930; x_wconf 84' lang='lat' dir='ltr'><strong>ejusque</strong></span> <span class='ocrx_word' id='word_1_828' title='bbox 2231 5858 2624 5928; x_wconf 79' lang='lat' dir='ltr'><strong>discipulorum</strong></span> <span class='ocrx_word' id='word_1_829' title='bbox 2658 5867 2834 5919; x_wconf 85' lang='lat' dir='ltr'><strong>erant.</strong></span> <span class='ocrx_word' id='word_1_830' title='bbox 2865 5858 2999 5915; x_wconf 87' lang='lat' dir='ltr'><strong>Nam</strong></span> <span class='ocrx_word' id='word_1_831' title='bbox 3034 5855 3351 5913; x_wconf 64' lang='lat' dir='ltr'><strong>lateo-earinis</strong></span> <span class='ocrx_word' id='word_1_832' title='bbox 3394 5856 3445 5909; x_wconf 85' lang='lat' dir='ltr'><strong>in</strong></span> <span class='ocrx_word' id='word_1_833' title='bbox 3473 5855 3539 5928; x_wconf 68' lang='lat' dir='ltr'><strong>ﬁ-</strong></span> 
     </span>
    </p>
   </div>
  </div>
