4086 6556
452 369 525 424 9.5

454 369 525 424 9.5
1086 369 1392 433 {EUSEBII
1430 372 1911 434 CESARIENSIS
1943 377 2095 436 OPP.
2136 372 2316 431 PARS
2354 371 2447 426 Ill.
2484 402 2555 412 —
2592 370 3007 428 EXEGETICA.

3620 378 3694 430 ξι

453 486 601 557 gari:
628 488 996 558 contingebant
1021 488 1131 544 iliis
1158 507 1176 543 :
1219 493 1417 561 scripta
1445 504 1569 547 sunt
1601 506 1777 551 autem
1819 498 1890 552 ad
1933 516 2028 552 no—
2058 503 2102 558 Α
2132 502 2218 546 rat
2253 491 2519 547 Eusebius
2543 490 2609 545 ad
2640 490 2903 561 psalmum
2935 485 3509 544 cxvm.Theodoretus
3539 487 3693 555 item,

455 589 625 633 stram
651 578 1068 637 admonitionem
1096 583 1150 653 (Ι
1176 583 1301 640 Cor.
1339 603 1395 649 ι.
1426 587 1536 657 Η).
1563 587 1716 644 Unde
1747 588 2029 646 Tertullia-

454 686 563 727 nus
610 670 679 726 de
730 675 1137 731 resurrectione
1183 679 1388 743 carnis,
1444 680 1598 734 Talia
1642 682 1875 747 interim,
1929 685 2025 747 ait,

454 762 757 819 diuinarum
788 767 976 821 virium
1002 767 1341 833 lineamenta,
1393 788 1495 825 non
1539 774 1712 828 utinus
1757 776 2029 843 parabolis

374 858 381 871 ‘
455 866 670 924 operata
699 856 829 921 Deo,
853 875 1012 929 quam
1047 861 1241 915 locuto.
1276 860 1418 916 Inter
1444 863 1733 932 prephetas
1765 874 1944 921 autem
1973 877 2028 922 et

452 958 782 1016 pratstantes
814 952 983 1017 viros,
1030 954 1126 1023 qui
1176 954 1230 1007 in
1265 954 1428 1008 veteri
1461 955 1576 1024 lege
1607 955 1814 1011 Christi
1842 967 2026 1030 typum

456 1053 695 1107 gessere,
730 1056 891 1095 nemo
920 1043 1145 1112 propius
1175 1058 1461 1112 personam
1485 1044 1604 1113 ejus
1633 1047 1839 1110 retulit,
1865 1064 2027 1118 quam

458 1129 653 1193 David.
686 1148 883 1202 genere
916 1134 1044 1189 item
1097 1136 1475 1206 prepinquior.
1520 1137 1691 1206 Cujus
1732 1154 1840 1193 non
1867 1140 2029 1195 modo

456 1230 631 1292 gesta,
677 1224 774 1279 sed
823 1226 991 1281 etiam
1036 1226 1181 1280 dicta
1236 1228 1291 1281 in
1342 1227 1575 1285 Psalmis
1606 1232 1929 1300 prmsertim,
1960 1232 2027 1286 ad

455 1316 662 1374 Christi
694 1333 984 1388 personam
1030 1317 1442 1390 Ecclesiamque
1494 1322 1791 1392 pertinere,
1842 1322 2029 1380 divino

454 1408 629 1479 ipsiu‘s
669 1407 871 1465 Christi
900 1426 997 1465 ore
1018 1409 1332 1467 didicimus.
1359 1410 1453 1467 llle
1488 1427 1619 1466 vero
1647 1429 1842 1470 sensus
1863 1415 2031 1486 ἀλλη-

453 1500 803 1573 γορούμενος,
842 1502 957 1558 sive
988 1504 1426 1575 mystagogicus.
1484 1520 1593 1558 non
1629 1521 1657 1557 a
1702 1505 2029 1562 Christianis

454 1592 640 1659 modo,
674 1594 770 1649 sed
797 1595 964 1648 etiam
1001 1610 1031 1648 a
1064 1594 1267 1651 Iudaeis
1289 1596 1565 1652 adhibitus
1603 1605 1688 1651 est
1736 1617 1749 1651 :
1790 1598 1893 1654 etsi
1925 1599 2026 1661 illi,

459 1692 522 1738 ut
577 1685 837 1740 obcaecati
873 1693 1037 1755 atque
1092 1688 1371 1742 sensilium
1426 1704 1605 1743 rerum
1649 1690 1791 1745 mole
1845 1692 2029 1745 obruti

453 1786 633 1841 erant,
666 1778 849 1830 omnia
884 1778 951 1833 ad
983 1794 1072 1834 res
1100 1780 1482 1849 temporarias,
1532 1781 1771 1845 divitias,
1823 1782 2024 1836 terreni

2131 586 2224 657 qui
2258 586 2578 656 plerumque
2606 584 2673 638 ab
2701 582 3005 637 Eusebiana
3035 582 3477 652 interpretatione
3526 581 3688 638 defle-

2129 678 2251 743 ctit,
2288 692 2397 731 non
2429 691 2554 731 raro
2588 684 2767 730 tamen
2803 675 2893 729 illa
2926 690 3063 745 pene
3107 673 3176 729 ad
3220 674 3447 729 verbum
3496 676 3689 738 utitur,

2131 771 2238 826 etsi
2262 768 2508 824 breviore
2540 775 2599 822 ut
2626 767 2922 837 plurimum
2956 764 3136 836 stylo:
3173 779 3296 818 nam
3321 763 3605 828 Eusebius,
3634 774 3693 818 ut

2127 861 2239 931 jam
2293 860 2554 924 diximus,
2595 860 2669 913 ita
2703 859 2946 931 prolixas
2978 857 3207 913 subinde
3236 858 3486 925 periodos
3518 856 3689 922 ducit,

2132 954 2223 1008 vix
2248 960 2307 1006 ut
2336 952 2532 1007 seriem
2560 950 2960 1022 deprehendas,
2994 957 3046 1005 et
3074 949 3166 1004 ubi
3197 948 3515 1003 sententiam
3543 949 3695 1002 clau-

2131 1044 2223 1099 dat
2255 1059 2366 1098 non
2400 1044 2475 1097 ita
2506 1042 2662 1098 facile
2686 1042 3008 1112 comperias.
3044 1039 3241 1095 Asterii
3271 1054 3400 1093 vero
3426 1039 3691 1107 interpre-

2131 1132 2267 1187 tatio
2312 1132 2508 1201 psalmi
2560 1146 2637 1195 tv,
2696 1146 2859 1202 quam
2914 1128 3306 1185 commentario
3359 1128 3578 1184 Eusebii
3633 1128 3691 1182 in

2131 1224 2382 1279 eumdem
2418 1224 2685 1295 psalmum
2721 1221 3125 1292 subjunximus,
3172 1234 3205 1273 a
3247 1219 3479 1290 quodam
3531 1218 3695 1275 scho-

2130 1315 2290 1371 liaste
2317 1318 2530 1371 invecta
2559 1322 2666 1379 est,
2709 1314 2801 1385 qui
2842 1314 3116 1369 Asterium
3165 1312 3425 1366 Arianum
3459 1326 3581 1366 esse
3608 1312 3693 1365 in-

2130 1406 2299 1473 dicat,
2336 1408 2543 1463 scilicet
2577 1406 2876 1476 sophistam
2901 1405 3051 1459 illum
3082 1403 3485 1466 circulatorem,
3522 1405 3611 1475 qui
3636 1404 3693 1456 in

2131 1502 2271 1574 ipsis
2299 1500 2595 1556 Arianismi
2634 1498 2876 1555 exordiis
2919 1505 3108 1552 contra
3142 1497 3440 1552 catholicos
3476 1495 3699 1551 antisti-

2130 1605 2214 1652 tes
2245 1597 2537 1652 classicum
2579 1593 2829 1659 canebat,
2880 1600 2935 1648 et
2983 1592 3286 1647 doctrinam
3332 1592 3399 1647 de
3431 1591 3566 1646 Filio
3599 1591 3694 1645 Dei

2132 1687 2443 1758 spargebat,
2497 1685 2581 1742 vel
2629 1685 2744 1755 ipsa
2778 1683 3032 1738 Arianica
3067 1682 3408 1737 deteriorem.
3461 1680 3541 1733 Ex
3589 1686 3697 1735 hoc

2131 1787 2309 1835 autem
2336 1778 2632 1849 specimine
2653 1776 3049 1847 deprehendas,
3082 1775 3353 1830 Asterium
3386 1775 3582 1843 partim
3612 1774 3697 1827 lit-

454 1863 612 1932 regni
644 1863 1015 1931 latitudinem,
1047 1845 1258 1923 Mcssite
1303 1868 1389 1923 sui
1437 1870 1746 1939 imperium,
1799 1869 2027 1926 reduce-
2057 1845 2101 1899 Β
2132 1845 2382 1931 ιετθιθιιιξ
2417 1868 2614 1940 partim
2650 1845 3081 1940 mvstagogicum
3131 1866 3524 1935 interpretandi
3574 1881 3695 1920 mo-

453 1964 576 2011 rent
610 1974 629 2011 :
655 1972 762 2026 qua
794 1958 851 2012 in
899 1974 958 2015 re
1000 1974 1029 2013 a
1056 1958 1207 2030 justa
1238 1961 1509 2033 allegoriae
1538 1964 1749 2017 ratione
1792 1963 2029 2018 immane

454 2056 721 2117 quantum
752 2051 1103 2108 aberrabant.
1142 2053 1414 2124 Allcgoria
1449 2057 1670 2125 quippe,
1711 2054 1903 2125 figura,
1940 2063 2025 2125 ty-

455 2156 562 2211 pus
584 2149 641 2197 et
672 2145 886 2207 umbra,
915 2146 1068 2215 signa
1098 2153 1225 2201 sunt
1249 2162 1428 2201 rerum
1462 2162 1572 2202 non
1594 2147 1911 2202 earumdem
1943 2156 2027 2200 at-

451 2249 561 2302 que
591 2234 699 2289 illa:
736 2252 857 2305 quae
902 2237 1177 2308 allegoriae
1230 2248 1284 2293 et
1331 2238 1442 2309 typi
1477 2255 1677 2293 munus
1720 2247 2021 2309 praestant:

453 2325 658 2380 atenim
710 2330 793 2383 vel
845 2328 963 2398 ipsa
1012 2330 1283 2400 allegoria:
1328 2346 1452 2397 vox,
1487 2332 1639 2402 signa
1683 2331 2021 2401 hujusmodi,

450 2430 571 2471 rem
599 2417 762 2473 aliam
793 2418 950 2487 longe
977 2420 1271 2484 diversam,
1305 2421 1579 2492 disparem
1618 2430 1671 2478 et
1717 2422 2021 2494 digniorem

452 2509 768 2581 signiﬁcare
820 2514 1158 2570 subindicat.
1195 2514 1364 2570 Multo
1392 2516 1558 2585 igitur
1583 2518 1931 2589 praestantior
1968 2526 2022 2573 et

448 2602 632 2657 verior
674 2604 765 2658 illa
822 2605 1262 2662 Christianorum
1315 2608 1712 2679 interpretatio,
1772 2626 1879 2681 qua
1930 2626 2022 2665 res

446 2709 742 2765 corporeas
791 2706 845 2752 et
876 2699 1186 2762 sensibiles,
1242 2700 1309 2754 ad
1345 2700 1714 2772 intelligibiles
1744 2716 1809 2757 ac
1855 2703 2022 2758 cmle-

447 2795 581 2850 stes,
615 2789 875 2844 incolumi
903 2798 1081 2845 tamen
1106 2791 1299 2846 litterae
1320 2806 1506 2855 sensu,
1539 2792 1803 2849 referunt.

522 2879 637 2936 Hoc
664 2897 793 2953 ergo
827 2898 1000 2953 genus
1036 2883 1433 2953 interpretandi
1464 2901 1675 2942 summe
1693 2894 1777 2942 est
1809 2886 1877 2941 ab
1906 2886 2018 2940 Eu-

446 2971 603 3027 sebio
627 2970 1050 3042 frequentatum.
1092 2972 1228 3027 illud
1263 2983 1443 3029 autem
1473 2975 1786 3046 hujusmodi
1819 2984 1925 3042 est,
1957 2984 2020 3033 ut

447 3063 626 3118 sicubi
666 3064 877 3120 inimici
918 3065 1269 3136 insurgentes
1295 3077 1350 3121 et
1397 3069 1794 3124 tumultuantes
1834 3069 2018 3140 expri-

452 3163 696 3219 mantur,
729 3156 873 3225 quod
917 3157 973 3211 in
1016 3158 1244 3228 psalmis
1277 3156 1722 3228 frequentissime
1750 3160 2015 3223 occurrit,

2128 1978 2242 2018 rem
2274 1967 2538 2017 sectatum
2576 1979 2589 2013 :
2625 1974 2725 2015 nec
2773 1960 2843 2016 iis
2895 1959 3095 2030 ingenii
3128 1958 3495 2028 doctrinaeque
3522 1960 3695 2027 parti-

2129 2050 2232 2105 bus
2266 2050 2618 2113 instructum,
2650 2064 2771 2119 qua:
2799 2048 3035 2105 fuissent
3065 2047 3133 2102 ad
3166 2055 3375 2102 tantum
3404 2063 3542 2118 Opus
3569 2063 3694 2118 per-

2130 2141 2417 2197 ficiendum
2450 2142 2608 2197 satis.
2664 2140 2997 2197 Scholiastes
3031 2155 3197 2212 porro
3240 2141 3331 2196 ille
3382 2142 3693 2219 nonAste-

2124 2235 2265 2289 rium
2310 2232 2473 2288 modo
2522 2234 2775 2289 Arianica
2821 2235 2942 2290 labe
2988 2248 3268 2300 aspersum
3316 2232 3553 2293 indicat,
3595 2232 3691 2288 sed

2126 2326 2291 2381 etiam
2318 2325 2637 2389 Eusebium,
2682 2326 2859 2382 sicubi
2907 2327 2975 2381 ad
3028 2325 3397 2380 Arianismum
3427 2323 3691 2388 deflectit,

2126 2426 2188 2473 ut
2213 2418 2475 2471 Arianum
2506 2416 2765 2481 traducit,
2800 2426 2859 2472 ut
2892 2433 2991 2473 suo
3013 2418 3133 2472 loco
3156 2417 3360 2472 videas.

2122 2530 2205 2582 Vl.
2224 2529 2460 2592 .Antiquis
2498 2530 3167 2656 interpretibtgret‘tigquenter
3198 2529 3368 2577 utitur.
3387 2526 3507 2576 LXX
3532 2524 3691 2575 Inter-

2952 2606 2993 2642 s.

2952 2606 2993 2642 S.

2191 2695 2337 2753 Nihil
2388 2706 2568 2753 autem
2622 2698 2712 2755 his
2757 2698 2813 2753 in
2862 2696 3271 2753 commentariis
3320 2695 3689 2766 praestantius,

2124 2790 2261 2844 nihil
2296 2791 2590 2861 pretiosius
2640 2789 3086 2862 frequentissimo
3120 2789 3213 2843 illo
3245 2795 3488 2843 veterum
3520 2789 3689 2841 inter-

2126 2891 2339 2953 pretum
2376 2899 2498 2941 usu.
2531 2884 2746 2939 Atenim
2780 2885 2955 2939 multo
2984 2884 3139 2953 plura
3166 2898 3233 2937 ex
3261 2881 3477 2952 Aquila,
3509 2877 3692 2935 Theo-

2123 2977 2344 3034 dotione
2400 2984 2453 3032 et
2497 2976 2826 3048 Symmacho
2876 2976 3032 3031 affert
3082 2974 3372 3039 Eusebius,
3423 2989 3584 3045 quam
3635 2974 3694 3027 in

2126 3069 2311 3124 Drusii
2362 3070 2448 3125 vel
2492 3067 2693 3123 Nobilii
2744 3068 3158 3124 collectionibus
3200 3083 3429 3138 usquam
3472 3080 3693 3135 compa-

2126 3171 2304 3226 reant,
2336 3161 2411 3215 ita
2441 3167 2501 3214 ut
2533 3159 2655 3230 ejus
2683 3158 3013 3215 adminiculo
3042 3173 3150 3213 non
3190 3174 3314 3213 raro
3340 3160 3578 3230 psalmos
3609 3161 3693 3212 in-

445 3243 503 3299 id
532 3246 616 3301 vel
640 3245 707 3299 ad
729 3244 948 3303 Judaros
980 3256 1173 3303 contra
1204 3249 1483 3304 Christum
1519 3248 1812 3327 frementes
1836 3260 1890 3305 et
1908 3266 2023 3305 ma-
2049 3237 2094 3297 θ
2128 3263 2334 3326 tegros,
2365 3271 2433 3310 ex
2473 3254 2787 3327 Symmachi
2820 3254 3055 3309 maxime
3082 3253 3353 3316 versione,
3390 3260 3695 3307 restaurare

449 3335 774 3402 chinantes,
806 3338 888 3392 vel
911 3338 979 3391 ad
1002 3336 1302 3393 Ecclesiam
1334 3340 1403 3395 ab
1432 3340 1706 3406 hostibus,
1747 3342 1955 3397 scilicet
1989 3357 2020 3395 a

453 3428 801 3499 principibus
828 3428 995 3497 hujus
1021 3429 1229 3494 saeculi,
1282 3439 1375 3483 aut
1414 3445 1445 3483 a
1477 3429 1817 3485 daemonibus
1849 3447 2024 3501 oppu-

452 3526 695 3589 gnatam,
728 3518 810 3572 vel
839 3519 908 3573 ad
952 3519 1164 3575 fidelem
1212 3521 1448 3575 animam
1480 3530 1728 3577 vexatam
1763 3538 1791 3576 a
1823 3524 2022 3592 spiriti-

452 3610 549 3664 bus
571 3610 891 3675 immundis,
926 3612 1194 3666 referatur
1233 3631 1246 3667 :
1281 3612 1327 3668 si
1363 3614 1484 3668 laeta
1514 3621 1569 3669 et
1612 3614 1854 3684 jucunda
1894 3614 2025 3670 effe-

448 3710 667 3767 rantur,
718 3703 927 3757 coeleSti
971 3701 1359 3777 Jerosolymae,
1411 3705 1529 3762 sive
1579 3705 1874 3771 Ecclesiae,
1927 3722 2023 3763 seu

452 3794 754 3851 Christiani
782 3795 1074 3865 cujuslibet
1100 3798 1317 3865 animai,
1342 3805 1517 3853 totum
1548 3798 1892 3855 adscribatur
1923 3817 1936 3853 :
1977 3799 2024 3853 si

456 3885 682 3941 ﬂumina
730 3886 1051 3941 inundantia
1083 3898 1477 3954 memorentur,
1527 3888 1581 3943 id
1621 3888 1688 3943 de
1730 3887 2023 3944 confluenti

450 3979 519 4033 ad
568 3976 770 4032 Christi
826 3978 1128 4032 doctrinam
1175 3980 1414 4049 gentium
1443 3979 1790 4034 multitudine
1822 3980 2024 4035 intelli-

454 4078 634 4141 gatur.
664 4070 837 4136 Quam
865 4071 1190 4141 explanandi
1226 4072 1394 4136 viam,
1418 4088 1527 4126 non
1550 4070 1817 4129 Eusebius
1837 4075 2019 4139 modo,

451 4162 549 4216 sed
593 4161 757 4216 etiam
793 4160 1117 4217 Theodorus
1166 4160 1532 4227 Heracleotes,
1573 4160 2020 4233 Chrysostomus,

454 4252 835 4310 Theodoretus
881 4262 935 4310 et
983 4254 1075 4308 alii
1107 4254 1352 4324 plerique
1387 4253 1577 4309 sectati
1629 4261 1778 4318 sunt,
1827 4269 1935 4323 qua
1966 4255 2021 4307 in

453 4352 611 4417 parte
659 4346 706 4400 si
757 4360 926 4400 unum
978 4346 1152 4407 noris,
1197 4359 1391 4399 omnes
1419 4343 1588 4398 noris.
1621 4342 1808 4413 Neque
1842 4356 2022 4399 tamen

454 4437 610 4491 inter
669 4438 1071 4508 mystagogieas
1144 4436 1621 4505 interpretationes
1675 4437 2025 4501 accensendte

451 4528 581 4593 illae,
610 4543 732 4598 qua:
766 4528 1000 4589 litteram
1029 4528 1201 4598 ipsam
1224 4527 1288 4581 ad
1322 4543 1487 4581 unum
1515 4528 1793 4583 Christum
1826 4528 2019 4582 referri

2129 3347 2314 3401 liceat.
2366 3347 2492 3403 lllas
2541 3363 2707 3418 porro
2744 3346 3026 3402 versioues
3078 3344 3242 3398 modo
3272 3342 3338 3397 ad
3383 3342 3691 3408 litteralem,

2129 3439 2292 3494 modo
2343 3439 2411 3494 ad
2470 3439 2894 3511 mystagogicam
2959 3437 3310 3493 asserendam
3369 3437 3692 3492 sententiam

2132 3538 2359 3601 usurpat
2392 3550 2405 3586 :
2439 3545 2830 3601 nonnunquam
2861 3528 2925 3584 ad
2967 3529 3151 3584 decem
3182 3543 3375 3584 versus
3408 3542 3515 3582 una
3554 3529 3701 3584 serie

2128 3622 2284 3678 afl'ert
2318 3642 2331 3677 :
2366 3623 2845 3694 expositionesque
2887 3636 3072 3676 eorum
3131 3616 3484 3692 Septuaginta
3524 3619 3696 3676 Inter-

2129 3720 2342 3782 pretum
2375 3712 2618 3769 versioni
2673 3711 3080 3782 anteponendas
3136 3711 3333 3766 asserit
3356 3710 3500 3765 haud
3526 3709 3697 3765 infre-

2128 3812 2377 3874 quenter.
2407 3805 2658 3875 Aquilam
2690 3803 2972 3861 Hebraica:
2995 3805 3189 3860 litterae
3214 3801 3699 3866 servientem,6eo-

2129 3898 2351 3953 λεύοντα
2371 3900 2438 3969 τῇ
2484 3898 2747 3971 Ἑϐραῖκῇ
2777 3898 2942 3965 λέξει,
2974 3898 3063 3953 hic
3084 3907 3138 3953 et
3164 3899 3219 3952 in
3263 3894 3554 3964 evangelica
3591 3891 3695 3946 De-

2130 3990 2508 4046 monstratione
2541 3991 2726 4046 multis
2757 3992 2810 4045 in
2843 3990 2978 4045 locis
3014 3996 3317 4058 nuncupat.
3353 3985 3404 4042 ls
3438 3985 3697 4040 nimirum

2129 4087 2203 4139 ita
2252 4084 2443 4139 litterae
2487 4083 2666 4147 haesit,
2701 4089 2760 4137 ut
2792 4082 2920 4137 dum
2963 4082 3128 4136 verba
3174 4080 3444 4145 redderet,
3477 4086 3696 4134 senten-

2133 4177 2265 4230 tiam
2298 4190 2407 4230 non
2440 4176 2513 4228 ita
2544 4173 2839 4229 curaverit.
2875 4171 3259 4244 Symmachum
3306 4186 3445 4240 saepe
3474 4169 3694 4223 mirabi-

2130 4264 2233 4319 lem
2251 4264 2382 4318 dicit
2412 4263 2783 4332 interpretem,
2807 4261 3034 4332 ejusquc
3057 4262 3307 4317 versione
3331 4262 3502 4315 utitur
3525 4260 3697 4315 liben-

2130 4353 2260 4416 tius,
2291 4352 2631 4423 frequentius
2664 4359 2717 4406 et
2745 4352 3041 4421 copiosius.
3078 4351 3283 4407 Ambos
3312 4360 3493 4405 tamen
3530 4350 3605 4402 ait
3636 4349 3693 4402 in

2131 4448 2357 4516 gratiam
2387 4445 2701 4502 Judaeorum
2748 4446 3065 4518 prOphetias
3086 4445 3152 4501 de
3181 4445 3401 4501 Christo
3439 4444 3599 4497 aliam
3637 4443 3694 4496 in

2130 4540 2455 4594 sententiam
2510 4540 2790 4595 derivasse
2859 4557 2870 4593 :
2946 4537 3394 4609 Ἰουδαῖκώτερον,
3444 4537 3524 4592 sic
3582 4535 3693 4599 ille,

452 4633 557 4673 nec
609 4616 983 4688 infrequenter
1028 4619 1419 4687 comprobant;
1460 4626 1519 4673 ut
1551 4618 1783 4689 exempli
1829 4632 2018 4682 causa,

2142 4630 2372 4695 Ἀκύλας
2404 4632 2499 4685 καὶ
2528 4632 2818 4704 Σύμμαχος
2849 4632 2947 4704 τὴν
2994 4631 3287 4705 ἑρμηνείαν
3336 4627 3693 4691 ὲκτεθείκασι,

453 4724 579 4763 cum
602 4706 871 4764 Eusebius
911 4709 1178 4780 psalmum
1212 4726 1344 4773 xvn,
1377 4710 1540 4775 Deus,
1574 4709 1715 4764 Deus
1744 4727 1911 4776 meus,
1940 4727 2023 4764 τοι

452 4800 596 4868 aspice
622 4800 674 4852 in
708 4815 811 4863 me,
844 4799 900 4854 in
945 4814 1056 4854 uno
1084 4800 1304 4855 Christo
1335 4800 1615 4871 impletum
1646 4814 1769 4854 esse
1796 4813 2017 4853 asseve-

450 4898 540 4944 rat
572 4910 585 4944 :
619 4890 674 4944 iu
710 4890 814 4945 hoc
840 4891 985 4946 enim
1011 4900 1065 4947 et
1092 4892 1148 4946 in
1170 4891 1465 4958 similibus,
1516 4899 1575 4945 ut
1617 4904 1776 4945 nemo
1799 4905 1907 4943 non
1944 4888 2023 4942 fa-

450 4992 655 5049 teatur,
687 4999 882 5040 sensus
905 4985 1020 5055 ipse
1041 4984 1293 5040 litterulis
1321 4982 1605 5042 Christum
1626 4981 1868 5051 respicit.
1896 4979 2022 5035 llam

450 5077 519 5132 de
551 5077 943 5148 interpretandi
974 5078 1082 5132 ritu
1108 5076 1254 5132 dicta
1284 5084 1469 5132 sunto.

578 5186 636 5235 V.
666 5187 908 5238 Eusebius
928 5187 1196 5252 Origeuem
1223 5187 1469 5250 sequitur,
1496 5184 1582 5236 alii
1612 5184 1897 5235 Eusebium.

518 5266 787 5323 Caeterum
837 5269 1111 5326 Eusebius
1162 5269 1412 5339 Origenis
1459 5267 1831 5338 expositiones
1878 5265 2023 5320 haud

447 5362 681 5419 obscure
734 5372 999 5432 sectatur,
1038 5372 1150 5419 tam
1189 5362 1334 5433 quod
1385 5361 1451 5415 ad
1485 5360 1659 5429 ipsam
1691 5358 2019 5429 explanandi

448 5456 734 5521 rationem,
785 5474 949 5529 quam
996 5459 1145 5528 quod
1187 5456 1254 5511 ad
1283 5455 1572 5510 verborum
1607 5452 1843 5518 seriem;
1876 5462 1936 5510 ut
1965 5455 2023 5509 in

447 5549 838 5621 manuscriptis
889 5558 945 5606 et
995 5548 1159 5605 editis
1210 5546 1421 5602 catenis
1476 5543 1659 5597 videre
1698 5550 1779 5597 est
1828 5562 1841 5597 :
1893 5558 2020 5597 nam

448 5643 877 5697 commentarios
912 5640 1169 5711 Origenis
1194 5640 1387 5709 plenos
1421 5636 1769 5707 integrosque
1810 5636 2020 5705 jamdiu

445 5733 730 5799 amisimus
763 5753 776 5787 :
813 5734 934 5803 ejus
969 5747 1133 5804 porro
1160 5728 1581 5786 commentarios
1613 5728 1780 5783 semel
1818 5744 2022 5785 memo-

512 5848 589 5912 (α)
611 5833 741 5913 Ῥεια.
762 5846 890 5906 516.

2130 4718 2185 4773 id
2208 4728 2311 4782 est,
2344 4719 2503 4774 Modo
2546 4721 2614 4774 ad
2655 4720 2941 4774 Iudaicam
2972 4720 3262 4774 doctrinam
3301 4718 3514 4788 propius
3545 4732 3695 4769 acce-

2129 4809 2301 4875 dente,
2336 4812 2529 4881 Aquila
2560 4822 2609 4867 et
2642 4812 2989 4881 Symmachus
3030 4809 3360 4879 interpretati
3388 4817 3529 4862 sunt.
3560 4804 3695 4859 Nam

2129 4900 2185 4955 in
2221 4901 2678 4957 Demonstratione
2722 4903 3019 4974 evangelica
3049 4903 3126 4973 (α)
3170 4902 3241 4956 ait
3276 4894 3691 4966 utrumque'Juv

2130 4993 2306 5049 daeum
2341 5002 2435 5049 aut
2472 4995 2879 5051 semi—Juda-um
2902 4994 3093 5049 fuisse.
3113 4992 3536 5047 Theodotionem
3570 5004 3694 5043 cum

2132 5086 2293 5141 laude
2342 5095 2642 5152 memorat,
2700 5096 2754 5141 et
2812 5095 3127 5141 accuratum
3187 5086 3538 5154 interpretem
3598 5079 3692 5133 ait.

2131 5175 2332 5243 Quinta
2366 5176 2547 5231 minus
2572 5175 2905 5247 frequenter,
2938 5172 3100 5230 Sexta
3128 5187 3259 5228 vero
3298 5170 3580 5226 rarissime
3611 5168 3698 5221 in-

2129 5266 2612 5339 terpretationibus
2666 5267 2859 5323 utitur.
2894 5265 3062 5321 Notas
3107 5264 3161 5319 in
3210 5261 3526 5334 hujusmodi
3572 5273 3697 5313 vcr-

2132 5361 2314 5416 siones
2346 5375 2499 5414 raras
2522 5367 2576 5414 et
2602 5359 2955 5415 brevissimas
2976 5358 3226 5413 dedimus
3253 5375 3266 5410 :
3298 5354 3424 5424 quia
3450 5367 3480 5405 a
3510 5350 3695 5406 multis

2124 5454 2237 5524 jam
2289 5452 2448 5507 annis
2498 5450 2566 5504 ad
2613 5450 2976 5520 Hexaplorum
3033 5455 3285 5516 excerpta
3314 5461 3379 5499 ex
3411 5442 3697 5499 codicibus

2129 5561 2252 5601 cum
2308 5544 2470 5600 editis
2518 5550 2633 5598 tum
2691 5542 3081 5613 manuscriptis
3123 5535 3425 5605 colligenda
3451 5535 3693 5590 animum

2129 5635 2313 5706 appuli
2364 5654 2377 5690 :
2428 5634 2682 5706 quodque
2740 5633 2906 5689 habui
2968 5631 3179 5687 caeteris
3226 5643 3347 5698 quae
3391 5624 3693 5681 tractabam

2131 5730 2252 5795 otii,
2290 5730 2417 5785 huic
2453 5729 2748 5799 provinciae
2799 5726 3113 5785 consecravi
3152 5743 3163 5778 :
3201 5733 3251 5778 et
3280 5722 3390 5795 jam
3423 5727 3573 5774 tanta
3599 5732 3698 5774 eo-

3716 5862 3733 5916 ‘
4080 5798 4086 6135 1
