  <div class='ocr_page' id='page_1' title='image "/cluster/home/n/w/nwhite01/storage/ocr_20150623/23/hvd.32044019207711/020.png"; bbox 0 0 4086 6526; ppageno 0'>
   <div class='ocr_carea' id='block_1_1' title="bbox 358 338 3601 404">
    <p class='ocr_par' dir='ltr' id='par_1_1' title="bbox 358 338 3601 404">
     <span class='ocr_line' id='line_1_1' title="bbox 358 338 3601 404; baseline 0.003 -9"><span class='ocrx_word' id='word_1_1' title='bbox 358 338 432 396; x_wconf 74' lang='lat'><strong>25</strong></span> <span class='ocrx_word' id='word_1_2' title='bbox 1141 338 1649 398; x_wconf 79' lang='lat' dir='ltr'><strong>COMMENTARIA</strong></span> <span class='ocrx_word' id='word_1_3' title='bbox 1689 340 1756 396; x_wconf 82' lang='lat' dir='ltr'><strong>IN</strong></span> <span class='ocrx_word' id='word_1_4' title='bbox 1791 340 2125 399; x_wconf 69' lang='lat' dir='ltr'><strong>PSALMOS.</strong></span> <span class='ocrx_word' id='word_1_5' title='bbox 2160 374 2229 385; x_wconf 91' lang='lat'><strong><em>—</em></strong></span> <span class='ocrx_word' id='word_1_6' title='bbox 2258 341 2801 400; x_wconf 65' lang='lat' dir='ltr'><strong>PRELIMINARIA.</strong></span> <span class='ocrx_word' id='word_1_7' title='bbox 3530 348 3601 404; x_wconf 73' lang='grc'><strong>26</strong></span> 
     </span>
    </p>
   </div>
   <div class='ocr_carea' id='block_1_2' title="bbox 356 450 1906 532">
    <p class='ocr_par' dir='ltr' id='par_1_2' title="bbox 356 450 1906 532">
     <span class='ocr_line' id='line_1_2' title="bbox 356 450 1906 532; baseline -0.001 -18"><span class='ocrx_word' id='word_1_8' title='bbox 356 473 478 514; x_wconf 71' lang='lat' dir='ltr'><strong>rum</strong></span> <span class='ocrx_word' id='word_1_9' title='bbox 511 471 755 514; x_wconf 73' lang='lat' dir='ltr'><strong>accessno</strong></span> <span class='ocrx_word' id='word_1_10' title='bbox 782 450 927 512; x_wconf 82' lang='lat' dir='ltr'><strong>facta</strong></span> <span class='ocrx_word' id='word_1_11' title='bbox 957 464 1063 523; x_wconf 91' lang='lat' dir='ltr'><strong>est,</strong></span> <span class='ocrx_word' id='word_1_12' title='bbox 1090 465 1151 511; x_wconf 92' lang='lat' dir='ltr'><strong>ut</strong></span> <span class='ocrx_word' id='word_1_13' title='bbox 1174 458 1480 529; x_wconf 90' lang='lat' dir='ltr'><strong>quadruplo</strong></span> <span class='ocrx_word' id='word_1_14' title='bbox 1532 460 1723 515; x_wconf 86' lang='lat' dir='ltr'><strong>saltem</strong></span> <span class='ocrx_word' id='word_1_15' title='bbox 1774 461 1906 532; x_wconf 86' lang='lat' dir='ltr'><strong>plur:</strong></span> 
     </span>
    </p>
   </div>
   <div class='ocr_carea' id='block_1_3' title="bbox 2004 450 3600 532">
    <p class='ocr_par' dir='ltr' id='par_1_3' title="bbox 2032 457 3600 531">
     <span class='ocr_line' id='line_1_3' title="bbox 2032 457 3600 531; baseline 0.003 -20"><span class='ocrx_word' id='word_1_16' title='bbox 2032 457 2204 530; x_wconf 80' lang='grc' dir='ltr'>Θρασὺ</span> <span class='ocrx_word' id='word_1_17' title='bbox 2235 460 2329 513; x_wconf 78' lang='grc' dir='ltr'><strong>καὶ</strong></span> <span class='ocrx_word' id='word_1_18' title='bbox 2358 459 2646 531; x_wconf 82' lang='grc' dir='ltr'>προπετές,</span> <span class='ocrx_word' id='word_1_19' title='bbox 2672 458 2903 512; x_wconf 80' lang='lat' dir='ltr'><strong>arbitror</strong></span> <span class='ocrx_word' id='word_1_20' title='bbox 2935 457 3070 514; x_wconf 88' lang='lat' dir='ltr'><strong>illud</strong></span> <span class='ocrx_word' id='word_1_21' title='bbox 3100 476 3231 525; x_wconf 87' lang='lat' dir='ltr'><strong>esse,</strong></span> <span class='ocrx_word' id='word_1_22' title='bbox 3257 463 3600 530; x_wconf 70' lang='lat' dir='ltr'><strong>pronuntiare</strong></span> 
     </span>
    </p>
   </div>
   <div class='ocr_carea' id='block_1_4' title="bbox 355 543 1929 620">
    <p class='ocr_par' dir='ltr' id='par_1_4' title="bbox 355 543 1929 620">
     <span class='ocr_line' id='line_1_4' title="bbox 355 543 1929 620; baseline 0.003 -17"><span class='ocrx_word' id='word_1_23' title='bbox 355 563 526 620; x_wconf 83' lang='lat' dir='ltr'><strong>penes</strong></span> <span class='ocrx_word' id='word_1_24' title='bbox 548 563 651 604; x_wconf 90' lang='lat' dir='ltr'><strong>nos</strong></span> <span class='ocrx_word' id='word_1_25' title='bbox 679 548 1000 611; x_wconf 86' lang='lat' dir='ltr'><strong>habeamus,</strong></span> <span class='ocrx_word' id='word_1_26' title='bbox 1025 543 1189 620; x_wconf 80' lang='lat' dir='ltr'><strong>quam</strong></span> <span class='ocrx_word' id='word_1_27' title='bbox 1213 549 1465 607; x_wconf 81' lang='lat' dir='ltr'><strong>Nobilius</strong></span> <span class='ocrx_word' id='word_1_28' title='bbox 1489 560 1543 606; x_wconf 85' lang='lat' dir='ltr'><strong>et</strong></span> <span class='ocrx_word' id='word_1_29' title='bbox 1569 551 1795 608; x_wconf 88' lang='lat' dir='ltr'><strong>Drusius</strong></span> <span class='ocrx_word' id='word_1_30' title='bbox 1821 552 1929 607; x_wconf 89' lang='lat' dir='ltr'><strong>edi-</strong></span> 
     </span>
    </p>
   </div>
   <div class='ocr_carea' id='block_1_5' title="bbox 355 639 1927 712">
    <p class='ocr_par' dir='ltr' id='par_1_5' title="bbox 355 639 1927 712">
     <span class='ocr_line' id='line_1_5' title="bbox 355 639 1927 712; baseline 0.003 -17"><span class='ocrx_word' id='word_1_31' title='bbox 355 639 558 695; x_wconf 78' lang='lat' dir='ltr'><strong>derint.</strong></span> <span class='ocrx_word' id='word_1_32' title='bbox 612 639 712 697; x_wconf 82' lang='lat' dir='ltr'><strong>liis</strong></span> <span class='ocrx_word' id='word_1_33' title='bbox 759 640 1069 711; x_wconf 86' lang='lat' dir='ltr'><strong>propediem</strong></span> <span class='ocrx_word' id='word_1_34' title='bbox 1122 650 1449 712; x_wconf 75' lang='lat' dir='ltr'><strong>postremam</strong></span> <span class='ocrx_word' id='word_1_35' title='bbox 1486 644 1775 699; x_wconf 85' lang='lat' dir='ltr'><strong>admovere</strong></span> <span class='ocrx_word' id='word_1_36' title='bbox 1810 660 1927 699; x_wconf 90' lang='lat' dir='ltr'><strong>ma-</strong></span> 
     </span>
    </p>
   </div>
   <div class='ocr_carea' id='block_1_6' title="bbox 356 731 1929 804">
    <p class='ocr_par' dir='ltr' id='par_1_6' title="bbox 356 731 1929 804">
     <span class='ocr_line' id='line_1_6' title="bbox 356 731 1929 804; baseline 0.005 -21"><span class='ocrx_word' id='word_1_37' title='bbox 356 744 508 793; x_wconf 92' lang='lat' dir='ltr'><strong>num,</strong></span> <span class='ocrx_word' id='word_1_38' title='bbox 528 745 701 801; x_wconf 89' lang='lat' dir='ltr'><strong>eaque</strong></span> <span class='ocrx_word' id='word_1_39' title='bbox 722 731 1000 801; x_wconf 84' lang='lat' dir='ltr'><strong>publicare</strong></span> <span class='ocrx_word' id='word_1_40' title='bbox 1030 733 1243 789; x_wconf 90' lang='lat' dir='ltr'><strong>animus</strong></span> <span class='ocrx_word' id='word_1_41' title='bbox 1271 736 1575 801; x_wconf 83' lang='lat' dir='ltr'><strong>est.Quare</strong></span> <span class='ocrx_word' id='word_1_42' title='bbox 1606 750 1634 788; x_wconf 87' lang='lat' dir='ltr'><strong>a</strong></span> <span class='ocrx_word' id='word_1_43' title='bbox 1666 736 1929 804; x_wconf 75' lang='lat' dir='ltr'><strong>prolixio-</strong></span> 
     </span>
    </p>
   </div>
   <div class='ocr_carea' id='block_1_7' title="bbox 354 821 1929 893">
    <p class='ocr_par' dir='ltr' id='par_1_7' title="bbox 354 821 1929 893">
     <span class='ocr_line' id='line_1_7' title="bbox 354 821 1929 893; baseline 0.006 -20"><span class='ocrx_word' id='word_1_44' title='bbox 354 821 508 877; x_wconf 88' lang='lat' dir='ltr'><strong>ribus</strong></span> <span class='ocrx_word' id='word_1_45' title='bbox 555 823 610 877; x_wconf 92' lang='lat' dir='ltr'><strong>in</strong></span> <span class='ocrx_word' id='word_1_46' title='bbox 662 831 874 879; x_wconf 77' lang='lat' dir='ltr'><strong>veteres</strong></span> <span class='ocrx_word' id='word_1_47' title='bbox 932 823 1254 893; x_wconf 87' lang='lat' dir='ltr'><strong>interpretes</strong></span> <span class='ocrx_word' id='word_1_48' title='bbox 1290 827 1439 882; x_wconf 91' lang='lat' dir='ltr'><strong>notis</strong></span> <span class='ocrx_word' id='word_1_49' title='bbox 1468 827 1720 882; x_wconf 91' lang='lat' dir='ltr'><strong>consulto</strong></span> <span class='ocrx_word' id='word_1_50' title='bbox 1758 827 1929 883; x_wconf 87' lang='lat' dir='ltr'><strong>absti-</strong></span> 
     </span>
    </p>
   </div>
   <div class='ocr_carea' id='block_1_8' title="bbox 354 914 1746 988">
    <p class='ocr_par' dir='ltr' id='par_1_8' title="bbox 354 914 1746 988">
     <span class='ocr_line' id='line_1_8' title="bbox 354 914 1746 988; baseline 0.004 -20"><span class='ocrx_word' id='word_1_51' title='bbox 354 914 601 978; x_wconf 89' lang='lat' dir='ltr'><strong>nuimus,</strong></span> <span class='ocrx_word' id='word_1_52' title='bbox 627 931 695 970; x_wconf 88' lang='lat' dir='ltr'><strong>ne</strong></span> <span class='ocrx_word' id='word_1_53' title='bbox 722 916 823 971; x_wconf 87' lang='lat' dir='ltr'><strong>sub</strong></span> <span class='ocrx_word' id='word_1_54' title='bbox 860 915 973 971; x_wconf 68' lang='lat' dir='ltr'><strong>haac</strong></span> <span class='ocrx_word' id='word_1_55' title='bbox 1003 924 1182 971; x_wconf 91' lang='lat' dir='ltr'><strong>actum</strong></span> <span class='ocrx_word' id='word_1_56' title='bbox 1220 932 1378 987; x_wconf 88' lang='lat' dir='ltr'><strong>agerc</strong></span> <span class='ocrx_word' id='word_1_57' title='bbox 1409 933 1746 988; x_wconf 81' lang='lat' dir='ltr'><strong>cogeremur.</strong></span> 
     </span>
    </p>
   </div>
   <div class='ocr_carea' id='block_1_9' title="bbox 424 1005 1925 1080">
    <p class='ocr_par' dir='ltr' id='par_1_9' title="bbox 424 1005 1925 1080">
     <span class='ocr_line' id='line_1_9' title="bbox 424 1005 1925 1080; baseline 0.005 -20"><span class='ocrx_word' id='word_1_58' title='bbox 424 1006 513 1060; x_wconf 80' lang='lat' dir='ltr'><strong>Ait</strong></span> <span class='ocrx_word' id='word_1_59' title='bbox 544 1005 809 1063; x_wconf 86' lang='lat' dir='ltr'><strong>Eusebius</strong></span> <span class='ocrx_word' id='word_1_60' title='bbox 841 1007 1191 1079; x_wconf 75' lang='lat' dir='ltr'><strong>Septuaginta</strong></span> <span class='ocrx_word' id='word_1_61' title='bbox 1233 1007 1561 1080; x_wconf 88' lang='lat' dir='ltr'><strong>lnterpretes</strong></span> <span class='ocrx_word' id='word_1_62' title='bbox 1597 1025 1720 1065; x_wconf 91' lang='lat' dir='ltr'><strong>cum</strong></span> <span class='ocrx_word' id='word_1_63' title='bbox 1741 1009 1925 1067; x_wconf 90' lang='lat' dir='ltr'><strong>Ptole-</strong></span> 
     </span>
    </p>
   </div>
   <div class='ocr_carea' id='block_1_10' title="bbox 358 1097 1926 1171">
    <p class='ocr_par' dir='ltr' id='par_1_10' title="bbox 358 1097 1926 1171">
     <span class='ocr_line' id='line_1_10' title="bbox 358 1097 1926 1171; baseline 0.003 -20"><span class='ocrx_word' id='word_1_64' title='bbox 358 1097 825 1169; x_wconf 65' lang='lat' dir='ltr'><strong>maeiPhiladelphi</strong></span> <span class='ocrx_word' id='word_1_65' title='bbox 852 1107 1096 1171; x_wconf 90' lang='lat' dir='ltr'><strong>tempore</strong></span> <span class='ocrx_word' id='word_1_66' title='bbox 1127 1100 1402 1156; x_wconf 79' lang='lat' dir='ltr'><strong>vertendis</strong></span> <span class='ocrx_word' id='word_1_67' title='bbox 1433 1100 1728 1171; x_wconf 74' lang='lat' dir='ltr'><strong>Scriptum</strong></span> <span class='ocrx_word' id='word_1_68' title='bbox 1757 1117 1926 1157; x_wconf 61' lang='lat' dir='ltr'><strong>sacrae</strong></span> 
     </span>
    </p>
   </div>
   <div class='ocr_carea' id='block_1_11' title="bbox 357 1188 1923 1264">
    <p class='ocr_par' dir='ltr' id='par_1_11' title="bbox 357 1188 1923 1264">
     <span class='ocr_line' id='line_1_11' title="bbox 357 1188 1923 1264; baseline 0.003 -22"><span class='ocrx_word' id='word_1_69' title='bbox 357 1188 513 1245; x_wconf 88' lang='lat' dir='ltr'><strong>libris</strong></span> <span class='ocrx_word' id='word_1_70' title='bbox 542 1205 759 1261; x_wconf 88' lang='lat' dir='ltr'><strong>operam</strong></span> <span class='ocrx_word' id='word_1_71' title='bbox 791 1190 1007 1257; x_wconf 84' lang='lat' dir='ltr'><strong>darent,</strong></span> <span class='ocrx_word' id='word_1_72' title='bbox 1033 1193 1154 1248; x_wconf 89' lang='lat' dir='ltr'><strong>loca</strong></span> <span class='ocrx_word' id='word_1_73' title='bbox 1203 1193 1472 1263; x_wconf 66' lang='lat' dir='ltr'><strong>quaedam,</strong></span> <span class='ocrx_word' id='word_1_74' title='bbox 1509 1196 1665 1264; x_wconf 88' lang='lat' dir='ltr'><strong>queis</strong></span> <span class='ocrx_word' id='word_1_75' title='bbox 1719 1192 1923 1250; x_wconf 85' lang='lat' dir='ltr'><strong>Christi</strong></span> 
     </span>
    </p>
   </div>
   <div class='ocr_carea' id='block_1_12' title="bbox 358 1282 1919 1354">
    <p class='ocr_par' dir='ltr' id='par_1_12' title="bbox 358 1282 1919 1354">
     <span class='ocr_line' id='line_1_12' title="bbox 358 1282 1919 1354; baseline 0.003 -20"><span class='ocrx_word' id='word_1_76' title='bbox 358 1290 509 1337; x_wconf 92' lang='lat' dir='ltr'><strong>ortus</strong></span> <span class='ocrx_word' id='word_1_77' title='bbox 558 1282 797 1351; x_wconf 80' lang='lat' dir='ltr'><strong>apertius</strong></span> <span class='ocrx_word' id='word_1_78' title='bbox 849 1283 1331 1354; x_wconf 81' lang='lat' dir='ltr'><strong>pramuntiaretur,</strong></span> <span class='ocrx_word' id='word_1_79' title='bbox 1377 1300 1445 1339; x_wconf 92' lang='lat' dir='ltr'><strong>ne</strong></span> <span class='ocrx_word' id='word_1_80' title='bbox 1487 1285 1540 1339; x_wconf 90' lang='lat' dir='ltr'><strong>in</strong></span> <span class='ocrx_word' id='word_1_81' title='bbox 1587 1282 1919 1349; x_wconf 73' lang='lat' dir='ltr'><strong>Gnecorum,</strong></span> 
     </span>
    </p>
   </div>
   <div class='ocr_carea' id='block_1_13' title="bbox 354 1372 1923 1445">
    <p class='ocr_par' dir='ltr' id='par_1_13' title="bbox 354 1372 1923 1445">
     <span class='ocr_line' id='line_1_13' title="bbox 354 1372 1923 1445; baseline 0.002 -18"><span class='ocrx_word' id='word_1_82' title='bbox 354 1372 550 1441; x_wconf 88' lang='lat' dir='ltr'><strong>quibus</strong></span> <span class='ocrx_word' id='word_1_83' title='bbox 580 1373 761 1429; x_wconf 87' lang='lat' dir='ltr'><strong>versio</strong></span> <span class='ocrx_word' id='word_1_84' title='bbox 793 1376 1107 1445; x_wconf 82' lang='lat' dir='ltr'><strong>parabatur,</strong></span> <span class='ocrx_word' id='word_1_85' title='bbox 1142 1376 1391 1430; x_wconf 89' lang='lat' dir='ltr'><strong>notitiam</strong></span> <span class='ocrx_word' id='word_1_86' title='bbox 1418 1376 1688 1438; x_wconf 88' lang='lat' dir='ltr'><strong>venirent,</strong></span> <span class='ocrx_word' id='word_1_87' title='bbox 1724 1377 1923 1430; x_wconf 87' lang='lat' dir='ltr'><strong>obscu-</strong></span> 
     </span>
    </p>
   </div>
   <div class='ocr_carea' id='block_1_14' title="bbox 351 1464 1915 1538">
    <p class='ocr_par' dir='ltr' id='par_1_14' title="bbox 351 1464 1915 1538">
     <span class='ocr_line' id='line_1_14' title="bbox 351 1464 1915 1538; baseline 0.006 -22"><span class='ocrx_word' id='word_1_88' title='bbox 351 1478 466 1519; x_wconf 76' lang='lat' dir='ltr'><strong>rius</strong></span> <span class='ocrx_word' id='word_1_89' title='bbox 494 1464 880 1535; x_wconf 86' lang='lat' dir='ltr'><strong>interpretatos</strong></span> <span class='ocrx_word' id='word_1_90' title='bbox 935 1484 1075 1523; x_wconf 87' lang='lat' dir='ltr'><strong>esse.</strong></span> <span class='ocrx_word' id='word_1_91' title='bbox 1114 1467 1230 1535; x_wconf 85' lang='lat' dir='ltr'><strong>Qua</strong></span> <span class='ocrx_word' id='word_1_92' title='bbox 1273 1468 1339 1523; x_wconf 87' lang='lat' dir='ltr'><strong>de</strong></span> <span class='ocrx_word' id='word_1_93' title='bbox 1373 1484 1431 1523; x_wconf 89' lang='lat' dir='ltr'><strong>re</strong></span> <span class='ocrx_word' id='word_1_94' title='bbox 1469 1468 1747 1523; x_wconf 85' lang='lat' dir='ltr'><strong>adeundus</strong></span> <span class='ocrx_word' id='word_1_95' title='bbox 1782 1468 1915 1538; x_wconf 85' lang='lat' dir='ltr'><strong>ipse.</strong></span> 
     </span>
    </p>
   </div>
   <div class='ocr_carea' id='block_1_15' title="bbox 347 1559 1919 1631">
    <p class='ocr_par' dir='ltr' id='par_1_15' title="bbox 347 1559 1919 1631">
     <span class='ocr_line' id='line_1_15' title="bbox 347 1559 1919 1631; baseline 0.001 -20"><span class='ocrx_word' id='word_1_96' title='bbox 347 1570 471 1611; x_wconf 89' lang='lat' dir='ltr'><strong>cum</strong></span> <span class='ocrx_word' id='word_1_97' title='bbox 512 1559 707 1627; x_wconf 87' lang='lat' dir='ltr'><strong>psalmi</strong></span> <span class='ocrx_word' id='word_1_98' title='bbox 749 1575 971 1625; x_wconf 76' lang='lat' dir='ltr'><strong>Lxxxvt,</strong></span> <span class='ocrx_word' id='word_1_99' title='bbox 1012 1560 1385 1617; x_wconf 81' lang='lat' dir='ltr'><strong>Fundamenta</strong></span> <span class='ocrx_word' id='word_1_100' title='bbox 1428 1562 1541 1631; x_wconf 83' lang='lat' dir='ltr'><strong>ejus</strong></span> <span class='ocrx_word' id='word_1_101' title='bbox 1574 1563 1628 1615; x_wconf 91' lang='lat' dir='ltr'><strong>in</strong></span> <span class='ocrx_word' id='word_1_102' title='bbox 1658 1560 1919 1615; x_wconf 77' lang='lat' dir='ltr'><strong>montibus</strong></span> 
     </span>
    </p>
   </div>
   <div class='ocr_carea' id='block_1_16' title="bbox 346 1653 1918 1724">
    <p class='ocr_par' dir='ltr' id='par_1_16' title="bbox 346 1653 1918 1724">
     <span class='ocr_line' id='line_1_16' title="bbox 346 1653 1918 1724; baseline 0.003 -20"><span class='ocrx_word' id='word_1_103' title='bbox 346 1653 565 1717; x_wconf 89' lang='lat' dir='ltr'><strong>sanctis,</strong></span> <span class='ocrx_word' id='word_1_104' title='bbox 598 1654 991 1724; x_wconf 80' lang='lat' dir='ltr'><strong>expositionem</strong></span> <span class='ocrx_word' id='word_1_105' title='bbox 1035 1656 1167 1710; x_wconf 87' lang='lat' dir='ltr'><strong>edit.</strong></span> <span class='ocrx_word' id='word_1_106' title='bbox 1201 1654 1309 1711; x_wconf 90' lang='lat' dir='ltr'><strong>Nec</strong></span> <span class='ocrx_word' id='word_1_107' title='bbox 1340 1658 1556 1711; x_wconf 88' lang='lat' dir='ltr'><strong>silentio</strong></span> <span class='ocrx_word' id='word_1_108' title='bbox 1586 1656 1918 1711; x_wconf 89' lang='lat' dir='ltr'><strong>mittendum</strong></span> 
     </span>
    </p>
   </div>
   <div class='ocr_carea' id='block_1_17' title="bbox 342 1743 1910 1820">
    <p class='ocr_par' dir='ltr' id='par_1_17' title="bbox 342 1743 1910 1820">
     <span class='ocr_line' id='line_1_17' title="bbox 342 1743 1910 1820; baseline 0.005 -24"><span class='ocrx_word' id='word_1_109' title='bbox 342 1750 449 1808; x_wconf 90' lang='lat' dir='ltr'><strong>est,</strong></span> <span class='ocrx_word' id='word_1_110' title='bbox 476 1743 767 1800; x_wconf 85' lang='lat' dir='ltr'><strong>Eusebium</strong></span> <span class='ocrx_word' id='word_1_111' title='bbox 793 1763 1037 1819; x_wconf 62' lang='lat' dir='ltr'><strong>persmpe</strong></span> <span class='ocrx_word' id='word_1_112' title='bbox 1062 1748 1359 1820; x_wconf 67' lang='lat' dir='ltr'><strong>Scriptura:</strong></span> <span class='ocrx_word' id='word_1_113' title='bbox 1392 1765 1560 1805; x_wconf 69' lang='lat' dir='ltr'><strong>sacra:</strong></span> <span class='ocrx_word' id='word_1_114' title='bbox 1586 1750 1703 1804; x_wconf 91' lang='lat' dir='ltr'><strong>loca</strong></span> <span class='ocrx_word' id='word_1_115' title='bbox 1730 1765 1910 1813; x_wconf 90' lang='lat' dir='ltr'><strong>secus,</strong></span> 
     </span>
    </p>
   </div>
   <div class='ocr_carea' id='block_1_18' title="bbox 342 1837 1915 1912">
    <p class='ocr_par' dir='ltr' id='par_1_18' title="bbox 342 1837 1915 1912">
     <span class='ocr_line' id='line_1_18' title="bbox 342 1837 1915 1912; baseline 0.006 -25"><span class='ocrx_word' id='word_1_116' title='bbox 342 1850 505 1904; x_wconf 90' lang='lat' dir='ltr'><strong>quam</strong></span> <span class='ocrx_word' id='word_1_117' title='bbox 538 1837 593 1891; x_wconf 91' lang='lat' dir='ltr'><strong>in</strong></span> <span class='ocrx_word' id='word_1_118' title='bbox 624 1840 1026 1909; x_wconf 89' lang='lat' dir='ltr'><strong>exemplaribus</strong></span> <span class='ocrx_word' id='word_1_119' title='bbox 1059 1840 1340 1897; x_wconf 91' lang='lat' dir='ltr'><strong>hodiernis</strong></span> <span class='ocrx_word' id='word_1_120' title='bbox 1399 1842 1673 1912; x_wconf 89' lang='lat' dir='ltr'><strong>leguntur,</strong></span> <span class='ocrx_word' id='word_1_121' title='bbox 1702 1841 1915 1907; x_wconf 82' lang='lat' dir='ltr'><strong>afferre,</strong></span> 
     </span>
    </p>
   </div>
   <div class='ocr_carea' id='block_1_19' title="bbox 340 1926 1907 2001">
    <p class='ocr_par' dir='ltr' id='par_1_19' title="bbox 340 1926 1907 2001">
     <span class='ocr_line' id='line_1_19' title="bbox 340 1926 1907 2001; baseline 0.004 -22"><span class='ocrx_word' id='word_1_122' title='bbox 340 1926 539 1995; x_wconf 82' lang='lat' dir='ltr'><strong>partim</strong></span> <span class='ocrx_word' id='word_1_123' title='bbox 601 1929 747 1999; x_wconf 91' lang='lat' dir='ltr'><strong>quod</strong></span> <span class='ocrx_word' id='word_1_124' title='bbox 807 1932 1138 2001; x_wconf 78' lang='lat' dir='ltr'><strong>exemplaria</strong></span> <span class='ocrx_word' id='word_1_125' title='bbox 1199 1948 1297 1986; x_wconf 89' lang='lat' dir='ltr'><strong>sua</strong></span> <span class='ocrx_word' id='word_1_126' title='bbox 1355 1934 1561 1986; x_wconf 89' lang='lat' dir='ltr'><strong>variam</strong></span> <span class='ocrx_word' id='word_1_127' title='bbox 1618 1933 1907 1987; x_wconf 83' lang='lat' dir='ltr'><strong>lectionem</strong></span> 
     </span>
    </p>
   </div>
   <div class='ocr_carea' id='block_1_20' title="bbox 342 2015 1909 2092">
    <p class='ocr_par' dir='ltr' id='par_1_20' title="bbox 342 2015 1909 2092">
     <span class='ocr_line' id='line_1_20' title="bbox 342 2015 1909 2092; baseline 0.007 -25"><span class='ocrx_word' id='word_1_128' title='bbox 342 2015 684 2084; x_wconf 73' lang='lat' dir='ltr'><strong>pmfenent,</strong></span> <span class='ocrx_word' id='word_1_129' title='bbox 727 2020 926 2089; x_wconf 87' lang='lat' dir='ltr'><strong>partim</strong></span> <span class='ocrx_word' id='word_1_130' title='bbox 992 2021 1138 2090; x_wconf 87' lang='lat' dir='ltr'><strong>quod</strong></span> <span class='ocrx_word' id='word_1_131' title='bbox 1195 2022 1286 2076; x_wconf 90' lang='lat' dir='ltr'><strong>ille</strong></span> <span class='ocrx_word' id='word_1_132' title='bbox 1347 2037 1736 2092; x_wconf 84' lang='lat' dir='ltr'><strong>nonnunquam</strong></span> <span class='ocrx_word' id='word_1_133' title='bbox 1791 2022 1909 2078; x_wconf 88' lang='lat' dir='ltr'><strong>sine</strong></span> 
     </span>
    </p>
   </div>
   <div class='ocr_carea' id='block_1_21' title="bbox 342 2106 1908 2183">
    <p class='ocr_par' dir='ltr' id='par_1_21' title="bbox 342 2106 1908 2183">
     <span class='ocr_line' id='line_1_21' title="bbox 342 2106 1908 2183; baseline 0.008 -25"><span class='ocrx_word' id='word_1_134' title='bbox 342 2106 542 2174; x_wconf 64' lang='lat' dir='ltr'><strong>praevia</strong></span> <span class='ocrx_word' id='word_1_135' title='bbox 603 2108 905 2164; x_wconf 88' lang='lat' dir='ltr'><strong>monitione</strong></span> <span class='ocrx_word' id='word_1_136' title='bbox 954 2110 1187 2165; x_wconf 89' lang='lat' dir='ltr'><strong>aliorum</strong></span> <span class='ocrx_word' id='word_1_137' title='bbox 1244 2112 1595 2183; x_wconf 86' lang='lat' dir='ltr'><strong>interpretum</strong></span> <span class='ocrx_word' id='word_1_138' title='bbox 1649 2114 1908 2170; x_wconf 84' lang='lat' dir='ltr'><strong>lectiones</strong></span> 
     </span>
    </p>
   </div>
   <div class='ocr_carea' id='block_1_22' title="bbox 344 2193 1908 2274">
    <p class='ocr_par' dir='ltr' id='par_1_22' title="bbox 344 2193 1908 2274">
     <span class='ocr_line' id='line_1_22' title="bbox 344 2193 1908 2274; baseline 0.007 -26"><span class='ocrx_word' id='word_1_139' title='bbox 344 2193 644 2251; x_wconf 85' lang='lat' dir='ltr'><strong>admisceat</strong></span> <span class='ocrx_word' id='word_1_140' title='bbox 680 2216 695 2253; x_wconf 91' lang='lat'><strong>:</strong></span> <span class='ocrx_word' id='word_1_141' title='bbox 730 2199 926 2268; x_wconf 88' lang='lat' dir='ltr'><strong>partim</strong></span> <span class='ocrx_word' id='word_1_142' title='bbox 960 2201 1121 2255; x_wconf 86' lang='lat' dir='ltr'><strong>etiam</strong></span> <span class='ocrx_word' id='word_1_143' title='bbox 1156 2202 1298 2271; x_wconf 92' lang='lat' dir='ltr'><strong>quod</strong></span> <span class='ocrx_word' id='word_1_144' title='bbox 1342 2204 1661 2274; x_wconf 89' lang='lat' dir='ltr'><strong>plerumque</strong></span> <span class='ocrx_word' id='word_1_145' title='bbox 1702 2220 1908 2260; x_wconf 88' lang='lat' dir='ltr'><strong>memo-</strong></span> 
     </span>
    </p>
   </div>
   <div class='ocr_carea' id='block_1_23' title="bbox 343 2287 1906 2371">
    <p class='ocr_par' dir='ltr' id='par_1_23' title="bbox 343 2287 1906 2371">
     <span class='ocr_line' id='line_1_23' title="bbox 343 2287 1906 2371; baseline 0.008 -30"><span class='ocrx_word' id='word_1_146' title='bbox 343 2288 477 2343; x_wconf 88' lang='lat' dir='ltr'><strong>riter</strong></span> <span class='ocrx_word' id='word_1_147' title='bbox 509 2287 915 2359; x_wconf 89' lang='lat' dir='ltr'><strong>Scripturarum</strong></span> <span class='ocrx_word' id='word_1_148' title='bbox 948 2292 1089 2348; x_wconf 92' lang='lat' dir='ltr'><strong>dicta</strong></span> <span class='ocrx_word' id='word_1_149' title='bbox 1123 2296 1389 2362; x_wconf 87' lang='lat' dir='ltr'><strong>enuntiet,</strong></span> <span class='ocrx_word' id='word_1_150' title='bbox 1423 2312 1487 2353; x_wconf 91' lang='lat' dir='ltr'><strong>ac</strong></span> <span class='ocrx_word' id='word_1_151' title='bbox 1525 2313 1824 2371; x_wconf 84' lang='lat' dir='ltr'><strong>synonyma</strong></span> <span class='ocrx_word' id='word_1_152' title='bbox 1852 2308 1906 2356; x_wconf 87' lang='lat' dir='ltr'><strong>et</strong></span> 
     </span>
    </p>
   </div>
   <div class='ocr_carea' id='block_1_24' title="bbox 339 2381 1138 2440">
    <p class='ocr_par' dir='ltr' id='par_1_24' title="bbox 339 2381 1138 2440">
     <span class='ocr_line' id='line_1_24' title="bbox 339 2381 1138 2440; baseline 0.009 -7"><span class='ocrx_word' id='word_1_153' title='bbox 339 2385 595 2435; x_wconf 76' lang='lat' dir='ltr'><strong>extranea</strong></span> <span class='ocrx_word' id='word_1_154' title='bbox 632 2381 795 2437; x_wconf 90' lang='lat' dir='ltr'><strong>verba</strong></span> <span class='ocrx_word' id='word_1_155' title='bbox 829 2382 1138 2440; x_wconf 87' lang='lat' dir='ltr'><strong>interserat.</strong></span> 
     </span>
    </p>
   </div>
   <div class='ocr_carea' id='block_1_25' title="bbox 956 2496 1291 2553">
    <p class='ocr_par' dir='ltr' id='par_1_25' title="bbox 956 2496 1291 2553">
     <span class='ocr_line' id='line_1_25' title="bbox 956 2496 1291 2553; baseline 0.006 -2"><span class='ocrx_word' id='word_1_156' title='bbox 956 2496 1183 2552; x_wconf 87' lang='lat' dir='ltr'><strong>CAPUT</strong></span> <span class='ocrx_word' id='word_1_157' title='bbox 1226 2497 1291 2553; x_wconf 67' lang='grc' dir='ltr'>ν.</span> 
     </span>
    </p>
   </div>
   <div class='ocr_carea' id='block_1_26' title="bbox 497 2598 1742 2651">
    <p class='ocr_par' dir='ltr' id='par_1_26' title="bbox 497 2598 1742 2651">
     <span class='ocr_line' id='line_1_26' title="bbox 497 2598 1742 2651; baseline 0.008 -11"><span class='ocrx_word' id='word_1_158' title='bbox 497 2598 565 2641; x_wconf 72' lang='grc' dir='ltr'><strong>ιοε</strong></span> <span class='ocrx_word' id='word_1_159' title='bbox 594 2602 761 2645; x_wconf 66' lang='grc' dir='ltr'><strong>πως</strong></span> <span class='ocrx_word' id='word_1_160' title='bbox 794 2603 1099 2644; x_wconf 69' lang='lat' dir='ltr'><strong>DOCTRINAII</strong></span> <span class='ocrx_word' id='word_1_161' title='bbox 1134 2606 1525 2649; x_wconf 70' lang='lat' dir='ltr'><strong>SPECTANTIBUS</strong></span> <span class='ocrx_word' id='word_1_162' title='bbox 1560 2609 1612 2649; x_wconf 78' lang='lat' dir='ltr'><strong>IN</strong></span> <span class='ocrx_word' id='word_1_163' title='bbox 1643 2609 1742 2651; x_wconf 71' lang='lat' dir='ltr'><strong>HOC</strong></span> 
     </span>
    </p>
   </div>
   <div class='ocr_carea' id='block_1_27' title="bbox 923 2675 1324 2717">
    <p class='ocr_par' dir='ltr' id='par_1_27' title="bbox 923 2675 1324 2717">
     <span class='ocr_line' id='line_1_27' title="bbox 923 2675 1324 2717; baseline 0.007 -3"><span class='ocrx_word' id='word_1_164' title='bbox 923 2675 1324 2717; x_wconf 68' lang='lat' dir='ltr'><strong>COIIIEN&#39;I’ARIO.</strong></span> 
     </span>
    </p>
   </div>
   <div class='ocr_carea' id='block_1_28' title="bbox 340 2762 1907 2841">
    <p class='ocr_par' dir='ltr' id='par_1_28' title="bbox 340 2762 1907 2841">
     <span class='ocr_line' id='line_1_28' title="bbox 340 2762 1907 2841; baseline 0.006 -17"><span class='ocrx_word' id='word_1_165' title='bbox 340 2762 393 2825; x_wconf 79' lang='grc' dir='ltr'><strong>Ι.</strong></span> <span class='ocrx_word' id='word_1_166' title='bbox 422 2766 487 2841; x_wconf 79' lang='lat' dir='ltr'><strong>In</strong></span> <span class='ocrx_word' id='word_1_167' title='bbox 510 2771 863 2841; x_wconf 59' lang='lat' dir='ltr'><strong>scriptoribus</strong></span> <span class='ocrx_word' id='word_1_168' title='bbox 895 2775 1062 2828; x_wconf 89' lang='lat' dir='ltr'><strong>sacris</strong></span> <span class='ocrx_word' id='word_1_169' title='bbox 1095 2791 1157 2828; x_wconf 89' lang='lat' dir='ltr'><strong>ne</strong></span> <span class='ocrx_word' id='word_1_170' title='bbox 1191 2776 1464 2829; x_wconf 88' lang='lat' dir='ltr'><strong>minimum</strong></span> <span class='ocrx_word' id='word_1_171' title='bbox 1500 2778 1682 2831; x_wconf 83' lang='lat' dir='ltr'><strong>vitium</strong></span> <span class='ocrx_word' id='word_1_172' title='bbox 1714 2777 1907 2833; x_wconf 89' lang='lat' dir='ltr'><strong>admit-</strong></span> 
     </span>
    </p>
   </div>
   <div class='ocr_carea' id='block_1_29' title="bbox 412 2838 1907 2918">
    <p class='ocr_par' dir='ltr' id='par_1_29' title="bbox 412 2838 1907 2918">
     <span class='ocr_line' id='line_1_29' title="bbox 412 2838 1907 2918; baseline 0.009 -27"><span class='ocrx_word' id='word_1_173' title='bbox 412 2839 475 2892; x_wconf 85' lang='lat' dir='ltr'><strong>tit</strong></span> <span class='ocrx_word' id='word_1_174' title='bbox 502 2838 893 2918; x_wconf 61' lang='lat' dir='ltr'><strong>Eusebius.__ll.</strong></span> <span class='ocrx_word' id='word_1_175' title='bbox 921 2844 1243 2918; x_wconf 60' lang='lat' dir='ltr'><strong>Sanctorum</strong></span> <span class='ocrx_word' id='word_1_176' title='bbox 1264 2847 1451 2918; x_wconf 65' lang='lat' dir='ltr'><strong>merita</strong></span> <span class='ocrx_word' id='word_1_177' title='bbox 1484 2847 1632 2901; x_wconf 88' lang='lat' dir='ltr'><strong>nobis</strong></span> <span class='ocrx_word' id='word_1_178' title='bbox 1662 2850 1907 2918; x_wconf 86' lang='lat' dir='ltr'><strong>prodesse</strong></span> 
     </span>
    </p>
   </div>
   <div class='ocr_carea' id='block_1_30' title="bbox 407 2910 1907 2987">
    <p class='ocr_par' dir='ltr' id='par_1_30' title="bbox 407 2910 1907 2987">
     <span class='ocr_line' id='line_1_30' title="bbox 407 2910 1907 2987; baseline 0.008 -25"><span class='ocrx_word' id='word_1_179' title='bbox 407 2919 595 2987; x_wconf 33' lang='grc' dir='ltr'><strong>ναίω.-</strong></span> <span class='ocrx_word' id='word_1_180' title='bbox 616 2910 734 2987; x_wconf 70' lang='lat' dir='ltr'><strong>Ill.</strong></span> <span class='ocrx_word' id='word_1_181' title='bbox 778 2912 966 2987; x_wconf 64' lang='lat' dir='ltr'><strong>Veram</strong></span> <span class='ocrx_word' id='word_1_182' title='bbox 1000 2914 1201 2987; x_wconf 78' lang='lat' dir='ltr'><strong>Christi</strong></span> <span class='ocrx_word' id='word_1_183' title='bbox 1226 2916 1279 2987; x_wconf 85' lang='lat' dir='ltr'><strong>in</strong></span> <span class='ocrx_word' id='word_1_184' title='bbox 1308 2915 1641 2971; x_wconf 87' lang='lat' dir='ltr'><strong>Eucharistia</strong></span> <span class='ocrx_word' id='word_1_185' title='bbox 1663 2910 1907 2987; x_wconf 60' lang='lat' dir='ltr'><strong>&#39;prtcsen-</strong></span> 
     </span>
    </p>
   </div>
   <div class='ocr_carea' id='block_1_31' title="bbox 409 2980 1903 3050">
    <p class='ocr_par' dir='ltr' id='par_1_31' title="bbox 409 2980 1903 3050">
     <span class='ocr_line' id='line_1_31' title="bbox 409 2980 1903 3050; baseline 0.007 -18"><span class='ocrx_word' id='word_1_186' title='bbox 409 2980 541 3050; x_wconf 57' lang='lat' dir='ltr'><strong>tiam</strong></span> <span class='ocrx_word' id='word_1_187' title='bbox 561 2982 818 3036; x_wconf 84' lang='lat' dir='ltr'><strong>declarat.</strong></span> <span class='ocrx_word' id='word_1_188' title='bbox 852 2982 953 3040; x_wconf 82' lang='lat' dir='ltr'><strong>IV.</strong></span> <span class='ocrx_word' id='word_1_189' title='bbox 981 2985 1122 3050; x_wconf 85' lang='lat' dir='ltr'><strong>Quid</strong></span> <span class='ocrx_word' id='word_1_190' title='bbox 1152 2986 1215 3039; x_wconf 89' lang='lat' dir='ltr'><strong>de</strong></span> <span class='ocrx_word' id='word_1_191' title='bbox 1248 2985 1409 3039; x_wconf 89' lang='lat' dir='ltr'><strong>libero</strong></span> <span class='ocrx_word' id='word_1_192' title='bbox 1440 2980 1903 3044; x_wconf 50' lang='lat' dir='ltr'><strong>arbitrio&#39;sentiat.</strong></span> 
     </span>
    </p>
   </div>
   <div class='ocr_carea' id='block_1_32' title="bbox 419 3047 1907 3122">
    <p class='ocr_par' dir='ltr' id='par_1_32' title="bbox 419 3047 1907 3122">
     <span class='ocr_line' id='line_1_32' title="bbox 419 3047 1907 3122; baseline 0.007 -19"><span class='ocrx_word' id='word_1_193' title='bbox 419 3047 482 3103; x_wconf 83' lang='lat' dir='ltr'><strong>V.</strong></span> <span class='ocrx_word' id='word_1_194' title='bbox 519 3050 761 3105; x_wconf 80' lang='lat' dir='ltr'><strong>Gratiam</strong></span> <span class='ocrx_word' id='word_1_195' title='bbox 800 3047 1169 3122; x_wconf 65' lang='lat' dir='ltr'><strong>indi/ferentia:</strong></span> <span class='ocrx_word' id='word_1_196' title='bbox 1200 3057 1269 3109; x_wconf 89' lang='lat' dir='ltr'><strong>ad</strong></span> <span class='ocrx_word' id='word_1_197' title='bbox 1301 3058 1626 3120; x_wconf 86' lang='lat' dir='ltr'><strong>utrumlibet,</strong></span> <span class='ocrx_word' id='word_1_198' title='bbox 1661 3076 1751 3113; x_wconf 88' lang='lat' dir='ltr'><strong>seu</strong></span> <span class='ocrx_word' id='word_1_199' title='bbox 1794 3076 1907 3114; x_wconf 85' lang='lat' dir='ltr'><strong>ver-</strong></span> 
     </span>
    </p>
   </div>
   <div class='ocr_carea' id='block_1_33' title="bbox 407 3122 1906 3205">
    <p class='ocr_par' dir='ltr' id='par_1_33' title="bbox 407 3122 1906 3205">
     <span class='ocr_line' id='line_1_33' title="bbox 407 3122 1906 3205; baseline 0.007 -31"><span class='ocrx_word' id='word_1_200' title='bbox 407 3122 638 3203; x_wconf 81' lang='lat' dir='ltr'><strong>satilem,</strong></span> <span class='ocrx_word' id='word_1_201' title='bbox 660 3122 834 3205; x_wconf 67' lang='lat' dir='ltr'><strong>docet.</strong></span> <span class='ocrx_word' id='word_1_202' title='bbox 855 3122 947 3177; x_wconf 82' lang='lat' dir='ltr'><strong>Vl.</strong></span> <span class='ocrx_word' id='word_1_203' title='bbox 987 3124 1057 3179; x_wconf 85' lang='lat' dir='ltr'><strong>Et</strong></span> <span class='ocrx_word' id='word_1_204' title='bbox 1089 3125 1600 3194; x_wconf 77' lang='lat' dir='ltr'><strong>prwdestinationem</strong></span> <span class='ocrx_word' id='word_1_205' title='bbox 1628 3138 1742 3199; x_wconf 89' lang='lat' dir='ltr'><strong>post</strong></span> <span class='ocrx_word' id='word_1_206' title='bbox 1767 3145 1906 3199; x_wconf 70' lang='lat' dir='ltr'><strong>pra:-</strong></span> 
     </span>
    </p>
   </div>
   <div class='ocr_carea' id='block_1_34' title="bbox 404 3202 748 3247">
    <p class='ocr_par' dir='ltr' id='par_1_34' title="bbox 404 3202 748 3247">
     <span class='ocr_line' id='line_1_34' title="bbox 404 3202 748 3247; baseline 0.012 -4"><span class='ocrx_word' id='word_1_207' title='bbox 404 3202 519 3245; x_wconf 73' lang='grc' dir='ltr'>υηα</span> <span class='ocrx_word' id='word_1_208' title='bbox 540 3202 748 3247; x_wconf 85' lang='lat' dir='ltr'><strong>merita.</strong></span> 
     </span>
    </p>
   </div>
   <div class='ocr_carea' id='block_1_35' title="bbox 296 3300 1906 3386">
    <p class='ocr_par' dir='ltr' id='par_1_35' title="bbox 296 3300 1906 3386">
     <span class='ocr_line' id='line_1_35' title="bbox 296 3300 1906 3386; baseline 0.007 -28"><span class='ocrx_word' id='word_1_209' title='bbox 296 3300 561 3374; x_wconf 35' lang='lat' dir='ltr'><strong>,gﬁHaud</strong></span> <span class='ocrx_word' id='word_1_210' title='bbox 619 3305 891 3375; x_wconf 90' lang='lat' dir='ltr'><strong>ingratum</strong></span> <span class='ocrx_word' id='word_1_211' title='bbox 941 3308 1131 3363; x_wconf 88' lang='lat' dir='ltr'><strong>lectori</strong></span> <span class='ocrx_word' id='word_1_212' title='bbox 1189 3309 1305 3366; x_wconf 85' lang='lat' dir='ltr'><strong>fore</strong></span> <span class='ocrx_word' id='word_1_213' title='bbox 1350 3326 1655 3382; x_wconf 82' lang='lat' dir='ltr'><strong>speramus,</strong></span> <span class='ocrx_word' id='word_1_214' title='bbox 1705 3313 1751 3369; x_wconf 90' lang='lat' dir='ltr'><strong>si</strong></span> <span class='ocrx_word' id='word_1_215' title='bbox 1784 3330 1906 3386; x_wconf 67' lang='lat' dir='ltr'><strong>qua:</strong></span> 
     </span>
    </p>
   </div>
   <div class='ocr_carea' id='block_1_36' title="bbox 250 3382 1906 3472">
    <p class='ocr_par' dir='ltr' id='par_1_36' title="bbox 250 3382 1906 3472">
     <span class='ocr_line' id='line_1_36' title="bbox 250 3382 1906 3472; baseline 0.01 -25"><span class='ocrx_word' id='word_1_216' title='bbox 250 3382 265 3393; x_wconf 66' lang='grc'><strong><em>’</em></strong></span> <span class='ocrx_word' id='word_1_217' title='bbox 338 3395 570 3463; x_wconf 75' lang='lat' dir='ltr'><strong>sparsim</strong></span> <span class='ocrx_word' id='word_1_218' title='bbox 600 3398 875 3469; x_wconf 86' lang='lat' dir='ltr'><strong>variisque</strong></span> <span class='ocrx_word' id='word_1_219' title='bbox 909 3399 961 3453; x_wconf 95' lang='lat' dir='ltr'><strong>in</strong></span> <span class='ocrx_word' id='word_1_220' title='bbox 997 3400 1155 3463; x_wconf 90' lang='lat' dir='ltr'><strong>locis,</strong></span> <span class='ocrx_word' id='word_1_221' title='bbox 1185 3418 1295 3472; x_wconf 89' lang='lat' dir='ltr'><strong>quo</strong></span> <span class='ocrx_word' id='word_1_222' title='bbox 1348 3403 1459 3460; x_wconf 87' lang='lat' dir='ltr'><strong>fors</strong></span> <span class='ocrx_word' id='word_1_223' title='bbox 1506 3406 1650 3470; x_wconf 92' lang='lat' dir='ltr'><strong>tulit,</strong></span> <span class='ocrx_word' id='word_1_224' title='bbox 1684 3382 1906 3463; x_wconf 76' lang='lat' dir='ltr'><strong>inducta</strong></span> 
     </span>
    </p>
   </div>
   <div class='ocr_carea' id='block_1_37' title="bbox 336 3488 1905 3571">
    <p class='ocr_par' dir='ltr' id='par_1_37' title="bbox 336 3488 1905 3571">
     <span class='ocr_line' id='line_1_37' title="bbox 336 3488 1905 3571; baseline 0.009 -29"><span class='ocrx_word' id='word_1_225' title='bbox 336 3499 465 3542; x_wconf 89' lang='lat' dir='ltr'><strong>sunt</strong></span> <span class='ocrx_word' id='word_1_226' title='bbox 512 3488 775 3545; x_wconf 74' lang='lat' dir='ltr'><strong>doctrina:</strong></span> <span class='ocrx_word' id='word_1_227' title='bbox 821 3492 1021 3562; x_wconf 89' lang='lat' dir='ltr'><strong>capita,</strong></span> <span class='ocrx_word' id='word_1_228' title='bbox 1069 3492 1158 3548; x_wconf 92' lang='lat' dir='ltr'><strong>hic</strong></span> <span class='ocrx_word' id='word_1_229' title='bbox 1211 3494 1267 3548; x_wconf 91' lang='lat' dir='ltr'><strong>in</strong></span> <span class='ocrx_word' id='word_1_230' title='bbox 1318 3512 1487 3551; x_wconf 91' lang='lat' dir='ltr'><strong>unum</strong></span> <span class='ocrx_word' id='word_1_231' title='bbox 1536 3499 1763 3555; x_wconf 90' lang='lat' dir='ltr'><strong>collecta</strong></span> <span class='ocrx_word' id='word_1_232' title='bbox 1803 3500 1905 3571; x_wconf 90' lang='lat' dir='ltr'><strong>ipsi</strong></span> 
     </span>
    </p>
   </div>
   <div class='ocr_carea' id='block_1_38' title="bbox 337 3577 1906 3662">
    <p class='ocr_par' dir='ltr' id='par_1_38' title="bbox 337 3577 1906 3662">
     <span class='ocr_line' id='line_1_38' title="bbox 337 3577 1906 3662; baseline 0.011 -30"><span class='ocrx_word' id='word_1_233' title='bbox 337 3577 652 3645; x_wconf 81' lang='lat' dir='ltr'><strong>offeramus,</strong></span> <span class='ocrx_word' id='word_1_234' title='bbox 682 3597 806 3636; x_wconf 91' lang='lat' dir='ltr'><strong>cum</strong></span> <span class='ocrx_word' id='word_1_235' title='bbox 845 3584 911 3636; x_wconf 91' lang='lat' dir='ltr'><strong>ad</strong></span> <span class='ocrx_word' id='word_1_236' title='bbox 948 3600 1165 3638; x_wconf 87' lang='lat' dir='ltr'><strong>manum</strong></span> <span class='ocrx_word' id='word_1_237' title='bbox 1196 3587 1354 3644; x_wconf 86' lang='lat' dir='ltr'><strong>nobis</strong></span> <span class='ocrx_word' id='word_1_238' title='bbox 1385 3588 1458 3644; x_wconf 91' lang='lat' dir='ltr'><strong>sit</strong></span> <span class='ocrx_word' id='word_1_239' title='bbox 1489 3605 1576 3655; x_wconf 90' lang='lat' dir='ltr'><strong>ea,</strong></span> <span class='ocrx_word' id='word_1_240' title='bbox 1609 3607 1731 3662; x_wconf 72' lang='lat' dir='ltr'><strong>quae</strong></span> <span class='ocrx_word' id='word_1_241' title='bbox 1766 3594 1906 3649; x_wconf 86' lang='lat' dir='ltr'><strong>assi-</strong></span> 
     </span>
    </p>
   </div>
   <div class='ocr_carea' id='block_1_39' title="bbox 336 3663 1906 3746">
    <p class='ocr_par' dir='ltr' id='par_1_39' title="bbox 336 3663 1906 3746">
     <span class='ocr_line' id='line_1_39' title="bbox 336 3663 1906 3746; baseline 0.013 -29"><span class='ocrx_word' id='word_1_242' title='bbox 336 3663 444 3718; x_wconf 91' lang='lat' dir='ltr'><strong>dua</strong></span> <span class='ocrx_word' id='word_1_243' title='bbox 492 3668 814 3724; x_wconf 88' lang='lat' dir='ltr'><strong>tractatione</strong></span> <span class='ocrx_word' id='word_1_244' title='bbox 858 3670 986 3725; x_wconf 92' lang='lat' dir='ltr'><strong>hinc</strong></span> <span class='ocrx_word' id='word_1_245' title='bbox 1020 3671 1148 3727; x_wconf 90' lang='lat' dir='ltr'><strong>inde</strong></span> <span class='ocrx_word' id='word_1_246' title='bbox 1174 3672 1569 3746; x_wconf 89' lang='lat' dir='ltr'><strong>decerpsimus,</strong></span> <span class='ocrx_word' id='word_1_247' title='bbox 1601 3696 1709 3735; x_wconf 89' lang='lat' dir='ltr'><strong>una</strong></span> <span class='ocrx_word' id='word_1_248' title='bbox 1755 3697 1906 3737; x_wconf 89' lang='lat' dir='ltr'><strong>com-</strong></span> 
     </span>
    </p>
   </div>
   <div class='ocr_carea' id='block_1_40' title="bbox 334 3755 1904 3834">
    <p class='ocr_par' dir='ltr' id='par_1_40' title="bbox 334 3755 1904 3834">
     <span class='ocr_line' id='line_1_40' title="bbox 334 3755 1904 3834; baseline 0.011 -26"><span class='ocrx_word' id='word_1_249' title='bbox 334 3755 529 3824; x_wconf 89' lang='lat' dir='ltr'><strong>plecti;</strong></span> <span class='ocrx_word' id='word_1_250' title='bbox 575 3765 635 3812; x_wconf 91' lang='lat' dir='ltr'><strong>ut</strong></span> <span class='ocrx_word' id='word_1_251' title='bbox 680 3758 867 3815; x_wconf 88' lang='lat' dir='ltr'><strong>labore</strong></span> <span class='ocrx_word' id='word_1_252' title='bbox 915 3761 1174 3818; x_wconf 89' lang='lat' dir='ltr'><strong>diuturno</strong></span> <span class='ocrx_word' id='word_1_253' title='bbox 1213 3772 1367 3834; x_wconf 89' lang='lat' dir='ltr'><strong>parta</strong></span> <span class='ocrx_word' id='word_1_254' title='bbox 1413 3767 1672 3826; x_wconf 89' lang='lat' dir='ltr'><strong>harumce</strong></span> <span class='ocrx_word' id='word_1_255' title='bbox 1722 3788 1904 3826; x_wconf 86' lang='lat' dir='ltr'><strong>rerum</strong></span> 
     </span>
    </p>
   </div>
   <div class='ocr_carea' id='block_1_41' title="bbox 335 3846 1903 3927">
    <p class='ocr_par' dir='ltr' id='par_1_41' title="bbox 335 3846 1903 3927">
     <span class='ocr_line' id='line_1_41' title="bbox 335 3846 1903 3927; baseline 0.01 -27"><span class='ocrx_word' id='word_1_256' title='bbox 335 3846 546 3913; x_wconf 88' lang='lat' dir='ltr'><strong>notitia,</strong></span> <span class='ocrx_word' id='word_1_257' title='bbox 617 3850 848 3907; x_wconf 90' lang='lat' dir='ltr'><strong>eruditis</strong></span> <span class='ocrx_word' id='word_1_258' title='bbox 916 3852 1143 3924; x_wconf 62' lang='lat' dir='ltr'><strong>ingratae</strong></span> <span class='ocrx_word' id='word_1_259' title='bbox 1206 3856 1619 3927; x_wconf 88' lang='lat' dir='ltr'><strong>perquisitionis</strong></span> <span class='ocrx_word' id='word_1_260' title='bbox 1684 3862 1903 3916; x_wconf 69' lang='lat' dir='ltr'><strong>taedium</strong></span> 
     </span>
    </p>
   </div>
   <div class='ocr_carea' id='block_1_42' title="bbox 332 3935 494 3995">
    <p class='ocr_par' dir='ltr' id='par_1_42' title="bbox 332 3935 494 3995">
     <span class='ocr_line' id='line_1_42' title="bbox 332 3935 494 3995; baseline 0.019 -4"><span class='ocrx_word' id='word_1_261' title='bbox 332 3935 494 3995; x_wconf 81' lang='lat' dir='ltr'><strong>levet.</strong></span> 
     </span>
    </p>
   </div>
   <div class='ocr_carea' id='block_1_43' title="bbox 392 4047 1845 4169">
    <p class='ocr_par' dir='ltr' id='par_1_43' title="bbox 392 4047 1845 4169">
     <span class='ocr_line' id='line_1_43' title="bbox 392 4047 1845 4169; baseline 0.01 -71"><span class='ocrx_word' id='word_1_262' title='bbox 392 4047 431 4098; x_wconf 86' lang='grc' dir='ltr'><strong>Ῑ.</strong></span> <span class='ocrx_word' id='word_1_263' title='bbox 455 4047 510 4098; x_wconf 92' lang='lat' dir='ltr'><strong>In</strong></span> <span class='ocrx_word' id='word_1_264' title='bbox 534 4051 855 4115; x_wconf 80' lang='lat' dir='ltr'><strong>scriptoribus</strong></span> <span class='ocrx_word' id='word_1_265' title='bbox 880 4053 1032 4168; x_wconf 49' lang='lat' dir='ltr'><strong>sacri]?</strong></span> <span class='ocrx_word' id='word_1_266' title='bbox 1066 4057 1401 4169; x_wconf 59' lang='lat' dir='ltr'><strong>ngbrpinimum</strong></span> <span class='ocrx_word' id='word_1_267' title='bbox 1428 4059 1598 4113; x_wconf 82' lang='lat' dir='ltr'><strong>vitium</strong></span> <span class='ocrx_word' id='word_1_268' title='bbox 1630 4062 1845 4114; x_wconf 85' lang='lat' dir='ltr'><strong>admittit</strong></span> 
     </span>
     <span class='ocr_line' id='line_1_44' title="bbox 1037 4133 1253 4169; baseline 0.005 -1"><span class='ocrx_word' id='word_1_269' title='bbox 1037 4133 1094 4169; x_wconf 92' lang='lat' dir='ltr'><strong>us</strong></span> <span class='ocrx_word' id='word_1_270' title='bbox 1181 4134 1253 4169; x_wconf 89' lang='lat' dir='ltr'><strong>us.</strong></span> 
     </span>
    </p>
   </div>
   <div class='ocr_carea' id='block_1_44' title="bbox 1037 4133 1253 4171">
    <p class='ocr_par' dir='ltr' id='par_1_44' title="bbox 1037 4133 1253 4171">
     <span class='ocr_line' id='line_1_45' title="bbox 1037 4133 1253 4171; baseline 0.014 -3"><span class='ocrx_word' id='word_1_271' title='bbox 1037 4133 1253 4171; x_wconf 71' lang='lat' dir='ltr'><strong>USCDIIJS.</strong></span> 
     </span>
    </p>
   </div>
   <div class='ocr_carea' id='block_1_45' title="bbox 404 4216 1902 4286">
    <p class='ocr_par' dir='ltr' id='par_1_45' title="bbox 404 4216 1902 4286">
     <span class='ocr_line' id='line_1_46' title="bbox 404 4216 1902 4286; baseline 0.009 -14"><span class='ocrx_word' id='word_1_272' title='bbox 404 4216 667 4274; x_wconf 58' lang='lat' dir='ltr'><strong>.‘Estimat</strong></span> <span class='ocrx_word' id='word_1_273' title='bbox 699 4219 965 4279; x_wconf 87' lang='lat' dir='ltr'><strong>Eusebius</strong></span> <span class='ocrx_word' id='word_1_274' title='bbox 1013 4240 1123 4280; x_wconf 90' lang='lat' dir='ltr'><strong>non</strong></span> <span class='ocrx_word' id='word_1_275' title='bbox 1174 4228 1293 4283; x_wconf 86' lang='lat' dir='ltr'><strong>sine</strong></span> <span class='ocrx_word' id='word_1_276' title='bbox 1343 4228 1570 4283; x_wconf 86' lang='lat' dir='ltr'><strong>audacia</strong></span> <span class='ocrx_word' id='word_1_277' title='bbox 1604 4238 1657 4284; x_wconf 92' lang='lat' dir='ltr'><strong>et</strong></span> <span class='ocrx_word' id='word_1_278' title='bbox 1683 4230 1902 4286; x_wconf 89' lang='lat' dir='ltr'><strong>temeri-</strong></span> 
     </span>
    </p>
   </div>
   <div class='ocr_carea' id='block_1_46' title="bbox 332 4310 1902 4390">
    <p class='ocr_par' dir='ltr' id='par_1_46' title="bbox 332 4310 1902 4390">
     <span class='ocr_line' id='line_1_47' title="bbox 332 4310 1902 4390; baseline 0.01 -28"><span class='ocrx_word' id='word_1_279' title='bbox 332 4318 446 4364; x_wconf 87' lang='lat' dir='ltr'><strong>tate</strong></span> <span class='ocrx_word' id='word_1_280' title='bbox 478 4310 627 4364; x_wconf 88' lang='lat' dir='ltr'><strong>credi</strong></span> <span class='ocrx_word' id='word_1_281' title='bbox 659 4327 840 4382; x_wconf 88' lang='lat' dir='ltr'><strong>posse,</strong></span> <span class='ocrx_word' id='word_1_282' title='bbox 884 4315 1181 4385; x_wconf 89' lang='lat' dir='ltr'><strong>scriptores</strong></span> <span class='ocrx_word' id='word_1_283' title='bbox 1222 4318 1365 4386; x_wconf 89' lang='lat' dir='ltr'><strong>illos,</strong></span> <span class='ocrx_word' id='word_1_284' title='bbox 1401 4320 1493 4390; x_wconf 91' lang='lat' dir='ltr'><strong>qui</strong></span> <span class='ocrx_word' id='word_1_285' title='bbox 1525 4320 1742 4377; x_wconf 82' lang='lat' dir='ltr'><strong>amante</strong></span> <span class='ocrx_word' id='word_1_286' title='bbox 1790 4321 1902 4378; x_wconf 85' lang='lat' dir='ltr'><strong>Nu-</strong></span> 
     </span>
    </p>
   </div>
   <div class='ocr_carea' id='block_1_47' title="bbox 330 4402 1900 4475">
    <p class='ocr_par' dir='ltr' id='par_1_47' title="bbox 330 4402 1900 4475">
     <span class='ocr_line' id='line_1_48' title="bbox 330 4402 1900 4475; baseline 0.008 -20"><span class='ocrx_word' id='word_1_287' title='bbox 330 4402 476 4457; x_wconf 91' lang='lat' dir='ltr'><strong>mine</strong></span> <span class='ocrx_word' id='word_1_288' title='bbox 527 4402 743 4461; x_wconf 90' lang='lat' dir='ltr'><strong>divinas</strong></span> <span class='ocrx_word' id='word_1_289' title='bbox 792 4406 951 4463; x_wconf 88' lang='lat' dir='ltr'><strong>nobis</strong></span> <span class='ocrx_word' id='word_1_290' title='bbox 1006 4408 1217 4465; x_wconf 90' lang='lat' dir='ltr'><strong>litteras</strong></span> <span class='ocrx_word' id='word_1_291' title='bbox 1242 4413 1693 4475; x_wconf 89' lang='lat' dir='ltr'><strong>transmiserunt,</strong></span> <span class='ocrx_word' id='word_1_292' title='bbox 1726 4414 1808 4469; x_wconf 91' lang='lat' dir='ltr'><strong>vel</strong></span> <span class='ocrx_word' id='word_1_293' title='bbox 1844 4415 1900 4468; x_wconf 91' lang='lat' dir='ltr'><strong>in</strong></span> 
     </span>
    </p>
   </div>
   <div class='ocr_carea' id='block_1_48' title="bbox 330 4490 1894 4573">
    <p class='ocr_par' dir='ltr' id='par_1_48' title="bbox 330 4490 1894 4573">
     <span class='ocr_line' id='line_1_49' title="bbox 330 4490 1894 4573; baseline 0.009 -28"><span class='ocrx_word' id='word_1_294' title='bbox 330 4490 573 4549; x_wconf 86' lang='lat' dir='ltr'><strong>minimis</strong></span> <span class='ocrx_word' id='word_1_295' title='bbox 611 4510 855 4564; x_wconf 87' lang='lat' dir='ltr'><strong>errasse;</strong></span> <span class='ocrx_word' id='word_1_296' title='bbox 895 4498 969 4551; x_wconf 90' lang='lat' dir='ltr'><strong>ita</strong></span> <span class='ocrx_word' id='word_1_297' title='bbox 1006 4508 1065 4553; x_wconf 91' lang='lat' dir='ltr'><strong>ut</strong></span> <span class='ocrx_word' id='word_1_298' title='bbox 1093 4500 1257 4555; x_wconf 89' lang='lat' dir='ltr'><strong>etiam</strong></span> <span class='ocrx_word' id='word_1_299' title='bbox 1291 4518 1488 4557; x_wconf 90' lang='lat' dir='ltr'><strong>nomen</strong></span> <span class='ocrx_word' id='word_1_300' title='bbox 1524 4518 1626 4573; x_wconf 87' lang='lat' dir='ltr'><strong>pro</strong></span> <span class='ocrx_word' id='word_1_301' title='bbox 1668 4503 1774 4559; x_wconf 88' lang='lat' dir='ltr'><strong>alio</strong></span> <span class='ocrx_word' id='word_1_302' title='bbox 1811 4506 1894 4559; x_wconf 89' lang='lat' dir='ltr'><strong>vel</strong></span> 
     </span>
    </p>
   </div>
   <div class='ocr_carea' id='block_1_49' title="bbox 329 4583 1895 4663">
    <p class='ocr_par' dir='ltr' id='par_1_49' title="bbox 329 4583 1895 4663">
     <span class='ocr_line' id='line_1_50' title="bbox 329 4583 1895 4663; baseline 0.01 -27"><span class='ocrx_word' id='word_1_303' title='bbox 329 4598 393 4637; x_wconf 88' lang='lat' dir='ltr'><strong>ex</strong></span> <span class='ocrx_word' id='word_1_304' title='bbox 425 4583 787 4654; x_wconf 86' lang='lat' dir='ltr'><strong>imprudentia</strong></span> <span class='ocrx_word' id='word_1_305' title='bbox 820 4589 903 4644; x_wconf 86' lang='lat' dir='ltr'><strong>vel</strong></span> <span class='ocrx_word' id='word_1_306' title='bbox 934 4606 995 4645; x_wconf 90' lang='lat' dir='ltr'><strong>ex</strong></span> <span class='ocrx_word' id='word_1_307' title='bbox 1028 4590 1380 4663; x_wconf 81' lang='lat' dir='ltr'><strong>incogitantia</strong></span> <span class='ocrx_word' id='word_1_308' title='bbox 1407 4595 1808 4652; x_wconf 89' lang='lat' dir='ltr'><strong>substituerint.</strong></span> <span class='ocrx_word' id='word_1_309' title='bbox 1837 4596 1895 4651; x_wconf 89' lang='lat' dir='ltr'><strong>ld</strong></span> 
     </span>
    </p>
   </div>
   <div class='ocr_carea' id='block_1_50' title="bbox 329 4675 1896 4759">
    <p class='ocr_par' dir='ltr' id='par_1_50' title="bbox 329 4675 1896 4759">
     <span class='ocr_line' id='line_1_51' title="bbox 329 4675 1896 4759; baseline 0.01 -29"><span class='ocrx_word' id='word_1_310' title='bbox 329 4675 529 4732; x_wconf 80' lang='lat' dir='ltr'><strong>diserte</strong></span> <span class='ocrx_word' id='word_1_311' title='bbox 577 4678 675 4742; x_wconf 91' lang='lat' dir='ltr'><strong>ait,</strong></span> <span class='ocrx_word' id='word_1_312' title='bbox 724 4682 1065 4752; x_wconf 88' lang='lat' dir='ltr'><strong>explanando</strong></span> <span class='ocrx_word' id='word_1_313' title='bbox 1093 4685 1330 4741; x_wconf 84' lang='lat' dir='ltr'><strong>&#39;titulum</strong></span> <span class='ocrx_word' id='word_1_314' title='bbox 1375 4689 1571 4758; x_wconf 89' lang='lat' dir='ltr'><strong>psalmi</strong></span> <span class='ocrx_word' id='word_1_315' title='bbox 1610 4705 1809 4759; x_wconf 82' lang='lat' dir='ltr'><strong>xxxm,</strong></span> <span class='ocrx_word' id='word_1_316' title='bbox 1841 4690 1896 4745; x_wconf 91' lang='lat' dir='ltr'><strong>in</strong></span> 
     </span>
    </p>
   </div>
   <div class='ocr_carea' id='block_1_51' title="bbox 328 4768 1896 4837">
    <p class='ocr_par' dir='ltr' id='par_1_51' title="bbox 328 4768 1896 4837">
     <span class='ocr_line' id='line_1_52' title="bbox 328 4768 1896 4837; baseline 0.011 -18"><span class='ocrx_word' id='word_1_317' title='bbox 328 4782 436 4837; x_wconf 80' lang='lat' dir='ltr'><strong>quo</strong></span> <span class='ocrx_word' id='word_1_318' title='bbox 477 4768 677 4824; x_wconf 90' lang='lat' dir='ltr'><strong>dicitur</strong></span> <span class='ocrx_word' id='word_1_319' title='bbox 705 4771 1024 4830; x_wconf 89' lang='lat' dir='ltr'><strong>immutasse</strong></span> <span class='ocrx_word' id='word_1_320' title='bbox 1067 4775 1236 4831; x_wconf 83' lang='lat' dir='ltr'><strong>David</strong></span> <span class='ocrx_word' id='word_1_321' title='bbox 1284 4779 1491 4833; x_wconf 91' lang='lat' dir='ltr'><strong>vultum</strong></span> <span class='ocrx_word' id='word_1_322' title='bbox 1522 4796 1681 4836; x_wconf 84' lang='lat' dir='ltr'><strong>suum</strong></span> <span class='ocrx_word' id='word_1_323' title='bbox 1710 4796 1896 4836; x_wconf 88' lang='lat' dir='ltr'><strong>coram</strong></span> 
     </span>
    </p>
   </div>
   <div class='ocr_carea' id='block_1_52' title="bbox 326 4859 1893 4945">
    <p class='ocr_par' dir='ltr' id='par_1_52' title="bbox 326 4859 1893 4945">
     <span class='ocr_line' id='line_1_53' title="bbox 326 4859 1893 4945; baseline 0.011 -32"><span class='ocrx_word' id='word_1_324' title='bbox 326 4859 637 4916; x_wconf 79' lang='lat' dir='ltr'><strong>Abimelech</strong></span> <span class='ocrx_word' id='word_1_325' title='bbox 696 4882 709 4917; x_wconf 89' lang='lat'><strong>:</strong></span> <span class='ocrx_word' id='word_1_326' title='bbox 764 4864 856 4919; x_wconf 90' lang='lat' dir='ltr'><strong>ubi</strong></span> <span class='ocrx_word' id='word_1_327' title='bbox 873 4867 1217 4923; x_wconf 73' lang='lat' dir='ltr'><strong>Achimelech</strong></span> <span class='ocrx_word' id='word_1_328' title='bbox 1271 4871 1582 4941; x_wconf 86' lang='lat' dir='ltr'><strong>legendum,</strong></span> <span class='ocrx_word' id='word_1_329' title='bbox 1631 4881 1794 4945; x_wconf 90' lang='lat' dir='ltr'><strong>atque</strong></span> <span class='ocrx_word' id='word_1_330' title='bbox 1839 4874 1893 4930; x_wconf 94' lang='lat' dir='ltr'><strong>in</strong></span> 
     </span>
    </p>
   </div>
   <div class='ocr_carea' id='block_1_53' title="bbox 326 4951 1895 5036">
    <p class='ocr_par' dir='ltr' id='par_1_53' title="bbox 326 4951 1895 5036">
     <span class='ocr_line' id='line_1_54' title="bbox 326 4951 1895 5036; baseline 0.011 -33"><span class='ocrx_word' id='word_1_331' title='bbox 326 4951 747 5021; x_wconf 78' lang='lat' dir='ltr'><strong>exemplaribus,</strong></span> <span class='ocrx_word' id='word_1_332' title='bbox 778 4956 890 5008; x_wconf 87' lang='lat' dir='ltr'><strong>beth</strong></span> <span class='ocrx_word' id='word_1_333' title='bbox 954 4973 1009 5012; x_wconf 77' lang='lat' dir='ltr'><strong>in</strong></span> <span class='ocrx_word' id='word_1_334' title='bbox 1065 4956 1193 5025; x_wconf 88' lang='lat' dir='ltr'><strong>caph</strong></span> <span class='ocrx_word' id='word_1_335' title='bbox 1243 4970 1507 5016; x_wconf 90' lang='lat' dir='ltr'><strong>mutatum</strong></span> <span class='ocrx_word' id='word_1_336' title='bbox 1544 4963 1715 5020; x_wconf 88' lang='lat' dir='ltr'><strong>fuisse</strong></span> <span class='ocrx_word' id='word_1_337' title='bbox 1742 4972 1895 5036; x_wconf 89' lang='lat' dir='ltr'><strong>putat</strong></span> 
     </span>
    </p>
   </div>
   <div class='ocr_carea' id='block_1_54' title="bbox 324 5038 1884 5132">
    <p class='ocr_par' dir='ltr' id='par_1_54' title="bbox 324 5038 1884 5132">
     <span class='ocr_line' id='line_1_55' title="bbox 324 5038 1884 5132; baseline 0.01 -38"><span class='ocrx_word' id='word_1_338' title='bbox 324 5038 594 5099; x_wconf 84' lang='lat' dir='ltr'><strong>Eusebius</strong></span> <span class='ocrx_word' id='word_1_339' title='bbox 625 5064 641 5100; x_wconf 87' lang='lat'><strong>:</strong></span> <span class='ocrx_word' id='word_1_340' title='bbox 670 5046 815 5117; x_wconf 82' lang='lat' dir='ltr'><strong>quod</strong></span> <span class='ocrx_word' id='word_1_341' title='bbox 864 5063 997 5105; x_wconf 90' lang='lat' dir='ltr'><strong>sane</strong></span> <span class='ocrx_word' id='word_1_342' title='bbox 1046 5050 1118 5104; x_wconf 91' lang='lat' dir='ltr'><strong>ob</strong></span> <span class='ocrx_word' id='word_1_343' title='bbox 1167 5050 1467 5109; x_wconf 88' lang='lat' dir='ltr'><strong>litterarum</strong></span> <span class='ocrx_word' id='word_1_344' title='bbox 1505 5052 1620 5112; x_wconf 79' lang='lat' dir='ltr'><strong>(mh</strong></span> <span class='ocrx_word' id='word_1_345' title='bbox 1668 5065 1722 5111; x_wconf 92' lang='lat' dir='ltr'><strong>et</strong></span> <span class='ocrx_word' id='word_1_346' title='bbox 1751 5059 1884 5132; x_wconf 74' lang='lat' dir='ltr'><strong>cap&#39;i</strong></span> 
     </span>
    </p>
   </div>
   <div class='ocr_carea' id='block_1_55' title="bbox 323 5132 1893 5209">
    <p class='ocr_par' dir='ltr' id='par_1_55' title="bbox 323 5132 1893 5209">
     <span class='ocr_line' id='line_1_56' title="bbox 323 5132 1893 5209; baseline 0.01 -20"><span class='ocrx_word' id='word_1_347' title='bbox 323 5132 468 5189; x_wconf 91' lang='lat' dir='ltr'><strong>inter</strong></span> <span class='ocrx_word' id='word_1_348' title='bbox 489 5150 548 5191; x_wconf 90' lang='lat' dir='ltr'><strong>se</strong></span> <span class='ocrx_word' id='word_1_349' title='bbox 580 5135 888 5203; x_wconf 73' lang='lat' dir='ltr'><strong>affinitatem</strong></span> <span class='ocrx_word' id='word_1_350' title='bbox 912 5140 1170 5209; x_wconf 80' lang='lat' dir='ltr'><strong>perfacile</strong></span> <span class='ocrx_word' id='word_1_351' title='bbox 1193 5143 1314 5199; x_wconf 91' lang='lat' dir='ltr'><strong>fuit.</strong></span> <span class='ocrx_word' id='word_1_352' title='bbox 1342 5144 1479 5200; x_wconf 89' lang='lat' dir='ltr'><strong>Tum</strong></span> <span class='ocrx_word' id='word_1_353' title='bbox 1510 5146 1671 5200; x_wconf 91' lang='lat' dir='ltr'><strong>allata</strong></span> <span class='ocrx_word' id='word_1_354' title='bbox 1701 5162 1893 5203; x_wconf 89' lang='lat' dir='ltr'><strong>eorum</strong></span> 
     </span>
    </p>
   </div>
   <div class='ocr_carea' id='block_1_56' title="bbox 323 5228 1895 5313">
    <p class='ocr_par' dir='ltr' id='par_1_56' title="bbox 323 5228 1895 5313">
     <span class='ocr_line' id='line_1_57' title="bbox 323 5228 1895 5313; baseline 0.01 -32"><span class='ocrx_word' id='word_1_355' title='bbox 323 5228 595 5283; x_wconf 86' lang='lat' dir='ltr'><strong>sententia</strong></span> <span class='ocrx_word' id='word_1_356' title='bbox 620 5229 714 5300; x_wconf 88' lang='lat' dir='ltr'><strong>qui</strong></span> <span class='ocrx_word' id='word_1_357' title='bbox 741 5229 1006 5297; x_wconf 90' lang='lat' dir='ltr'><strong>dicerent,</strong></span> <span class='ocrx_word' id='word_1_358' title='bbox 1041 5230 1384 5290; x_wconf 81' lang='lat' dir='ltr'><strong>Achimelech</strong></span> <span class='ocrx_word' id='word_1_359' title='bbox 1412 5254 1511 5308; x_wconf 88' lang='lat' dir='ltr'><strong>pro</strong></span> <span class='ocrx_word' id='word_1_360' title='bbox 1547 5239 1714 5297; x_wconf 85' lang='lat' dir='ltr'><strong>Achis</strong></span> <span class='ocrx_word' id='word_1_361' title='bbox 1746 5242 1895 5313; x_wconf 85' lang='lat' dir='ltr'><strong>posi-</strong></span> 
     </span>
    </p>
   </div>
   <div class='ocr_carea' id='block_1_57' title="bbox 322 5319 1893 5405">
    <p class='ocr_par' dir='ltr' id='par_1_57' title="bbox 322 5319 1893 5405">
     <span class='ocr_line' id='line_1_58' title="bbox 322 5319 1893 5405; baseline 0.01 -32"><span class='ocrx_word' id='word_1_362' title='bbox 322 5329 435 5374; x_wconf 92' lang='lat' dir='ltr'><strong>tum</strong></span> <span class='ocrx_word' id='word_1_363' title='bbox 481 5319 672 5389; x_wconf 86' lang='lat' dir='ltr'><strong>fuisse,</strong></span> <span class='ocrx_word' id='word_1_364' title='bbox 704 5322 889 5393; x_wconf 89' lang='lat' dir='ltr'><strong>ibique</strong></span> <span class='ocrx_word' id='word_1_365' title='bbox 914 5325 998 5394; x_wconf 90' lang='lat' dir='ltr'><strong>agi</strong></span> <span class='ocrx_word' id='word_1_366' title='bbox 1029 5324 1096 5383; x_wconf 92' lang='lat' dir='ltr'><strong>de</strong></span> <span class='ocrx_word' id='word_1_367' title='bbox 1124 5326 1345 5384; x_wconf 89' lang='lat' dir='ltr'><strong>Davidis</strong></span> <span class='ocrx_word' id='word_1_368' title='bbox 1388 5329 1441 5384; x_wconf 91' lang='lat' dir='ltr'><strong>in</strong></span> <span class='ocrx_word' id='word_1_369' title='bbox 1485 5328 1621 5387; x_wconf 85' lang='lat' dir='ltr'><strong>Geth</strong></span> <span class='ocrx_word' id='word_1_370' title='bbox 1652 5334 1893 5405; x_wconf 74' lang='lat' dir='ltr'><strong>peregri-</strong></span> 
     </span>
    </p>
   </div>
   <div class='ocr_carea' id='block_1_58' title="bbox 320 5412 1893 5489">
    <p class='ocr_par' dir='ltr' id='par_1_58' title="bbox 320 5412 1893 5489">
     <span class='ocr_line' id='line_1_59' title="bbox 320 5412 1893 5489; baseline 0.008 -25"><span class='ocrx_word' id='word_1_371' title='bbox 320 5412 565 5477; x_wconf 88' lang='lat' dir='ltr'><strong>natione,</strong></span> <span class='ocrx_word' id='word_1_372' title='bbox 594 5412 689 5467; x_wconf 92' lang='lat' dir='ltr'><strong>ubi</strong></span> <span class='ocrx_word' id='word_1_373' title='bbox 717 5428 841 5468; x_wconf 92' lang='lat' dir='ltr'><strong>cum</strong></span> <span class='ocrx_word' id='word_1_374' title='bbox 870 5414 1170 5484; x_wconf 88' lang='lat' dir='ltr'><strong>periculum</strong></span> <span class='ocrx_word' id='word_1_375' title='bbox 1218 5418 1412 5489; x_wconf 88' lang='lat' dir='ltr'><strong>capitis</strong></span> <span class='ocrx_word' id='word_1_376' title='bbox 1447 5420 1774 5485; x_wconf 85' lang='lat' dir='ltr'><strong>immineret,</strong></span> <span class='ocrx_word' id='word_1_377' title='bbox 1807 5421 1893 5476; x_wconf 63' lang='lat' dir='ltr'><strong>iw</strong></span> 
     </span>
    </p>
   </div>
   <div class='ocr_carea' id='block_1_59' title="bbox 317 5504 1890 5570">
    <p class='ocr_par' dir='ltr' id='par_1_59' title="bbox 317 5504 1890 5570">
     <span class='ocr_line' id='line_1_60' title="bbox 317 5504 1890 5570; baseline 0.005 -9"><span class='ocrx_word' id='word_1_378' title='bbox 317 5504 530 5561; x_wconf 84' lang='lat' dir='ltr'><strong>saniam</strong></span> <span class='ocrx_word' id='word_1_379' title='bbox 580 5505 671 5562; x_wconf 90' lang='lat' dir='ltr'><strong>ille</strong></span> <span class='ocrx_word' id='word_1_380' title='bbox 730 5506 1026 5570; x_wconf 87' lang='lat' dir='ltr'><strong>simulavit,</strong></span> <span class='ocrx_word' id='word_1_381' title='bbox 1058 5516 1112 5562; x_wconf 91' lang='lat' dir='ltr'><strong>et</strong></span> <span class='ocrx_word' id='word_1_382' title='bbox 1158 5508 1463 5565; x_wconf 90' lang='lat' dir='ltr'><strong>immutavit</strong></span> <span class='ocrx_word' id='word_1_383' title='bbox 1487 5512 1695 5567; x_wconf 89' lang='lat' dir='ltr'><strong>vultum</strong></span> <span class='ocrx_word' id='word_1_384' title='bbox 1728 5529 1890 5569; x_wconf 90' lang='lat' dir='ltr'><strong>suum</strong></span> 
     </span>
    </p>
   </div>
   <div class='ocr_carea' id='block_1_60' title="bbox 317 5594 1891 5676">
    <p class='ocr_par' dir='ltr' id='par_1_60' title="bbox 317 5594 1891 5676">
     <span class='ocr_line' id='line_1_61' title="bbox 317 5594 1891 5676; baseline 0.007 -26"><span class='ocrx_word' id='word_1_385' title='bbox 317 5610 502 5651; x_wconf 91' lang='lat' dir='ltr'><strong>coram</strong></span> <span class='ocrx_word' id='word_1_386' title='bbox 530 5594 697 5676; x_wconf 47' lang='lat' dir='ltr'><strong>hellis</strong></span> <span class='ocrx_word' id='word_1_387' title='bbox 734 5613 860 5668; x_wconf 86' lang='lat' dir='ltr'><strong>rege</strong></span> <span class='ocrx_word' id='word_1_388' title='bbox 908 5599 1079 5665; x_wconf 86' lang='lat' dir='ltr'><strong>Getb;</strong></span> <span class='ocrx_word' id='word_1_389' title='bbox 1112 5599 1227 5655; x_wconf 67' lang='lat' dir='ltr'><strong>haec</strong></span> <span class='ocrx_word' id='word_1_390' title='bbox 1270 5602 1324 5656; x_wconf 92' lang='lat' dir='ltr'><strong>in</strong></span> <span class='ocrx_word' id='word_1_391' title='bbox 1357 5604 1646 5661; x_wconf 91' lang='lat' dir='ltr'><strong>adversum</strong></span> <span class='ocrx_word' id='word_1_392' title='bbox 1676 5606 1891 5676; x_wconf 88' lang='lat' dir='ltr'><strong>reponit</strong></span> 
     </span>
    </p>
   </div>
   <div class='ocr_carea' id='block_1_61' title="bbox 318 5668 1889 5768">
    <p class='ocr_par' dir='ltr' id='par_1_61' title="bbox 318 5668 1889 5768">
     <span class='ocr_line' id='line_1_62' title="bbox 318 5668 1889 5768; baseline 0.007 -28"><span class='ocrx_word' id='word_1_393' title='bbox 318 5684 411 5743; x_wconf 86' lang='lat' dir='ltr'><strong>ille</strong></span> <span class='ocrx_word' id='word_1_394' title='bbox 452 5706 465 5742; x_wconf 90' lang='lat'>:</span> <span class='ocrx_word' id='word_1_395' title='bbox 506 5668 574 5740; x_wconf 75' lang='grc' dir='ltr'><strong><em>Ᾰε</em></strong></span> <span class='ocrx_word' id='word_1_396' title='bbox 598 5704 690 5757; x_wconf 89' lang='lat' dir='ltr'><strong>ego</strong></span> <span class='ocrx_word' id='word_1_397' title='bbox 719 5690 896 5743; x_wconf 71' lang='lat' dir='ltr'><strong>audax</strong></span> <span class='ocrx_word' id='word_1_398' title='bbox 926 5692 1361 5762; x_wconf 84' lang='lat' dir='ltr'><strong>temerariumque</strong></span> <span class='ocrx_word' id='word_1_399' title='bbox 1393 5694 1619 5763; x_wconf 78' lang='lat' dir='ltr'><strong>facinus,</strong></span> <span class='ocrx_word' id='word_1_400' title='bbox 1652 5668 1806 5768; x_wconf 55' lang='grc' dir='ltr'>ἔριξον</span> <span class='ocrx_word' id='word_1_401' title='bbox 1832 5696 1889 5751; x_wconf 63' lang='grc' dir='ltr'>δὲ</span> 
     </span>
    </p>
   </div>
   <div class='ocr_carea' id='block_1_62' title="bbox 388 5797 1549 5876">
    <p class='ocr_par' dir='ltr' id='par_1_62' title="bbox 388 5797 1549 5876">
     <span class='ocr_line' id='line_1_63' title="bbox 388 5797 1549 5876; baseline 0.01 -25"><span class='ocrx_word' id='word_1_402' title='bbox 388 5799 463 5869; x_wconf 86' lang='lat' dir='ltr'><strong>(a)</strong></span> <span class='ocrx_word' id='word_1_403' title='bbox 486 5797 571 5854; x_wconf 83' lang='lat' dir='ltr'><strong>Cf.</strong></span> <span class='ocrx_word' id='word_1_404' title='bbox 600 5798 679 5854; x_wconf 86' lang='lat' dir='ltr'><strong>De</strong></span> <span class='ocrx_word' id='word_1_405' title='bbox 706 5806 1091 5871; x_wconf 76' lang='lat' dir='ltr'><strong>prtrparatione</strong></span> <span class='ocrx_word' id='word_1_406' title='bbox 1108 5822 1315 5876; x_wconf 68' lang='lat' dir='ltr'><strong>evang,</strong></span> <span class='ocrx_word' id='word_1_407' title='bbox 1348 5822 1399 5876; x_wconf 89' lang='lat' dir='ltr'><strong>p.</strong></span> <span class='ocrx_word' id='word_1_408' title='bbox 1427 5806 1549 5863; x_wconf 79' lang='lat'><strong>5&#39;75.</strong></span> 
     </span>
    </p>
   </div>
   <div class='ocr_carea' id='block_1_63' title="bbox 2032 549 3601 621">
    <p class='ocr_par' dir='ltr' id='par_1_63' title="bbox 2032 549 3601 621">
     <span class='ocr_line' id='line_1_64' title="bbox 2032 549 3601 621; baseline 0.003 -18"><span class='ocrx_word' id='word_1_409' title='bbox 2032 551 2354 620; x_wconf 81' lang='lat' dir='ltr'><strong>conﬁdenter</strong></span> <span class='ocrx_word' id='word_1_410' title='bbox 2381 552 2612 605; x_wconf 88' lang='lat' dir='ltr'><strong>divinam</strong></span> <span class='ocrx_word' id='word_1_411' title='bbox 2658 549 2989 619; x_wconf 85' lang='lat' dir='ltr'><strong>Scripturam</strong></span> <span class='ocrx_word' id='word_1_412' title='bbox 3021 552 3227 621; x_wconf 88' lang='lat' dir='ltr'><strong>lapsam</strong></span> <span class='ocrx_word' id='word_1_413' title='bbox 3258 570 3391 618; x_wconf 86' lang='lat' dir='ltr'><strong>esse,</strong></span> <span class='ocrx_word' id='word_1_414' title='bbox 3422 564 3471 607; x_wconf 79' lang='lat' dir='ltr'><strong>at</strong></span> <span class='ocrx_word' id='word_1_415' title='bbox 3496 554 3601 608; x_wconf 77' lang='lat' dir='ltr'><strong>tale</strong></span> 
     </span>
    </p>
   </div>
   <div class='ocr_carea' id='block_1_64' title="bbox 2030 642 3600 714">
    <p class='ocr_par' dir='ltr' id='par_1_64' title="bbox 2030 642 3600 714">
     <span class='ocr_line' id='line_1_65' title="bbox 2030 642 3600 714; baseline 0.001 -19"><span class='ocrx_word' id='word_1_416' title='bbox 2030 642 2213 695; x_wconf 83' lang='lat' dir='ltr'><strong>vitium</strong></span> <span class='ocrx_word' id='word_1_417' title='bbox 2255 642 2523 711; x_wconf 75' lang='lat' dir='ltr'><strong>pra&#39;ferre.</strong></span> <span class='ocrx_word' id='word_1_418' title='bbox 2548 652 2605 695; x_wconf 91' lang='lat' dir='ltr'><strong>ut</strong></span> <span class='ocrx_word' id='word_1_419' title='bbox 2631 659 2725 711; x_wconf 91' lang='lat' dir='ltr'><strong>pro</strong></span> <span class='ocrx_word' id='word_1_420' title='bbox 2748 643 2859 697; x_wconf 77' lang='lat' dir='ltr'><strong>viro</strong></span> <span class='ocrx_word' id='word_1_421' title='bbox 2883 644 3176 714; x_wconf 86' lang='lat' dir='ltr'><strong>alienigena</strong></span> <span class='ocrx_word' id='word_1_422' title='bbox 3214 644 3457 699; x_wconf 88' lang='lat' dir='ltr'><strong>sacerdos</strong></span> <span class='ocrx_word' id='word_1_423' title='bbox 3491 644 3600 697; x_wconf 83' lang='lat' dir='ltr'><strong>Do-</strong></span> 
     </span>
    </p>
   </div>
   <div class='ocr_carea' id='block_1_65' title="bbox 2028 733 3598 799">
    <p class='ocr_par' dir='ltr' id='par_1_65' title="bbox 2028 733 3598 799">
     <span class='ocr_line' id='line_1_66' title="bbox 2028 733 3598 799; baseline 0.003 -14"><span class='ocrx_word' id='word_1_424' title='bbox 2028 733 2157 786; x_wconf 87' lang='lat' dir='ltr'><strong>mini</strong></span> <span class='ocrx_word' id='word_1_425' title='bbox 2186 743 2431 799; x_wconf 89' lang='lat' dir='ltr'><strong>ponatur,</strong></span> <span class='ocrx_word' id='word_1_426' title='bbox 2464 750 2580 786; x_wconf 89' lang='lat' dir='ltr'><strong>cum</strong></span> <span class='ocrx_word' id='word_1_427' title='bbox 2628 734 2859 788; x_wconf 71' lang='lat' dir='ltr'><strong>maxime</strong></span> <span class='ocrx_word' id='word_1_428' title='bbox 2891 733 3153 788; x_wconf 86' lang='lat' dir='ltr'><strong>Hebraica</strong></span> <span class='ocrx_word' id='word_1_429' title='bbox 3198 734 3350 789; x_wconf 86' lang='lat' dir='ltr'><strong>lectio</strong></span> <span class='ocrx_word' id='word_1_430' title='bbox 3392 744 3439 790; x_wconf 90' lang='lat' dir='ltr'><strong>et</strong></span> <span class='ocrx_word' id='word_1_431' title='bbox 3474 735 3598 789; x_wconf 88' lang='lat' dir='ltr'><strong>reli-</strong></span> 
     </span>
    </p>
   </div>
   <div class='ocr_carea' id='block_1_66' title="bbox 2026 823 3596 895">
    <p class='ocr_par' dir='ltr' id='par_1_66' title="bbox 2026 823 3596 895">
     <span class='ocr_line' id='line_1_67' title="bbox 2026 823 3596 895; baseline 0.003 -21"><span class='ocrx_word' id='word_1_432' title='bbox 2026 823 2116 891; x_wconf 91' lang='lat' dir='ltr'><strong>qui</strong></span> <span class='ocrx_word' id='word_1_433' title='bbox 2147 824 2447 891; x_wconf 84' lang='lat' dir='ltr'><strong>interpretes</strong></span> <span class='ocrx_word' id='word_1_434' title='bbox 2489 840 2663 877; x_wconf 91' lang='lat' dir='ltr'><strong>omnes</strong></span> <span class='ocrx_word' id='word_1_435' title='bbox 2707 823 3035 877; x_wconf 80' lang='lat' dir='ltr'><strong>Achimelech</strong></span> <span class='ocrx_word' id='word_1_436' title='bbox 3067 825 3463 895; x_wconf 78' lang='lat' dir='ltr'><strong>circumferant.</strong></span> <span class='ocrx_word' id='word_1_437' title='bbox 3493 823 3596 879; x_wconf 89' lang='lat' dir='ltr'><strong>Ubi</strong></span> 
     </span>
    </p>
   </div>
   <div class='ocr_carea' id='block_1_67' title="bbox 2026 899 3598 999">
    <p class='ocr_par' dir='ltr' id='par_1_67' title="bbox 2026 899 3598 999">
     <span class='ocr_line' id='line_1_68' title="bbox 2026 899 3598 999; baseline 0.006 -32"><span class='ocrx_word' id='word_1_438' title='bbox 2026 920 2184 969; x_wconf 89' lang='lat' dir='ltr'><strong>notes</strong></span> <span class='ocrx_word' id='word_1_439' title='bbox 2245 914 2405 970; x_wconf 88' lang='lat' dir='ltr'><strong>velim</strong></span> <span class='ocrx_word' id='word_1_440' title='bbox 2458 912 2777 968; x_wconf 83' lang='lat' dir='ltr'><strong>Hebraicam</strong></span> <span class='ocrx_word' id='word_1_441' title='bbox 2835 914 3121 969; x_wconf 90' lang='lat' dir='ltr'><strong>lectionem</strong></span> <span class='ocrx_word' id='word_1_442' title='bbox 3176 916 3336 971; x_wconf 90' lang='lat' dir='ltr'><strong>hodie</strong></span> <span class='ocrx_word' id='word_1_443' title='bbox 3374 899 3598 999; x_wconf 55' lang='lat' dir='ltr'><strong>15mm:</strong></span> 
     </span>
    </p>
   </div>
   <div class='ocr_carea' id='block_1_68' title="bbox 2025 1002 3597 1077">
    <p class='ocr_par' dir='ltr' id='par_1_68' title="bbox 2025 1002 3597 1077">
     <span class='ocr_line' id='line_1_69' title="bbox 2025 1002 3597 1077; baseline 0.003 -20"><span class='ocrx_word' id='word_1_444' title='bbox 2025 1002 2396 1068; x_wconf 80' lang='lat' dir='ltr'><strong>circumferre,</strong></span> <span class='ocrx_word' id='word_1_445' title='bbox 2425 1013 2478 1059; x_wconf 91' lang='lat' dir='ltr'><strong>et</strong></span> <span class='ocrx_word' id='word_1_446' title='bbox 2506 1004 2560 1058; x_wconf 91' lang='lat' dir='ltr'><strong>in</strong></span> <span class='ocrx_word' id='word_1_447' title='bbox 2602 1003 2807 1059; x_wconf 63' lang='lat' dir='ltr'><strong>Graecis</strong></span> <span class='ocrx_word' id='word_1_448' title='bbox 2844 1004 3036 1061; x_wconf 90' lang='lat' dir='ltr'><strong>Bibliis</strong></span> <span class='ocrx_word' id='word_1_449' title='bbox 3073 1006 3361 1077; x_wconf 76' lang='grc' dir='ltr'><strong>Ἀὁιμέλεχ</strong></span> <span class='ocrx_word' id='word_1_450' title='bbox 3400 1024 3413 1038; x_wconf 82' lang='lat'><strong><em>-</em></strong></span> <span class='ocrx_word' id='word_1_451' title='bbox 3452 1006 3597 1061; x_wconf 87' lang='lat' dir='ltr'><strong>unde</strong></span> 
     </span>
    </p>
   </div>
   <div class='ocr_carea' id='block_1_69' title="bbox 2024 1094 3597 1167">
    <p class='ocr_par' dir='ltr' id='par_1_69' title="bbox 2024 1094 3597 1167">
     <span class='ocr_line' id='line_1_70' title="bbox 2024 1094 3597 1167; baseline 0.004 -20"><span class='ocrx_word' id='word_1_452' title='bbox 2024 1101 2171 1165; x_wconf 89' lang='lat' dir='ltr'><strong>patet</strong></span> <span class='ocrx_word' id='word_1_453' title='bbox 2198 1094 2414 1151; x_wconf 88' lang='lat' dir='ltr'><strong>Eusebii</strong></span> <span class='ocrx_word' id='word_1_454' title='bbox 2438 1096 2770 1167; x_wconf 81' lang='lat' dir='ltr'><strong>exemplaria</strong></span> <span class='ocrx_word' id='word_1_455' title='bbox 2800 1095 3070 1151; x_wconf 88' lang='lat' dir='ltr'><strong>diversam</strong></span> <span class='ocrx_word' id='word_1_456' title='bbox 3106 1098 3174 1151; x_wconf 91' lang='lat' dir='ltr'><strong>ab</strong></span> <span class='ocrx_word' id='word_1_457' title='bbox 3196 1113 3279 1164; x_wconf 84' lang='lat' dir='ltr'><strong>ea,</strong></span> <span class='ocrx_word' id='word_1_458' title='bbox 3309 1114 3427 1167; x_wconf 77' lang='lat' dir='ltr'><strong>qua:</strong></span> <span class='ocrx_word' id='word_1_459' title='bbox 3451 1114 3597 1153; x_wconf 90' lang='lat' dir='ltr'><strong>nunc</strong></span> 
     </span>
    </p>
   </div>
   <div class='ocr_carea' id='block_1_70' title="bbox 2023 1180 3595 1255">
    <p class='ocr_par' dir='ltr' id='par_1_70' title="bbox 2023 1180 3595 1255">
     <span class='ocr_line' id='line_1_71' title="bbox 2023 1180 3595 1255; baseline 0.004 -18"><span class='ocrx_word' id='word_1_460' title='bbox 2023 1181 2273 1250; x_wconf 86' lang='lat' dir='ltr'><strong>habetur,</strong></span> <span class='ocrx_word' id='word_1_461' title='bbox 2311 1184 2598 1240; x_wconf 90' lang='lat' dir='ltr'><strong>lectionem</strong></span> <span class='ocrx_word' id='word_1_462' title='bbox 2654 1186 2980 1255; x_wconf 60' lang='lat' dir='ltr'><strong>prmtulisse.</strong></span> <span class='ocrx_word' id='word_1_463' title='bbox 3056 1180 3184 1239; x_wconf 88' lang='lat' dir='ltr'><strong>Utut</strong></span> <span class='ocrx_word' id='word_1_464' title='bbox 3248 1204 3378 1243; x_wconf 87' lang='lat' dir='ltr'><strong>vero</strong></span> <span class='ocrx_word' id='word_1_465' title='bbox 3428 1190 3497 1244; x_wconf 88' lang='lat' dir='ltr'><strong>sit</strong></span> <span class='ocrx_word' id='word_1_466' title='bbox 3528 1189 3595 1244; x_wconf 88' lang='lat' dir='ltr'><strong>de</strong></span> 
     </span>
    </p>
   </div>
   <div class='ocr_carea' id='block_1_71' title="bbox 2023 1273 3591 1350">
    <p class='ocr_par' dir='ltr' id='par_1_71' title="bbox 2023 1273 3591 1350">
     <span class='ocr_line' id='line_1_72' title="bbox 2023 1273 3591 1350; baseline 0.004 -22"><span class='ocrx_word' id='word_1_467' title='bbox 2023 1273 2244 1330; x_wconf 88' lang='lat' dir='ltr'><strong>Eusebii</strong></span> <span class='ocrx_word' id='word_1_468' title='bbox 2279 1275 2333 1330; x_wconf 95' lang='lat' dir='ltr'><strong>in</strong></span> <span class='ocrx_word' id='word_1_469' title='bbox 2367 1284 2723 1332; x_wconf 89' lang='lat' dir='ltr'><strong>memoratum</strong></span> <span class='ocrx_word' id='word_1_470' title='bbox 2754 1277 2975 1332; x_wconf 90' lang='lat' dir='ltr'><strong>titulum</strong></span> <span class='ocrx_word' id='word_1_471' title='bbox 3011 1279 3291 1349; x_wconf 86' lang='lat' dir='ltr'><strong>opinione,</strong></span> <span class='ocrx_word' id='word_1_472' title='bbox 3325 1295 3445 1350; x_wconf 64' lang='lat' dir='ltr'><strong>quae</strong></span> <span class='ocrx_word' id='word_1_473' title='bbox 3475 1280 3591 1334; x_wconf 55' lang='lat' dir='ltr'><strong>forv</strong></span> 
     </span>
    </p>
   </div>
   <div class='ocr_carea' id='block_1_72' title="bbox 2021 1368 3595 1443">
    <p class='ocr_par' dir='ltr' id='par_1_72' title="bbox 2021 1368 3595 1443">
     <span class='ocr_line' id='line_1_73' title="bbox 2021 1368 3595 1443; baseline 0.007 -24"><span class='ocrx_word' id='word_1_474' title='bbox 2021 1368 2186 1423; x_wconf 91' lang='lat' dir='ltr'><strong>tassis</strong></span> <span class='ocrx_word' id='word_1_475' title='bbox 2219 1384 2327 1423; x_wconf 90' lang='lat' dir='ltr'><strong>non</strong></span> <span class='ocrx_word' id='word_1_476' title='bbox 2374 1370 2627 1425; x_wconf 91' lang='lat' dir='ltr'><strong>omnibus</strong></span> <span class='ocrx_word' id='word_1_477' title='bbox 2660 1370 2924 1440; x_wconf 90' lang='lat' dir='ltr'><strong>placitura</strong></span> <span class='ocrx_word' id='word_1_478' title='bbox 2976 1381 3079 1435; x_wconf 89' lang='lat' dir='ltr'><strong>est,</strong></span> <span class='ocrx_word' id='word_1_479' title='bbox 3131 1380 3285 1443; x_wconf 87' lang='lat' dir='ltr'><strong>putat</strong></span> <span class='ocrx_word' id='word_1_480' title='bbox 3313 1389 3446 1430; x_wconf 91' lang='lat' dir='ltr'><strong>sane</strong></span> <span class='ocrx_word' id='word_1_481' title='bbox 3503 1373 3595 1430; x_wconf 84' lang='lat' dir='ltr'><strong>ille</strong></span> 
     </span>
    </p>
   </div>
   <div class='ocr_carea' id='block_1_73' title="bbox 2020 1457 3593 1531">
    <p class='ocr_par' dir='ltr' id='par_1_73' title="bbox 2020 1457 3593 1531">
     <span class='ocr_line' id='line_1_74' title="bbox 2020 1457 3593 1531; baseline 0.006 -19"><span class='ocrx_word' id='word_1_482' title='bbox 2020 1457 2176 1513; x_wconf 85' lang='lat' dir='ltr'><strong>nefas</strong></span> <span class='ocrx_word' id='word_1_483' title='bbox 2219 1473 2342 1514; x_wconf 88' lang='lat' dir='ltr'><strong>esse</strong></span> <span class='ocrx_word' id='word_1_484' title='bbox 2372 1458 2584 1524; x_wconf 90' lang='lat' dir='ltr'><strong>vitium,</strong></span> <span class='ocrx_word' id='word_1_485' title='bbox 2619 1460 2665 1515; x_wconf 91' lang='lat' dir='ltr'><strong>si</strong></span> <span class='ocrx_word' id='word_1_486' title='bbox 2697 1460 2842 1531; x_wconf 89' lang='lat' dir='ltr'><strong>quod</strong></span> <span class='ocrx_word' id='word_1_487' title='bbox 2872 1462 2957 1517; x_wconf 88' lang='lat' dir='ltr'><strong>vel</strong></span> <span class='ocrx_word' id='word_1_488' title='bbox 2991 1462 3275 1519; x_wconf 87' lang='lat' dir='ltr'><strong>minimum</strong></span> <span class='ocrx_word' id='word_1_489' title='bbox 3307 1466 3503 1531; x_wconf 88' lang='lat' dir='ltr'><strong>subsit,</strong></span> <span class='ocrx_word' id='word_1_490' title='bbox 3537 1465 3593 1522; x_wconf 92' lang='lat' dir='ltr'><strong>in</strong></span> 
     </span>
    </p>
   </div>
   <div class='ocr_carea' id='block_1_74' title="bbox 2020 1549 2931 1620">
    <p class='ocr_par' dir='ltr' id='par_1_74' title="bbox 2020 1549 2931 1620">
     <span class='ocr_line' id='line_1_75' title="bbox 2020 1549 2931 1620; baseline 0.001 -16"><span class='ocrx_word' id='word_1_491' title='bbox 2020 1549 2340 1620; x_wconf 87' lang='lat' dir='ltr'><strong>scriptorem</strong></span> <span class='ocrx_word' id='word_1_492' title='bbox 2371 1565 2589 1604; x_wconf 89' lang='lat' dir='ltr'><strong>sacrum</strong></span> <span class='ocrx_word' id='word_1_493' title='bbox 2621 1550 2931 1607; x_wconf 90' lang='lat' dir='ltr'><strong>refundere.</strong></span> 
     </span>
    </p>
   </div>
   <div class='ocr_carea' id='block_1_75' title="bbox 2202 1658 3386 1729">
    <p class='ocr_par' dir='ltr' id='par_1_75' title="bbox 2202 1658 3386 1729">
     <span class='ocr_line' id='line_1_76' title="bbox 2202 1658 3386 1729; baseline 0.004 -20"><span class='ocrx_word' id='word_1_494' title='bbox 2202 1658 2264 1709; x_wconf 86' lang='lat' dir='ltr'><strong>II.</strong></span> <span class='ocrx_word' id='word_1_495' title='bbox 2289 1660 2575 1710; x_wconf 84' lang='lat' dir='ltr'><strong>Sanctorum</strong></span> <span class='ocrx_word' id='word_1_496' title='bbox 2598 1664 2775 1711; x_wconf 89' lang='lat' dir='ltr'><strong>merita</strong></span> <span class='ocrx_word' id='word_1_497' title='bbox 2799 1662 2939 1713; x_wconf 89' lang='lat' dir='ltr'><strong>nobis</strong></span> <span class='ocrx_word' id='word_1_498' title='bbox 2963 1665 3202 1727; x_wconf 90' lang='lat' dir='ltr'><strong>prodesse</strong></span> <span class='ocrx_word' id='word_1_499' title='bbox 3230 1671 3386 1729; x_wconf 86' lang='lat' dir='ltr'><strong>putat.</strong></span> 
     </span>
    </p>
   </div>
   <div class='ocr_carea' id='block_1_76' title="bbox 1950 1786 3591 1874">
    <p class='ocr_par' dir='ltr' id='par_1_76' title="bbox 1950 1786 3591 1874">
     <span class='ocr_line' id='line_1_77' title="bbox 1950 1786 3591 1874; baseline 0.007 -36"><span class='ocrx_word' id='word_1_500' title='bbox 1950 1816 1992 1874; x_wconf 72' lang='grc' dir='ltr'><strong>Β</strong></span> <span class='ocrx_word' id='word_1_501' title='bbox 2088 1786 2180 1841; x_wconf 84' lang='lat' dir='ltr'><strong>Ait</strong></span> <span class='ocrx_word' id='word_1_502' title='bbox 2218 1803 2327 1842; x_wconf 93' lang='lat' dir='ltr'><strong>non</strong></span> <span class='ocrx_word' id='word_1_503' title='bbox 2374 1789 2540 1844; x_wconf 83' lang='lat' dir='ltr'><strong>semel</strong></span> <span class='ocrx_word' id='word_1_504' title='bbox 2569 1788 2839 1846; x_wconf 89' lang='lat' dir='ltr'><strong>Eusebius</strong></span> <span class='ocrx_word' id='word_1_505' title='bbox 2867 1800 3205 1858; x_wconf 85' lang='lat' dir='ltr'><strong>sanctorum,</strong></span> <span class='ocrx_word' id='word_1_506' title='bbox 3237 1792 3352 1849; x_wconf 89' lang='lat' dir='ltr'><strong>sive</strong></span> <span class='ocrx_word' id='word_1_507' title='bbox 3383 1803 3591 1867; x_wconf 84' lang='lat' dir='ltr'><strong>marty-</strong></span> 
     </span>
    </p>
   </div>
   <div class='ocr_carea' id='block_1_77' title="bbox 2022 1876 3586 1953">
    <p class='ocr_par' dir='ltr' id='par_1_77' title="bbox 2022 1876 3586 1953">
     <span class='ocr_line' id='line_1_78' title="bbox 2022 1876 3586 1953; baseline 0.006 -23"><span class='ocrx_word' id='word_1_508' title='bbox 2022 1892 2165 1945; x_wconf 89' lang='lat' dir='ltr'><strong>rum,</strong></span> <span class='ocrx_word' id='word_1_509' title='bbox 2188 1879 2302 1935; x_wconf 79' lang='lat' dir='ltr'><strong>sive</strong></span> <span class='ocrx_word' id='word_1_510' title='bbox 2323 1879 2553 1933; x_wconf 90' lang='lat' dir='ltr'><strong>aliorum</strong></span> <span class='ocrx_word' id='word_1_511' title='bbox 2574 1880 2684 1936; x_wconf 88' lang='lat' dir='ltr'><strong>Deo</strong></span> <span class='ocrx_word' id='word_1_512' title='bbox 2696 1892 3038 1953; x_wconf 89' lang='lat' dir='ltr'><strong>acceptorum</strong></span> <span class='ocrx_word' id='word_1_513' title='bbox 3070 1885 3349 1939; x_wconf 86' lang='lat' dir='ltr'><strong>hominum</strong></span> <span class='ocrx_word' id='word_1_514' title='bbox 3371 1876 3586 1949; x_wconf 86' lang='lat' dir='ltr'><strong>merita,</strong></span> 
     </span>
    </p>
   </div>
   <div class='ocr_carea' id='block_1_78' title="bbox 2011 1968 3588 2047">
    <p class='ocr_par' dir='ltr' id='par_1_78' title="bbox 2011 1968 3588 2047">
     <span class='ocr_line' id='line_1_79' title="bbox 2011 1968 3588 2047; baseline 0.006 -25"><span class='ocrx_word' id='word_1_515' title='bbox 2011 1968 2256 2024; x_wconf 87' lang='lat' dir='ltr'><strong>subsidio</strong></span> <span class='ocrx_word' id='word_1_516' title='bbox 2294 1970 2435 2039; x_wconf 87' lang='lat' dir='ltr'><strong>apud</strong></span> <span class='ocrx_word' id='word_1_517' title='bbox 2483 1970 2649 2025; x_wconf 89' lang='lat' dir='ltr'><strong>Deum</strong></span> <span class='ocrx_word' id='word_1_518' title='bbox 2680 1972 2840 2030; x_wconf 88' lang='lat' dir='ltr'><strong>nobis</strong></span> <span class='ocrx_word' id='word_1_519' title='bbox 2860 1990 3002 2030; x_wconf 81' lang='lat' dir='ltr'><strong>esse.</strong></span> <span class='ocrx_word' id='word_1_520' title='bbox 3056 1974 3147 2030; x_wconf 90' lang='lat' dir='ltr'><strong>Sic</strong></span> <span class='ocrx_word' id='word_1_521' title='bbox 3176 1977 3315 2047; x_wconf 89' lang='lat' dir='ltr'><strong>psal.</strong></span> <span class='ocrx_word' id='word_1_522' title='bbox 3358 1993 3588 2043; x_wconf 77' lang='lat' dir='ltr'><strong>Lxxvtn,</strong></span> 
     </span>
    </p>
   </div>
   <div class='ocr_carea' id='block_1_79' title="bbox 2008 2060 3592 2137">
    <p class='ocr_par' dir='ltr' id='par_1_79' title="bbox 2008 2060 3592 2137">
     <span class='ocr_line' id='line_1_80' title="bbox 2008 2060 3592 2137; baseline 0.007 -24"><span class='ocrx_word' id='word_1_523' title='bbox 2008 2072 2147 2113; x_wconf 84' lang='lat' dir='ltr'><strong>vers.</strong></span> <span class='ocrx_word' id='word_1_524' title='bbox 2174 2060 2272 2116; x_wconf 69' lang='lat'><strong>10:</strong></span> <span class='ocrx_word' id='word_1_525' title='bbox 2304 2061 2388 2114; x_wconf 86' lang='lat' dir='ltr'><strong>Ad</strong></span> <span class='ocrx_word' id='word_1_526' title='bbox 2410 2062 2519 2117; x_wconf 68' lang='lat' dir='ltr'><strong>hazc</strong></span> <span class='ocrx_word' id='word_1_527' title='bbox 2541 2064 2593 2118; x_wconf 91' lang='lat' dir='ltr'><strong>in</strong></span> <span class='ocrx_word' id='word_1_528' title='bbox 2612 2066 2849 2136; x_wconf 85' lang='lat' dir='ltr'><strong>precibus</strong></span> <span class='ocrx_word' id='word_1_529' title='bbox 2873 2075 3097 2137; x_wconf 86' lang='lat' dir='ltr'><strong>tempore</strong></span> <span class='ocrx_word' id='word_1_530' title='bbox 3118 2070 3489 2136; x_wconf 82' lang='lat' dir='ltr'><strong>persecutionis</strong></span> <span class='ocrx_word' id='word_1_531' title='bbox 3507 2068 3592 2124; x_wconf 87' lang='lat' dir='ltr'><strong>di-</strong></span> 
     </span>
    </p>
   </div>
   <div class='ocr_carea' id='block_1_80' title="bbox 2006 2151 3590 2222">
    <p class='ocr_par' dir='ltr' id='par_1_80' title="bbox 2006 2151 3590 2222">
     <span class='ocr_line' id='line_1_81' title="bbox 2006 2151 3590 2222; baseline 0.008 -19"><span class='ocrx_word' id='word_1_532' title='bbox 2006 2151 2171 2205; x_wconf 87' lang='lat' dir='ltr'><strong>cenda</strong></span> <span class='ocrx_word' id='word_1_533' title='bbox 2216 2153 2567 2222; x_wconf 85' lang='lat' dir='ltr'><strong>instituimur,</strong></span> <span class='ocrx_word' id='word_1_534' title='bbox 2606 2155 2903 2211; x_wconf 84' lang='lat' dir='ltr'><strong>hostiarum</strong></span> <span class='ocrx_word' id='word_1_535' title='bbox 2953 2168 3002 2213; x_wconf 90' lang='lat' dir='ltr'><strong>et</strong></span> <span class='ocrx_word' id='word_1_536' title='bbox 3024 2158 3449 2213; x_wconf 84' lang='lat' dir='ltr'><strong>holocaustorum</strong></span> <span class='ocrx_word' id='word_1_537' title='bbox 3477 2160 3590 2215; x_wconf 87' lang='lat' dir='ltr'><strong>loco</strong></span> 
     </span>
    </p>
   </div>
   <div class='ocr_carea' id='block_1_81' title="bbox 2005 2243 3589 2320">
    <p class='ocr_par' dir='ltr' id='par_1_81' title="bbox 2005 2243 3589 2320">
     <span class='ocr_line' id='line_1_82' title="bbox 2005 2243 3589 2320; baseline 0.008 -27"><span class='ocrx_word' id='word_1_538' title='bbox 2005 2243 2309 2311; x_wconf 74' lang='lat' dir='ltr'><strong>sanguinem</strong></span> <span class='ocrx_word' id='word_1_539' title='bbox 2329 2254 2632 2299; x_wconf 87' lang='lat' dir='ltr'><strong>sanctorunt</strong></span> <span class='ocrx_word' id='word_1_540' title='bbox 2654 2256 2947 2318; x_wconf 83' lang='lat' dir='ltr'><strong>martyrum</strong></span> <span class='ocrx_word' id='word_1_541' title='bbox 2961 2249 3589 2320; x_wconf 85' lang='lat' dir='ltr'><strong>proponentes,achujus-</strong></span> 
     </span>
    </p>
   </div>
   <div class='ocr_carea' id='block_1_82' title="bbox 2005 2332 3591 2414">
    <p class='ocr_par' dir='ltr' id='par_1_82' title="bbox 2005 2332 3591 2414">
     <span class='ocr_line' id='line_1_83' title="bbox 2005 2332 3591 2414; baseline 0.008 -29"><span class='ocrx_word' id='word_1_542' title='bbox 2005 2332 2147 2387; x_wconf 90' lang='lat' dir='ltr'><strong>modi</strong></span> <span class='ocrx_word' id='word_1_543' title='bbox 2165 2334 2570 2404; x_wconf 86' lang='lat' dir='ltr'><strong>supplicationes</strong></span> <span class='ocrx_word' id='word_1_544' title='bbox 2584 2340 2872 2395; x_wconf 88' lang='lat' dir='ltr'><strong>emittentes</strong></span> <span class='ocrx_word' id='word_1_545' title='bbox 2890 2342 2982 2406; x_wconf 58' lang='lat' dir='ltr'><strong>,‘ﬁet</strong></span> <span class='ocrx_word' id='word_1_546' title='bbox 2999 2358 3140 2397; x_wconf 86' lang='lat' dir='ltr'><strong>vers.</strong></span> <span class='ocrx_word' id='word_1_547' title='bbox 3166 2343 3223 2395; x_wconf 73' lang='lat' dir='ltr'><strong>il</strong></span> <span class='ocrx_word' id='word_1_548' title='bbox 3247 2362 3259 2397; x_wconf 88' lang='lat'>:</span> <span class='ocrx_word' id='word_1_549' title='bbox 3290 2341 3401 2397; x_wconf 88' lang='lat' dir='ltr'><strong>Nos</strong></span> <span class='ocrx_word' id='word_1_550' title='bbox 3425 2345 3591 2414; x_wconf 89' lang='lat' dir='ltr'><strong>siqui-</strong></span> 
     </span>
    </p>
   </div>
   <div class='ocr_carea' id='block_1_83' title="bbox 2003 2423 3609 2507">
    <p class='ocr_par' dir='ltr' id='par_1_83' title="bbox 2003 2423 3609 2507">
     <span class='ocr_line' id='line_1_84' title="bbox 2003 2423 3609 2507; baseline 0.009 -30"><span class='ocrx_word' id='word_1_551' title='bbox 2003 2423 2120 2478; x_wconf 90' lang='lat' dir='ltr'><strong>dem</strong></span> <span class='ocrx_word' id='word_1_552' title='bbox 2144 2442 2244 2481; x_wconf 90' lang='lat' dir='ltr'><strong>non</strong></span> <span class='ocrx_word' id='word_1_553' title='bbox 2261 2427 2405 2499; x_wconf 88' lang='lat' dir='ltr'><strong>digni</strong></span> <span class='ocrx_word' id='word_1_554' title='bbox 2431 2430 2598 2486; x_wconf 79' lang='lat' dir='ltr'><strong>habiti</strong></span> <span class='ocrx_word' id='word_1_555' title='bbox 2625 2449 2807 2488; x_wconf 89' lang='lat' dir='ltr'><strong>sumus</strong></span> <span class='ocrx_word' id='word_1_556' title='bbox 2826 2436 2915 2504; x_wconf 88' lang='lat' dir='ltr'><strong>qui</strong></span> <span class='ocrx_word' id='word_1_557' title='bbox 2933 2435 3002 2488; x_wconf 88' lang='lat' dir='ltr'><strong>ad</strong></span> <span class='ocrx_word' id='word_1_558' title='bbox 3032 2435 3192 2505; x_wconf 80' lang='lat' dir='ltr'><strong>ﬁnem</strong></span> <span class='ocrx_word' id='word_1_559' title='bbox 3214 2452 3373 2507; x_wconf 87' lang='lat' dir='ltr'><strong>usque</strong></span> <span class='ocrx_word' id='word_1_560' title='bbox 3387 2446 3609 2491; x_wconf 79' lang='lat' dir='ltr'><strong>certare-</strong></span> 
     </span>
    </p>
   </div>
   <div class='ocr_carea' id='block_1_84' title="bbox 2004 2520 3588 2600">
    <p class='ocr_par' dir='ltr' id='par_1_84' title="bbox 2004 2520 3588 2600">
     <span class='ocr_line' id='line_1_85' title="bbox 2004 2520 3588 2600; baseline 0.009 -33"><span class='ocrx_word' id='word_1_561' title='bbox 2004 2532 2144 2580; x_wconf 85' lang='lat' dir='ltr'><strong>mus,</strong></span> <span class='ocrx_word' id='word_1_562' title='bbox 2168 2534 2231 2570; x_wconf 75' lang='grc' dir='ltr'><strong>αι</strong></span> <span class='ocrx_word' id='word_1_563' title='bbox 2247 2533 2341 2586; x_wconf 91' lang='lat' dir='ltr'><strong>pro</strong></span> <span class='ocrx_word' id='word_1_564' title='bbox 2366 2520 2473 2575; x_wconf 89' lang='lat' dir='ltr'><strong>Deo</strong></span> <span class='ocrx_word' id='word_1_565' title='bbox 2503 2525 2806 2594; x_wconf 86' lang='lat' dir='ltr'><strong>sanguinem</strong></span> <span class='ocrx_word' id='word_1_566' title='bbox 2826 2524 3196 2594; x_wconf 88' lang='lat' dir='ltr'><strong>funderemus;</strong></span> <span class='ocrx_word' id='word_1_567' title='bbox 3226 2529 3315 2582; x_wconf 88' lang='lat' dir='ltr'><strong>sed</strong></span> <span class='ocrx_word' id='word_1_568' title='bbox 3335 2530 3459 2600; x_wconf 85' lang='lat' dir='ltr'><strong>quia</strong></span> <span class='ocrx_word' id='word_1_569' title='bbox 3484 2530 3588 2598; x_wconf 84' lang='lat' dir='ltr'><strong>filii</strong></span> 
     </span>
    </p>
   </div>
   <div class='ocr_carea' id='block_1_85' title="bbox 2004 2614 3585 2688">
    <p class='ocr_par' dir='ltr' id='par_1_85' title="bbox 2004 2614 3585 2688">
     <span class='ocr_line' id='line_1_86' title="bbox 2004 2614 3585 2688; baseline 0.009 -30"><span class='ocrx_word' id='word_1_570' title='bbox 2004 2621 2187 2661; x_wconf 88' lang='lat' dir='ltr'><strong>sumus</strong></span> <span class='ocrx_word' id='word_1_571' title='bbox 2218 2625 2399 2664; x_wconf 87' lang='lat' dir='ltr'><strong>eorum</strong></span> <span class='ocrx_word' id='word_1_572' title='bbox 2432 2614 2523 2683; x_wconf 90' lang='lat' dir='ltr'><strong>qui</strong></span> <span class='ocrx_word' id='word_1_573' title='bbox 2550 2614 2660 2667; x_wconf 63' lang='lat' dir='ltr'><strong>ham</strong></span> <span class='ocrx_word' id='word_1_574' title='bbox 2700 2626 2820 2669; x_wconf 89' lang='lat' dir='ltr'><strong>sunt</strong></span> <span class='ocrx_word' id='word_1_575' title='bbox 2854 2618 3111 2685; x_wconf 87' lang='lat' dir='ltr'><strong>perpessi,</strong></span> <span class='ocrx_word' id='word_1_576' title='bbox 3142 2618 3334 2673; x_wconf 91' lang='lat' dir='ltr'><strong>virtute</strong></span> <span class='ocrx_word' id='word_1_577' title='bbox 3372 2628 3585 2688; x_wconf 87' lang='lat' dir='ltr'><strong>patrum</strong></span> 
     </span>
    </p>
   </div>
   <div class='ocr_carea' id='block_1_86' title="bbox 2008 2706 3583 2782">
    <p class='ocr_par' dir='ltr' id='par_1_86' title="bbox 2008 2706 3583 2782">
     <span class='ocr_line' id='line_1_87' title="bbox 2008 2706 3583 2782; baseline 0.011 -33"><span class='ocrx_word' id='word_1_578' title='bbox 2008 2707 2310 2755; x_wconf 88' lang='lat' dir='ltr'><strong>nostrorum</strong></span> <span class='ocrx_word' id='word_1_579' title='bbox 2340 2706 2539 2771; x_wconf 88' lang='lat' dir='ltr'><strong>ornati,</strong></span> <span class='ocrx_word' id='word_1_580' title='bbox 2577 2721 2855 2775; x_wconf 86' lang='lat' dir='ltr'><strong>precamur</strong></span> <span class='ocrx_word' id='word_1_581' title='bbox 2882 2718 2939 2762; x_wconf 86' lang='lat' dir='ltr'><strong>ut</strong></span> <span class='ocrx_word' id='word_1_582' title='bbox 2970 2709 3184 2765; x_wconf 82' lang='lat' dir='ltr'><strong>illorum</strong></span> <span class='ocrx_word' id='word_1_583' title='bbox 3224 2712 3397 2782; x_wconf 87' lang='lat' dir='ltr'><strong>gratia</strong></span> <span class='ocrx_word' id='word_1_584' title='bbox 3426 2712 3583 2767; x_wconf 79' lang='lat' dir='ltr'><strong>miss-</strong></span> 
     </span>
    </p>
   </div>
   <div class='ocr_carea' id='block_1_87' title="bbox 2010 2789 2735 2866">
    <p class='ocr_par' dir='ltr' id='par_1_87' title="bbox 2010 2789 2735 2866">
     <span class='ocr_line' id='line_1_88' title="bbox 2010 2789 2735 2866; baseline 0.015 -25"><span class='ocrx_word' id='word_1_585' title='bbox 2010 2789 2298 2845; x_wconf 87' lang='lat' dir='ltr'><strong>ricordiam</strong></span> <span class='ocrx_word' id='word_1_586' title='bbox 2331 2810 2735 2866; x_wconf 84' lang='lat' dir='ltr'><strong>consequamur.</strong></span> 
     </span>
    </p>
   </div>
   <div class='ocr_carea' id='block_1_88' title="bbox 2071 2900 3517 2976">
    <p class='ocr_par' dir='ltr' id='par_1_88' title="bbox 2071 2900 3517 2976">
     <span class='ocr_line' id='line_1_89' title="bbox 2071 2900 3517 2976; baseline 0.008 -24"><span class='ocrx_word' id='word_1_587' title='bbox 2071 2900 2155 2952; x_wconf 87' lang='lat' dir='ltr'><strong>Ill.</strong></span> <span class='ocrx_word' id='word_1_588' title='bbox 2176 2903 2357 2956; x_wconf 80' lang='lat' dir='ltr'><strong>Veram</strong></span> <span class='ocrx_word' id='word_1_589' title='bbox 2374 2907 2549 2959; x_wconf 86' lang='lat' dir='ltr'><strong>Christi</strong></span> <span class='ocrx_word' id='word_1_590' title='bbox 2569 2910 2618 2958; x_wconf 92' lang='lat' dir='ltr'><strong>in</strong></span> <span class='ocrx_word' id='word_1_591' title='bbox 2640 2911 2939 2961; x_wconf 84' lang='lat' dir='ltr'><strong>Eucharistia</strong></span> <span class='ocrx_word' id='word_1_592' title='bbox 2959 2914 3271 2976; x_wconf 67' lang='lat' dir='ltr'><strong>praesentiam</strong></span> <span class='ocrx_word' id='word_1_593' title='bbox 3284 2916 3517 2964; x_wconf 88' lang='lat' dir='ltr'><strong>declarat.</strong></span> 
     </span>
    </p>
   </div>
   <div class='ocr_carea' id='block_1_89' title="bbox 2083 3005 3582 3091">
    <p class='ocr_par' dir='ltr' id='par_1_89' title="bbox 2083 3005 3582 3091">
     <span class='ocr_line' id='line_1_90' title="bbox 2083 3005 3582 3091; baseline 0.008 -30"><span class='ocrx_word' id='word_1_594' title='bbox 2083 3005 2280 3063; x_wconf 83' lang='lat' dir='ltr'><strong>Veram</strong></span> <span class='ocrx_word' id='word_1_595' title='bbox 2328 3010 2534 3067; x_wconf 87' lang='lat' dir='ltr'><strong>Christi</strong></span> <span class='ocrx_word' id='word_1_596' title='bbox 2596 3012 2651 3067; x_wconf 91' lang='lat' dir='ltr'><strong>in</strong></span> <span class='ocrx_word' id='word_1_597' title='bbox 2700 3013 3044 3072; x_wconf 87' lang='lat' dir='ltr'><strong>Eucharistia</strong></span> <span class='ocrx_word' id='word_1_598' title='bbox 3105 3020 3445 3088; x_wconf 67' lang='lat' dir='ltr'><strong>praesentiam</strong></span> <span class='ocrx_word' id='word_1_599' title='bbox 3507 3019 3582 3091; x_wconf 93' lang='lat' dir='ltr'><strong>(a)</strong></span> 
     </span>
    </p>
   </div>
   <div class='ocr_carea' id='block_1_90' title="bbox 2010 3098 3583 3178">
    <p class='ocr_par' dir='ltr' id='par_1_90' title="bbox 2010 3098 3583 3178">
     <span class='ocr_line' id='line_1_91' title="bbox 2010 3098 3583 3178; baseline 0.008 -25"><span class='ocrx_word' id='word_1_600' title='bbox 2010 3098 2295 3169; x_wconf 83' lang='lat' dir='ltr'><strong>proﬁtetur</strong></span> <span class='ocrx_word' id='word_1_601' title='bbox 2340 3117 2465 3157; x_wconf 91' lang='lat' dir='ltr'><strong>cum</strong></span> <span class='ocrx_word' id='word_1_602' title='bbox 2514 3103 2660 3159; x_wconf 91' lang='lat' dir='ltr'><strong>hunc</strong></span> <span class='ocrx_word' id='word_1_603' title='bbox 2732 3122 2945 3162; x_wconf 87' lang='lat' dir='ltr'><strong>versum</strong></span> <span class='ocrx_word' id='word_1_604' title='bbox 3010 3111 3324 3178; x_wconf 87' lang='lat' dir='ltr'><strong>explicans.</strong></span> <span class='ocrx_word' id='word_1_605' title='bbox 3378 3110 3583 3167; x_wconf 86' lang='lat' dir='ltr'><strong>Cibavit</strong></span> 
     </span>
    </p>
   </div>
   <div class='ocr_carea' id='block_1_91' title="bbox 1932 3185 3581 3269">
    <p class='ocr_par' dir='ltr' id='par_1_91' title="bbox 1932 3185 3581 3269">
     <span class='ocr_line' id='line_1_92' title="bbox 1932 3185 3581 3269; baseline 0.011 -29"><span class='ocrx_word' id='word_1_606' title='bbox 1932 3185 2092 3248; x_wconf 86' lang='lat' dir='ltr'><strong>Ceos</strong></span> <span class='ocrx_word' id='word_1_607' title='bbox 2175 3208 2241 3246; x_wconf 76' lang='lat' dir='ltr'><strong>ea:</strong></span> <span class='ocrx_word' id='word_1_608' title='bbox 2303 3195 2457 3264; x_wconf 88' lang='lat' dir='ltr'><strong>adipe</strong></span> <span class='ocrx_word' id='word_1_609' title='bbox 2494 3195 2767 3265; x_wconf 81' lang='lat' dir='ltr'><strong>frumenti,</strong></span> <span class='ocrx_word' id='word_1_610' title='bbox 2803 3208 2853 3252; x_wconf 93' lang='lat' dir='ltr'><strong>et</strong></span> <span class='ocrx_word' id='word_1_611' title='bbox 2902 3198 2973 3254; x_wconf 86' lang='lat' dir='ltr'><strong>de</strong></span> <span class='ocrx_word' id='word_1_612' title='bbox 3011 3212 3160 3269; x_wconf 89' lang='lat' dir='ltr'><strong>petra</strong></span> <span class='ocrx_word' id='word_1_613' title='bbox 3214 3203 3364 3257; x_wconf 88' lang='lat' dir='ltr'><strong>melle</strong></span> <span class='ocrx_word' id='word_1_614' title='bbox 3429 3214 3581 3257; x_wconf 83' lang='lat' dir='ltr'><strong>satu-</strong></span> 
     </span>
    </p>
   </div>
   <div class='ocr_carea' id='block_1_92' title="bbox 2007 3285 3581 3360">
    <p class='ocr_par' dir='ltr' id='par_1_92' title="bbox 2007 3285 3581 3360">
     <span class='ocr_line' id='line_1_93' title="bbox 2007 3285 3581 3360; baseline 0.008 -24"><span class='ocrx_word' id='word_1_615' title='bbox 2007 3286 2143 3337; x_wconf 90' lang='lat' dir='ltr'><strong>ravit</strong></span> <span class='ocrx_word' id='word_1_616' title='bbox 2201 3302 2287 3339; x_wconf 89' lang='lat' dir='ltr'><strong>eos</strong></span> <span class='ocrx_word' id='word_1_617' title='bbox 2335 3285 2511 3356; x_wconf 86' lang='lat' dir='ltr'><strong>(Psal.</strong></span> <span class='ocrx_word' id='word_1_618' title='bbox 2564 3302 2731 3353; x_wconf 76' lang='lat' dir='ltr'><strong>Lux,</strong></span> <span class='ocrx_word' id='word_1_619' title='bbox 2787 3289 2897 3360; x_wconf 78' lang='grc'>17),</span> <span class='ocrx_word' id='word_1_620' title='bbox 2950 3291 3077 3346; x_wconf 89' lang='lat' dir='ltr'><strong>ait:</strong></span> <span class='ocrx_word' id='word_1_621' title='bbox 3118 3293 3274 3346; x_wconf 79' lang='grc' dir='ltr'><strong>Κατὰ</strong></span> <span class='ocrx_word' id='word_1_622' title='bbox 3337 3293 3581 3349; x_wconf 77' lang='grc' dir='ltr'>τοῦτοδὲ</span> 
     </span>
    </p>
   </div>
   <div class='ocr_carea' id='block_1_93' title="bbox 2006 3376 3581 3457">
    <p class='ocr_par' dir='ltr' id='par_1_93' title="bbox 2006 3376 3581 3457">
     <span class='ocr_line' id='line_1_94' title="bbox 2006 3376 3581 3457; baseline 0.009 -29"><span class='ocrx_word' id='word_1_623' title='bbox 2006 3376 2242 3449; x_wconf 79' lang='grc' dir='ltr'>ἐπλήρου</span> <span class='ocrx_word' id='word_1_624' title='bbox 2295 3376 2635 3443; x_wconf 83' lang='grc' dir='ltr'><strong>καταξιώσας</strong></span> <span class='ocrx_word' id='word_1_625' title='bbox 2666 3381 2863 3445; x_wconf 82' lang='grc' dir='ltr'>αὐτοὺς</span> <span class='ocrx_word' id='word_1_626' title='bbox 2893 3383 2991 3453; x_wconf 71' lang='grc' dir='ltr'><strong>τῆς</strong></span> <span class='ocrx_word' id='word_1_627' title='bbox 3027 3384 3233 3449; x_wconf 81' lang='grc' dir='ltr'><strong>οἰκείας</strong></span> <span class='ocrx_word' id='word_1_628' title='bbox 3260 3386 3484 3457; x_wconf 81' lang='grc' dir='ltr'><strong>τροφῆς,</strong></span> <span class='ocrx_word' id='word_1_629' title='bbox 3518 3389 3581 3442; x_wconf 83' lang='grc' dir='ltr'>οὐ</span> 
     </span>
    </p>
   </div>
   <div class='ocr_carea' id='block_1_94' title="bbox 2008 3468 3583 3555">
    <p class='ocr_par' dir='ltr' id='par_1_94' title="bbox 2008 3468 3583 3555">
     <span class='ocr_line' id='line_1_95' title="bbox 2008 3468 3583 3555; baseline 0.008 -35"><span class='ocrx_word' id='word_1_630' title='bbox 2008 3468 2166 3539; x_wconf 81' lang='grc' dir='ltr'>μόνον</span> <span class='ocrx_word' id='word_1_631' title='bbox 2192 3470 2527 3541; x_wconf 78' lang='grc' dir='ltr'><strong>σωματικῆς,</strong></span> <span class='ocrx_word' id='word_1_632' title='bbox 2552 3470 2687 3524; x_wconf 82' lang='grc' dir='ltr'>ἀλλὰ</span> <span class='ocrx_word' id='word_1_633' title='bbox 2707 3473 2799 3526; x_wconf 77' lang='grc' dir='ltr'><strong>καὶ</strong></span> <span class='ocrx_word' id='word_1_634' title='bbox 2822 3474 3267 3555; x_wconf 45' lang='grc' dir='ltr'>ήςσὲπουρανίου</span> <span class='ocrx_word' id='word_1_635' title='bbox 3302 3478 3393 3531; x_wconf 76' lang='grc' dir='ltr'><strong>καὶ</strong></span> <span class='ocrx_word' id='word_1_636' title='bbox 3422 3496 3583 3532; x_wconf 81' lang='grc' dir='ltr'>πνευ-</span> 
     </span>
    </p>
   </div>
   <div class='ocr_carea' id='block_1_95' title="bbox 2008 3561 3581 3641">
    <p class='ocr_par' dir='ltr' id='par_1_95' title="bbox 2008 3561 3581 3641">
     <span class='ocr_line' id='line_1_96' title="bbox 2008 3561 3581 3641; baseline 0.006 -28"><span class='ocrx_word' id='word_1_637' title='bbox 2008 3561 2262 3631; x_wconf 81' lang='grc' dir='ltr'><strong>ματικῆς,</strong></span> <span class='ocrx_word' id='word_1_638' title='bbox 2281 3561 2517 3632; x_wconf 82' lang='grc' dir='ltr'><strong>ὁπηνίκα</strong></span> <span class='ocrx_word' id='word_1_639' title='bbox 2542 3562 2778 3635; x_wconf 76' lang='grc' dir='ltr'><strong>πρώτοις</strong></span> <span class='ocrx_word' id='word_1_640' title='bbox 2799 3566 2981 3629; x_wconf 79' lang='grc' dir='ltr'>αὐτοῖς</span> <span class='ocrx_word' id='word_1_641' title='bbox 3004 3568 3263 3639; x_wconf 77' lang='grc' dir='ltr'><strong>ἐπεδήμει</strong></span> <span class='ocrx_word' id='word_1_642' title='bbox 3289 3571 3317 3623; x_wconf 85' lang='grc' dir='ltr'>ὁ</span> <span class='ocrx_word' id='word_1_643' title='bbox 3350 3570 3581 3641; x_wconf 79' lang='grc' dir='ltr'>Χριστὸς</span> 
     </span>
    </p>
   </div>
   <div class='ocr_carea' id='block_1_96' title="bbox 2002 3648 3579 3730">
    <p class='ocr_par' dir='ltr' id='par_1_96' title="bbox 2002 3648 3579 3730">
     <span class='ocr_line' id='line_1_97' title="bbox 2002 3648 3579 3730; baseline 0.006 -29"><span class='ocrx_word' id='word_1_644' title='bbox 2002 3648 2095 3702; x_wconf 82' lang='grc' dir='ltr'><strong>τοῦ</strong></span> <span class='ocrx_word' id='word_1_645' title='bbox 2134 3650 2289 3715; x_wconf 82' lang='grc' dir='ltr'>Θεοῦ,</span> <span class='ocrx_word' id='word_1_646' title='bbox 2321 3652 2524 3726; x_wconf 79' lang='grc' dir='ltr'>τροφὴν</span> <span class='ocrx_word' id='word_1_647' title='bbox 2568 3652 2749 3715; x_wconf 83' lang='grc' dir='ltr'>αὐτοῖς</span> <span class='ocrx_word' id='word_1_648' title='bbox 2792 3658 3054 3730; x_wconf 66' lang='grc' dir='ltr'><strong>Αιταρεῖχεν</strong></span> <span class='ocrx_word' id='word_1_649' title='bbox 3106 3657 3196 3711; x_wconf 80' lang='grc' dir='ltr'><strong>τὸν</strong></span> <span class='ocrx_word' id='word_1_650' title='bbox 3259 3658 3579 3729; x_wconf 81' lang='grc' dir='ltr'><strong>ἐπουράνιον</strong></span> 
     </span>
    </p>
   </div>
   <div class='ocr_carea' id='block_1_97' title="bbox 2004 3742 3579 3820">
    <p class='ocr_par' dir='ltr' id='par_1_97' title="bbox 2004 3742 3579 3820">
     <span class='ocr_line' id='line_1_98' title="bbox 2004 3742 3579 3820; baseline 0.008 -27"><span class='ocrx_word' id='word_1_651' title='bbox 2004 3742 2185 3812; x_wconf 79' lang='grc' dir='ltr'>ἄρτον,</span> <span class='ocrx_word' id='word_1_652' title='bbox 2215 3743 2438 3795; x_wconf 79' lang='grc' dir='ltr'><strong>ΔΥΤΟΣ</strong></span> <span class='ocrx_word' id='word_1_653' title='bbox 2469 3744 2767 3807; x_wconf 81' lang='grc' dir='ltr'><strong>ΕΑΥΤΟΝ,</strong></span> <span class='ocrx_word' id='word_1_654' title='bbox 2800 3745 2852 3799; x_wconf 89' lang='lat' dir='ltr'><strong>id</strong></span> <span class='ocrx_word' id='word_1_655' title='bbox 2871 3756 2989 3801; x_wconf 88' lang='lat' dir='ltr'><strong>est:</strong></span> <span class='ocrx_word' id='word_1_656' title='bbox 3019 3747 3163 3801; x_wconf 87' lang='lat' dir='ltr'><strong>Tunc</strong></span> <span class='ocrx_word' id='word_1_657' title='bbox 3184 3765 3341 3818; x_wconf 88' lang='lat' dir='ltr'><strong>porro</strong></span> <span class='ocrx_word' id='word_1_658' title='bbox 3365 3753 3579 3820; x_wconf 71' lang='lat' dir='ltr'><strong>proprio</strong></span> 
     </span>
    </p>
   </div>
   <div class='ocr_carea' id='block_1_98' title="bbox 2005 3831 3576 3907">
    <p class='ocr_par' dir='ltr' id='par_1_98' title="bbox 2005 3831 3576 3907">
     <span class='ocr_line' id='line_1_99' title="bbox 2005 3831 3576 3907; baseline 0.006 -23"><span class='ocrx_word' id='word_1_659' title='bbox 2005 3832 2126 3885; x_wconf 80' lang='lat' dir='ltr'><strong>illas</strong></span> <span class='ocrx_word' id='word_1_660' title='bbox 2171 3831 2285 3885; x_wconf 84' lang='lat' dir='ltr'><strong>cibo</strong></span> <span class='ocrx_word' id='word_1_661' title='bbox 2320 3833 2514 3900; x_wconf 87' lang='lat' dir='ltr'><strong>replere</strong></span> <span class='ocrx_word' id='word_1_662' title='bbox 2545 3834 2789 3905; x_wconf 86' lang='lat' dir='ltr'><strong>dignatus</strong></span> <span class='ocrx_word' id='word_1_663' title='bbox 2822 3846 2921 3901; x_wconf 89' lang='lat' dir='ltr'><strong>est,</strong></span> <span class='ocrx_word' id='word_1_664' title='bbox 2957 3854 3059 3890; x_wconf 88' lang='lat' dir='ltr'><strong>non</strong></span> <span class='ocrx_word' id='word_1_665' title='bbox 3094 3854 3342 3907; x_wconf 87' lang='lat' dir='ltr'><strong>corporeo</strong></span> <span class='ocrx_word' id='word_1_666' title='bbox 3382 3840 3576 3906; x_wconf 89' lang='lat' dir='ltr'><strong>solum,</strong></span> 
     </span>
    </p>
   </div>
   <div class='ocr_carea' id='block_1_99' title="bbox 2006 3923 3577 4001">
    <p class='ocr_par' dir='ltr' id='par_1_99' title="bbox 2006 3923 3577 4001">
     <span class='ocr_line' id='line_1_100' title="bbox 2006 3923 3577 4001; baseline 0.008 -26"><span class='ocrx_word' id='word_1_667' title='bbox 2006 3923 2097 3975; x_wconf 89' lang='lat' dir='ltr'><strong>sed</strong></span> <span class='ocrx_word' id='word_1_668' title='bbox 2126 3923 2286 3976; x_wconf 90' lang='lat' dir='ltr'><strong>etiam</strong></span> <span class='ocrx_word' id='word_1_669' title='bbox 2325 3925 2521 3979; x_wconf 77' lang='lat' dir='ltr'><strong>ccclesti</strong></span> <span class='ocrx_word' id='word_1_670' title='bbox 2553 3936 2602 3980; x_wconf 94' lang='lat' dir='ltr'><strong>et</strong></span> <span class='ocrx_word' id='word_1_671' title='bbox 2629 3928 2920 3997; x_wconf 88' lang='lat' dir='ltr'><strong>spirituali,</strong></span> <span class='ocrx_word' id='word_1_672' title='bbox 2953 3944 3073 3982; x_wconf 90' lang='lat' dir='ltr'><strong>cum</strong></span> <span class='ocrx_word' id='word_1_673' title='bbox 3103 3928 3172 3983; x_wconf 90' lang='lat' dir='ltr'><strong>ad</strong></span> <span class='ocrx_word' id='word_1_674' title='bbox 3210 3931 3350 4001; x_wconf 86' lang='lat' dir='ltr'><strong>ipsos</strong></span> <span class='ocrx_word' id='word_1_675' title='bbox 3380 3933 3577 4001; x_wconf 88' lang='lat' dir='ltr'><strong>primos</strong></span> 
     </span>
    </p>
   </div>
   <div class='ocr_carea' id='block_1_100' title="bbox 2004 4008 3580 4094">
    <p class='ocr_par' dir='ltr' id='par_1_100' title="bbox 2004 4008 3580 4094">
     <span class='ocr_line' id='line_1_101' title="bbox 2004 4008 3580 4094; baseline 0.008 -26"><span class='ocrx_word' id='word_1_676' title='bbox 2004 4011 2247 4069; x_wconf 85' lang='lat' dir='ltr'><strong>Christus</strong></span> <span class='ocrx_word' id='word_1_677' title='bbox 2282 4014 2375 4071; x_wconf 89' lang='lat' dir='ltr'><strong>Dei</strong></span> <span class='ocrx_word' id='word_1_678' title='bbox 2398 4020 2760 4089; x_wconf 86' lang='lat' dir='ltr'><strong>peregrinatus</strong></span> <span class='ocrx_word' id='word_1_679' title='bbox 2793 4029 2892 4085; x_wconf 89' lang='lat' dir='ltr'><strong>est,</strong></span> <span class='ocrx_word' id='word_1_680' title='bbox 2930 4008 3083 4090; x_wconf 83' lang='lat' dir='ltr'><strong>atque</strong></span> <span class='ocrx_word' id='word_1_681' title='bbox 3130 4023 3183 4077; x_wconf 91' lang='lat' dir='ltr'><strong>in</strong></span> <span class='ocrx_word' id='word_1_682' title='bbox 3231 4024 3402 4078; x_wconf 89' lang='lat' dir='ltr'><strong>cibum</strong></span> <span class='ocrx_word' id='word_1_683' title='bbox 3447 4026 3580 4094; x_wconf 86' lang='lat' dir='ltr'><strong>ipsis</strong></span> 
     </span>
    </p>
   </div>
   <div class='ocr_carea' id='block_1_101' title="bbox 2004 4107 3578 4187">
    <p class='ocr_par' dir='ltr' id='par_1_101' title="bbox 2004 4107 3578 4187">
     <span class='ocr_line' id='line_1_102' title="bbox 2004 4107 3578 4187; baseline 0.009 -28"><span class='ocrx_word' id='word_1_684' title='bbox 2004 4107 2257 4163; x_wconf 64' lang='lat' dir='ltr'><strong>calestem</strong></span> <span class='ocrx_word' id='word_1_685' title='bbox 2302 4125 2509 4179; x_wconf 89' lang='lat' dir='ltr'><strong>panem,</strong></span> <span class='ocrx_word' id='word_1_686' title='bbox 2540 4112 2648 4178; x_wconf 81' lang='lat' dir='ltr'><strong>ipse</strong></span> <span class='ocrx_word' id='word_1_687' title='bbox 2698 4113 3052 4181; x_wconf 88' lang='lat' dir='ltr'><strong>semetipsum,</strong></span> <span class='ocrx_word' id='word_1_688' title='bbox 3097 4113 3260 4169; x_wconf 89' lang='lat' dir='ltr'><strong>dedit.</strong></span> <span class='ocrx_word' id='word_1_689' title='bbox 3311 4116 3391 4171; x_wconf 82' lang='lat' dir='ltr'><strong>Ad</strong></span> <span class='ocrx_word' id='word_1_690' title='bbox 3432 4118 3578 4187; x_wconf 89' lang='lat' dir='ltr'><strong>psal-</strong></span> 
     </span>
    </p>
   </div>
   <div class='ocr_carea' id='block_1_102' title="bbox 2003 4202 3578 4280">
    <p class='ocr_par' dir='ltr' id='par_1_102' title="bbox 2003 4202 3578 4280">
     <span class='ocr_line' id='line_1_103' title="bbox 2003 4202 3578 4280; baseline 0.008 -28"><span class='ocrx_word' id='word_1_691' title='bbox 2003 4213 2152 4253; x_wconf 89' lang='lat' dir='ltr'><strong>mum</strong></span> <span class='ocrx_word' id='word_1_692' title='bbox 2188 4215 2317 4255; x_wconf 88' lang='lat' dir='ltr'><strong>vero</strong></span> <span class='ocrx_word' id='word_1_693' title='bbox 2360 4216 2545 4266; x_wconf 75' lang='lat' dir='ltr'><strong>xxxvi,</strong></span> <span class='ocrx_word' id='word_1_694' title='bbox 2572 4202 2685 4258; x_wconf 59' lang='lat' dir='ltr'><strong>haec</strong></span> <span class='ocrx_word' id='word_1_695' title='bbox 2729 4202 2892 4258; x_wconf 81' lang='lat' dir='ltr'><strong>habet</strong></span> <span class='ocrx_word' id='word_1_696' title='bbox 2929 4222 2943 4259; x_wconf 94' lang='lat'><strong>:</strong></span> <span class='ocrx_word' id='word_1_697' title='bbox 2980 4206 3346 4280; x_wconf 78' lang='grc' dir='ltr'>Κατατρυφᾷν</span> <span class='ocrx_word' id='word_1_698' title='bbox 3383 4209 3439 4262; x_wconf 84' lang='grc' dir='ltr'><strong>δὲ</strong></span> <span class='ocrx_word' id='word_1_699' title='bbox 3480 4208 3578 4264; x_wconf 71' lang='grc' dir='ltr'>τοῦ</span> 
     </span>
    </p>
   </div>
   <div class='ocr_carea' id='block_1_103' title="bbox 2002 4287 3579 4368">
    <p class='ocr_par' dir='ltr' id='par_1_103' title="bbox 2002 4287 3579 4368">
     <span class='ocr_line' id='line_1_104' title="bbox 2002 4287 3579 4368; baseline 0.01 -30"><span class='ocrx_word' id='word_1_700' title='bbox 2002 4287 2205 4358; x_wconf 81' lang='grc' dir='ltr'>Κυρίου</span> <span class='ocrx_word' id='word_1_701' title='bbox 2218 4288 2502 4360; x_wconf 82' lang='grc' dir='ltr'>δυνήσεται</span> <span class='ocrx_word' id='word_1_702' title='bbox 2520 4287 2665 4360; x_wconf 80' lang='grc' dir='ltr'>ὁτῆς</span> <span class='ocrx_word' id='word_1_703' title='bbox 2685 4290 2862 4361; x_wconf 77' lang='grc' dir='ltr'>ψυχῆς</span> <span class='ocrx_word' id='word_1_704' title='bbox 2891 4291 2962 4345; x_wconf 81' lang='grc' dir='ltr'>τὰ</span> <span class='ocrx_word' id='word_1_705' title='bbox 2992 4294 3316 4368; x_wconf 72' lang='grc' dir='ltr'><strong>αἰσθητήρια</strong></span> <span class='ocrx_word' id='word_1_706' title='bbox 3343 4298 3579 4353; x_wconf 82' lang='grc' dir='ltr'><strong>κεκαθα-</strong></span> 
     </span>
    </p>
   </div>
   <div class='ocr_carea' id='block_1_104' title="bbox 2007 4378 3575 4461">
    <p class='ocr_par' dir='ltr' id='par_1_104' title="bbox 2007 4378 3575 4461">
     <span class='ocr_line' id='line_1_105' title="bbox 2007 4378 3575 4461; baseline 0.01 -32"><span class='ocrx_word' id='word_1_707' title='bbox 2007 4378 2285 4448; x_wconf 82' lang='grc' dir='ltr'>ρισμένος,</span> <span class='ocrx_word' id='word_1_708' title='bbox 2320 4379 2395 4442; x_wconf 84' lang='grc' dir='ltr'>ὡς</span> <span class='ocrx_word' id='word_1_709' title='bbox 2427 4380 2683 4435; x_wconf 77' lang='grc' dir='ltr'><strong>δύνασθαι</strong></span> <span class='ocrx_word' id='word_1_710' title='bbox 2733 4383 2934 4436; x_wconf 79' lang='grc' dir='ltr'><strong>ἐσθίειν</strong></span> <span class='ocrx_word' id='word_1_711' title='bbox 2962 4384 3051 4437; x_wconf 81' lang='grc' dir='ltr'><strong>τὸν</strong></span> <span class='ocrx_word' id='word_1_712' title='bbox 3076 4383 3253 4449; x_wconf 79' lang='grc' dir='ltr'>ζῶντα</span> <span class='ocrx_word' id='word_1_713' title='bbox 3289 4390 3449 4461; x_wconf 78' lang='grc' dir='ltr'>ἄρτον</span> <span class='ocrx_word' id='word_1_714' title='bbox 3482 4392 3575 4445; x_wconf 74' lang='grc' dir='ltr'><strong>καὶ</strong></span> 
     </span>
    </p>
   </div>
   <div class='ocr_carea' id='block_1_105' title="bbox 2002 4467 3573 4553">
    <p class='ocr_par' dir='ltr' id='par_1_105' title="bbox 2002 4467 3573 4553">
     <span class='ocr_line' id='line_1_106' title="bbox 2002 4467 3573 4553; baseline 0.01 -32"><span class='ocrx_word' id='word_1_715' title='bbox 2002 4469 2099 4531; x_wconf 80' lang='grc' dir='ltr'><strong>τὰς</strong></span> <span class='ocrx_word' id='word_1_716' title='bbox 2130 4467 2423 4535; x_wconf 78' lang='grc' dir='ltr'>ζωοποιοὺς</span> <span class='ocrx_word' id='word_1_717' title='bbox 2456 4472 2618 4525; x_wconf 80' lang='grc' dir='ltr'><strong>αὐτοῦ</strong></span> <span class='ocrx_word' id='word_1_718' title='bbox 2653 4474 2884 4543; x_wconf 79' lang='grc' dir='ltr'><strong>σάρκας,</strong></span> <span class='ocrx_word' id='word_1_719' title='bbox 2919 4477 3093 4531; x_wconf 78' lang='grc' dir='ltr'>πίνειν</span> <span class='ocrx_word' id='word_1_720' title='bbox 3130 4496 3189 4531; x_wconf 87' lang='grc' dir='ltr'><strong>τε</strong></span> <span class='ocrx_word' id='word_1_721' title='bbox 3220 4480 3280 4533; x_wconf 85' lang='grc' dir='ltr'><strong>τὸ</strong></span> <span class='ocrx_word' id='word_1_722' title='bbox 3309 4484 3573 4553; x_wconf 79' lang='grc' dir='ltr'>σωτήριον</span> 
     </span>
    </p>
   </div>
   <div class='ocr_carea' id='block_1_106' title="bbox 1930 4540 3569 4641">
    <p class='ocr_par' dir='ltr' id='par_1_106' title="bbox 1930 4540 3569 4641">
     <span class='ocr_line' id='line_1_107' title="bbox 1930 4540 3569 4641; baseline 0.009 -30"><span class='ocrx_word' id='word_1_723' title='bbox 1930 4540 1970 4596; x_wconf 75' lang='grc' dir='ltr'>θ</span> <span class='ocrx_word' id='word_1_724' title='bbox 2000 4561 2163 4613; x_wconf 78' lang='grc' dir='ltr'>αὐτοῦ</span> <span class='ocrx_word' id='word_1_725' title='bbox 2214 4556 2369 4633; x_wconf 71' lang='grc' dir='ltr'><strong>αἷμα.</strong></span> <span class='ocrx_word' id='word_1_726' title='bbox 2425 4563 2647 4628; x_wconf 78' lang='grc' dir='ltr'><strong>Τούτοις</strong></span> <span class='ocrx_word' id='word_1_727' title='bbox 2686 4540 3021 4637; x_wconf 69' lang='grc' dir='ltr'>τρεφόμενος</span> <span class='ocrx_word' id='word_1_728' title='bbox 3069 4570 3161 4622; x_wconf 77' lang='grc' dir='ltr'><strong>καὶ</strong></span> <span class='ocrx_word' id='word_1_729' title='bbox 3206 4540 3569 4641; x_wconf 64' lang='grc' dir='ltr'>πιαινόμένος,</span> 
     </span>
    </p>
   </div>
   <div class='ocr_carea' id='block_1_107' title="bbox 1996 4652 3574 4727">
    <p class='ocr_par' dir='ltr' id='par_1_107' title="bbox 1996 4652 3574 4727">
     <span class='ocr_line' id='line_1_108' title="bbox 1996 4652 3574 4727; baseline 0.006 -22"><span class='ocrx_word' id='word_1_730' title='bbox 1996 4653 2095 4722; x_wconf 80' lang='grc' dir='ltr'><strong>τῆς</strong></span> <span class='ocrx_word' id='word_1_731' title='bbox 2146 4652 2330 4707; x_wconf 83' lang='grc' dir='ltr'>ἐνθέου</span> <span class='ocrx_word' id='word_1_732' title='bbox 2386 4654 2557 4726; x_wconf 80' lang='grc' dir='ltr'>μέθης</span> <span class='ocrx_word' id='word_1_733' title='bbox 2605 4654 2912 4719; x_wconf 82' lang='grc' dir='ltr'><strong>ἀπολαύων,</strong></span> <span class='ocrx_word' id='word_1_734' title='bbox 2953 4659 3417 4727; x_wconf 73' lang='grc' dir='ltr'><strong>κατατρύφησον</strong></span> <span class='ocrx_word' id='word_1_735' title='bbox 3466 4662 3574 4715; x_wconf 76' lang='grc' dir='ltr'><strong>τοῦ</strong></span> 
     </span>
    </p>
   </div>
   <div class='ocr_carea' id='block_1_108' title="bbox 1996 4744 3567 4817">
    <p class='ocr_par' dir='ltr' id='par_1_108' title="bbox 1996 4744 3567 4817">
     <span class='ocr_line' id='line_1_109' title="bbox 1996 4744 3567 4817; baseline 0.005 -19"><span class='ocrx_word' id='word_1_736' title='bbox 1996 4744 2235 4812; x_wconf 85' lang='grc' dir='ltr'>Κυρίου,</span> <span class='ocrx_word' id='word_1_737' title='bbox 2268 4745 2322 4799; x_wconf 87' lang='lat' dir='ltr'><strong>id</strong></span> <span class='ocrx_word' id='word_1_738' title='bbox 2371 4752 2455 4801; x_wconf 87' lang='lat' dir='ltr'><strong>est</strong></span> <span class='ocrx_word' id='word_1_739' title='bbox 2483 4767 2495 4801; x_wconf 90' lang='lat'>:</span> <span class='ocrx_word' id='word_1_740' title='bbox 2527 4745 2791 4800; x_wconf 89' lang='lat' dir='ltr'><strong>Delectari</strong></span> <span class='ocrx_word' id='word_1_741' title='bbox 2824 4757 2999 4801; x_wconf 89' lang='lat' dir='ltr'><strong>autem</strong></span> <span class='ocrx_word' id='word_1_742' title='bbox 3028 4749 3081 4801; x_wconf 90' lang='lat' dir='ltr'><strong>in</strong></span> <span class='ocrx_word' id='word_1_743' title='bbox 3112 4748 3335 4804; x_wconf 84' lang='lat' dir='ltr'><strong>Domino</strong></span> <span class='ocrx_word' id='word_1_744' title='bbox 3358 4752 3567 4817; x_wconf 85' lang='lat' dir='ltr'><strong>valebit,</strong></span> 
     </span>
    </p>
   </div>
   <div class='ocr_carea' id='block_1_109' title="bbox 1994 4837 3567 4913">
    <p class='ocr_par' dir='ltr' id='par_1_109' title="bbox 1994 4837 3567 4913">
     <span class='ocr_line' id='line_1_110' title="bbox 1994 4837 3567 4913; baseline 0.004 -22"><span class='ocrx_word' id='word_1_745' title='bbox 1994 4840 2231 4910; x_wconf 87' lang='lat' dir='ltr'><strong>quisquis</strong></span> <span class='ocrx_word' id='word_1_746' title='bbox 2264 4839 2456 4893; x_wconf 75' lang='lat' dir='ltr'><strong>anima:</strong></span> <span class='ocrx_word' id='word_1_747' title='bbox 2481 4837 2717 4893; x_wconf 89' lang='lat' dir='ltr'><strong>sensibus</strong></span> <span class='ocrx_word' id='word_1_748' title='bbox 2744 4841 2891 4907; x_wconf 79' lang='lat' dir='ltr'><strong>puris</strong></span> <span class='ocrx_word' id='word_1_749' title='bbox 2922 4842 3259 4913; x_wconf 88' lang='lat' dir='ltr'><strong>purgatisque</strong></span> <span class='ocrx_word' id='word_1_750' title='bbox 3283 4843 3461 4911; x_wconf 90' lang='lat' dir='ltr'><strong>fuerit,</strong></span> <span class='ocrx_word' id='word_1_751' title='bbox 3490 4845 3567 4899; x_wconf 91' lang='lat' dir='ltr'><strong>ita</strong></span> 
     </span>
    </p>
   </div>
   <div class='ocr_carea' id='block_1_110' title="bbox 1995 4932 3565 5007">
    <p class='ocr_par' dir='ltr' id='par_1_110' title="bbox 1995 4932 3565 5007">
     <span class='ocr_line' id='line_1_111' title="bbox 1995 4932 3565 5007; baseline 0.006 -24"><span class='ocrx_word' id='word_1_752' title='bbox 1995 4940 2052 4983; x_wconf 91' lang='lat' dir='ltr'><strong>ut</strong></span> <span class='ocrx_word' id='word_1_753' title='bbox 2077 4947 2263 4999; x_wconf 90' lang='lat' dir='ltr'><strong>panem</strong></span> <span class='ocrx_word' id='word_1_754' title='bbox 2295 4934 2462 4987; x_wconf 91' lang='lat' dir='ltr'><strong>vivum</strong></span> <span class='ocrx_word' id='word_1_755' title='bbox 2489 4940 2537 4987; x_wconf 92' lang='lat' dir='ltr'><strong>et</strong></span> <span class='ocrx_word' id='word_1_756' title='bbox 2576 4932 2806 5002; x_wconf 78' lang='lat' dir='ltr'><strong>viviﬁcas</strong></span> <span class='ocrx_word' id='word_1_757' title='bbox 2831 4948 3015 4988; x_wconf 90' lang='lat' dir='ltr'><strong>carnes</strong></span> <span class='ocrx_word' id='word_1_758' title='bbox 3046 4934 3160 5004; x_wconf 89' lang='lat' dir='ltr'><strong>ejus</strong></span> <span class='ocrx_word' id='word_1_759' title='bbox 3192 4936 3341 4991; x_wconf 89' lang='lat' dir='ltr'><strong>edere</strong></span> <span class='ocrx_word' id='word_1_760' title='bbox 3379 4939 3565 5007; x_wconf 89' lang='lat' dir='ltr'><strong>possit,</strong></span> 
     </span>
    </p>
   </div>
   <div class='ocr_carea' id='block_1_111' title="bbox 1996 5022 3567 5094">
    <p class='ocr_par' dir='ltr' id='par_1_111' title="bbox 1996 5022 3567 5094">
     <span class='ocr_line' id='line_1_112' title="bbox 1996 5022 3567 5094; baseline 0.004 -17"><span class='ocrx_word' id='word_1_761' title='bbox 1996 5040 2058 5077; x_wconf 88' lang='lat' dir='ltr'><strong>ac</strong></span> <span class='ocrx_word' id='word_1_762' title='bbox 2101 5024 2391 5079; x_wconf 88' lang='lat' dir='ltr'><strong>salutarem</strong></span> <span class='ocrx_word' id='word_1_763' title='bbox 2424 5028 2538 5092; x_wconf 81' lang='lat' dir='ltr'><strong>eius</strong></span> <span class='ocrx_word' id='word_1_764' title='bbox 2577 5022 2748 5078; x_wconf 90' lang='lat' dir='ltr'><strong>bibere</strong></span> <span class='ocrx_word' id='word_1_765' title='bbox 2792 5026 3119 5094; x_wconf 89' lang='lat' dir='ltr'><strong>sanguinem.</strong></span> <span class='ocrx_word' id='word_1_766' title='bbox 3174 5027 3275 5082; x_wconf 83' lang='lat' dir='ltr'><strong>His</strong></span> <span class='ocrx_word' id='word_1_767' title='bbox 3306 5031 3567 5084; x_wconf 88' lang='lat' dir='ltr'><strong>enutritus</strong></span> 
     </span>
    </p>
   </div>
   <div class='ocr_carea' id='block_1_112' title="bbox 1992 5119 3567 5193">
    <p class='ocr_par' dir='ltr' id='par_1_112' title="bbox 1992 5119 3567 5193">
     <span class='ocr_line' id='line_1_113' title="bbox 1992 5119 3567 5193; baseline 0.006 -23"><span class='ocrx_word' id='word_1_768' title='bbox 1992 5128 2041 5171; x_wconf 87' lang='lat' dir='ltr'><strong>et</strong></span> <span class='ocrx_word' id='word_1_769' title='bbox 2072 5119 2447 5188; x_wconf 82' lang='lat' dir='ltr'><strong>impinguatus,</strong></span> <span class='ocrx_word' id='word_1_770' title='bbox 2474 5120 2650 5177; x_wconf 87' lang='lat' dir='ltr'><strong>divina</strong></span> <span class='ocrx_word' id='word_1_771' title='bbox 2683 5124 2864 5193; x_wconf 84' lang='lat' dir='ltr'><strong>fruens</strong></span> <span class='ocrx_word' id='word_1_772' title='bbox 2880 5124 3148 5189; x_wconf 84' lang='lat' dir='ltr'><strong>ebrietate,</strong></span> <span class='ocrx_word' id='word_1_773' title='bbox 3182 5141 3201 5175; x_wconf 72' lang='grc' dir='ltr'><strong><em>ι</em></strong></span> <span class='ocrx_word' id='word_1_774' title='bbox 3228 5122 3484 5179; x_wconf 87' lang='lat' dir='ltr'><strong>delectare</strong></span> <span class='ocrx_word' id='word_1_775' title='bbox 3509 5123 3567 5179; x_wconf 82' lang='lat' dir='ltr'><strong>in</strong></span> 
     </span>
    </p>
   </div>
   <div class='ocr_carea' id='block_1_113' title="bbox 1992 5208 2299 5266">
    <p class='ocr_par' dir='ltr' id='par_1_113' title="bbox 1992 5208 2299 5266">
     <span class='ocr_line' id='line_1_114' title="bbox 1992 5208 2299 5266; baseline 0.01 -3"><span class='ocrx_word' id='word_1_776' title='bbox 1992 5208 2239 5266; x_wconf 87' lang='lat' dir='ltr'><strong>Domino.</strong></span> <span class='ocrx_word' id='word_1_777' title='bbox 2279 5231 2299 5265; x_wconf 73' lang='grc' dir='ltr'><strong><em>ι</em></strong></span> 
     </span>
    </p>
   </div>
   <div class='ocr_carea' id='block_1_114' title="bbox 2299 5323 3255 5387">
    <p class='ocr_par' dir='ltr' id='par_1_114' title="bbox 2299 5323 3255 5387">
     <span class='ocr_line' id='line_1_115' title="bbox 2299 5323 3255 5387; baseline 0.004 -13"><span class='ocrx_word' id='word_1_778' title='bbox 2299 5323 2381 5375; x_wconf 89' lang='lat' dir='ltr'><strong>IV.</strong></span> <span class='ocrx_word' id='word_1_779' title='bbox 2409 5327 2537 5387; x_wconf 87' lang='lat' dir='ltr'><strong>Quid</strong></span> <span class='ocrx_word' id='word_1_780' title='bbox 2559 5328 2621 5377; x_wconf 92' lang='lat' dir='ltr'><strong>de</strong></span> <span class='ocrx_word' id='word_1_781' title='bbox 2646 5328 2807 5378; x_wconf 87' lang='lat' dir='ltr'><strong>libero</strong></span> <span class='ocrx_word' id='word_1_782' title='bbox 2831 5328 3034 5379; x_wconf 87' lang='lat' dir='ltr'><strong>arbitrio</strong></span> <span class='ocrx_word' id='word_1_783' title='bbox 3056 5326 3255 5380; x_wconf 87' lang='lat' dir='ltr'><strong>sentiat.</strong></span> 
     </span>
    </p>
   </div>
   <div class='ocr_carea' id='block_1_115' title="bbox 2064 5426 3565 5487">
    <p class='ocr_par' dir='ltr' id='par_1_115' title="bbox 2064 5426 3565 5487">
     <span class='ocr_line' id='line_1_116' title="bbox 2064 5426 3565 5487; baseline 0.002 -8"><span class='ocrx_word' id='word_1_784' title='bbox 2064 5426 2319 5483; x_wconf 89' lang='lat' dir='ltr'><strong>Liberum</strong></span> <span class='ocrx_word' id='word_1_785' title='bbox 2339 5429 2624 5485; x_wconf 88' lang='lat' dir='ltr'><strong>arbitrium</strong></span> <span class='ocrx_word' id='word_1_786' title='bbox 2652 5430 2708 5485; x_wconf 91' lang='lat' dir='ltr'><strong>in</strong></span> <span class='ocrx_word' id='word_1_787' title='bbox 2731 5430 2952 5486; x_wconf 88' lang='lat' dir='ltr'><strong>homine</strong></span> <span class='ocrx_word' id='word_1_788' title='bbox 2972 5431 3040 5486; x_wconf 90' lang='lat' dir='ltr'><strong>ad</strong></span> <span class='ocrx_word' id='word_1_789' title='bbox 3066 5430 3271 5487; x_wconf 88' lang='lat' dir='ltr'><strong>bonum</strong></span> <span class='ocrx_word' id='word_1_790' title='bbox 3296 5430 3565 5484; x_wconf 85' lang='lat' dir='ltr'><strong>malumve</strong></span> 
     </span>
    </p>
   </div>
   <div class='ocr_carea' id='block_1_116' title="bbox 1991 5514 3561 5596">
    <p class='ocr_par' dir='ltr' id='par_1_116' title="bbox 1991 5514 3561 5596">
     <span class='ocr_line' id='line_1_117' title="bbox 1991 5514 3561 5596; baseline 0 -22"><span class='ocrx_word' id='word_1_791' title='bbox 1991 5514 2335 5591; x_wconf 86' lang='lat' dir='ltr'><strong>deligendum</strong></span> <span class='ocrx_word' id='word_1_792' title='bbox 2386 5522 2467 5579; x_wconf 88' lang='lat' dir='ltr'><strong>sic</strong></span> <span class='ocrx_word' id='word_1_793' title='bbox 2516 5523 2752 5595; x_wconf 82' lang='lat' dir='ltr'><strong>explicat</strong></span> <span class='ocrx_word' id='word_1_794' title='bbox 2793 5525 2904 5589; x_wconf 91' lang='lat' dir='ltr'><strong>ille,</strong></span> <span class='ocrx_word' id='word_1_795' title='bbox 2940 5524 3007 5579; x_wconf 90' lang='lat' dir='ltr'><strong>ad</strong></span> <span class='ocrx_word' id='word_1_796' title='bbox 3062 5526 3328 5596; x_wconf 87' lang='lat' dir='ltr'><strong>psalmum</strong></span> <span class='ocrx_word' id='word_1_797' title='bbox 3366 5534 3510 5579; x_wconf 55' lang='lat' dir='ltr'><strong>xxxv</strong></span> <span class='ocrx_word' id='word_1_798' title='bbox 3545 5537 3561 5574; x_wconf 89' lang='lat'><strong>:</strong></span> 
     </span>
    </p>
   </div>
   <div class='ocr_carea' id='block_1_117' title="bbox 2004 5612 3557 5701">
    <p class='ocr_par' dir='ltr' id='par_1_117' title="bbox 2004 5612 3557 5701">
     <span class='ocr_line' id='line_1_118' title="bbox 2004 5612 3557 5701; baseline 0.003 -37"><span class='ocrx_word' id='word_1_799' title='bbox 2004 5612 2350 5679; x_wconf 83' lang='grc' dir='ltr'><strong>Ἀκαλύπτως</strong></span> <span class='ocrx_word' id='word_1_800' title='bbox 2384 5613 2439 5666; x_wconf 82' lang='grc' dir='ltr'>δὲ</span> <span class='ocrx_word' id='word_1_801' title='bbox 2462 5615 2491 5667; x_wconf 81' lang='grc' dir='ltr'><strong>ὁ</strong></span> <span class='ocrx_word' id='word_1_802' title='bbox 2518 5613 2753 5678; x_wconf 80' lang='grc' dir='ltr'>τοιοῦτος</span> <span class='ocrx_word' id='word_1_803' title='bbox 2786 5614 3044 5680; x_wconf 77' lang='grc' dir='ltr'><strong>ἐξέδωκεν</strong></span> <span class='ocrx_word' id='word_1_804' title='bbox 3074 5614 3355 5701; x_wconf 29' lang='grc' dir='ltr'>ἑαυτὸνῌτῇ</span> <span class='ocrx_word' id='word_1_805' title='bbox 3384 5612 3557 5701; x_wconf 53' lang='grc' dir='ltr'><strong>αμαρο</strong></span> 
     </span>
    </p>
   </div>
   <div class='ocr_carea' id='block_1_118' title="bbox 1988 5698 3655 5779">
    <p class='ocr_par' dir='ltr' id='par_1_118' title="bbox 1988 5698 3655 5779">
     <span class='ocr_line' id='line_1_119' title="bbox 1988 5698 3655 5779; baseline -0.004 -21"><span class='ocrx_word' id='word_1_806' title='bbox 1988 5704 2097 5776; x_wconf 64' lang='lat' dir='ltr'><strong>ria,</strong></span> <span class='ocrx_word' id='word_1_807' title='bbox 2120 5702 2194 5768; x_wconf 79' lang='grc' dir='ltr'>ὡς</span> <span class='ocrx_word' id='word_1_808' title='bbox 2228 5704 2319 5758; x_wconf 72' lang='grc' dir='ltr'><strong>καὶ</strong></span> <span class='ocrx_word' id='word_1_809' title='bbox 2358 5703 2424 5758; x_wconf 86' lang='grc' dir='ltr'><strong>τὰ</strong></span> <span class='ocrx_word' id='word_1_810' title='bbox 2460 5705 2677 5776; x_wconf 73' lang='grc' dir='ltr'><strong>ῥήματα</strong></span> <span class='ocrx_word' id='word_1_811' title='bbox 2719 5704 2810 5758; x_wconf 77' lang='grc' dir='ltr'>τοῦ</span> <span class='ocrx_word' id='word_1_812' title='bbox 2846 5705 3110 5777; x_wconf 80' lang='grc' dir='ltr'>στόματος</span> <span class='ocrx_word' id='word_1_813' title='bbox 3135 5698 3299 5759; x_wconf 80' lang='grc' dir='ltr'><strong>αὐτοῦ</strong></span> <span class='ocrx_word' id='word_1_814' title='bbox 3331 5698 3559 5773; x_wconf 79' lang='grc' dir='ltr'>ἀνομίαν</span> <span class='ocrx_word' id='word_1_815' title='bbox 3625 5757 3655 5779; x_wconf 36' lang='grc' dir='ltr'><strong>η</strong></span> 
     </span>
    </p>
   </div>
   <div class='ocr_carea' id='block_1_119' title="bbox 3396 5903 3523 5915">
    <p class='ocr_par' dir='ltr' id='par_1_119' title="bbox 3396 5903 3523 5915">
     <span class='ocr_line' id='line_1_120' title="bbox 3396 5903 3523 5915; baseline 0 -1"><span class='ocrx_word' id='word_1_816' title='bbox 3396 5903 3523 5915; x_wconf 55' lang='grc' dir='ltr'><strong>η-αιιη</strong></span> 
     </span>
    </p>
   </div>
   <div class='ocr_carea' id='block_1_120' title="bbox 2974 5912 3023 5920">
    <p class='ocr_par' dir='ltr' id='par_1_120' title="bbox 2974 5912 3023 5920">
     <span class='ocr_line' id='line_1_121' title="bbox 2974 5912 3023 5920; baseline 0 -1"><span class='ocrx_word' id='word_1_817' title='bbox 2974 5912 3023 5920; x_wconf 42' lang='grc' dir='ltr'>,στρ</span> 
     </span>
    </p>
   </div>
  </div>
