4086 6524
540 377 610 431 ΞΤ
1208 375 1476 433 EUSEBH
1515 376 1995 433 CAESARIENSIS
2032 376 2184 433 OPP.
2225 376 2405 433 PARS
2431 379 2521 437 111.
2560 405 2629 422 --
2666 378 3076 439 EXEGETICA.
3722 392 3791 448 23

537 489 792 551 εἶναικαὶ
819 495 987 551 δόλον.
1026 497 1171 550 Πάνυ
1201 496 1257 549 δὲ
1285 495 1455 550 ταῦτα
1489 496 1629 550 ἑκὼν
1677 496 1878 550 εἵλετο·
1913 498 2007 552 ἅτε
2049 497 2092 551 6i

2216 495 2339 549 dum
2361 498 2631 567 Aquilam,
2668 517 2685 549 ι
2723 499 2954 568 conﬁsus
2978 514 3127 563 sum;
3163 519 3180 551 ι
3212 508 3305 553 aut
3333 510 3390 554 ut
3420 500 3793 574 Symmachus.

537 588 882 652 αὑτεξούσιος
901 587 996 652 ὢν,
1022 592 1115 642 καὶ
1135 589 1432 659 δυνάμενος
1458 591 1553 661 μὲν
1573 590 1671 661 τὴν
1694 589 1905 661 ἀγαθὴν
1928 590 2115 661 μετελ-

538 681 649 733 θεῖν
678 664 817 744 ὁδον,
852 681 927 753 μὴ
963 680 1241 752 βουληθεὶς
1277 682 1353 734 δέ.
1386 680 1498 736 Hoc
1535 694 1619 737 est
1650 682 1879 737 :Palam
1939 693 2113 737 autem

537 772 630 825 ille
658 790 713 826 se
740 783 951 840 peccato
993 772 1215 839 dedidit,
1254 776 1331 828 ita
1365 786 1422 828 ut
1452 774 1607 829 verba
1636 776 1743 830 oris
1772 776 1885 843 ejus
1916 776 2113 845 iniqui-

538 873 621 917 tas
655 874 704 918 et
731 864 885 918 dolus
911 875 1105 920 essent.
1141 865 1269 919 Ηαιε
1289 877 1462 920 autem
1496 868 1603 935 ipse
1636 867 1921 920 admodum
1955 867 2113 921 libere

535 956 709 1024 elegit,
743 965 919 1024 utpote
955 956 1106 1010 liberi
1145 956 1375 1023 arbitrii,
1420 974 1573 1026 penes
1610 976 1762 1028 quem
1811 968 1925 1013 erat
1972 961 2109 1013 viam

536 1047 685 1101 adire
717 1046 904 1101 bonam
943 1064 962 1103 :
992 1048 1130 1118 quod
1161 1050 1252 1103 ille
1296 1051 1489 1107 noluit.
1528 1052 1878 1118 Quamobrem
1902 1056 2109 1107 dictum

534 1146 634 1201 est,
677 1155 697 1189 ι
737 1137 927 1191 Noluit
967 1139 1261 1209 intelligere
1293 1150 1349 1193 ut
1384 1140 1509 1196 bene
1541 1153 1713 1213 ageret
1748 1160 1767 1197 :
1796 1143 1885 1197 sed
1926 1146 2111 1216 iniqui-

538 1242 699 1285 tatem
743 1232 1029 1286 meditatus
1060 1243 1136 1286 est
1168 1234 1221 1286 in
1254 1234 1415 1287 cubili
1446 1251 1559 1289 suo.
1600 1256 1618 1287 ι
1651 1235 1713 1290 Ει
1743 1236 1809 1289 ad
1843 1239 2107 1306 psalmum

532 1340 642 1379 LVII
674 1324 923 1393 εἘπειδὴ
949 1325 1057 1395 γὰρ
1088 1324 1301 1393 φύσεως
1324 1325 1615 1399 ἐλευθέρας
1651 1330 1741 1382 καὶ
1763 1329 2105 1393 αὑτεξουσὶου

532 1416 835 1486 γενόμενοι,
863 1416 1187 1489 διακριτικοί
1210 1434 1269 1468 τε
1290 1417 1381 1470 τοῦ
1411 1418 1577 1472 καλοῦ
1609 1420 1815 1472 καὶτοῦ
1843 1420 2103 1485 ἐναντίου,

531 1509 631 1579 τήν
661 1524 720 1561 τε
746 1508 825 1571 εἰς
846 1507 1083 1575 ἑκάτερα
1111 1508 1281 1580 ῥοπὴν
1314 1511 1412 1582 τὴν
1442 1512 1498 1562 ἐν
1530 1512 1739 1572 ἑαυτοῖς
1759 1513 2103 1582 κεκτημένοι,

532 1601 631 1654 οὐκ
663 1600 838 1672 ὀρθῶς
873 1601 1171 1671 ἐχρήσαντο
1199 1602 1278 1671 τῷ
1308 1604 1596 1674 κριτηρίῳ,
1646 1604 1764 1655 οὐδὲ
1812 1606 2106 1675 ἠγάπησαν

533 1692 631 1762 τὴν
654 1691 885 1754 εὐθεῖαν,
909 1691 1108 1762 καίπερ
1134 1692 1331 1755 εἰδότες
1361 1693 1547 1763 αὐτὴν,
1566 1693 1685 1745 οὐδ’
1703 1694 1881 1765 ἔργοις
1913 1695 2107 1767 μετῆλ-

536 1779 627 1832 θον
663 1780 763 1850 τὴν
818 1780 1181 1851 δικαιοσύνην,
1240 1784 1304 1852 ἢν
1359 1783 1501 1849 λόγῳ
1525 1783 1670 1854 μόνῳ
1721 1786 1813 1837 καὶ
1872 1786 2105 1856 χείλεσιν

534 1869 944 1940 ἐπηγγέλλοντο,
963 1870 1040 1940 τῷ
1071 1871 1284 1942 παλαιῷ
1315 1872 1369 1925 δὲ
1394 1873 1513 1942 ὄφει
1542 1875 1918 1944 ὁμοιωθέντες,
1941 1879 2101 1932 ἀσπί-
2135 1859 2175 1913 Β

527 1960 617 2025 δος
650 1962 838 2032 κωφῆς
870 1962 1084 2034 χείρους
1119 1964 1393 2031 ἐγένοντοο
1428 1965 1616 2019 τούτου
1660 1968 1815 2039 χάριν
1862 1970 2098 2023 ἐπακού-

528 2069 655 2107 σατε
696 2052 815 2107 τίνα
860 2056 953 2107 καὶ
1000 2056 1197 2118 αὐτοὺς
1231 2056 1532 2125 περιμένει,
1584 2058 1634 2110 id
1681 2065 1765 2111 est
1796 2078 1808 2113 :
1837 2058 2098 2123 Quoniam

525 2142 664 2196 enim
706 2143 871 2197 libera
900 2153 951 2197 et
984 2146 1069 2198 sui
1099 2146 1311 2197 arbitrii
1339 2156 1532 2199 natura
1582 2147 1814 2215 prwditi,
1847 2151 1894 2201 vi
1937 2150 2099 2204 inter-

526 2234 771 2290 noscendi
822 2234 940 2289 boni
988 2245 1037 2290 et
1072 2239 1325 2290 contrarii
1366 2239 1631 2302 instructi,
1669 2249 1821 2309 atque
1878 2240 2097 2296 liberam

525 2326 595 2381 ad
623 2328 925 2381 utrumlibet
952 2328 1348 2381 inclinationem
1375 2330 1537 2390 nacti,
1571 2346 1674 2382 non
1736 2341 1870 2385 recte
1888 2334 2095 2401 judicio

525 2433 621 2471 suo
672 2427 796 2472 sunt
847 2418 951 2480 usi,
990 2434 1150 2485 neque
1192 2429 1389 2472 rectam
1436 2419 1594 2483 viam,
1630 2422 1732 2474 etsi
1761 2433 1939 2476 notam
1969 2425 2092 2489 sibi,

522 2507 836 2571 dilexerunt,
870 2526 1031 2579 neque
1065 2510 1306 2578 operibus
1331 2510 1605 2579 justitiam
1638 2512 1905 2577 adierunt,
1935 2533 2093 2586 quam

522 2598 690 2653 verbis
743 2598 1003 2652 duntaxat
1061 2609 1109 2653 et
1162 2599 1316 2654 labiis
1367 2610 1489 2654 sunt
1539 2603 1783 2672 professi,
1838 2608 2094 2677 veterique

520 2692 748 2757 serpenti
790 2690 1011 2756 similes,
1063 2692 1242 2757 aspide
1290 2692 1456 2748 surda
1508 2694 1791 2751 deteriores
1845 2716 2089 2765 evasere;

518 2780 637 2834 ideo
691 2798 828 2851 quas,
862 2783 989 2852 ipsis
1034 2794 1279 2838 eventura
1323 2796 1446 2840 sunt
1491 2787 1689 2843 audite.
1722 2788 1986 2846 Similiter
2025 2793 2091 2847 de

518 2870 760 2928 Hebraeis
792 2889 981 2944 agens,
1015 2876 1209 2944 psalmi
1244 2892 1428 2932 Lxxvn
1462 2879 1527 2933 ad
1561 2879 1706 2935 hunc
1747 2898 1986 2948 versum,
2021 2884 2088 2938 Et

516 2964 667 3018 obliti
698 2975 817 3019 sunt
848 2965 1235 3035 benefactorum
1264 2969 1397 3039 ejus,
1435 2970 1507 3023 ita
1543 2972 1784 3042 loquitur
1817 2994 1829 3028 :
1862 2975 2090 3031 Πάντων

515 3056 626 3131 γὰρ
656 3057 857 3111 τούτων
885 3057 1054 3129 λήθην
1080 3062 1454 3131 πεποιημένοι,
1477 3064 1586 3118 τῶν
1617 3066 1752 3138 πρὸς
1775 3068 1898 3130 τοὺς
1926 3067 2091 3121 πατέ-

521 3164 622 3218 ρας
664 3149 843 3201 αὐτῶν
900 3149 1367 3220 ὲπιδεδειγμένων,
1413 3153 1550 3206 ὅπλα
1597 3156 1796 3225 ἤραντο
1823 3158 1964 3211 κατὰ
1992 3158 2086 3212 τοῦ

517 3237 672 3303 Θεοῦ,
722 3238 781 3290 οὑ
829 3238 1176 3310 βουληθέντες
1223 3238 1300 3309 τῷ
1344 3240 1491 3312 νόμῳ
1521 3244 1684 3297 αὐτοῦ
1725 3246 2083 3317 πορεύεσθαιο

518 3328 696 3384 καίτοι
753 3330 838 3383 ἐπ’
874 3331 1070 3393 αὐτοὺς
1124 3330 1374 3399 κειμένου
1420 3333 1510 3386 τοῦ
1556 3334 1833 3401 δύνασθαι,
1869 3340 2088 3395 καὶτοῦ

519 3419 828 3489 βούλεσθαι,
860 3421 912 3476 id
933 3430 1017 3476 est
1056 3442 1068 3476 :
1104 3420 1242 3475 Nam
1274 3428 1505 3479 omnium
1536 3443 1715 3481 eorum
1761 3429 1932 3494 obliti,
1974 3448 2089 3501 quae

514 3510 758 3581 patribus
811 3514 920 3567 suis
972 3512 1179 3567 ostensit
1234 3523 1378 3579 sunt,
1414 3532 1566 3570 arma
1616 3518 1845 3572 tulerunt
1906 3531 2088 3577 contra

516 3602 707 3669 Deum,
753 3619 869 3657 cum
915 3603 1115 3657 nollent
1164 3607 1217 3659 in
1251 3608 1358 3675 lege
1396 3608 1509 3675 ejus
1562 3608 1855 3676 ambulare,
1879 3613 2089 3667 etiamsi

513 3709 667 3762 penes
699 3694 840 3763 ipsos
870 3704 1004 3748 esset
1030 3705 1087 3747 ut
1112 3707 1321 3764 possent
1346 3706 1395 3751 et
1429 3698 1633 3753 vellent.

514 3806 572 3856 ν.
599 3806 811 3859 Gratiam
835 3808 1183 3858 indifferentia:
1215 3810 1276 3920 ξι]
1302 3810 1610 3921 utrumlibet,
1650 3801 1741 3862 s'eu
1782 3816 2083 3879 versatilem,

1250 3885 1334 3921 oce
1362 3910 1373 3920 .

1250 3885 1373 3921 οοει.

587 3971 663 4025 Ne
696 3974 819 4041 quis
850 3987 979 4026 vero
1007 3974 1259 4043 opinetur
1300 3983 1491 4044 putare
1524 3975 1837 4043 Eusebium,
1870 3995 1935 4035 ex
1966 3982 2084 4037 solo

514 4063 669 4119 liberi
715 4064 929 4118 arbitrii
984 4073 1135 4119 motu
1186 4066 1481 4130 hominem,
1520 4084 1619 4123 nec
1650 4070 1819 4139 gratia
1861 4071 2079 4139 fultum,

511 4158 712 4211 bonum
770 4158 993 4228 perinde
1045 4167 1207 4227 atque
1242 4161 1440 4214 malum
1489 4161 1641 4216 adire
1704 4177 1895 4231 posse;
1956 4165 2081 4220 huic

512 4251 811 4321 suspicioni
846 4250 1089 4305 occurrit
1122 4252 1212 4305 ille
1258 4250 1344 4305 his
1374 4252 1557 4307 verbis
1584 4272 1597 4307 :
1625 4255 1767 4321 Quos
1796 4258 2081 4325 praescien-

513 4341 588 4394 tia
622 4358 721 4395 sua
754 4353 1063 4410 pra’vertens
1112 4342 1273 4405 Deus,
1302 4352 1579 4412 antequam
1614 4347 1667 4399 in
1708 4348 1872 4400 lucem
1899 4348 2080 4417 prodi-

512 4444 645 4495 rent,
678 4435 806 4489 tales
842 4436 1050 4504 [uturos
1095 4452 1205 4489 esse
1237 4448 1479 4501 noverat;
1517 4438 1607 4491 sed
1637 4448 1809 4492 tamen
1841 4441 2080 4507 permisit

510 4534 567 4577 ut
600 4535 958 4588 nascerentur,
988 4526 1161 4593 gratia
1188 4542 1285 4577 sua
1328 4527 1453 4593 ipsis
1483 4543 1681 4597 quoque
1727 4544 1990 4589 concessa,
2020 4538 2077 4581 ut
2109 4540 2153 4594 ι)

506 4617 687 4686 palam
711 4634 890 4671 eorum
920 4620 1241 4686 propositum
1268 4620 1432 4687 ﬁeret,
1448 4620 1544 4691 τὴν
1578 4623 1707 4691 παρ’
1728 4621 1892 4675 αὐτοῦ
1919 4624 2078 4692 χάριν

509 4710 603 4760 καὶ
660 4707 841 4770 αὐτοῖς
881 4707 1283 4779 δωρησάμενος,
1312 4713 1391 4773 εἰς
1423 4711 1483 4763 τὸ
1516 4714 1781 4783 φανεροὺς
1829 4713 2078 4781 γενέσθαι

507 4799 606 4869 τὴν
637 4798 970 4871 προαίρεσιν.
1008 4800 1274 4870 Siquidem
1328 4812 1377 4856 et
1422 4802 1654 4856 ordinem
1680 4804 1947 4873 justorum
1997 4824 2081 4861 re-

508 4905 649 4944 ctam
702 4907 765 4945 ac
829 4893 1042 4945 minime
1064 4892 1322 4960 deﬂectunt
1376 4894 1515 4947 viam
1567 4903 1749 4962 suapte
1790 4896 2055 4950 voluntate

508 4986 764 5038 initurum
809 4994 1118 5053 prwvertens
1160 4984 1299 5039 Deus
1351 4995 1587 5042 noverat.
1624 4986 1823 5041 Deinde
1870 4990 2078 5058 utrique

506 5074 681 5129 ordini
716 5074 937 5129 liberum
989 5075 1198 5128 arbitrii
1250 5085 1446 5128 motum
1508 5076 1733 5141 dimisit,
1783 5080 2067 5133 concedens

502 5176 560 5219 ut
612 5166 664 5219 in
696 5167 867 5221 stadio
916 5185 1128 5222 cursum
1187 5170 1522 5237 conﬁcerent.
1580 5168 1657 5221 Ac
1709 5185 1825 5221 cum
1862 5173 2076 5223 univer-

504 5277 589 5312 sos
664 5268 857 5313 natura
914 5260 1112 5314 similes
1195 5260 1572 5321 constituisset,
1657 5257 1922 5313 voluntate
1978 5277 2076 5313 sua

501 5370 749 5423 quemque
809 5354 1030 5407 meliora
1092 5352 1318 5421 deligere
1384 5352 1585 5418 pariter
1645 5353 1908 5418 permisit.
1972 5355 2067 5406 ltli

504 5463 643 5509 vero,
695 5455 873 5514 utpote
914 5446 1003 5515 qui
1050 5444 1133 5497 sui
1178 5444 1414 5511 ipsorum
1449 5440 1671 5503 domini,
1705 5446 1788 5497 sui
1813 5445 1977 5512 juris,
2013 5462 2074 5499 ac

505 5541 651 5594 liberi
724 5537 899 5610 quoad
970 5545 1169 5589 motum
1231 5544 1436 5598 essent,
1497 5534 1758 5588 arbitratu
1806 5552 1901 5589 suo
1957 5536 2071 5589 dis—

492 5632 666 5699 juncti
724 5640 867 5692 sunt,
905 5627 1027 5681 aliis
1060 5636 1276 5690 rectam,
1320 5627 1585 5697 obliquam
1618 5630 1739 5684 aliis
1790 5632 1929 5684 viam
1983 5648 2071 5683 co-

499 5722 821 5788 optantibus.
845 5720 1257 5792 Parisententia
1279 5719 1345 5773 de
1366 5718 1502 5772 Juda
1522 5720 1749 5789 loquens
1773 5722 1886 5775 haec
1911 5722 2070 5775 habet

496 5817 561 5871 ad
586 5818 781 5889 psalm.
814 5830 881 5869 ιι.
909 5812 1154 5878 εδεά,‹ἱη
1186 5826 1288 5882 quo
1312 5814 1574 5881 speravi,»
1627 5814 1736 5881 ait;
1770 5814 1845 5869 vel
1882 5832 2065 5870 secun-

2220 607 2237 638 ι
2288 589 2519 658 conﬁsus
2574 606 2719 643 eram
2764 606 2782 642 :
2837 610 2855 641 ι
2892 590 3314 661 quandoquidem
3368 593 3537 662 ipsum
3575 595 3791 662 paribus

2214 688 2367 747 atque
2391 687 2605 731 cwteros
2640 678 2906 746 apostolos
2948 678 3100 733 donis
3156 680 3426 746 aﬂ‘ecerat.
3481 679 3815 752 Conﬁdebat.‘

2213 778 2384 822 autem
2415 771 2462 822 ei
2494 768 2761 835 Salvator,
2791 779 2841 823 et
2887 769 3077 824 bonam
3116 771 3181 824 de
3222 773 3335 841 ipso
3367 788 3508 841 spem
3542 773 3808 839 habebat,‘

2210 861 2333 930 quia
2355 862 2409 913 in
2432 878 2491 914 eo
2519 859 2743 915 liberum
2769 861 3049 915 arbitrium
3068 871 3222 916 esset.
3253 860 3430 933 Neque
3460 865 3595 917 enim
3615 862 3785 916 ludas

2210 967 2274 1006 ex
2303 952 2608 1021 hujusmodi
2646 964 2841 1007 natura
2875 963 3012 1017 erat,
3044 970 3161 1023 quin
3196 971 3299 1007 non
3342 964 3517 1024 posset
3559 955 3782 1008 salutem

2211 1047 2490 1115 consequi;
2523 1046 2612 1099 sed
2654 1055 2883 1115 poterat,
2920 1047 2965 1099 si
2994 1045 3204 1116 quidem
3232 1045 3497 1113 voluisset,
3524 1056 3581 1099 ut
3610 1056 3656 1099 et
3682 1061 3787 1099 ca:-

2211 1135 2317 1188 teri.
2332 1136 2579 1201 apostoli,
2609 1152 2640 1187 α
2660 1134 2803 1188 Filio
2840 1134 2934 1188 Dei
2966 1133 3186 1197 erudiri,
3212 1150 3275 1186 ac
3303 1134 3463 1188 bonus
3494 1133 3799 1204 probusque

2208 1228 2495 1295 discipulus
2530 1228 2675 1297 efﬁci.
2723 1226 2877 1281 Unde
2919 1227 3095 1296 palam
3125 1233 3209 1280 est
3235 1241 3358 1280 eum
3394 1228 3620 1296 gratiam
3658 1242 3784 1282 ver-

2209 1320 2443 1382 satilem,
2475 1319 2542 1373 ad
2577 1319 2917 1382 utrumlibet,
2954 1318 3068 1372 sive
3094 1318 3295 1372 bonum
3332 1318 3445 1373 sive
3474 1320 3671 1372 malum
3692 1320 3781 1371 in-

2206 1408 2564 1475 diﬂerentem,
2596 1410 2651 1463 in
2694 1411 2961 1463 omnibus.
2990 1423 3216 1479 prorsus
3248 1408 3581 1472 hominibus,
3612 1407 3779 1465 etiam

2207 1502 2389 1572 impiis
2422 1511 2476 1556 et
2512 1503 2911 1573 peccatoribus,
2937 1501 3309 1557 constituisse.

2345 1609 2429 1661 VI.
2474 1609 2538 1659 Et
2556 1609 3037 1672 prtedestinationem
3059 1616 3169 1672 post
3192 1609 3396 1671 praevisa
3427 1611 3621 1659 merita.

2274 1712 2383 1768 Nec
2416 1713 2596 1768 minus
2621 1724 2807 1784 aperte
2841 1713 3369 1785 praedestinationem
3404 1721 3525 1783 post
3547 1700 3784 1782 praevisa.

2206 1805 2397 1857 merita
2428 1803 2585 1858 docet
2622 1806 2687 1858 ad
2716 1806 2909 1875 psalm.
2947 1820 3056 1869 LVI,
3089 1805 3182 1859 ubi
3211 1805 3351 1858 hanc
3372 1804 3523 1857 Pauli
3552 1811 3775 1859 senten-

2216 1890 2343 1943 tiam
2365 1891 2659 1959 explicans,
2690 1892 2831 1945 Nam
2852 1911 2978 1963 quos
3002 1897 3284 1963 prmscivit,
3309 1905 3357 1948 et
3378 1898 3770 1965 prtedestinavit

2213 1980 2391 2052 (Rom.
2412 2000 2526 2049 νηί,
2540 1986 2653 2056 29),
2667 1996 2770 2040 etc.
2782 2026 2796 2048 ,
2808 1987 2887 2040 ait
2908 2003 2920 2038 :
2941 1988 3147 2059 Ὠσπερ
3165 1985 3256 2042 οὖν
3270 1988 3487 2052 τούτους
3500 1990 3768 2059 προγνοὺς

2211 2074 2501 2146 μέλλοντας
2530 2079 2747 2148 ἀγαπᾷν
2779 2079 2939 2131 αὑτὸν
2974 2077 3485 2150 προώρισενόὖτως
3518 2082 3609 2133 καὶ
3642 2082 3768 2147 τοὺς

2207 2166 2439 2229 ἀσεϐεῖς,
2464 2169 2647 2237 ἐπειδὴ
2664 2170 2909 2239 προέγνω
2929 2169 3215 2238 μέλλοντας
3231 2168 3403 2221 λαλεῖν
3426 2168 3767 2239 δικαιοσύνην

2195 2257 2281 2311 διὰ
2301 2258 2361 2310 τὸ
2383 2257 2668 2326 γινώσκειν
2688 2258 2875 2329 αὐτὴν,
2904 2259 2962 2311 οὺ
2997 2259 3100 2330 μὴν
3135 2260 3230 2312 καὶ
3257 2260 3369 2318 τοῖς
3397 2256 3575 2326 ἔργοις
3604 2252 3771 2325 αὐτὴν

2198 2351 2706 2421 μετελευσομένους,
2728 2350 2814 2403 διὰ
2844 2350 2904 2403 τὸ
2933 2353 3054 2414 ταῖς
3088 2350 3274 2421 χερσὶν
3302 2348 3509 2402 ἀδικίαν
3533 2344 3771 2415 συμπλέ-

2195 2457 2331 2503 κειν,
2366 2440 2556 2493 τούτου
2581 2440 2737 2511 χάριν
2780 2440 3217 2511 ἀπηλλοτρίωσεν
3261 2439 3367 2491 ἀπὸ
3410 2439 3639 2507 μήτρας,
3674 2437 3769 2489 καὶ

2195 2529 2251 2580 ἐν
2280 2528 2650 2598 πλανωμένοις
2669 2530 2762 2581 καὶ
2786 2527 3001 2582 λαλοῦσι
3040 2529 3205 2599 ψευδῆ
3244 2529 3370 2598 παρ’
3412 2525 3587 2595 ἑαυτῷ
3640 2542 3769 2579 κατ-

2190 2619 2463 2689 ηρίθμησε
2492 2620 2618 2691 πρὶν
2638 2620 2905 2688 γενέσθαι,
2936 2618 3281 2691 συνεχώρησέ
3308 2636 3389 2684 τε,
3408 2617 3561 2680 εἰδὼς
3577 2618 3767 2680 αὐτοὺς

2190 2707 2459 2771 τοιούτους
2476 2710 2782 2779 ἐσομένους,
2812 2712 2892 2775 εἰς
2915 2711 3148 2780 φανερὸν
3166 2710 3356 2771 ἐλθεῖν,
3380 2709 3454 2774 ὡς
3484 2709 3549 2762 ἂν
3572 2708 3631 2762 τὸ
3654 2708 3768 2762 διά-

2192 2817 2357 2870 φορον
2382 2800 2491 2853 τῶν
2517 2800 2739 2854 δικαίων
2772 2803 2866 2855 καὶ
2895 2801 3159 2855 θεοσεόῶν
3190 2801 3398 2872 ἀνδρῶν
3439 2803 3504 2854 ὲκ
3532 2802 3630 2872 τῆς
3654 2799 3763 2853 τῶν

2190 2891 2444 2961 χειρόνων
2483 2891 2836 2962 παραθέσεως
2882 2892 3256 2963 διαλάμψειεν.
3289 2894 3433 2954 Μιᾶς
3476 2892 3581 2962 γὰρ
3612 2891 3766 2954 ὄντες

2188 2980 2402 3051 φύσεως
2433 2984 2481 3035 ol
2514 2983 2733 3045 πάντες,
2769 2984 2818 3035 οἱ
2855 2983 2955 3052 μὲν
2983 2982 3201 3046 ἑκόντες
3232 2983 3454 3037 εἵλαντο
3477 2983 3547 3036 τὰ
3580 2982 3762 3055 κρείτ-

2186 3089 2283 3137 τω,
2302 3073 2352 3127 οἱ
2371 3074 2427 3127 δὲ
2443 3072 2539 3145 τὴν
2561 3073 2801 3127 ἐναντίαν
2830 3074 3085 3139 ὥδευσαν,
3105 3075 3429 3145 αὑτεξουσίῳ
3450 3073 3781 3146 προαιρέσει

2111 3206 2156 3266 c
2187 3166 2540 3236 χρησάμενοι.
2597 3165 2653 3220 Id
2683 3174 2764 3222 est
2795 3183 2808 3218 :
2846 3165 3297 3233 Quemadmodum
3333 3169 3493 3237 igitur
3524 3182 3639 3219 cum
3673 3182 3761 3219 eos

2190 3258 2558 3325 prtescivisset,
2582 3258 2670 3328 qui
2704 3260 2936 3311 amaturi
2985 3261 3156 3329 ipsum
3214 3268 3384 3323 erant,
3415 3260 3573 3314 etiam
3626 3275 3783 3328 prw-~

2191 3347 2473 3403 destinavit
2523 3366 2644 3414 eos;
2688 3352 2765 3404 sic
2810 3361 2859 3405 et
2898 3352 3083 3419 impios
3115 3368 3231 3404 cum
3256 3352 3779 3422 prcevidissetjusti--

2192 3442 2321 3494 tiam
2346 3440 2552 3512 quidem
2579 3442 2867 3507 locuturos,
2902 3452 3078 3510 utpote
3108 3442 3196 3510 qui
3223 3452 3431 3514 nossent
3454 3442 3635 3507 illam,
3669 3441 3761 3497 sed

2189 3532 2359 3601 ipsam
2389 3542 2561 3587 tamen
2602 3548 2706 3587 non
2739 3533 2980 3602 operibus
3020 3531 3260 3587 adituros
3295 3549 3427 3593 esse.
3468 3535 3590 3603 quia
3619 3533 3762 3603 inju-

2188 3626 2391 3679 stitiam
2440 3626 2685 3680 manibus
2726 3625 3094 3694 complicaturi
3137 3632 3318 3691 erant;
3364 3625 3475 3680 ideo
3512 3624 3761 3679 alienavit

2186 3732 2273 3771 eos
2308 3733 2341 3770 a
2370 3716 2542 3781 vulva,
2576 3726 2645 3781 et,
2674 3716 2751 3770 vel
2785 3728 3063 3786 antequam
3091 3716 3293 3786 ﬁerent,
3320 3717 3377 3769 in
3403 3719 3689 3771 errantium
3708 3727 3759 3770 et

2187 3807 2463 3862 mendacia
2512 3808 2832 3879 loquentium
2871 3825 3085 3861 numero
3131 3808 3268 3876 apud
3299 3826 3352 3861 se
3392 3809 3757 3875 computavit:

2184 3902 2519 3970 permisitque
2552 3911 2743 3961 tamen,
2775 3902 2876 3954 etsi
2936 3902 3065 3954 tales
3092 3901 3299 3968 futuros
3328 3915 3438 3952 esse
3470 3906 3663 3960 nosset,
3696 3906 3756 3952 ut

2183 3997 2363 4066 palam
2391 3994 2681 4063 prodirent,
2715 4012 2816 4064 quo
2848 3993 3159 4061 praestantia
3176 3991 3445 4060 justorum
3468 4000 3516 4044 et
3540 3992 3753 4060 religio-

2187 4104 2366 4142 sorum
2409 4088 2678 4141 hominum
2708 4103 2771 4141 ea:
2811 4074 3046 4155 pejorum
3090 4086 3480 4152 comparatione
3510 4084 3753 4140 eluceret.

2190 4178 2329 4232 Nam
2372 4194 2490 4231 cum
2537 4193 2600 4232 ex
2633 4194 2737 4230 una
2774 4194 2949 4231 omnes
3000 4186 3194 4231 natura
3235 4185 3554 4237 constarent,
3594 4175 3758 4230 libero

2183 4272 2267 4325 usi
2316 4271 2557 4335 arbitrio,
2596 4270 2691 4323 alii
2750 4270 2956 4340 quidem
3009 4278 3190 4339 sponte
3241 4268 3428 4322 bonum
3468 4270 3751 4339 elegerunt,

2184 4362 2278 4415 alii
2304 4363 2627 4415 contrariam
2659 4361 2817 4415 iniere
2846 4362 3003 4415 viam.
3031 4360 3161 4426 Qua:
3192 4361 3373 4415 omnia
3422 4361 3494 4413 ita
3539 4360 3752 4432 perspi-

2182 4467 2283 4508 cue
2312 4454 2687 4516 enuntiantur,
2717 4460 2773 4506 ut
2794 4451 3001 4523 OEdipo
3034 4468 3141 4507 non
3169 4462 3381 4524 egeant.

2791 4581 3021 4640 CAPUT
3063 4585 3150 4641 Vl.

2286 4714 2493 4752 EUSEBH
2551 4714 2615 4751 DE
2654 4713 2827 4752 VERBO
2865 4714 2931 4752 ΕΤ
2970 4714 3117 4752 ειιιο
3166 4713 3253 4751 DEI
3294 4713 3615 4753 SENTENTIA.

2181 4830 2231 4886 Ι.
2276 4830 2450 4885 Varia:
2484 4833 2626 4885 circa
2660 4831 2879 4885 Eusebii
2916 4830 2978 4884 de
3012 4829 3152 4884 Filio
3183 4830 3279 4884 Dei
3304 4830 3599 4882 doctrinam
3630 4830 3751 4895 opi-

2248 4902 2452 4955 niones.
2505 4900 2586 4957 II.
2634 4901 2890 4955 Eusebius
2935 4901 3085 4953 docet
3134 4903 3388 4952 unitatem
3440 4898 3649 4950 deitatis
3691 4899 3748 4951 in

2247 4989 2350 5024 uno
2397 4971 2557 5025 Patre
2604 4974 2824 5026 servari.
2873 4970 2991 5026 Ill.
3042 4969 3239 5023 Filium
3294 4969 3441 5037 longe
3492 4971 3745 5021 minorem

2248 5040 2429 5095 Patre.
2468 5041 2571 5095 I‘V.
2608 5042 2837 5095 Diversa:
2868 5042 3201 5095 substantim.
3250 5038 3308 5093 V.
3346 5038 3611 5106 lnterpres
3637 5037 3743 5089 La-

2249 5113 2388 5165 tinus
2427 5130 2444 5161 (
2478 5112 2952 5165 Demonstratiunis
2981 5110 3290 5179 evangelica:
3326 5128 3343 5159 ι
3374 5108 3435 5162 de
3478 5108 3745 5179 industria

2248 5181 2529 5236 Eusebium
2562 5184 2630 5234 ad
2670 5182 2981 5235 catholicam
3009 5174 3315 5233 sententiam
3349 5178 3587 5232 detorsit.
3646 5174 3738 5229 Vl.

2244 5254 2503 5307 Eusebius
2540 5252 2671 5304 Filii
2702 5252 2949 5304 deitatem
2990 5251 3150 5303 aliam
3193 5251 3380 5303 statuit
3422 5266 3453 5299 a
3497 5258 3737 5311 paterna.

2254 5322 2383 5379 VII.
2441 5322 2669 5375 Grandis
2705 5322 3092 5390 paralogismus
3134 5320 3361 5390 Eusebii.
3410 5316 3579 5390 VII_I_._
3622 5314 3741 5390 [Yon

2242 5395 2456 5447 obscure
2483 5393 2631 5445 docet
2663 5384 2860 5445 Filium
2884 5384 2985 5445 non
3005 5409 3115 5445 esse
3139 5407 3252 5445 vere
3280 5388 3464 5440 Deum.
3496 5384 3599 5440 1X.
3627 5385 3744 5449 Quo

2243 5480 2396 5517 sensu
2432 5461 2632 5516 Filium
2679 5464 2838 5515 Deum
2868 5479 2979 5515 esse
3010 5461 3173 5514 dicat.
3210 5459 3279 5513 Χ,
3319 5458 3489 5522 Quam
3519 5456 3738 5509 adversa

2245 5534 2441 5587 rationi
2491 5543 2538 5587 et
2590 5534 2882 5593 priscorum
2942 5533 3167 5585 Patrum
3219 5529 3487 5581 sementim
3537 5530 3736 5579 tradat.

2244 5605 2345 5658 XI.
2377 5604 2508 5659 Cum
2543 5604 2754 5656 Arionis
2788 5604 2940 5670 plane
2981 5599 3256 5655 consentit.
3283 5595 3421 5670 Xll.
3465 5596 3581 5670 Qua
3609 5612 3740 5670 sen-

2242 5667 3389 5745 ιεηιὶᾳᾼτῷίόμουσὶῳ,’δὲυέεοηδιιὺι-ιαηιὶαιὶ,
3415 5667 3741 5745 subscripse-

2242 5747 2328 5798 rit.
2372 5740 2693 5811 XIIlfQuo
2730 5740 2887 5798 sensu
2927 5745 2985 5809 εξ
3011 5744 3110 5811 ουκ
3136 5740 3302 5792 ὄντων
3331 5745 3493 5806 neget,
3518 5746 3566 5789 et
3594 5740 3737 5803 geni—

2240 5827 2347 5869 tum
2394 5810 2788 5870 Filiumdicat.
2844 5812 3000 5867 XIV.
3033 5810 3425 5880 Filium-negat
3464 5816 3735 5862 internum.
