4086 6524
341 394 408 450 19
1116 391 1616 449 COMMENTARIA
1655 390 1719 445 ΙΝ
1762 388 2106 446 PSALMGS.
2146 420 2218 430 —
2254 388 2797 445 PRELIMINARM.
3504 386 3575 441 50

396 509 445 563 Χ
463 510 521 564 γ.
544 509 763 565 Summa
780 510 1035 562 doctrina:
1053 506 1285 563 Eusebii.
1316 507 1366 561 X
1380 508 1452 563 VI
1461 506 1647 579 .1Egre
1674 507 1911 577 defendi-
1940 515 1985 567 Α
2013 515 2239 577 occupat
2288 506 2576 573 Eusebius,
2625 506 2757 561 dum
2808 507 2890 559 ait'
2942 506 3007 558 ad
3058 504 3321 571 psalmum
3371 503 3577 575 Asaphi

388 579 550 635 tur.X
565 579 963 637 VII.Arianum
990 581 1208 648 probant
1225 590 1332 632 tam
1356 590 1500 651 gesta
1524 596 1680 651 quam
1694 581 1907 647 scripta.

341 689 361 741 Ι
406 692 561 742 Varia
581 692 708 742 circa
735 690 941 741 Eusebii
966 691 1028 740 de
1052 688 1177 739 Filio
1202 691 1295 740 Dei
1330 688 1599 739 doctrinam
1633 690 1907 751 opiniones.

410 776 625 832 Iamdiu
656 777 803 830 inter
847 775 1038 829 doctos
1079 774 1440 843 disceptatum
1485 782 1589 838 est,
1616 791 1739 847 quae
1783 789 1910 829 vera

344 867 508 925 fuerit
530 870 749 924 Eusebii
785 868 1138 924 Caesariensis
1163 869 1229 923 de
1272 867 1411 923 Filio
1444 870 1539 925 Dei
1568 870 1784 939 opinio;
1818 870 1911 923 alii

342 962 488 1017 enim
529 962 798 1016 catholice
842 961 1085 1016 sensisse
1136 960 1457 1026 defendunt,
1486 978 1588 1018 nec
1633 962 1911 1032 quidpiam

343 1052 559 1107 Arianae
590 1053 724 1108 labis
751 1053 805 1107 in
836 1053 1057 1123 scriptis
1102 1053 1223 1122 ejus
1257 1051 1589 1123 deprehendi
1636 1061 1907 1126 pugnant;

342 1144 433 1199 vel:
460 1145 507 1199 si
543 1145 670 1215 quid
703 1145 1163 1215 deprehendatur,
1192 1145 1246 1199 in
1279 1145 1347 1200 iis
1384 1154 1531 1201 certe
1560 1147 1781 1216 scriptis
1812 1146 1912 1201 ob-

344 1237 571 1301 servari,
597 1253 715 1307 qua:
741 1247 865 1293 ante
890 1236 1164 1293 Nicaenam
1194 1238 1461 1308 synodum
1490 1238 1689 1306 edidit;
1726 1238 1780 1293 in
1814 1254 1910 1309 po-

344 1327 665 1383 sterioribus
712 1344 821 1383 non
870 1330 999 1384 item
1039 1348 1052 1384 :
1113 1330 1205 1383 alii
1252 1339 1446 1385 contra
1498 1330 1909 1403 avarianismi

340 1424 554 1481 exortu,
589 1420 656 1473 ad
689 1419 899 1474 obitum
933 1436 1115 1485 suum,
1149 1421 1286 1476 adeo
1319 1422 1636 1477 manifestas
1666 1436 1787 1476 cum
1816 1437 1911 1493 ge-

340 1509 441 1565 stis
469 1518 585 1566 tum
610 1512 830 1581 scriptis
859 1512 975 1567 suis
1000 1511 1219 1568 dedisse
1244 1512 1584 1568 contendunt
1610 1512 1906 1569 Arianismi

336 1611 517 1667 notas,
574 1609 631 1656 ut
668 1604 1053 1660 incunctanter
1096 1606 1239 1662 inter
1281 1606 1610 1661 Arianorum
1661 1605 1908 1677 primipi-

338 1693 481 1751 lares
497 1696 1002 1752 connumerandum
1029 1707 1308 1753 censeant.
1327 1697 1603 1766 Talemne,
1630 1698 1904 1767 inquiunt,

336 1785 634 1850 hominem,
669 1789 763 1858 qui
810 1804 1025 1859 semper
1069 1789 1330 1860 augendae
1363 1790 1633 1845 Arianicae
1673 1790 1753 1845 rei
1796 1797 1906 1843 tam

2011 600 2282 655 decimum
2314 616 2329 652 :
2364 602 2479 653 Ἵνα
2514 601 2587 671 μή
2629 617 2713 663 τις
2730 600 2890 652 αὑτὸν
2925 597 3077 668 ψιλὸν
3110 596 3365 649 ὑπολάϐοι
3408 596 3579 667 ἄνδρα
3609 649 3639 671 Δ,

2012 694 2104 746 καὶ
2131 696 2244 757 τοῖς
2272 692 2483 755 πολλοῖς
2515 660 2715 761 Ductor,
2746 660 2982 755 Θεολογεῖ
3006 690 3166 742 αὑτὸν
3202 690 3259 740 ἐν
3298 686 3409 751 τοῖς
3440 660 3579 758 με.τά
3605 660 3631 715 η

2010 787 2213 854 χεῖρας,
2244 785 2422 854 φήσας
2442 800 2455 814 ’
2498 784 2552 834 Ὀ
2587 782 2733 847 Θεὸς
2770 782 2918 847 ἔστη
2945 780 3014 832 ἐν
3058 777 3375 848 συναγωγῇ
3407 776 3577 831 θεῶν.

2010 875 2121 927 Καὶ
2154 875 2301 935 ὅπως
2334 872 2407 943 μὴ
2439 870 2735 943 ταραχθείη
2765 887 2849 933 τις
2887 870 2965 932 εἰς
3004 867 3094 922 τὸν
3126 870 3251 940 περὶ
3283 867 3582 938 μοναρχίας

2010 967 2187 1037 λόγον,
2215 966 2343 1019 Θεὸν
2388 963 2598 1019 ἀκούων
2628 964 2718 1016 τὸν
2759 962 2992 1033 Χριστὸν
3030 960 3123 1014 τοῦ
3155 960 3311 1025 Θεοῦ,
3355 961 3581 1023 εἰκότως

2010 1060 2103 1113 καὶ
2136 1058 2383 1121 πλείονας
2409 1058 2562 1120 θεοὺς
2589 1054 2839 1125 ὀνομάζει
2865 1054 2989 1117 τοὺς
3016 1054 3102 1107 διὰ
3128 1053 3237 1105 τῶν
3267 1053 3394 1124 ἑξῆς
3448 1068 3580 1106 κατ-

2009 1150 2434 1222 ηγορουμένους,
2490 1148 2765 1218 μονονουχὶ
2800 1146 3302 1217 παρακελευόμενος
3355 1144 3427 1215 μὴ
3471 1144 3583 1196 ἀπ-

2008 1246 2187 1297 οκνεῖν
2213 1243 2417 1295 καὶτὸν
2451 1243 2581 1294 Υἱὸν
2609 1241 2702 1294 τοῦ
2727 1240 2860 1293 Θεοῦ
2884 1238 3014 1291 Θεὸν
3040 1237 3355 1291 ἀποκαλεῖν.
3385 1237 3448 1288 Εἰ
3472 1235 3581 1307 γὰρ

2008 1339 2057 1389 οἱ
2088 1334 2491 1405 διαϐαλλόμενοι
2533 1334 2628 1387 τοῦ
2676 1332 2860 1396 ἔθνους
2892 1332 3147 1402 ἄρχοντες
3192 1327 3304 1380 Θεοὶ
3346 1325 3579 1397 ἠξιώθη-

2010 1445 2107 1481 σαν
2138 1426 2524 1497 όνομασθῆναι,
2559 1429 2707 1488 ποῖος
2736 1423 2801 1477 ἂν
2841 1423 3051 1492 γένοιτο
3084 1421 3323 1484 κίνδυνος
3366 1420 3456 1472 τὸν
3490 1419 3582 1473 ἄνα

2006 1520 2107 1592 δρα
2140 1519 2239 1589 τῆς
2263 1518 2442 1585 δεξιᾶς
2469 1517 2560 1571 τοῦ
2600 1515 2736 1570 Θεοῦ
2766 1516 2860 1569 καὶ
2891 1514 2987 1567 τὸν
3013 1514 3141 1566 Υἱὸν
3170 1513 3263 1566 τοῦ
3293 1510 3580 1581 ἀνθρώπου

2005 1610 2095 1663 τὸν
2141 1607 2614 1679 κεκραταιωμένον
2655 1607 2787 1659 Θεὸν
2832 1606 3114 1677 ὁμολογεῖν
3148 1622 3162 1671 ;
3224 1604 3277 1658 id
3324 1610 3407 1658 est
3442 1622 3455 1656 :
3495 1601 3593 1657 Ne'

2006 1704 2122 1773 quis
2154 1704 2325 1768 ipsum
2359 1717 2559 1755 merum
2588 1700 2868 1763 hominem,
2893 1708 2940 1751 et
2972 1698 3153 1750 multis
3181 1697 3304 1749 aliis
3330 1694 3587 1758 similem,

2009 1796 2379 1857 arbitraretur,
2420 1794 2592 1861 ipsum
2625 1792 2707 1844 hic
2752 1792 2919 1845 Deum
2963 1790 3221 1860 prwdicat
3263 1787 3345 1841 his
3375 1785 3579 1840 verbis:

333 1878 535 1934 acriter
559 1879 919 1944 adlaboravit,
968 1880 1061 1950 qui
1104 1881 1396 1935 diuturnas
1434 1896 1557 1935 cum
1593 1881 1811 1935 Arianis
1840 1880 1907 1934 ad
1937 1872 1980 1926 Β
2016 1906 2034 1939 ι
2087 1887 2228 1941 Deus
2273 1887 2415 1940 stetit
2447 1887 2501 1938 in
2528 1901 2795 1953 synagoga
2837 1884 3073 1937 deorum.
3108 1902 3126 1933 ι
3176 1882 3250 1935 Ac
3282 1898 3344 1935 ne
3371 1881 3489 1950 quis
3516 1877 3581 1931 ob

333 1971 730 2026 restituendum
763 1973 956 2027 Arium
1003 1973 1263 2028 excubias
1290 1974 1426 2042 egit,
1458 1973 1551 2043 qui
1580 1976 1909 2044 capitalibus

334 2062 477 2117 odiis
508 2063 793 2119 catholicae
836 2064 915 2119 rei
943 2080 1197 2133 proceres
1225 2066 1446 2122 assidue
1478 2068 1788 2139 exagitavit,
1817 2085 1909 2124 ca-

334 2153 598 2209 tholicum
633 2158 999 2212 censeamus?
1031 2156 1169 2213 Hinc
1212 2160 1258 2213 si
1305 2160 1525 2229 scriptis
1568 2160 1687 2230 ejus
1734 2168 1909 2216 atten-

335 2246 456 2307 das,
491 2246 663 2312 aiunt,
698 2247 867 2315 probe
897 2262 1018 2301 cum
1049 2248 1218 2317 gestis
1262 2262 1571 2304 consonare
1604 2249 1907 2319 deprchen-

333 2336 468 2391 des:
507 2352 637 2390 nam
663 2339 756 2408 qui
789 2336 984 2392 Filium
1015 2339 1219 2408 passim
1254 2340 1518 2395 minorem
1547 2339 1730 2405 Patre,
1771 2343 1906 2397 alte-

329 2444 451 2484 rum
482 2407 1011 2495 Deuminleriorem,
1040 2448 1103 2487 ac
1132 2432 1444 2488 ministrum
1476 2449 1669 2503 purum
1695 2435 1791 2497 ait,
1812 2434 1904 2505 qui

329 2521 642 2578 catholicus
672 2522 972 2577 habeatur?
1002 2523 1115 2595 Ego
1146 2540 1276 2580 vero
1310 2526 1380 2581 iis
1409 2526 1501 2597 qui
1539 2527 1903 2581 orthodoxum

330 2610 628 2667 Eusebium
664 2622 893 2672 censent
941 2614 1008 2670 ad
1058 2616 1193 2669 tanti
1222 2618 1323 2671 viri
1362 2619 1737 2689 purgationem
1774 2619 1909 2674 asti-

327 2705 504 2775 pulari
553 2714 917 2776 peroptarem,
950 2706 997 2762 si
1046 2722 1143 2777 per
1175 2708 1296 2777 ejus
1349 2710 1555 2780 scripta
1598 2710 1820 2776 liceret;
1848 2718 1905 2764 at

328 2814 491 2855 secus
519 2798 751 2854 suadent
778 2813 904 2853 cum
940 2808 1137 2853 caetera
1165 2800 1284 2869 ejus
1308 2815 1495 2871 opera,
1526 2810 1638 2856 tum
1670 2802 1904 2858 maxime

328 2890 383 2943 hi
422 2889 824 2951 commentarii.
856 2889 951 2944 ubi
976 2889 1350 2947 Arianismum
1377 2901 1563 2964 aperte
1595 2893 1899 2964 proﬁtetur.

327 2980 447 3035 Non
476 2998 542 3037 ex
586 2982 769 3053 aliqua
808 2981 974 3052 igitur
1007 2984 1361 3054 prazjudicata
1392 2985 1648 3055 opinione
1685 2984 1753 3039 ad
1782 2999 1903 3040 eam

328 3076 657 3132 sententiam
699 3076 1045 3132 accedimus:
1096 3076 1297 3131 nedum
1344 3077 1489 3133 enim
1535 3092 1677 3148 aegre
1708 3078 1898 3142 feram,

328 3183 676 3238 summopere
708 3168 976 3239 gaudebo,
1010 3168 1056 3225 si
1088 3169 1213 3240 quis
1248 3169 1316 3224 ab
1346 3185 1411 3225 eo
1453 3185 1564 3224 non
1596 3169 1759 3225 modo
1786 3170 1902 3224 cnl-

326 3276 475 3331 pam,
515 3262 607 3316 sed
640 3262 803 3316 etiam
839 3261 1229 3331 suspicionem.
1262 3260 1539 3318 dimovere
1570 3263 1779 3334 possit:
1813 3262 1901 3317 id-

326 3368 434 3422 que
461 3352 590 3406 mihi
620 3368 725 3406 non
757 3352 939 3408 minus
964 3369 1029 3408 ex
1056 3354 1356 3418 voluntate,
1379 3370 1541 3424 quam
1564 3366 1761 3425 praeter
1784 3356 1902 3425 opi-

327 3443 545 3499 nionem
572 3444 747 3499 cadet.
791 3442 997 3500 Vereor
1026 3447 1171 3501 enim
1214 3453 1271 3500 ut
1304 3446 1396 3516 qui
1428 3447 1759 3501 catholicum
1792 3446 1900 3502 Eu—

328 3535 541 3591 sebium
585 3536 877 3603 ailirmant,
912 3547 1120 3593 tantam
1153 3540 1209 3593 in
1240 3538 1529 3595 adversum
1559 3554 1685 3593 mox
1720 3540 1901 3609 prole-

327 3630 555 3684 rendam
599 3630 842 3685 locorum
874 3632 1067 3685 siivam
1114 3647 1476 3702 concoquere,
1506 3640 1560 3686 et
1591 3631 1659 3685 ad
1688 3633 1902 3688 sincera

328 3720 585 3790 dogmata
645 3722 975 3792 detorquere
1036 3723 1269 3777 valeant.
1326 3723 1543 3778 Eusebii
1605 3724 1786 3795 itaque
1834 3725 1902 3781 de

324 3812 507 3869 Verbo
546 3822 594 3869 et
630 3812 767 3869 Filio
796 3814 890 3870 Dei
920 3816 1245 3870 sententiam
1292 3815 1348 3869 in
1395 3826 1543 3871 cerla
1566 3818 1738 3886 capita
1789 3818 1902 3873 dis—

324 3906 579 3966 tinctam,
639 3915 748 3959 tam
794 3922 860 3961 ex
892 3906 977 3962 his
1011 3906 1447 3971 commentariis,
1481 3922 1645 3977 quam
1679 3922 1746 3963 ex
1780 3908 1901 3965 aliis

322 3995 445 4064 ejus
471 3996 711 4063 scriptis,
741 3996 1089 4066 maximeque
1137 4012 1202 4051 ex
1228 3997 1525 4067 evangelica
1556 3997 1904 4053 Demonstra-

325 4085 487 4150 tione,
510 4090 565 4140 et
586 4100 650 4139 ex
683 4085 838 4141 libris
868 4083 1070 4141 Contra
1098 4084 1411 4140 Marcellum
1434 4088 1490 4141 in
1521 4087 1755 4142 medium
1780 4088 1905 4142 alle-

323 4193 545 4233 remus:
581 4192 810 4249 eamque
854 4180 1182 4236 sententiam
1216 4180 1629 4251 amplectemur,
1670 4196 1791 4251 quae
1832 4182 1901 4237 ab

324 4271 443 4342 ipsa
470 4274 547 4326 rei
572 4276 800 4328 veritate
819 4282 873 4329 et
905 4275 1292 4345 perspicuitate
1312 4274 1651 4330 suadebitur.

324 4381 387 4432 Il.
412 4383 656 4434 Eusebius
674 4385 823 4435 docet
843 4389 1083 4436 unitatem
1107 4388 1200 4437 Dei
1236 4390 1287 4437 in
1312 4400 1413 4437 uno
1436 4388 1584 4437 Patre
1614 4391 1814 4439 servari.
1839 4418 1901 4429 -—

600 4464 685 4517 ΙΙΙ.
722 4468 903 4517 Filium
924 4471 1073 4532 longe
1097 4470 1351 4519 minorem
1370 4472 1527 4521 Patri.

2012 1976 2353 2043 monarchiaa,
2387 1976 2493 2030 sive
2536 1975 2692 2028 unius
2737 1975 3001 2043 principii,
3036 1974 3291 2026 rationem
3342 1968 3579 2024 turbare-

2009 2076 2115 2133 tur,
2148 2064 2423 2120 Christum
2464 2064 2562 2118 Dei
2600 2063 2767 2118 Deum
2798 2082 2911 2119 esse
2953 2064 3212 2127 audiens;
3244 2070 3579 2133 congruenter

2006 2156 2091 2209 hic
2118 2156 2311 2210 multos
2350 2156 2474 2210 deos
2509 2158 2747 2209 nominat
2784 2172 2894 2219 eos,
2925 2158 3015 2225 qui
3055 2156 3149 2209 sub
3194 2155 3303 2210 hwc
3342 2156 3577 2207 incusan-

2006 2258 2092 2301 tur
2116 2264 2134 2302 :
2166 2258 2373 2303 tantum
2403 2266 2504 2303 non
2532 2250 2839 2318 prwcipiens
2868 2258 2924 2301 ut
2961 2264 3023 2301 ne
3051 2256 3352 2301 cunctemur
3377 2243 3579 2297 Filium

2003 2358 2204 2411 quoque
2239 2340 2335 2395 Dei
2374 2340 2539 2394 Deum
2584 2357 2789 2395 vocare.
2830 2338 2890 2393 Si
2922 2340 3058 2393 enim
3099 2339 3263 2408 gentis
3296 2336 3579 2405 principes,

2002 2436 2092 2497 qui
2128 2433 2265 2487 male
2301 2432 2605 2495 audiebant,
2641 2434 2735 2488 Dei
2764 2432 2973 2487 nomine
3005 2430 3211 2501 dignati
3244 2436 3385 2493 sunt,
3416 2426 3577 2497 quod,

2001 2542 2199 2594 quwso,
2233 2525 2520 2594 periculum
2549 2526 2727 2594 fuerit,
2761 2526 2809 2579 si
2840 2524 3009 2578 virum
3042 2522 3269 2576 dextera:
3290 2520 3383 2573 Dei
3407 2528 3455 2571 et
3487 2517 3581 2571 Fi-

2005 2618 2133 2670 lium
2163 2618 2387 2671 hominis
2413 2620 2806 2688 conﬁrmatum,
2845 2618 3011 2673 Deum
3036 2616 3339 2685 fateamur?
3365 2611 3585 2666 Clarius

2003 2716 2180 2761 autem
2196 2711 2248 2763 in
2268 2711 2608 2780 expositione
2623 2710 2814 2781 psalmi
2842 2704 3320 2771 Lxxxvm,vers.7,
3342 2704 3577 2773 idipsum

2001 2801 2257 2870 exprimit
2307 2801 2394 2857 his
2446 2803 2660 2858 verbis:
2694 2804 2853 2855 Δοκεῖ
2899 2801 2955 2853 δέ
3010 2818 3097 2871 μοι
3130 2801 3157 2851 ὁ
3194 2798 3577 2868 Προφήτης...

2003 2890 2541 2962 ὑπερεκπλήττεσθαι
2573 2894 2665 2945 τὸν
2714 2892 2971 2945 ἐπέκεινα
3023 2892 3259 2952 πάντων,
3296 2888 3391 2940 καὶ
3442 2886 3587 2959 ὑπὲρ

2002 2982 2213 3045 πάντας
2250 2983 2341 3037 τὸν
2383 2985 2666 3055 Μονογενῆ
2697 2984 2789 3038 τοῦ
2824 2982 2960 3037 Θεοῦ
2981 3000 2993 3013 ο
3028 2979 3124 3035 εἶτ’
3154 2983 3217 3034 ὲκ
3241 2979 3332 3033 τοῦ
3367 2977 3582 3048 θαύμα-

1999 3093 2092 3139 τος
2126 3076 2612 3148 ἀναπεφωνηκέναι
2641 3077 2721 3142 τὸ,
2760 3079 2887 3131 Ὅτι
2912 3077 3002 3142 τίς
3031 3075 3099 3127 ἐν
3130 3072 3414 3142 νεφέλαις
3442 3074 3577 3124 ἰσω-

2004 3167 2248 3235 θήσεται
2300 3168 2379 3233 τῷ
2421 3170 2716 3240 Κυρίῳ;ἥ
2766 3168 2908 3222 κατά
2964 3168 3053 3221 τὸν
3102 3164 3428 3236 Σύμμαχον*
3486 3164 3580 3229 Τίς

2005 3260 2114 3331 γὰρ
2146 3261 2215 3314 ἐν
2262 3259 2447 3329 αἰθέρι
2481 3259 2939 3328 ἁντιπαραθέσει
2985 3258 3063 3323 τῷ
3094 3258 3288 3326 Κυρίῳ
3330 3256 3399 3309 ἐν
3430 3254 3579 3319 υἱοῖς

2007 3353 2186 3417 Θεοῦ;
2214 3351 2395 3405 Ταῦτα
2438 3352 2494 3405 δὲ
2524 3353 2650 3424 περί
2683 3352 2780 3422 μὲν
2821 3351 2913 3404 τοῦ
2950 3348 3287 3418 Μονογενοῦς
3324 3346 3417 3399 τοῦ
3444 3344 3580 3399 Θεοῦ

2003 3444 2266 3514 λεγόμενα
2300 3443 2460 3508 σώζοι
2494 3443 2559 3497 ἂν
2585 3444 2782 3514 εὑσεϐἧ
2813 3443 2911 3513 τὴν
2943 3442 3198 3503 διάνοιαν,
3232 3439 3292 3491 οὐ
3324 3438 3421 3509 μὲν
3450 3436 3580 3509 περὶ

2002 3536 2093 3589 τοῦ
2126 3537 2338 3607 [ἰατρὸς
2382 3536 2475 3588 καὶ
2503 3535 2638 3588 Θεοῦ
2668 3535 2775 3587 τῶν
2816 3534 2952 3587 ὅλων
2973 3551 2985 3563 ·
3021 3534 3287 3595 ἀνοίκειος
3333 3530 3442 3600 γὰρ
3484 3528 3580 3583 καὶ

2002 3630 2204 3701 ἀσεϐὴς
2241 3632 2273 3701 ἡ
2320 3629 2635 3701 παράθεσις.
2674 3628 2746 3680 Τὸ
2792 3626 2900 3697 γὰρ
2942 3628 3076 3689 υἱοῖς
3119 3624 3254 3679 Θεοῦ
3300 3622 3579 3693 παραϐάλο

2002 3722 2113 3773 λειν
2154 3722 2214 3773 τὸ
2269 3722 2484 3773 πάντων
2529 3721 2722 3781 αἴτιον,
2774 3718 2867 3770 καὶ
2912 3718 2973 3770 τὸ
3022 3716 3328 3787 συγκρίνειν
3374 3715 3579 3785 ἑτέροις

2002 3813 2204 3882 τολμᾷν
2233 3811 2324 3863 τὸν
2358 3810 2611 3862 ἐπέκεινα
2657 3808 2764 3861 τῶν
2793 3808 2927 3861 ὂλων
2966 3806 3116 3869 Θεὸν,
3148 3804 3362 3857 πάντων
3388 3802 3453 3855 ἂν
3482 3802 3579 3869 γέ-

2003 3920 2145 3957 νοιτο
2171 3901 2545 3955 ἀνοσιώτατον.
2587 3899 2889 3962 Ἀκίνδυνος
2911 3898 2955 3951 δ’
2990 3897 3055 3950 ἂν
3085 3896 3170 3967 εἴη
3202 3897 3230 3948 ὁ
3261 3894 3413 3962 λόγος
3446 3894 3579 3955 υἱοῖς

2003 3992 2139 4046 Θεοῦ
2187 3992 2497 4063 συγκρίνειν
2536 3991 2663 4044 Υἰὸν
2692 3988 2827 4043 Θεοῦ
2877 3987 3158 4060 μονογενῆ,
3204 3987 3299 4039 καὶ
3337 3985 3394 4037 τὸ
3442 3985 3578 4056 πρὸς

2003 4086 2209 4149 πάντας
2270 4084 2600 4156 ἀσύγκριτον
2654 4081 2818 4135 αὑτοῦ
2876 4081 2969 4135 καὶ
3025 4078 3396 4150 ἀπαράθετον,
3456 4076 3577 4131 καθ’

2004 4174 2309 4247 ὑπερϐολήν
2333 4192 2393 4227 τε
2422 4174 2687 4245 ὑπερέχον
2724 4171 3032 4242 σημαίνειν.
3086 4169 3141 4223 ld
3179 4176 3264 4223 est
3302 4167 3578 4223 :Videtur-

2000 4285 2098 4340 que
2123 4268 2250 4321 mihi
2272 4264 2649 4336 Propheta.....
2683 4282 2801 4319 eum
2830 4265 2919 4335 qui
2948 4279 3124 4317 omnes
3154 4262 3373 4323 excedit,
3400 4278 3576 4314 omnes

2002 4369 2237 4427 superat,
2269 4355 2604 4427 Unigenitum
2648 4353 2747 4408 Dei
2792 4370 2911 4406 cum
2954 4362 3164 4422 stupore
3205 4349 3577 4404 considerare:

2000 4450 2186 4504 deinde
2218 4464 2282 4502 ea:
2305 4448 2655 4502 admiratione
2692 4446 2801 4501 ha'c
2854 4444 3011 4515 effari
3040 4460 3058 4498 .'
3097 4462 3114 4493 ι
3158 4442 3423 4509 Quoniam
3458 4442 3576 4511 quis

394 4547 479 4601 Ab
510 4551 716 4605 unitate
759 4551 851 4606 Dei
887 4553 1057 4607 ordiri
1089 4569 1267 4623 opera;
1308 4555 1543 4623 pretium
1576 4555 1700 4618 erit,
1734 4572 1899 4626 quam
1929 4542 2057 4613 Din
2104 4540 2327 4595 nubibus
2385 4540 2683 4611 regnabitur
2740 4539 3011 4593 Domino?
3067 4554 3083 4589 ι
3136 4536 3249 4626 sive
3287 4532 3576 4626 secundum

324 4634 595 4694 Eusebius
619 4639 675 4694 in
709 4658 817 4696 uno
846 4641 1008 4698 Patre
1041 4645 1272 4709 servari,
1303 4661 1481 4715 neque
1506 4644 1727 4712 Filium,
1754 4647 1898 4701 mul-

322 4737 491 4800 toque
525 4732 707 4788 minus
741 4734 1003 4805 Spiritum
1033 4745 1305 4801 sanctum,
1332 4738 1386 4791 in
1428 4737 1675 4807 ejusdem
1714 4740 1898 4793 unita-

322 4823 395 4877 tis
426 4826 769 4880 consortinm
802 4828 990 4883 venire
1016 4830 1163 4884 clare
1193 4837 1247 4883 et
1283 4830 1472 4884 multis
1503 4830 1559 4884 in
1592 4830 1727 4887 locis
1756 4830 1899 4884 allir-

324 4923 459 4969 mat.
502 4915 719 4973 Patrem
762 4920 907 4975 enim
944 4922 999 4975 in
1030 4936 1089 4976 se
1137 4928 1305 4976 totam
1352 4920 1572 4978 deitatis
1601 4922 1900 4993 plenitudi-

320 5020 471 5068 nem,
504 5010 726 5065 excluso
767 5010 924 5077 Filio,
955 5014 1241 5083 complecti
1283 5014 1508 5078 indicat,
1544 5014 1673 5068 dum
1720 5015 1899 5084 ipsum

322 5098 503 5152 solum
534 5101 736 5169 passim
790 5111 968 5169 vocat,
1015 5106 1106 5158 τὸν
1152 5103 1261 5158 τῶν
1307 5104 1443 5157 ὅλων
1475 5105 1628 5171 Θεὸν,
1670 5106 1759 5159 τὸν
1806 5108 1900 5159 ἐπὶ

319 5192 537 5245 πάντων
585 5194 740 5257 Θεὸν,
792 5196 883 5249 τὸν
917 5197 1173 5250 ἐπέκεινα
1214 5198 1429 5250 πάντων
1481 5198 1636 5259 Θεόν,
1688 5198 1742 5251 id
1791 5208 1895 5263 est,

217 5292 235 5303 ‘
317 5282 487 5337 Deum
517 5287 901 5351 universorum,
932 5288 1099 5343 Deum
1126 5305 1290 5357 supra
1319 5290 1520 5353 omnia,
1547 5289 1715 5343 Deum
1752 5290 1899 5343 ultra

316 5374 527 5437 omnia;
558 5374 864 5447 Filiumque
899 5386 1093 5433 contra
1127 5388 1427 5450 nuncupat,
1455 5380 1709 5451 δεύτερον
1741 5379 1895 5443 Θεὸν,

312 5463 565 5537 δεύτερον
598 5467 824 5539 Κύριον,
853 5469 1140 5523 secundum
1171 5470 1359 5535 Deum,
1396 5472 1680 5526 secundum
1713 5470 1897 5524 Domi-

315 5574 463 5619 num.
515 5558 595 5616 Ne
642 5562 768 5631 quis
808 5578 939 5617 vero
985 5574 1229 5632 reponat,
1274 5562 1490 5619 Patrem
1540 5564 1664 5619 ideo
1722 5563 1895 5619 Deum

313 5654 701 5708 universorum
734 5655 801 5710 ab
843 5654 1081 5711 Eusebio
1114 5655 1323 5723 vocari,
1362 5656 1507 5725 quod
1544 5657 1617 5712 sit
1649 5657 1802 5727 origo
1842 5665 1897 5710 et

314 5744 441 5799 fons
471 5743 777 5809 Trinitatis,
810 5755 865 5802 et
887 5749 941 5802 in
976 5748 1187 5803 ratione
1223 5750 1474 5819 principii
1512 5750 1722 5819 primus
1746 5750 1893 5805 exsi»

310 5842 453 5901 stat;
506 5835 608 5891 huc
639 5836 963 5893 catholicum
998 5838 1390 5909 interpretandi
1432 5854 1603 5911 genus
1636 5853 1893 5909 respuere

2005 4632 2401 4703 Symmachum,
2438 4650 2455 4681 ι
2493 4631 2624 4697 Quis
2650 4630 2787 4683 enim
2822 4630 2875 4683 in
2904 4628 3093 4683 wthere
3122 4624 3351 4693 conferet
3382 4638 3435 4676 se
3465 4621 3577 4674 Do-

2004 4730 2145 4781 mino
2179 4728 2234 4780 in
2276 4727 2405 4795 ﬁliis
2437 4724 2577 4780 Dei?
2619 4743 2636 4774 ι
2682 4723 2812 4777 Hcce
2847 4722 2910 4775 de
2949 4720 3224 4789 Unigenito
3269 4717 3366 4770 Dei
3406 4716 3573 4781 dicta,

2000 4820 2145 4887 piam
2178 4825 2386 4871 servant
2412 4816 2761 4877 sententiam;
2793 4814 2855 4867 de
2886 4812 3051 4865 Patre
3082 4826 3198 4866 vero
3237 4825 3298 4861 ac
3332 4806 3438 4861 Deo
3466 4806 3578 4858 uni-

2002 4926 2268 4963 uersorum
2299 4921 2482 4962 secus:
2514 4906 2801 4975 impropria
2822 4906 2961 4959 enim
2980 4915 3028 4959 et
3056 4902 3220 4972 impia
3251 4900 3579 4969 comparatio

2000 5013 2154 5058 esset.
2201 5000 2346 5055 Nam
2384 5002 2513 5071 ﬁliis
2547 5000 2645 5054 Dei
2696 5000 2930 5053 omnium
2980 5012 3196 5051 causam
3240 4994 3494 5062 conferre,
3526 5001 3576 5046 et

1999 5111 2118 5149 eum
2184 5095 2273 5164 qui
2319 5109 2481 5162 supra
2547 5093 2726 5147 omnia
2777 5101 2855 5146 est
2884 5090 3023 5144 Deus
3081 5089 3202 5141 aliis
3248 5102 3575 5155 comparare,

2000 5186 2421 5256 improbissimus
2454 5188 2688 5240 omnium
2716 5202 2878 5239 ausus
2909 5191 3063 5237 esset.
3098 5183 3165 5234 At
3201 5181 3313 5234 sine
3343 5179 3575 5248 periculo

2001 5281 2178 5335 Filius
2210 5280 2308 5335 Dei
2340 5282 2665 5351 unigenitus,
2696 5280 2827 5349 ﬁliis
2877 5276 2969 5331 Dei
3004 5285 3365 5344 comparatur,
3404 5290 3465 5325 ac
3499 5271 3579 5323 di-

1999 5378 2138 5430 titur
2162 5392 2281 5430 eum
2314 5374 2781 5443 incomparabilem
2815 5389 2948 5435 esse,
2982 5387 3100 5425 cum
3126 5368 3271 5422 nullo
3300 5366 3569 5435 conferam

1998 5467 2145 5533 dum,
2180 5477 2334 5537 atque
2368 5467 2655 5521 admodum
2679 5465 2988 5519 antecellere
3017 5464 3315 5517 asseritur?
3339 5458 3436 5511 llic
3463 5472 3577 5509 ma-

2001 5560 2198 5615 nifeste
2230 5560 2386 5616 vides
2430 5559 2628 5615 Filium
2675 5561 2835 5630 longe
2874 5558 3132 5613 inferiore
3161 5568 3323 5625 quam
3358 5550 3574 5604 Patrem

1999 5652 2172 5720 gradu
2216 5654 2285 5709 ab
2314 5653 2554 5709 Eusebio
2602 5653 2824 5724 reponi;
2864 5655 2938 5706 ita
2970 5660 3028 5705 ut
3063 5665 3162 5703 nec
3209 5646 3277 5700 ad
3308 5644 3573 5699 unitatem

2000 5745 2116 5812 Dei,
2147 5763 2249 5803 nec
2278 5748 2345 5802 ad
2373 5747 2637 5801 unitatem
2676 5744 2926 5815 principii
2978 5743 3358 5825 universorum
3390 5735 3580 5808 perti-

2000 5847 2148 5907 neat,
2180 5855 2357 5911 neque
2388 5839 2589 5897 deitate
2619 5854 2743 5893 cum
2777 5836 2870 5891 illo
2894 5835 3069 5907 primo
3104 5830 3373 5908 principio
3402 5841 3571 5885 unum
