4086 6586
480 409 547 470 51
1150 401 1418 461 EUSEBII
1449 400 1926 458 CESABIENSIS
1962 399 2113 456 OPP.
2147 399 2326 454 PARS
2365 398 2453 453 ill.
2492 430 2562 439 -—
2599 393 3009 451 EXEGETICA.
3643 396 3710 451 32

484 531 578 586 sit.
625 528 755 583 Nam
800 528 890 582 ubi
922 526 1127 581 dictum
1170 526 1325 591 illud,
1352 524 1491 580 Deus
1526 526 1671 579 stetit
1702 526 1755 577 in
1782 539 2047 594 synagoga

2170 522 2269 574 ,πεὶ
2311 520 2405 574 καὶ⁸
2449 521 2609 583 αὐτὸς
2648 522 2677 572 ὁ
2708 519 2835 583 Υἱὸς
2869 517 3045 589 ἀρχὴν
3080 517 3439 589 ἐπιγράφεται
3482 517 3572 571 τὸν
3612 520 3734 631 αὕη

484 620 722 682 deorum,
753 618 821 675 de
851 616 989 673 Filio
1017 617 1112 673 Dei
1139 616 1396 687 explicat,
1435 631 1500 671 ac
1532 616 1666 671 nihil
1697 615 2044 671 metuendum

487 712 586 776 ait,
612 694 916 766 etsi°Filius
946 709 1088 764 Deus
1118 718 1362 774 vocetur,
1390 723 1459 783 ne
1491 709 1672 762 unitas
1714 707 1966 778 principii
1995 716 2049 762 et

487 804 706 859 deitatis
740 803 990 869 tollatur;
1019 817 1129 856 non
1160 816 1343 856 veram
1378 801 1469 856 ille
1493 815 1715 857 causam
1748 799 1921 866 al'l‘ert,
1949 814 2050 855 cur

488 895 617 951 hinc
640 894 787 950 nulla
817 894 1193 964 multiplicitas
1231 894 1458 949 deorum
1487 894 1779 949 metuenda
1806 893 1897 959 sit,
1922 893 2051 963 quia

489 986 699 1042 scilicet
727 984 885 1041 Pater
922 991 976 1040 et
1018 983 1212 1052 Filius,
1255 1001 1397 1042 unus
1424 984 1585 1050 Deus,
1635 1000 1801 1040 unum
1846 986 2051 1056 princi-

489 1075 635 1146 pium
683 1090 865 1130 rerum
894 1083 1056 1140 sunt;
1100 1075 1217 1141 sed,
1251 1077 1344 1140 ait,
1377 1077 1635 1147 quoniam
1669 1077 1768 1148 ipsi
1807 1077 2053 1134 homines

488 1165 565 1219 dii
608 1172 895 1229 vocantur,
938 1167 1070 1236 quin
1112 1166 1221 1220 ulla
1256 1167 1386 1222 hinc
1417 1168 1643 1223 deorum
1681 1167 2053 1237 multiplicitas

488 1254 676 1311 inferri
725 1257 921 1327 possit,
968 1273 1130 1329 posse
1174 1260 1377 1329 pariter
1429 1258 1625 1314 Filium
1678 1260 1845 1315 Deum
1891 1260 1999 1315 dici
2034 1300 2049 1325 ,

488 1350 623 1421 quin
654 1350 855 1405 multos
900 1365 1024 1406 esse
1057 1351 1191 1407 deos
1235 1353 1600 1421 suspicemur.
1648 1352 1862 1408 Etenim
1896 1361 1954 1406 ut
1999 1354 2056 1408 in

490 1440 611 1495 loco
659 1440 762 1495 sub
812 1441 929 1497 huic
969 1442 1132 1498 allato
1177 1444 1537 1515 signiﬁcatur,
1582 1444 1739 1515 longe
1782 1443 2057 1500 inferioris

492 1540 693 1602 gradus
728 1539 833 1597 est,
883 1548 1046 1602 quam
1083 1541 1141 1587 ut
1181 1534 1355 1604 possit
1395 1534 1460 1589 ad
1506 1536 1734 1605 primam
1785 1534 1931 1588 illam
1963 1533 2059 1590 Dei

492 1625 761 1679 unitatem
790 1626 1087 1694 pertinere,
1119 1633 1303 1694 utpote
1332 1638 1491 1694 quem
1537 1625 1805 1681 creaturis
1847 1638 2062 1696 compa-

492 1729 616 1771 rare
642 1716 825 1781 liceat,
854 1716 957 1772 etsi
996 1716 1170 1770 multo
1201 1716 1553 1772 excellentior
1576 1716 1645 1771 iis
1683 1716 1755 1770 sit
1780 1732 1792 1767 :
1821 1716 1966 1786 quod
1992 1715 2063 1771 de

2150 611 2243 665 τοῦ
2272 611 2507 682 Πατέρα.
2544 610 2769 681 Κεφαλὴ
2810 611 2918 681 γὰρ
2956 607 3189 679 Χριστοῦ
3220 611 3247 661 ὁ
3274 609 3422 672 Θεὸς,
3453 610 3592 663 κατὰ
3623 607 3736 686 τὸνξ

2161 704 2495 765 Ἀπόστολον,
2525 703 2628 757 hoc
2651 711 2733 758 est
2756 721 2769 756 ι
2796 702 2862 755 At
2882 702 3092 765 vereris,
3118 702 3189 754 mi
3211 700 3483 767 homo,ne,
3512 702 3558 754 si
3578 702 3713 754 duas

2148 796 2352 865 fateare
2376 792 2722 857 substantias,
2751 792 2855 846 duo
2881 794 3006 846 item
3034 791 3291 859 prinripia
3325 791 3566 850 inducas,
3602 801 3651 843 et
3682 807 3715 842 a

2148 884 2486 939 monarchica
2511 883 2704 938 deitate
2730 883 2965 938 excidas.
2998 882 3187 937 Discas
3219 883 3400 952 igitur,
3437 882 3572 952 quod
3598 898 3715 935 cum
3747 925 3765 953 ,η

2148 992 2284 1031 unus
2317 977 2386 1029 sit
2411 977 2522 1029 sine
2544 974 2800 1043 principio
2824 982 2871 1028 et
2918 974 3179 1043 ingenitus
3220 972 3384 1036 Deus,
3421 971 3593 1025 Filius
3622 988 3716 1024 au-

2153 1078 2256 1123 tem
2300 1084 2364 1122 ex
2408 1067 2500 1121 illo
2542 1068 2810 1138 gignatur,
2859 1082 3021 1118 unum
3072 1066 3367 1119 necessario
3403 1065 3716 1134 principium

2154 1161 2334 1229 fuerit,
2371 1159 2675 1214 monarchia
2706 1166 2755 1211 et
2784 1172 2999 1227 regnum
3027 1172 3225 1219 unum;
3252 1158 3377 1227 quia
3406 1157 3515 1225 ipse
3544 1155 3717 1211 Filius

2155 1254 2372 1308 Patrem
2398 1269 2548 1306 suum
2579 1252 2897 1321 principium
2931 1250 3190 1304 ascribit:
3222 1261 3377 1319 caput
3407 1251 3541 1304 enim
3573 1247 3722 1304 Chri-

2153 1346 2224 1400 sti
2256 1344 2398 1399 Deus
2432 1354 2530 1409 est,
2561 1342 2845 1398 secundum
2892 1342 3202 1412 Apostolum
3250 1341 3302 1412 (1
3336 1341 3460 1396 Cor.
3504 1357 3579 1408 xl,
3641 1343 3717 1410 5).

2158 1436 2260 1491 Ubi
2290 1436 2474 1490 videas
2496 1434 2903 1489 monarchicam
2931 1434 3047 1488 sive
3074 1448 3236 1487 unam
3268 1433 3412 1487 illam
3445 1442 3498 1487 et
3529 1433 3722 1502 prima-

2156 1526 2299 1581 riam
2333 1525 2609 1592 deitatem,
2655 1540 2723 1579 ex
2772 1523 3006 1579 Eusebio
3053 1524 3109 1578 in
3142 1522 3300 1578 Patre
3343 1524 3459 1577 solo
3490 1524 3717 1577 servari.

2161 1617 2301 1685 Quia
2356 1632 2485 1672 vero
2531 1617 2769 1686 aliquam
2816 1613 2996 1670 Patris
3028 1625 3081 1670 et
3128 1613 3251 1669 Filii
3300 1616 3560 1669 unitatem
3603 1629 3724 1669 csse

2160 1709 2461 1765 concedere
2489 1723 2715 1763 necesse
2748 1708 2850 1763 fuit
2876 1708 3177 1764 secundum
3203 1706 3333 1761 illud
3358 1727 3371 1761 :
3408 1706 3520 1777 Ego
3546 1716 3593 1760 et
3623 1705 3726 1760 Pa-

494 1805 653 1862 Patre
685 1823 930 1864 asserere
959 1807 1341 1878 impiissimum
1367 1816 1420 1863 et
1450 1807 1909 1878 improbissimum
1941 1823 2063 1863 esse
2093 1875 2124 1878 _
2164 1812 2240 1856 ter
2266 1817 2426 1855 unum
2461 1817 2641 1854 sumus
2672 1800 2855 1871 (Joan.
2884 1798 3074 1869 11,50),
3115 1797 3479 1853 animadverte
3522 1798 3576 1851 in
3617 1812 3727 1868 quo

494 1898 572 1952 ait
592 1896 875 1953 Eusebius.
901 1875 1108 1951 Similia
1134 1898 1296 1953 habet
1318 1897 1374 1951 in
1408 1875 1861 1952 Dem-onstratione
1904 1914 2061 1954 evan-.-
2090 1875 2134 1934 Β
2162 1892 2323 1946 talem
2368 1891 2667 1946 constituat
2713 1892 2978 1945 unitatem
3028 1888 3311 1955 Eusebius,
3338 1889 3375 1943 ι.
3427 1904 3486 1943 ιιι
3526 1887 3727 1944 Contra

492 1987 681 2059 geliea,
714 1988 749 2042 ι.
782 2003 857 2052 vr,
886 2002 943 2057 ,p.
977 1987 1103 2051 257,
1136 1987 1227 2041 ubi
1258 1987 1326 2043 de
1364 1987 1525 2043 Patre
1561 1994 1615 2043 et
1645 1986 1783 2043 Filio
1821 1988 1949 2042 talia
1981 1985 2063 2041 fa-

495 2086 585 2133 tur
612 2095 624 2130 :
653 2078 847 2149 Σαφῶς
878 2080 934 2132 ὲν
965 2079 1044 2150 τῷ
1068 2079 1299 2150 πέμπτῳ
1329 2079 1721 2151 συγγράμματι
1748 2080 1844 2148 τῆς
1871 2082 2064 2149 Εὐαγ-

500 2166 744 2238 γελικῆς
790 2168 1161 2234 Ἀποδείξεως
1210 2170 1511 2238 ὡρισμένου
1552 2169 1643 2222 τοῦ
1690 2170 1817 2241 περὶ
1854 2170 2066 2241 Πατρὸς

490 2258 590 2335 ριαὶ
625 2256 759 2311 Υίοῦ
786 2258 966 2328 λόγου,
1008 2259 1103 2313 καὶ
1135 2260 1268 2313 Θεοῦ
1302 2262 1396 2332 μὲν
1443 2262 1560 2325 ἐνὸς
1589 2262 1682 2315 τοῦ
1720 2264 1813 2317 ἐπὶ
1848 2264 2066 2319 πάντων

484 2347 932 2419 ’ὼμολογημένου,
961 2350 1215 2421 δευτέρας
1241 2351 1297 2404 δὲ
1330 2353 1444 2422 μετ’
1477 2353 1636 2407 αὐτὸν
1662 2355 2067 2426 ἀποδειχθείσης

494 2440 684 2504 οὐσίας
716 2440 1023 2511 ἡγουμένης
1053 2442 1161 2495 τῶν
1193 2442 1435 2511 γενητῶν
1469 2444 1746 2508 ἁπάντων,
1780 2446 1847 2517 ἢν
1875 2446 2066 2515 σοφίαν

496 2529 655 2595 Θεοῦ,
682 2550 737 2587 κ.
772 2549 824 2586 τ.
848 2531 899 2588 λ.
933 2531 1047 2589 Hoc
1067 2544 1185 2591 est:
1211 2533 1410 2604 Cumiin
1427 2535 1606 2604 quinto
1635 2534 1960 2606 Evangelica:
1977 2536 2069 2591 de-

496 2621 897 2676 monstrationis
941 2622 1097 2689 libro,
1132 2624 1273 2678 clare
1297 2622 1361 2678 de
1376 2624 1537 2679 Patre
1558 2635 1606 2681 et
1633 2626 1772 2680 Filio
1795 2625 2068 2697 deﬁnitum

497 2718 860 2792 statutumque
892 2712 1078 2783 fuerit,
1126 2732 1188 2769 ac
1235 2714 1405 2769 Deum
1440 2716 1648 2787 quidem
1696 2733 1859 2771 unum
1906 2734 2069 2789 supra

499 2802 676 2856 omnia
716 2819 829 2859 esse
861 2803 1213 2872 declaratum,
1263 2807 1547 2861 secundam
1589 2825 1708 2863 vero
1751 2818 1868 2879 post
1896 2811 2068 2880 ipsum

499 2894 853 2951 substantiam
874 2914 1007 2966 esse,
1037 2916 1154 2971 qua:
1179 2899 1419 2955 omnibus
1442 2902 1666 2971 opiﬁciis
1693 2904 1895 2973 praesit,
1925 2921 2069 2958 com-

498 2998 849 3045 monstratum
875 2992 966 3055 sit,
990 3008 1149 3063 quam
1177 2993 1495 3062 sapientiam
1525 2994 1656 3061 Dei,
1680 3002 1812 3060 etc.,
1849 2997 1941 3052 ubi
1984 2996 2071 3050 in-

497 3087 711 3151 terpres
740 3082 833 3152 qui
866 3082 1004 3139 solet
1029 3082 1250 3139 Eusebii
1270 3084 1417 3139 dicta
1471 3085 1538 3141 ad
1569 3086 1713 3157 piam
1745 3088 2070 3143 sententiam

2160 1981 2495 2049 Marcellum,
2526 1998 2575 2037 c.
2611 1983 2696 2046 l9,
2735 1999 2789 2053 p.
2830 1982 2962 2036 192:
2998 1982 3105 2034 Καὶ
3141 1980 3203 2052 δὴ
3233 1981 3372 2034 κατὰ
3419 1980 3603 2034 τοῦτον
3636 1980 3727 2035 τὸν

2159 2073 2359 2146 τρόπον
2389 2075 2447 2128 ἓν
2477 2074 2613 2147 πρὸς
2646 2076 2736 2128 τὸν
2764 2074 2982 2147 Πατέρα
3015 2074 3108 2126 καὶ
3151 2072 3243 2126 τὸν
3274 2072 3401 2127 Υίὺν
3435 2075 3482 2126 οἱ
3528 2072 3728 2135 πάντες

2161 2165 2521 2238 γενησόμεθα.
2557 2167 2764 2237 Ὥσπερ
2809 2164 2917 2238 γὰρ
2968 2166 3127 2229 αὐτὸς
3175 2166 3365 2219 ἑαυτόν
3394 2182 3469 2223 ,τε
3515 2163 3729 2217 καὶτὸν

2162 2260 2382 2331 Πατέρα
2404 2258 2460 2312 ἓν
2487 2254 2624 2313 εἶναι
2658 2258 2833 2327 ἔλεγε,
2865 2259 3089 2327 φάσκων
3108 2274 3121 2287 ·
3170 2259 3311 2327 Ἐγὼ
3336 2258 3431 2311 καὶ
3465 2261 3498 2312 ό
3529 2257 3731 2325 Πατὴρ

2161 2354 2231 2409 ἓν
2260 2355 2447 2423 ἐσμεν
2466 2369 2480 2383 ·
2512 2351 2656 2406 οὕτω
2688 2353 2781 2406 καὶ
2825 2351 3029 2414 πάντας
3057 2350 3223 2420 ἡμᾶς,
3255 2348 3395 2402 κατὰ
3435 2349 3533 2420 τὴν
3567 2348 3729 2400 αὐτοῦ

2167 2448 2416 2519 μίμησιν,
2459 2446 2558 2518 τῆς
2600 2445 2849 2516 ὲνὸτητος
2892 2445 2988 2514 τῆς
3033 2441 3193 2495 αὑτοῦ
3248 2442 3537 2511 μετασχεῖν
3580 2438 3733 2509 εὔχε-

2162 2554 2282 2591 ταιο
2326 2537 2386 2590 οὐ
2439 2535 2580 2590 κατὰ
2626 2533 2945 2606 Μάρκελλον
2999 2530 3090 2585 τοῦ
3134 2531 3305 2599 Λόγου
3337 2529 3603 2600 ὲνωμὲνου
3655 2529 3733 2600 τῷ

2164 2627 2301 2700 Θεῷ,
2330 2627 2425 2681 καὶ
2452 2629 2515 2698 τῇ
2544 2625 2704 2696 οὐσίᾳ
2734 2620 3206 2694 συναφθησομένου
3227 2638 3242 2652 ο
3266 2619 3445 2683 καθὼς
3472 2620 3528 2672 δὲ
3559 2622 3731 2692 ἐμαρ-

2165 2720 2397 2791 τύρησεν
2430 2720 2464 2789 ἡ
2498 2717 2745 2789 ἀλήθεια,
2779 2717 2808 2768 ὁ
2835 2714 3022 2786 Σωτὴρ
3055 2713 3219 2776 αὐτὸς
3255 2710 3419 2766 είπών
3442 2729 3454 2741 ·
3493 2710 3611 2779 Τὴν
3638 2710 3734 2765 δό-

2168 2813 2283 2879 ξαν
2310 2812 2390 2881 ἣν
2413 2810 2639 2877 ἔδωκάς
2659 2827 2782 2880 μοι,
2809 2807 3035 2862 δέδωκα
3075 2805 3278 2873 αὐτοῖς
3296 2846 3311 2873 ,
3341 2806 3441 2858 ἵνα
3466 2799 3615 2859 ὦσιν
3644 2802 3732 2870 ἓν,

2167 2904 2361 2972 καθὼς
2385 2903 2481 2958 καί
2498 2902 2754 2972 ἡμεῖς-,ἐν
2778 2901 2985 2970 ἐσμεν.
3018 2897 3131 2954 Hoc
3160 2906 3245 2955 est
3273 2917 3286 2953 :
3314 2896 3482 2967 Atque
3499 2895 3565 2949 ad
3600 2896 3736 2949 hunc

2169 2998 2380 3051 modum
2411 3012 2504 3050 nos
2545 3010 2721 3048 omnes
2751 3008 2868 3047 cum
2893 2991 3053 3047 Patre
3078 3000 3128 3045 et
3158 2990 3300 3045 Filio
3325 3005 3488 3044 unum
3514 2990 3730 3043 erimus.

2174 3086 2629 3155 Quemadmodum
2670 3084 2808 3139 enim
2834 3085 2943 3155 ipse
2976 3100 3028 3137 se
3072 3091 3123 3137 et
3170 3082 3383 3138 Patrem
3431 3098 3594 3137 unum
3628 3097 3740 3135 esse

500 3169 557 3225 in
591 3171 843 3227 versione
874 3187 973 3227 sua
1005 3173 1353 3244 detorquere,
1382 3182 1658 3244 postrema
1698 3178 1777 3233 sic
1804 3179 2072 3250 interpre-
2098 3216 2141 3279 Ο
2178 3180 2334 3240 dixit,
2372 3198 2389 3229 ‹
2424 3178 2552 3248 Ego,
2577 3178 2835 3248 inquiens,
2873 3186 2923 3230 et
2959 3175 3117 3229 Pater
3151 3192 3313 3228 unum
3345 3190 3560 3237 sumus;
3593 3193 3611 3225 ι
3661 3174 3739 3226 ita

499 3269 682 3316 tatur:
719 3261 788 3315 Et
832 3262 1048 3319 Patrem
1077 3266 1283 3336 quidem
1317 3266 1484 3321 Deum
1522 3286 1681 3323 unum
1724 3286 1837 3324 esse
1883 3264 2093 3326 consti-l

505 3351 603 3415 tit;
635 3352 864 3407 alteram
908 3362 1083 3409 autem
1117 3365 1308 3424 praeter
1335 3358 1491 3412 illum
1526 3369 1577 3412 et
1623 3376 1739 3412 cum
1775 3360 1870 3413 illo
1896 3376 2074 3428 perso-

502 3461 627 3498 nam
669 3461 801 3509 esse,
828 3462 945 3516 qua:
984 3447 1161 3501 omnia
1189 3464 1306 3519 qua:
1336 3448 1481 3519 facta
1508 3460 1631 3504 sunt
1661 3450 1957 3514 antecedat,
1992 3450 2075 3505 de-

503 3545 858 3590 monstratum
891 3548 989 3593 est.
1022 3538 1141 3604 Quo
1170 3539 1228 3594 in
1274 3540 1397 3595 loco
1426 3541 1611 3595 οὐσίαν
1654 3541 1743 3597 ille
1771 3558 2070 3609 personam,

502 3629 688 3696 vertit,
737 3629 841 3687 etsi
891 3631 1255 3687 substantiam
1301 3634 1566 3705 signiﬁcet
1605 3634 1695 3689 hic
1740 3644 1796 3690 et
1845 3635 1901 3689 in
1951 3636 2074 3691 aliis

503 3717 725 3775 Eusebii
770 3719 926 3785 locis,
974 3728 1036 3775 ut
1080 3737 1149 3776 ex
1200 3724 1448 3793 repetitis
1483 3724 1588 3779 sub
1642 3724 1758 3780 hac
1809 3724 2074 3795 exemplis

503 3809 783 3879 propalam
824 3810 928 3865 erit
964 3828 977 3865 :
1010 3812 1145 3867 illud
1185 3820 1365 3868 autem
1414 3817 1531 3885 μετ’
1564 3815 1749 3881 αὐτόν,
1789 3831 2073 3886 perperam

501 3899 666 3954 vertit
708 3899 820 3966 ille,
852 3912 1044 3971 prater
1071 3903 1223 3957 illum
1252 3912 1302 3955 et
1334 3920 1453 3958 cum
1479 3906 1593 3972 illo,
1625 3922 1750 3962 cum
1779 3915 1961 3977 aperte
1998 3906 2075 3963 si—

503 3987 744 4058 gniﬁcet,
767 4000 885 4058 post
917 3991 1092 4058 illum,
1126 4008 1230 4049 nec
1264 4009 1489 4051 numero
1515 4004 1748 4064 tantum,
1774 3997 1869 4052 sed
1897 3999 2076 4068 digni-

505 4088 620 4135 tate
664 4088 718 4136 et
764 4085 1110 4154 przestantia;
1150 4093 1209 4141 ut
1250 4103 1316 4144 ex
1350 4087 1464 4158 jam
1509 4089 1674 4145 dictis
1724 4089 2073 4147 manifestum

506 4181 612 4236 est,
659 4181 715 4228 et
753 4190 820 4230 ex
865 4176 1006 4231 infra
1054 4178 1301 4236 dicendis
1341 4180 1605 4252 liquidius
1650 4183 1944 4238 constabit.
1984 4182 2076 4239 Ait

507 4265 776 4335 siquidem
792 4267 887 4322 lib.
924 4283 961 4323 tt
994 4268 1193 4326 Contra
1214 4272 1547 4342 Marcellum,
1573 4290 1627 4344 p.
1653 4274 1754 4329 109
1781 4293 1795 4329 :
1822 4274 1956 4328 Οὐδὲ
1983 4274 2075 4329 δύο

508 4356 664 4423 θεοὺς
682 4359 892 4432 ἀνάγκη
920 4360 1100 4417 δοῦναι
1124 4365 1216 4419 τὸν
1241 4364 1337 4431 τὰς
1358 4366 1450 4420 δύο
1479 4367 1803 4431 ὑποστάσεις
1824 4367 2070 4425 τιθένταῖ·

506 4451 629 4506 οὐδὲ
664 4452 771 4524 γὰρ
809 4455 1079 4528 ἰσοτίμους
1111 4458 1281 4523 αὐτὰς
1311 4458 1625 4532 ὀριζόμεθα,
1658 4460 1711 4516 id
1738 4470 1824 4517 est
1854 4480 1866 4514 :
1896 4460 2077 4531 Neque

2174 3287 2396 3342 quoque,
2421 3279 2476 3322 ut
2532 3268 2600 3322 ad
2649 3269 2814 3338 ipsius
2879 3268 3227 3320 imitationem
3273 3284 3365 3321 nos
3399 3282 3574 3319 omnes
3599 3266 3740 3335 ejus-

2177 3361 2292 3415 dem
2319 3362 2527 3414 unionis
2549 3360 2829 3428 participes
2852 3360 3035 3424 simus,
3066 3366 3305 3426 Precatus
3333 3365 3427 3411 est.
3456 3354 3578 3410 Non
3604 3356 3740 3427 quod

2188 3451 2434 3515 Verbum,
2463 3460 2521 3503 ut
2554 3449 2842 3504 Marcellus
2873 3448 3000 3515 vult,
3034 3449 3249 3501 uniatur
3272 3446 3402 3513 Deo,
3427 3458 3474 3501 et
3496 3450 3743 3501 substan-

2180 3543 2377 3596 tialiter
2411 3542 2511 3610 ipsi
2541 3541 2931 3611 conjungatur:
2964 3541 3052 3595 sed
3092 3549 3150 3594 ut
3179 3540 3392 3603 veritas,
3429 3541 3535 3608 ipse
3563 3537 3745 3593 Serva-

2182 3642 2263 3686 tor
2298 3634 2521 3697 scilicet,
2558 3634 2876 3703 testiﬁcatur
2907 3632 3119 3686 dicens:
3153 3650 3171 3683 ι
3211 3631 3444 3686 Gloriam
3470 3646 3628 3702 quam
3660 3630 3745 3683 de-

2178 3723 2308 3778 disti
2336 3724 2465 3777 mihi
2489 3724 2611 3779 dedi
2647 3726 2743 3793 eis,
2776 3736 2833 3778 ut
2865 3725 2968 3778 sint
3001 3741 3163 3779 unum
3198 3727 3334 3779 sicut
3366 3735 3413 3779 et
3448 3741 3543 3778 nos
3582 3737 3743 3776 unum

2178 3834 2359 3872 sumus
2392 3816 2574 3887 (Joan.
2616 3833 2751 3882 xvu,
2794 3817 2941 3887 22).»
2980 3815 3081 3872 Ubi
3108 3818 3366 3871 unitatem
3405 3817 3548 3869 illam
3583 3818 3747 3873 subs—

2181 3910 2459 3966 tantialem
2525 3908 2704 3965 Patris
2767 3924 2889 3964 cum
2966 3908 3105 3961 Filio
3184 3906 3422 3961 dilucide
3504 3906 3746 3977 explodit

2180 4001 2482 4068 Eusebius;
2516 4001 2738 4069 vultque
2789 4007 2999 4053 tantum
3047 3996 3194 4050 illam
3242 3994 3504 4049 unitatem
3551 4012 3747 4052 conce-

2179 4092 2329 4159 dere,
2363 4107 2471 4162 qua
2502 4107 2570 4146 ex
2599 4092 2912 4163 dignatione
2938 4090 3171 4160 quadam
3208 4087 3370 4144 Pater
3398 4086 3594 4143 Filium
3632 4090 3747 4160 glo-

2180 4185 2275 4240 ria:
2302 4199 2413 4240 sua:
2444 4184 2765 4254 participem
2799 4182 2981 4246 edicit,
3011 4189 3070 4236 ut
3097 4189 3151 4236 et
3176 4179 3346 4235 Filius
3374 4197 3476 4237 nos
3503 4182 3744 4251 ejusdem

2180 4276 2365 4347 gloriae
2408 4282 2693 4330 consortes
2732 4273 2987 4330 reddidit.
3026 4272 3141 4327 Sub
3186 4273 3301 4327 haec
3350 4281 3530 4329 autem
3573 4274 3747 4329 eidem

2181 4368 2599 4440 comprobandse
2627 4369 2909 4425 sententiae
2937 4374 3084 4424 totus
3113 4367 3340 4433 insistit,
3364 4376 3526 4438 atque
3559 4367 3633 4421 ita
3660 4366 3751 4421 de-

2182 4476 2329 4515 mum
2358 4461 2670 4517 concludit:
2714 4459 2901 4523 Οὓτως
2928 4455 3020 4513 οῦν
3052 4459 3111 4513 ἓν
3144 4460 3281 4514 εἰσιν
3312 4461 3341 4513 ὁ
3372 4458 3560 4530 Πατὴρ
3592 4457 3686 4511 καὶ
3717 4458 3747 4510 6

507 4560 713 4599 necesse
743 4554 821 4600 est
848 4563 968 4601 eum
1006 4548 1137 4604 duos
1171 4550 1293 4605 deos
1323 4550 1503 4620 fateri,
1527 4552 1617 4621 qui
1640 4550 1776 4606 duas
1802 4550 2069 4605 admiserit

2184 4553 2310 4617 Υίὸς
2346 4554 2486 4608 κατὰ
2525 4553 2625 4625 τὴν
2669 4552 2951 4606 κοινωνίαν
2992 4553 3093 4622 τῆς
3131 4552 3307 4623 δόξης,
3344 4548 3411 4625 ἦς
3441 4555 3552 4615 τοῖς
3585 4550 3748 4605 αὑτοῦ

509 4635 835 4692 substantias
858 4655 876 4692 :
918 4656 1019 4695 non
1053 4642 1191 4695 enim
1222 4641 1346 4696 illas
1385 4642 1581 4697 honore
1617 4658 1770 4711 pares
1805 4658 1916 4696 esse
1956 4642 2079 4713 deﬁ-

509 4729 716 4794 nimus;
746 4730 820 4784 ita
852 4739 914 4786 ut
959 4740 1186 4789 eatenus
1229 4714 1491 4790 unitatem
1530 4736 1748 4791 deitatis
1792 4736 1956 4792 statui
1989 4752 2082 4792 ve-

508 4820 593 4886 lit,
627 4830 897 4893 quatenus
926 4825 1017 4878 illa
1054 4827 1231 4897 prima
1269 4828 1463 4892 deitas,
1496 4829 1842 4898 primumque
1876 4827 2082 4898 princi-

508 4913 659 4985 pium
710 4914 766 4969 in
816 4932 926 4973 uno
974 4918 1138 4975 Patre
1188 4931 1457 4986 servatur,
1504 4921 1593 4976 cui
1646 4921 1808 4991 longe
1859 4920 2083 4977 inferior

464 5054 467 5057 .
508 5006 655 5064 Deus
695 5007 886 5076 Filius,
930 5013 985 5067 in
1035 5016 1244 5069 unitate
1286 5015 1379 5069 illa
1420 5030 1529 5070 non
1565 5013 2079 5085 comprehendatur.

511 5097 667 5164 Quod
703 5100 792 5156 ille
824 5103 1024 5159 ibidem
1062 5106 1294 5160 alIirmat
1334 5105 1421 5160 his
1460 5106 1679 5161 verbis:
1729 5106 1887 5160 Ἀλλὰ
1920 5106 2080 5177 φοϐῇ,

508 5183 554 5243 ὦ
582 5191 854 5263 ἄνθρωπε,
889 5196 964 5267 μὴ
1000 5197 1094 5250 δύο
1123 5197 1448 5262 ὑποστάσεις
1476 5197 1835 5269 ὁμολογήσας,
1868 5198 1961 5252 δύο
1987 5199 2085 5269 ἀρ-

510 5281 610 5352 χὰς
635 5286 969 5357 είσαγάγοις,
1002 5290 1096 5344 καὶ
1127 5291 1225 5360 τῆς
1256 5291 1591 5362 μοναρχικῆς
1624 5289 1871 5359 θεότητος
1917 5290 2082 5343 ἐκπέ-

516 5391 647 5441 σοις.
682 5378 936 5433 Μάνθανε
980 5382 1178 5449 τοίνυν,
1227 5382 1322 5448 ὡς,
1358 5383 1475 5445 ἐνὸς
1516 5382 1667 5445 ὄντος
1712 5382 1949 5453 ἀνάρχου
1994 5382 2097 5435 καὶσ

513 5468 807 5541 ἀγεννήτου
848 5470 1005 5538 Θεοῦ,
1052 5472 1144 5526 τοῦ
1187 5474 1243 5526 δὲ
1275 5473 1407 5528 Υίοῦ
1441 5473 1501 5539 ἐξ
1539 5473 1704 5528 αὐτοῦ
1752 5473 2084 5544 γεγεννημέ-

512 5577 626 5629 νου,
660 5562 757 5634 μία.
792 5562 943 5617 ἔσται
971 5565 1135 5637 ἀρχὴ,
1167 5566 1432 5638 μοναρχία
1461 5583 1521 5619 τε
1546 5566 1641 5619 καὶ
1670 5566 1914 5638 βασιλεία
1950 5568 2048 5639 μία
2073 5586 2082 5598 τ

700 5694 1250 5769 ρρηιηιεηιείηΛΡῳί.
1275 5715 1330 5769 p.
1370 5700 1459 5763 86,
1496 5699 1622 5762 544,
1652 5701 1777 5765 357,
1804 5700 1926 5766 558,
1958 5702 2083 5763 572,

584 5697 660 5820 ge)
700 5697 993 5751 Comment.
1017 5698 1071 5750 in
1100 5697 1250 5753 Psal.
1275 5715 1330 5769 p.
1370 5700 1459 5763 86,
1496 5699 1622 5762 544,
1648 5701 1777 5783 β57,
1804 5700 1926 5783 ξ58,
1958 5702 2081 5781 372,

512 5767 581 5821 '57
628 5805 642 5830 ,
671 5766 802 5835 ⁸577,
836 5767 963 5831 410,
991 5767 1117 5835 426,
1148 5768 1275 5835 491,
1309 5770 1434 5833 555,
1474 5770 1597 5835 554,
1627 5770 1752 5834 582,
1794 5772 1918 5831 584,
1955 5771 2081 5831 597.

519 5836 654 5906 598;
700 5833 1000 5893 Demonstr.
1041 5833 1222 5910 evang.
1263 5833 1389 5907 M7,
1436 5839 1556 5910 “8,
1586 5833 1899 5910 8149,72“,
1943 5842 2084 5913 255,

2184 4647 2448 4719 μαθηταῖς
2484 4645 2814 4718 μεταδιδοὺς,
2837 4645 2936 4715 τῆς
2959 4645 3127 4715 αὐτῆς
3154 4644 3399 4709 ὲνώσεως
3432 4645 3524 4698 καὶ
3556 4643 3750 4705 αὐτοὺς

2180 4739 2354 4809 ὴξίου,
2380 4739 2482 4794 hoc
2504 4746 2588 4793 est
2624 4756 2637 4792 :
2674 4738 2765 4791 Ita
2792 4735 2957 4791 Pater
2987 4746 3035 4791 et
3063 4735 3240 4791 Filius
3267 4752 3430 4791 unum
3461 4745 3583 4790 sunt
3617 4750 3751 4786 com-

2181 4832 2424 4885 munione
2466 4831 2682 4901 gloriaz:
2725 4846 2883 4899 quam
2930 4845 3049 4883 cum
3092 4829 3365 4897 discipulis
3410 4828 3519 4880 suis
3560 4826 3753 4893 ἰητροῖς

2183 4925 2302 4988 tiat,
2328 4922 2560 4992 ejusdem
2592 4939 2679 4977 eos
2710 4923 2923 4976 unionis
2954 4920 3235 4989 participes
3268 4919 3438 4988 eﬂicit.
3470 4915 3585 4983 Qua
3611 4916 3665 4969 in
3696 4931 3755 4971 re

2183 5016 2376 5088 grandi
2413 5015 2779 5087 paralogismo
2824 5015 2998 5068 utitur
3024 5012 3316 5077 Eusebius,
3348 5018 3406 5065 ut
3435 5008 3575 5065 infra
3609 5007 3754 5063 vide-

2182 5108 2350 5175 bitur,
2381 5106 2510 5162 dum
2558 5108 2821 5161 unitatem
2854 5107 3001 5161 illam
3029 5104 3233 5173 gloriae,
3272 5103 3327 5157 in
3368 5116 3530 5172 quam
3573 5115 3639 5155 ex
3672 5098 3754 5153 div

2185 5200 2442 5270 gnatione
2494 5205 2706 5252 tantum
2752 5195 3008 5266 discipuli
3055 5193 3259 5249 Christi
3307 5201 3592 5257 vocantur,
3637 5189 3754 5258 pari

2185 5292 2347 5347 modo
2383 5306 2415 5344 a
2461 5290 2625 5347 Patre
2663 5287 3056 5345 communicari
3097 5284 3233 5342 Filio
3272 5302 3392 5353 suo,
3423 5292 3585 5352 atque
3628 5281 3757 5335 hinc

2187 5386 2604 5442 substantialem
2653 5385 2914 5440 unitatem
2966 5381 3204 5447 excludi,
3251 5378 3550 5434 contendit.
3604 5375 3757 5430 lianc

2186 5494 2352 5552 porro
2379 5479 2600 5534 deitatis
2625 5478 2889 5533 unitatem
2915 5485 2969 5532 et
2997 5474 3368 5531 monarchiam
3398 5470 3671 5529 sexcentis
3702 5469 3758 5524 in

2188 5573 2325 5627 locis
2354 5570 2618 5642 (a)tdocet
2645 5570 2757 5638 ille,
2791 5584 2913 5640 qua!
2939 5584 3009 5623 ne
3054 5567 3267 5638 longius
3302 5562 3637 5619 abducamur
3669 5562 3755 5616 in-

2189 5705 2591 5834 qéqmmtarc.
2616 5706 2704 5776 65,
2735 5706 2824 5775 66,
2855 5705 2943 5775 69,
2973 5702 3177 5775 70,90,
3209 5699 3297 5767 96,
3334 5699 3600 5766 106,107,
3632 5694 3757 5763 uo,
