4086 6536
316 358 387 414 35
1084 352 1581 411 COMMENTARIA
1622 352 1688 405 IN
1727 351 2063 408 PSALMOS.
2102 382 2170 393 —
2210 349 2747 410 PRELIMINARIA.
3462 357 3533 411 δι

317 478 501 533 dicare
533 478 706 533 solum
734 475 984 533 sufﬁciat.
1029 475 1297 530 Caeterum
1335 475 1425 529 ubi
1452 490 1553 529 vox
1582 473 1875 536 ὑπόστασις
1901 493 1947 544 Α
1975 480 2108 526 erat.
2153 470 2221 524 Et
2258 472 2346 525 ille
2388 471 2594 540 quidem
2630 486 2721 540 per
2764 472 2992 541 seipsum
3024 472 3284 543 perfectus
3325 483 3375 528 et
3421 476 3535 544 pri-

318 569 577 636 occurrit,
610 584 711 625 nos
743 569 1096 623 substantiam
1145 567 1437 633 vertimus;
1472 574 1586 620 tum
1634 566 1761 635 quia
1794 564 1874 619 sic

321 660 536 716 Eusebii
565 677 679 715 aevo
707 676 770 715 ex
816 668 1035 730 recepto
1078 674 1229 715 more
1260 660 1645 729 accipiebatur,
1676 664 1735 711 ut
1773 657 1873 711 ha-

320 753 410 807 bet
456 752 822 819 Athanasius;
867 763 980 807 tum
1022 753 1170 822 quia,
1212 767 1337 806 cum
1384 750 1652 806 Eusebius
1694 748 1875 802 diver-

322 859 435 897 sam
473 844 528 898 in
564 844 724 899 Patre
763 854 816 900 et
846 844 981 899 Filio
1021 843 1382 899 subsrantiam
1415 842 1664 897 admittat
1694 847 1746 894 et
1774 839 1867 894 do-

320 941 462 997 ceat,
506 935 713 989 inutilis
757 950 886 990 sane
926 934 1083 990 fuerit
1127 948 1482 1004 personarum
1521 942 1574 987 et
1620 933 1876 1004 hyposta-

321 1026 462 1078 siunn
487 1027 702 1095 vulgata
728 1027 1027 1082 distinctio.

321 1181 400 1229 ιν.
428 1183 642 1245 Diversae
661 1182 1083 1231 substantiae—VK
1106 1182 1361 1245 Interpres
1376 1183 1581 1233 Latinus
1602 1185 1869 1235 De'monstr.

377 1242 962 1314 ettangelicmEnsebium
1000 1246 1063 1294 de
1088 1242 1325 1295 industria
1355 1247 1416 1295 ad
1438 1248 1721 1296 catholicam
1759 1260 1875 1296 sen-

384 1306 581 1353 tentiam
607 1306 829 1354 detorsit.

388 1451 537 1508 Licet
576 1462 759 1509 autem
807 1472 873 1510 ex
918 1454 1215 1525 praemissis
1258 1456 1537 1526 propalam
1588 1456 1659 1512 sit
1702 1456 1874 1513 Euse-

315 1545 460 1599 bium
491 1545 761 1603 diversam
808 1561 839 1601 a
870 1556 1093 1619 paterna
1130 1547 1489 1603 substantiam
1528 1556 1582 1603 et
1618 1548 1873 1605 deitatem

314 1634 370 1689 in
399 1634 534 1692 Filio
558 1639 891 1695 constituere
916 1658 931 1696 :
962 1654 1090 1694 nam
1113 1639 1249 1695 duas
1281 1639 1335 1694 in
1358 1641 1537 1694 allatis
1563 1640 1699 1695 locis
1743 1641 1875 1696 sub-

313 1723 546 1779 stantias
592 1734 775 1795 aperte
834 1727 1156 1796 proﬁtetur:
1202 1736 1255 1783 et
1298 1743 1428 1784 sane
1475 1731 1569 1800 qni
1609 1731 1873 1785 unitatem

1976 581 2125 627 mus,
2182 547 2358 632 uipote
2405 562 2598 627 Pater,
2635 575 2684 619 et
2731 565 3117 619 constitutionis
3159 563 3293 619 Filii
3345 582 3531 630 causa,

1973 657 2107 709 nihil
2151 656 2219 709 ad
2268 656 2483 709 deitatis
2515 671 2624 709 sua:
2668 654 3096 725 complementum
3134 674 3167 710 a
3201 655 3345 711 Filio
3388 659 3532 711 acci-

1973 749 2150 815 piens;
2180 749 2263 802 hic
2297 757 2469 802 autem
2498 756 2748 817 tanquam
2772 762 2836 801 ea:
2866 764 3027 802 causa
3050 749 3221 818 [actus
3253 750 3421 818 filius,
3450 766 3533 805 se-

1973 839 2172 893 cundus
2199 848 2275 893 est
2309 837 2372 891 ab
2400 855 2457 891 eo
2488 839 2637 906 cujus
2671 848 2749 893 est
2787 839 2954 909 ﬁlius,
2982 841 3164 909 quippe
3189 842 3279 911 qui
3308 858 3341 895 a
3370 840 3534 896 Patre

1972 936 2021 982 et
2051 938 2107 981 ut
2136 929 2226 995 sit,
2254 937 2302 981 et
2329 938 2385 981 ut
2418 928 2543 982 talis
2573 929 2663 991 sit,
2700 931 2970 997 acceperit.
3002 929 3078 983 Ac
3105 947 3336 995 rursum,
3361 932 3534 1002 splen-

1974 1019 2072 1072 dor
2119 1018 2325 1089 quidem
2372 1035 2476 1073 non
2522 1034 2586 1072 ex
2629 1020 2893 1087 proposito
2930 1028 2979 1072 et
3013 1021 3277 1074 voluntate
3322 1021 3537 1075 luminis

1974 1110 2229 1180 splendet,
2254 1108 2343 1163 sed
2374 1109 2653 1163 secundum
2680 1108 2918 1163 accidens
2946 1110 3212 1180 quidpiam
3235 1129 3266 1165 a
3288 1111 3536 1166 substan—

1976 1203 2050 1255 tia
2077 1202 2455 1270 inseparabile;
2488 1199 2659 1255 Filius
2691 1219 2805 1255 vero
2827 1219 2889 1256 ex
2918 1204 3173 1256 sententia
3202 1213 3249 1257 et
3270 1208 3533 1274 proposito

1973 1294 2279 1355 voluntatis,
2310 1293 2484 1362 imago
2517 1292 2698 1347 Patris
2728 1293 2980 1347 substitit.
3014 1293 3202 1348 Valens
3238 1298 3373 1350 enim
3396 1296 3535 1350 Deus

1975 1382 2107 1437 Filii
2140 1384 2301 1437 Pater
2326 1385 2551 1447 exstitit,
2586 1400 2647 1437 ac
2684 1385 2968 1438 secundum
3009 1386 3182 1440 lumen
3230 1403 3322 1455 per
3358 1389 3536 1441 omnia

1974 1475 2145 1529 simile
2172 1475 2274 1529 sibi
2302 1475 2585 1529 subsistere
2614 1475 2690 1547 (a)
2720 1476 2862 1545 fecit.
2896 1475 3000 1531 Ubi
3033 1478 3300 1547 interpres
3330 1478 3444 1533 sive
3469 1493 3537 1533 ex

1975 1568 2141 1623 insito
2185 1582 2312 1638 erga
2358 1566 2651 1622 Eusebium
2705 1567 2933 1635 aﬂ‘cctu;
2976 1568 3090 1625 sive
3123 1570 3229 1623 alia
3258 1570 3437 1640 ignota
3468 1570 3537 1626 de

1975 1672 2161 1721 causa,
2193 1658 2360 1711 multa
2381 1672 2541 1713 secus
2568 1656 2743 1727 posita
2768 1657 2836 1712 ad
2868 1659 3188 1713 catholicam
3211 1659 3536 1716 sententiam

1975 1763 2074 1817 pro
2107 1762 2258 1802 more
2292 1762 2391 1802 suo
2426 1747 2642 1802 deﬂexit
2684 1767 2696 1802 :
2728 1763 2851 1803 nam
2880 1749 3028 1813 illud,
3062 1748 3182 1803 καθ’
3212 1750 3403 1803 ἑαυτὸν
3447 1751 3539 1804 οὐ-

313 1816 564 1887 principii
603 1826 658 1874 et
694 1818 915 1875 deitatis
958 1820 1011 1874 in
1054 1837 1162 1876 uno
1212 1820 1392 1883 Patre,
1442 1822 1666 1877 excluso
1714 1821 1871 1887 Filio,

1981 1816 2257 1909 σιωμένος,
2286 1838 2366 1894 sic
2402 1840 2681 1895 transtulit
2709 1859 2721 1894 :
2760 1838 2880 1894 Non
2908 1856 2999 1908 per
3030 1842 3256 1911 seipsum
3289 1840 3538 1896 substan-

311 1918 510 1973 servat,
561 1918 959 1979 consequenter
1012 1912 1173 1965 aliam
1218 1913 1275 1965 in
1320 1910 1459 1966 Filio
1506 1919 1561 1966 et
1599 1912 1869 1967 diversam

311 1997 672 2054 substantiam
699 2007 753 2055 et
784 2002 1062 2065 deitatem,
1102 2002 1147 2056 si
1186 2002 1405 2072 quidem
1445 2001 1586 2058 Deus
1628 2003 1718 2066 sit,
1764 2011 1875 2058 sta-

312 2093 432 2140 tuat
462 2103 685 2144 necesse
713 2096 834 2157 est;
863 2106 893 2145 e
914 2106 973 2146 re
1002 2102 1181 2146 tamen
1214 2091 1377 2146 fuerit
1404 2108 1469 2147 ex
1492 2094 1677 2149 multis
1702 2110 1873 2164 pauca

315 2175 534 2233 Eusebii
567 2179 686 2235 loca
728 2181 784 2236 in
826 2181 1064 2236 medium
1107 2182 1319 2249 aﬂ‘erre,
1362 2184 1452 2238 ubi
1503 2185 1592 2239 ille
1622 2185 1875 2241 substan-

313 2269 443 2323 tiam
481 2279 534 2324 οι
554 2272 803 2327 deitatem
836 2273 979 2340 Filii,
1014 2289 1043 2327 a
1071 2283 1294 2344 paterna
1318 2278 1478 2330 aliam
1500 2287 1554 2331 et
1579 2276 1871 2341 diversam,

312 2373 635 2432 separatam,
666 2365 873 2435 ipsique
900 2368 1069 2421 multo
1094 2367 1403 2424 inferiorem
1440 2379 1873 2428 commonstrare

312 2455 529 2509 nititur:
568 2455 709 2511 unde
740 2458 903 2512 etiam
949 2459 1164 2528 planius
1207 2462 1400 2516 evadat
1430 2464 1572 2532 quod
1622 2466 1874 2535 superius

313 2547 598 2615 probatum
630 2556 733 2612 est,
781 2548 1075 2605 Eusebium
1120 2552 1371 2608 videlicet
1417 2556 1679 2612 unitatem
1722 2557 1875 2627 prin-

312 2635 440 2704 cipii
472 2647 526 2690 et
574 2637 791 2693 deitatis
821 2640 873 2693 in
916 2656 1022 2696 uno
1070 2640 1250 2708 Patre,
1289 2644 1512 2700 excluso
1555 2644 1713 2710 Filio,
1764 2656 1897 2703 sta-.

312 2735 487 2781 tuere.
527 2728 617 2781 Ait
659 2729 823 2798 igitur
901 2731 953 2784 in
1034 2730 1489 2788 Demonstralione
1559 2737 1874 2807 evangelica,

315 2817 353 2871 Ι.
386 2833 459 2882 ιν,
496 2835 545 2874 c.
589 2822 641 2883 5.
675 2822 851 2891 p.147
886 2841 899 2877 :
943 2823 1100 2876 Ἀλλὰ
1141 2825 1234 2877 τοῦ
1272 2825 1370 2896 μὲν
1420 2827 1673 2896 αἰσθητοῦ
1705 2828 1879 2898 φωτὸς

313 2910 611 2985 ἁχὼριστος
640 2917 673 2986 ἡ
707 2916 870 2988 αὐγὴ,
901 2920 928 2971 6
953 2918 1009 2971 δὲ
1041 2919 1166 2983 Υἱὸς
1202 2921 1345 2987 ίδίως
1373 2924 1520 2994 παρὰ
1546 2924 1635 2976 τὸν
1660 2925 1879 2998 Πατέρα

312 3000 436 3057 καθ’
466 3004 657 3057 ἑαυτὸν
690 3005 982 3077 ὑφέστηκε.
1029 3010 1137 3062 Καὶ
1172 3012 1349 3080 φωτὸς
1390 3013 1488 3084 μὲν
1519 3015 1551 3085 η
1597 3015 1735 3086 αὐγὴ
1770 3014 1880 3086 χώ-

1976 1930 2103 1982 tiam
2135 1939 2340 1994 nactus,
2372 1929 2461 1983 sed
2487 1946 2519 1983 a
2552 1928 2749 1993 Patre;
2780 1946 2901 1984 cum
2943 1931 3274 2001 disparatam
3316 1932 3539 1987 omnino

1974 2022 2296 2076 sententiam
2331 2020 2516 2075 efferat
2546 2019 2835 2086 Eusebius,
2867 2021 3096 2083 scilicet,
3118 2037 3208 2090 per
3235 2038 3289 2075 se
3309 2031 3358 2075 et
3393 2038 3539 2075 seor-

1973 2114 2072 2167 sim
2095 2112 2445 2166 substantiam
2477 2110 2693 2166 habens.
2724 2110 2849 2165 Pari
2878 2112 3037 2167 modo
3073 2114 3204 2168 illud
3233 2114 3323 2167 :‘O
3353 2114 3409 2167 δὲ
3426 2115 3539 2167 Πα-

1972 2203 2073 2274 τὴρ
2123 2204 2464 2274 προῦπάρχει
2516 2203 2610 2256 τοῦ
2656 2202 2808 2265 Υίοῦ,
2841 2204 2931 2255 καὶ
2963 2203 3062 2273 τῆς
3084 2205 3347 2271 γενέσεως
3374 2203 3539 2258 αὑτοῦ

1972 2295 2402 2366 προῦφέστηκεν,
2504 2295 2659 2367 μόνος
2683 2293 2973 2365 ἀγέννητος
2996 2290 3083 2365 ἦν·
3133 2295 3210 2350 sic
3233 2295 3321 2350 ille
3345 2295 3536 2351 vertit:

1972 2387 2039 2439 At
2070 2403 2101 2439 a
2128 2385 2290 2440 Patre
2319 2386 2491 2441 Filius
2533 2387 2786 2455 procedit,
2817 2394 2864 2439 et
2894 2386 3046 2440 illum
3084 2396 3316 2456 generat,
3349 2396 3402 2439 at
3431 2388 3543 2454 ipse

1974 2495 2074 2534 non
2109 2480 2311 2549 genitus
2358 2490 2455 2534 est.
2504 2481 2572 2534 At
2606 2494 2731 2535 vera
2767 2479 3034 2534 sententia
3065 2478 3179 2533 haec
3225 2486 3309 2534 est
3340 2496 3353 2532 :
3380 2477 3543 2534 Pater

1975 2578 2151 2623 autem
2184 2568 2326 2623 Filio
2354 2568 2774 2639 pra’exsistebat,
2802 2577 2851 2621 et
2892 2577 3010 2621 ante
3054 2578 3226 2622 ortum
3257 2568 3369 2636 ejus
3400 2568 3543 2622 exsi-

1976 2660 2163 2726 stebat,
2186 2670 2438 2731 quatenus
2462 2661 2604 2715 solus
2634 2677 2735 2714 non
2758 2660 2960 2730 genitus
2988 2670 3123 2715 erat.
3150 2659 3240 2713 Sic
3264 2658 3428 2714 etiam
3454 2659 3545 2715 ille

1977 2751 2090 2807 fere
2135 2752 2336 2822 ubique
2384 2750 2603 2806 Eusebii
2645 2751 2789 2805 dicta
2821 2751 2874 2803 in
2905 2750 3066 2803 aliam
3094 2751 3416 2805 sententiam
3449 2748 3545 2803 de-

1977 2840 2160 2903 torsit,
2193 2846 2253 2894 ut
2277 2840 2603 2894 catholicum
2632 2840 2883 2895 redderet
2918 2857 2930 2892 :
2966 2854 3091 2893 nam
3123 2839 3218 2894 lib.
3246 2855 3321 2901 tv,
3367 2855 3417 2893 c.
3452 2837 3541 2904 15,

1978 2949 2031 3003 p.
2067 2933 2187 2997 173,
2218 2934 2331 2987 haec
2360 2932 2580 2987 Eusebii
2603 2935 2786 2999 verba,
2815 2935 2924 2987 Kal.
2954 2934 3111 3005 μόνον
3142 2934 3201 2998 ἐξ
3231 2932 3395 2987 αὑτοῦ
3421 2949 3546 3001 γενι-

1979 3024 2206 3095 νηθέντα
2259 3023 2391 3077 Θεὸν
2437 3023 2630 3091 Λόγον,
2666 3027 2862 3097 μετοχῇ
2911 3041 2970 3077 τε
3025 3024 3118 3077 τῶ
3170 3027 3543 3094 γεννήσαντος,

318 3111 417 3186 ραν
461 3095 739 3167 ἐνεργείας
782 3098 986 3169 ἐπέχει,
1027 3101 1056 3152 6
1088 3102 1144 3154 δὲ
1177 3102 1305 3167 Υίὸς
1351 3104 1536 3176 ἕτερόν
1583 3125 1634 3160 τι
1677 3107 1878 3180 ἣκατὰ
1920 3183 1948 3186 _
1980 3115 2274 3186 ἀγεννήτου
2321 3115 2415 3168 καὶ
2447 3113 2659 3185 πρώτου
2693 3114 2786 3167 καὶ
2821 3095 3082 3186 μείζονος,
3116 3114 3249 3168 Θεὸν
3299 3115 3364 3168 ὲκ
3411 3113 3545 3168 Θεοῦ

314 3185 595 3279 ξνέργειαν
617 3189 888 3257 τυγχάνει,
916 3189 1036 3243 καθ’
1061 3193 1250 3247 ἑαυτὸν
1271 3195 1618 3267 οὐσιωμένος.
1650 3200 1759 3253 Καὶ
1782 3200 1880 3255 πά·
1905 3183 1950 3244 C
1980 3183 2377 3276 ἀποφανθέντα,
2402 3183 2632 3279 Χριστὸν
2652 3209 2746 3263 καὶ
2772 3183 3096 3279 ἡλειμμένον
3121 3205 3445 3272 ἀπεκάλεσε,
3468 3208 3548 3262 sic

315 3274 416 3341 λιν,
453 3279 486 3347 ἡ
541 3278 640 3348 μὲν
671 3280 811 3351 αὐγὴ
852 3283 1184 3354 συνυπάρχει
1222 3285 1299 3357 τῷ
1341 3288 1498 3356 φωτὶ,
1545 3290 1877 3363 συμπληρω-

312 3372 440 3443 τική
476 3390 557 3436 τις
589 3370 719 3427 οὖσα
758 3375 952 3428 αὐτοῦ’
999 3378 1127 3431 ἄνευ
1161 3378 1269 3450 γὰρ
1302 3381 1475 3451 αὐγῆς
1510 3383 1609 3436 οὐκ
1639 3382 1704 3436 ἂν
1751 3385 1880 3437 ὑπο-

318 3466 476 3535 σταίη
526 3466 660 3535 φῶς,
693 3467 827 3537 ὁμοῦ
853 3485 911 3520 τε
945 3468 1039 3521 καὶ
1072 3472 1191 3522 κατ’
1218 3471 1349 3524 αὐτὸ
1384 3473 1784 3545 συνυφέστηκεν
1807 3492 1819 3504 ·
1852 3477 1879 3528 6

314 3554 371 3608 δὲ
404 3556 590 3627 Πατὴρ
632 3558 970 3629 προῦπάρχει
1015 3561 1105 3612 τοῦ
1146 3561 1298 3623 Υίοῦ,
1334 3564 1429 3615 καὶ
1469 3563 1569 3633 τῆς
1614 3565 1881 3633 γενέσεως

316 3648 482 3701 αὐτοῦ
516 3649 945 3719 προῦερέστηκεν,
1057 3652 1214 3721 μόνος
1256 3653 1546 3724 ἀγέννητὸς
1590 3651 1677 3727 ἦν.
1712 3658 1822 3711 Καὶ
1854 3661 1882 3711 6

321 3742 423 3812 μὲν
462 3741 581 3794 καθ’
616 3741 801 3794 ἑαυτὸν
835 3742 1033 3805 τέλειος
1060 3744 1153 3796 καὶ
1185 3746 1417 3815 πρῶτος,
1442 3746 1513 3809 ὡς
1546 3747 1751 3819 Πατὴρ,
1788 3749 1884 3802 καὶ

316 3833 415 3905 τῆς
458 3832 552 3885 τοῦ
593 3832 723 3886 Υἱοῦ
769 3832 1076 3897 συστάσεως
1108 3834 1296 3899 αἴτιος,
1335 3836 1485 3889 οὐδὲν
1533 3839 1613 3900 εἰς
1648 3839 1886 3909 συμπλή-

323 3938 487 3992 ρωσιν
523 3922 622 3991 τῆς
664 3920 855 3975 ἑαυτοῦ
894 3919 1140 3990 θεότητος
1182 3922 1331 3992 παρὰ
1375 3921 1468 3975 τοῦ
1510 3922 1639 3975 Υἱοῦ
1678 3922 1887 3992 λαμϐά-

320 4029 425 4065 νων
449 4029 462 4042 ’
492 4014 521 4066 6
560 4012 615 4065 δὲ
643 4012 717 4076 ὡς
763 4014 823 4079 ὲξ
868 4015 1040 4069 αἰτίου
1088 4012 1325 4083 γεγονὼς
1368 4013 1501 4077 υίὸς,
1545 4013 1793 4084 δεύτερος
1824 4006 1885 4065 οὗ

322 4104 466 4158 ἐστιν
492 4106 605 4168 υἱὸς
630 4106 953 4179 καθέστηκε,
987 4106 1135 4179 παρὰ
1160 4105 1254 4159 τοῦ
1281 4105 1492 4176 Πατρὸς
1513 4106 1607 4159 καὶ
1635 4106 1695 4158 τὸ
1724 4104 1883 4171 εἶναι,

323 4197 417 4248 καὶ
447 4198 649 4249 τοιόσδε
694 4194 830 4251 εἶναι
878 4198 1129 4269 εἰληφώς.
1174 4199 1284 4251 Καὶ
1320 4198 1499 4262 πάλιν,
1527 4200 1560 4268 ἡ
1612 4199 1707 4269 μὲν
1745 4198 1885 4269 αὐγὴ

323 4288 383 4339 εὖ
418 4288 557 4340 κατὰ
591 4290 904 4361 προαίρεσιν
939 4290 1030 4342 τοῦ
1065 4290 1238 4359 φωτὸς
1262 4289 1552 4359 ἐκλάμπει,
1586 4290 1723 4342 κατά
1750 4306 1801 4340 τι
1830 4289 1886 4341 δὲ

324 4378 419 4448 τῆς
462 4378 647 4441 οὐσίας
676 4379 1017 4451 συμϐεϐηκὸς
1050 4380 1377 4451 ἀχώριστονο
1420 4383 1450 4433 6
1489 4380 1546 4432 δὲ
1588 4378 1714 4442 Υἱὸς
1746 4379 1889 4433 κατὰ

324 4467 548 4539 γνώμην
592 4469 685 4521 καὶ
730 4471 1044 4542 προαίρεσιν
1090 4470 1251 4524 εἰκὼν
1282 4471 1484 4542 ὑπέστη
1530 4471 1621 4523 τοῦ
1656 4470 1885 4541 Πατρός.

326 4560 616 4632 Βουληθεὶς
642 4561 747 4633 γὰρ
776 4565 803 4616 6
834 4563 964 4626 Θεὸς
993 4562 1213 4630 γέγονεν
1242 4562 1372 4615 Υἱοῦ
1404 4562 1612 4632 Πατὴρ,
1652 4562 1748 4615 καὶ
1774 4562 1886 4629 φῶς

325 4653 575 4723 δεύτερον
616 4654 755 4707 κατὰ
781 4656 955 4708 πάντα
988 4655 1165 4725 ἑαυτῷ
1192 4655 1619 4726 ἀφωμοιωμένον
1654 4655 1889 4723 ὑπεστή-

330 4764 476 4800 σατο.
508 4747 637 4813 Quaa
666 4748 745 4802 sic
786 4764 885 4817 ego
917 4749 1275 4817 interpretor:
1311 4747 1413 4801 Sed
1443 4765 1475 4799 a
1504 4746 1739 4801 sensibili
1774 4747 1892 4815 qui—

328 4838 443 4892 dem
471 4840 665 4893 lumine
685 4840 931 4908 splendor
957 4840 1196 4907 separari
1221 4856 1322 4893 non
1344 4847 1531 4907 potest,
1566 4837 1739 4892 Filius
1774 4854 1890 4892 vero

329 4947 565 4984 seorsum
606 4947 638 4985 a
674 4930 836 4986 Patre
863 4948 953 5001 per
995 4933 1221 5000 seipsum
1255 4930 1514 4985 subsistit.
1555 4930 1632 4984 Ac
1680 4930 1891 4983 luminis

328 5022 536 5094 quidem
562 5024 806 5093 splendor
830 5025 1000 5079 locum
1030 5025 1314 5095 efﬁcientia:
1344 5022 1561 5085 obtinet,
1596 5020 1773 5078 Filius
1797 5037 1887 5075 au-

330 5123 433 5167 tem
477 5115 623 5167 aliud
650 5116 917 5186 quidpiam
946 5132 1103 5186 quam
1131 5114 1413 5169 secundum
1443 5114 1768 5184 efficientiam
1794 5123 1893 5180 est,

333 5222 419 5277 per
454 5208 679 5276 seipsum
710 5208 1009 5262 substantia
1049 5207 1327 5278 prwditus.
1366 5206 1618 5271 Rursum,
1650 5207 1897 5277 splendor

331 5302 491 5357 simul
532 5302 739 5355 exsistit
792 5316 908 5353 cum
963 5301 1177 5366 lumine,
1230 5299 1462 5369 illudque
1512 5297 1895 5369 quodammodo

332 5395 588 5464 complet:
631 5410 753 5446 nam
783 5394 893 5447 sine
923 5393 1197 5462 splendore
1230 5394 1403 5446 lumen
1428 5408 1755 5463 nequaquam
1782 5390 1897 5444 sub-

330 5488 507 5546 sistat,
540 5487 797 5557 simulque
840 5501 955 5539 cum
997 5484 1092 5538 illo
1128 5502 1190 5537 ac
1230 5484 1515 5538 secundum
1558 5483 1691 5537 illud
1719 5482 1889 5537 subsi-

331 5582 457 5640 stit;
504 5577 663 5632 Pater
713 5588 888 5632 autem
933 5576 1076 5630 Filio
1116 5579 1529 5644 prwexsistebat,
1568 5584 1617 5629 et
1655 5585 1774 5628 ante
1807 5590 1893 5626 or-

334 5679 443 5723 tum
499 5670 610 5738 ejus
662 5672 967 5737 exsistebat,
1023 5678 1277 5738 quatenus
1326 5669 1469 5720 solus
1528 5666 1889 5736 non—genitus

1978 3300 2258 3353 transtulit
2282 3300 2369 3353 ille
2396 3318 2407 3352 :
2439 3298 2507 3352 Et
2532 3300 2620 3370 qui
2648 3300 2790 3353 solus
2813 3315 2876 3354 ea:
2900 3300 2992 3353 illo
3020 3300 3225 3369 genitus
3248 3297 3388 3352 Deus
3421 3298 3549 3352 Ver-

1979 3392 2120 3454 bum,
2146 3393 2614 3447 communicatione
2630 3394 2889 3464 gignentis
2918 3393 3155 3463 ingeniti,
3177 3391 3320 3446 Deus
3349 3390 3412 3446 de
3436 3390 3546 3445 Deo

1976 3495 2054 3539 est
2087 3484 2410 3548 declaratus,
2443 3484 2711 3539 Christum
2757 3494 2910 3554 atque
2950 3492 3163 3537 unctum
3189 3484 3421 3545 vocavit;
3452 3481 3548 3537 ubi

1978 3591 2141 3631 voces
2186 3576 2308 3630 illas
2350 3575 2565 3647 πρώτου
2612 3576 2706 3629 καὶ
2746 3575 3006 3646 μείζονος,
3039 3575 3198 3643 primi
3230 3583 3276 3628 et
3306 3574 3547 3643 majoris,

1980 3666 2325 3735 praetermisit
2354 3667 2462 3731 illc,
2499 3667 2579 3722 sic
2619 3674 2799 3721 autem
2830 3666 3150 3721 vertendum
3187 3665 3286 3719 fuit
3318 3684 3329 3719 :
3365 3663 3433 3717 Et
3462 3680 3553 3718 so—

1979 3758 2089 3809 lum
2136 3772 2200 3809 ea:
2240 3759 2352 3824 ipso
2383 3758 2615 3827 genitum
2655 3756 2822 3809 Deum
2870 3755 3111 3820 Verbum,
3146 3754 3552 3823 participatione

1980 3847 2236 3916 genitoris
2276 3848 2587 3917 non-geniti,
2614 3848 2770 3916 primi
2799 3855 2847 3900 et
2871 3846 3114 3915 majoris,
3143 3844 3309 3899 Deum
3344 3844 3406 3897 de
3439 3841 3550 3896 Deo

1982 3938 2332 4002 declaratum,
2369 3938 2639 3993 Christum
2682 3948 2731 3992 et
2783 3948 2996 3991 unctum
3027 3939 3245 3991 vocavit.
3276 3935 3341 3989 Et
3368 3951 3418 4005 p.
3446 3934 3544 3990 181

1983 4030 2025 4084 Β
2057 4051 2068 4085 :
2108 4031 2303 4100 Διόπερ
2334 4030 2424 4083 ἐπὶ
2454 4030 2627 4100 τούτῳ
2656 4029 2837 4101 ἔχρισέ
2884 4046 2964 4093 σε,
2998 4022 3042 4082 ὦ
3072 4028 3192 4091 Θεὲ,
3223 4028 3251 4080 6
3293 4027 3553 4081 ἀνωτάτω

1985 4126 2078 4179 καὶ
2129 4123 2324 4195 μείζων
2373 4122 2555 4186 αὐτὸς,
2590 4124 2617 4174 6
2646 4122 2739 4175 καί
2769 4138 2860 4173 σου
2892 4119 3043 4184 Θεὸς,
3074 4120 3148 4183 ὡς
3176 4115 3313 4172 εἶναι
3342 4118 3431 4171 καὶ
3460 4117 3554 4171 τὸν

1985 4215 2266 4286 χριόμενον
2310 4213 2405 4265 καὶ
2448 4212 2537 4265 τὸν
2582 4212 2800 4282 χρίοντα
2846 4210 2978 4263 πολὺ
3027 4211 3307 4281 πρότερον,
3337 4209 3553 4262 πάντων

1990 4307 2089 4377 μὲν
2117 4306 2243 4357 ὄντα
2273 4304 2424 4369 Θεὸν,
2459 4305 2550 4356 καὶ
2594 4301 2753 4356 αὑτοῦ
2796 4302 3153 4375 διαφερόντως
3192 4300 3286 4354 τοῦ
3333 4300 3552 4375 χριομέ-

1988 4414 2099 4458 νου,
2128 4398 2218 4451 ubi
2246 4398 2300 4449 in
2327 4394 2531 4450 Graecis
2555 4395 2867 4449 necessario
2896 4395 3065 4464 legas,
3086 4392 3161 4456 ὼς
3184 4388 3319 4445 εἶναι
3343 4392 3433 4445 καὶ
3457 4388 3553 4443 τοῦ

1921 4535 1963 4589 D
1990 4486 2277 4557 χρωμένου
2308 4485 2397 4538 τὸν
2429 4485 2649 4555 χρίοντα
2682 4484 2815 4537 πολὺ
2851 4482 3133 4553 πρότερον,
3168 4481 3304 4535 alias
3336 4489 3557 4534 senten-

1992 4580 2065 4631 tia
2096 4593 2201 4631 non
2231 4578 2519 4631 constabit.
2545 4574 2746 4629 Locum
2783 4575 2855 4627 ita
2888 4576 3065 4636 vertit,
3099 4573 3211 4627 sive
3232 4572 3413 4640 potius
3435 4585 3557 4639 per-

1996 4668 2159 4722 vertit
2192 4668 2463 4737 interpres
2491 4666 2809 4734 .Propterea
2841 4665 2902 4718 ob
2941 4665 3074 4716 hanc
3107 4666 3273 4730 ipsam
3317 4677 3555 4723 causam,

1992 4757 2143 4809 unxit
2178 4766 2246 4819 te,
2274 4773 2303 4811 ο
2330 4755 2492 4819 Deus,
2524 4756 2631 4808 ille.
2667 4754 2756 4823 qui
2800 4764 2918 4804 tuus
2961 4765 3158 4819 quoque
3184 4757 3258 4801 est
3289 4746 3461 4811 Deus;
3499 4757 3555 4799 ut

1995 4847 2062 4902 sit
2104 4855 2153 4900 et
2197 4847 2288 4916 qui
2317 4847 2551 4915 ungitur,
2587 4842 2750 4906 Deus,
2780 4850 2829 4894 et
2874 4842 2961 4911 qui
3002 4839 3148 4908 ungit
3181 4853 3198 4889 :
3232 4838 3321 4906 qui
3351 4835 3557 4907 quidem

1995 4939 2065 4991 sit
2095 4938 2327 4991 omnium
2358 4935 2520 4988 Deus.
2552 4933 2626 4987 Ea
2655 4947 2816 5003 porro
2838 4941 2919 4986 est
2942 4946 3066 4985 vera
3092 4929 3221 4984 dicti
3252 4927 3556 4984 sententia:

1999 5025 2126 5080 Ideo
2157 5026 2308 5079 unxit
2338 5034 2405 5090 te,
2441 5040 2470 5077 ο
2496 5022 2655 5087 Deus,
2687 5022 2777 5093 qui
2804 5037 3075 5089 supremus
3105 5029 3152 5073 et
3181 5018 3370 5087 major,
3396 5034 3457 5070 ac
3485 5016 3561 5070 tui

1997 5131 2197 5186 quoque
2231 5114 2370 5169 Deus
2398 5125 2508 5168 est:
2533 5115 2608 5167 ita
2633 5124 2689 5166 ut
2719 5129 2910 5183 angens
2933 5121 3088 5165 uncto
3112 5111 3277 5165 multo
3303 5111 3448 5179 prior
3469 5110 3558 5171 sit,

2000 5224 2117 5261 cum
2170 5207 2400 5261 omnium
2446 5205 2652 5277 quidem
2697 5206 2766 5259 sit
2794 5204 2956 5270 Deus,
2978 5204 3270 5274 prwsertim
3300 5220 3417 5256 vero
3447 5202 3561 5271 ejus

2002 5299 2091 5368 qui
2118 5300 2348 5368 ungitur.
2381 5296 2443 5351 Et
2474 5313 2525 5367 p.
2558 5296 2663 5350 236
2693 5296 2772 5349 A:
2810 5297 2920 5348 Kal.
2953 5298 2981 5349 6
3011 5294 3141 5357 Θεὸς
3183 5294 3387 5358 Ἰσαὰκ,
3472 5290 3563 5343 καὶ

2005 5389 2204 5459 στήλην
2235 5388 2528 5460 ἀνέστησεν
2559 5390 2587 5440 6
2617 5386 2886 5458 θεοφιλὴς,
2921 5385 3051 5449 Θεὸς
3087 5386 3183 5454 μὲν
3221 5379 3289 5455 ἦν
3328 5385 3422 5437 καὶ
3455 5379 3565 5432 Κύ-

2007 5499 2119 5553 ριος
2166 5480 2354 5551 (αὐτῷ
2383 5481 2492 5553 γὰρ
2516 5480 2725 5548 λέγοντι
2760 5478 3127 5549 πιστευτέον),
3160 5477 3218 5529 οὐ
3254 5476 3358 5546 μὴν
3400 5474 3429 5524 6
3472 5470 3565 5524 ἐπὶ

2000 5574 2235 5640 πάντων,
2269 5573 2380 5626 ἀλλ’
2411 5576 2439 5626 6
2472 5573 2679 5626 ἐκείνου
2706 5571 2975 5643 δεύτερος,
3009 5570 3075 5623 τὰ
3104 5568 3200 5621 τοῦ
3234 5563 3443 5634 Πατρὸς
3484 5561 3565 5624 εἰς

1999 5665 2313 5736 ἀνθρώπους
2345 5666 2754 5747 διακονούμενος
2783 5663 2873 5718 καὶ
2901 5659 3249 5735 διαγγέλλων,
3281 5656 3368 5711 ubi
3397 5656 3569 5737 inter-1

408 5804 483 5874 (a)
521 5804 641 5873 Quo
670 5821 832 5862 sensu
869 5821 962 5876 per
992 5804 1174 5862 omnia
1204 5804 1436 5861 similem
1488 5802 1684 5857 Filium
1733 5802 1900 5869 dicat,
1940 5802 2059 5857 vide
2091 5802 2252 5859 infra.
