4086 6522
549 376 619 430 33
1244 365 1512 426 unseen
1546 361 2022 421 CESAIUENSIS
2062 359 2211 415 ore.
2255 358 2438 416 rans
2480 357 2568 416 Ill.
2610 393 2678 403 -
2715 357 3122 420 EXEGETICA.
3732 369 3796 425 se

549 506 676 562 pres
728 504 879 545 more
934 489 1094 545 solito
1127 506 1139 542 :
1179 485 1245 539 Et
1290 486 1427 541 Deus
1476 483 1657 549 Isaac,
1692 486 1777 538 cui
1810 493 1859 538 et
1904 484 2117 537 titulum
2148 493 2191 550 Α
2222 493 2332 534 rem
2366 478 2611 536 Graecum
2639 479 2868 546 vitiavit,
2900 488 2955 537 et
2982 482 3246 537 catholice
3315 476 3464 555 loqui
3512 488 3795 557 compulit.

547 584 713 639 erexit
739 582 837 638 Dei
865 584 1086 641 amicus,
1108 580 1248 633 Deus
1280 579 1487 649 quidem
1509 588 1623 632 erat
1650 588 1698 633 et
1724 578 1981 632 Dominus
2004 579 2127 649 (ipsi

545 676 684 729 enim
709 674 906 729 dicenti
940 671 1251 726 credendum
1275 680 1350 724 est
1374 673 1416 740 ),
1438 689 1541 725 non
1571 680 1741 724 tamen
1776 670 1820 723 is
1853 672 1941 741 qui
1968 669 2129 723 Pater

546 773 623 817 est
655 772 702 818 et
734 781 765 816 a
807 763 949 816 nullo
979 771 1093 823 est;
1140 762 1228 814 sed
1256 762 1345 831 qui
1374 778 1457 826 ea,
1483 777 1599 830 qua:
1625 760 1694 812 ad
1726 759 1941 815 Patrem
1966 762 2127 829 perti-

548 866 690 919 nent,
716 853 1011 908 hominibus
1042 851 1410 906 subministrat
1431 861 1481 905 et
1502 853 1735 905 nuntiat.
1779 850 1877 905 Ubi
1911 860 2129 905 verten-

550 948 677 1002 dum
705 955 821 1001 erat
852 966 864 1000 :
891 944 960 999 Et
995 944 1136 1000 Deus
1169 944 1346 1010 Isaac,
1377 945 1464 998 cui
1506 952 1555 998 et
1603 945 1811 997 titulunt
1847 944 2009 998 erexit
2050 945 2129 998 vir

549 1040 640 1092 ille
668 1039 963 1107 religiosus,
997 1037 1137 1089 Deus
1171 1035 1379 1106 quidem
1431 1044 1547 1089 erat
1594 1043 1642 1088 et
1690 1033 1982 1099 Dominus;
2025 1033 2129 1099 ipsi

547 1132 684 1184 enim
715 1130 910 1183 dicenti
939 1128 1256 1182 credendum
1291 1136 1405 1191 est;
1435 1144 1526 1181 nec
1560 1137 1731 1181 tamen
1767 1139 1879 1182 erat
1920 1128 2007 1183 ille
2036 1147 2127 1183 su-

544 1238 643 1291 pra
675 1223 853 1276 omnia
885 1220 1095 1293 [Deus],
1131 1222 1221 1275 sed
1255 1220 1338 1273 illi
1367 1220 1645 1283 secundus,
1681 1221 1773 1290 qui
1820 1237 1898 1276 res
1948 1220 2126 1275 Patris

546 1319 601 1370 in
627 1317 924 1371 hominibus
955 1317 1225 1370 ministrat
1274 1326 1322 1369 et
1374 1318 1605 1371 nuntiat.
1634 1316 1765 1381 Quae
1797 1317 2041 1371 recidunt
2072 1318 2125 1371 in

547 1410 696 1464 illam
731 1410 984 1478 superius
1017 1416 1498 1462 commonstratam
1532 1408 1750 1463 Eusebii
1778 1410 2123 1475 sententiam,

547 1503 812 1555 unitatem
848 1501 1058 1554 scilicet
1081 1499 1175 1554 Dei
1206 1501 1588 1555 universorum
1619 1500 1671 1553 in
1699 1517 1805 1555 uno
1825 1500 1987 1556 Patre
2010 1517 2127 1557 ser-

548 1593 686 1654 vari,
713 1591 852 1645 Filio
885 1592 1197 1657 excluso,et
1224 1592 1278 1645 in
1313 1592 1611 1646 secundum
1645 1592 1823 1647 locum
1854 1593 2122 1662 ablegato.

550 1680 815 1737 Similiter
837 1684 1033 1752 p.158,
1064 1684 1125 1746 C,
1167 1683 1280 1736 haec
1309 1682 1524 1739 Eusebii
1555 1685 1717 1739 verba
1752 1686 1902 1739 ε”Οτε
1930 1685 1985 1737 δὲ
2016 1685 2127 1738 Κύ-

552 1792 662 1845 ριον
696 1775 790 1827 καὶ
821 1773 952 1826 Θεὸν
976 1770 1082 1826 οἶδε
1114 1774 1204 1828 τὸν
1236 1774 1913 1845 ἐπιφαινόμενον,ταύταις
1936 1778 2124 1840 αύταῖς

2305 573 2425 631 Jam
2471 590 2578 645 quo
2631 574 3025 631 destinavimus
3056 592 3344 647 pergamus
3384 598 3396 632 :
3433 578 3799 636 substantiam

2224 686 2356 737 ergo
2400 667 2522 723 Filii
2556 666 2845 730 Eusebius,
2876 668 3037 721 aliam
3064 678 3118 724 et
3142 669 3413 724 diversam
3447 671 3606 727 docet
3640 688 3669 726 a
3698 671 3802 726 Pa-

2225 763 2328 817 tris
2360 758 2690 821 substantia,
2725 758 2889 828 idque
2917 774 3023 812 non
3048 759 3101 812 in
3133 760 3431 829 prmmissis
3455 761 3615 815 modo
3641 762 3797 826 locis,

2227 853 2323 908 sed
2360 853 2523 906 etiam
2576 850 2706 903 alibi
2737 851 3091 919 plerumque;
3138 852 3217 904 sic
3252 851 3308 905 in
3337 851 3801 907 Demonstratione

2224 942 2541 1013 evangelica,
2559 940 2656 995 lib.
2687 957 2741 1004 v,
2774 956 2891 1009 cap.
2918 940 2970 1003 1,
2998 955 3117 1010 pag.
3144 940 3269 1006 215,
3299 951 3587 1013 postquam
3612 944 3664 998 in
3689 959 3800 1014 quo

2224 1035 2455 1105 quadret
2474 1032 2807 1102 comparatio
2828 1031 3005 1086 Patris
3026 1039 3079 1085 et
3099 1030 3221 1086 Filii
3252 1049 3375 1088 cum
3400 1036 3519 1091 luce
3541 1045 3594 1091 et
3617 1039 3800 1106 splen-

2225 1128 2377 1190 dore,
2414 1126 2807 1197 explicaverat;
2842 1125 2896 1180 in
2930 1142 3039 1197 quo
3063 1127 3315 1181 diﬂ'erant
3346 1126 3507 1183 Pater
3545 1139 3598 1183 et
3628 1128 3797 1183 Filius

2179 1274 2189 1284 ,
2225 1234 2253 1272 a
2284 1219 2573 1288 splendore
2601 1227 2655 1272 et
2686 1218 2805 1272 luce
2857 1219 2936 1273 sic
2983 1226 3201 1273 enarrat
3233 1220 3403 1273 εἈλλ’
3426 1221 3487 1273 ού
3520 1225 3630 1285 τοῖς
3664 1223 3797 1275 ὑπο-

2222 1310 2477 1379 δείγμασι
2516 1308 2659 1362 κατὰ
2698 1308 2874 1362 πάντα
2906 1311 3102 1381 τρόπον
3130 1310 3348 1380 ὁμοίως,
3381 1310 3663 1381 ὠσπεροῦν
3695 1311 3798 1382 ἤδη

2226 1402 2491 1473 πρότερον
2519 1403 2753 1472 εἴρηται.
2770 1400 2849 1453 Τὰ
2873 1401 2969 1471 μὲν
3002 1401 3109 1473 γὰρ
3135 1402 3314 1473 ἄψυχα
3342 1403 3565 1474 σώματα
3589 1404 3649 1456 τὸ
3669 1419 3799 1473 συμ-

2226 1490 2458 1564 ϐεϐηκὸς
2490 1494 2546 1544 ὲν
2586 1492 2833 1563 ποιότησι
2864 1492 3184 1563 κέκτηνται’
3211 1495 3245 1565 ἤ
3267 1512 3325 1546 τε
3353 1494 3461 1566 γὰρ
3484 1495 3648 1564 αὐγὴ,
3668 1491 3799 1565 σύμ-

2225 1599 2388 1650 φυτος
2420 1580 2551 1636 οὖσα
2583 1586 2649 1654 τῇ
2684 1582 2777 1635 τοῦ
2810 1582 2984 1652 φωτὸς
3025 1584 3204 1653 φύσει,
3237 1588 3330 1639 καὶ
3367 1586 3637 1649 ούσιωδῶς
3670 1602 3787 1639 συν»

2225 1676 2544 1747 υπάρχουσα
2570 1675 2647 1745 τῷ
2674 1675 2832 1743 φωτὶ,
2861 1677 2963 1728 οὐκ
2989 1676 3053 1728 ἂν
3078 1675 3290 1730 δύναιτο
3319 1677 3474 1740 ἐκτὸς
3503 1677 3797 1747 ὑφεστάναι

2226 1766 2319 1820 τοῦ
2355 1769 2412 1819 ὲν
2449 1761 2493 1835 ᾧ
2527 1770 2671 1819 ἐστιν
2696 1782 2708 1795 ·
2748 1768 2775 1819 ὀ
2805 1766 2861 1819 δέ
2885 1783 2947 1835 γε
2971 1766 3064 1818 τοῦ
3092 1766 3225 1820 Θεοῦ
3252 1769 3423 1836 Λόγος
3455 1768 3573 1821 καθ’
3608 1770 3795 1824 ἑαυτὸν

550 1863 735 1933 σαφῶς
760 1862 1021 1933 κέχρηται
1044 1865 1159 1925 ταῖς
1184 1863 1537 1933 προσρήσεσι.
1572 1856 1773 1933 Κύριον
1799 1862 1853 1915 δὲ
1876 1864 1968 1915 καὶ
1990 1862 2120 1915 Θεὸν
2156 1856 2196 1916 Β
2223 1858 2477 1911 ούσίωταί
2517 1874 2577 1910 τε
2612 1858 2704 1911 καὶ
2738 1858 3031 1929 ὑφέστηκε,
3062 1858 3156 1910 καὶ
3188 1859 3286 1912 οὐκ
3325 1861 3630 1931 ἀγεννήτως
3670 1878 3793 1913 συν-

548 1956 629 2008 ὅτι
657 1954 729 2025 μὴ
756 1954 845 2008 τὸν
864 1955 1034 2008 αἴτιον
1058 1954 1224 2024 λέγοι,
1249 1953 1537 2025 προφανῶς
1560 1952 1836 2018 ἐπέδειξαν
1859 1954 1955 2024 τῆς
1979 1954 2126 2017 θείας

547 2045 770 2116 Γραφῆς
821 2045 875 2096 αἱ
921 2043 1114 2108 λέξεις,
1146 2043 1372 2111 ἄγγελον
1429 2041 1562 2094 Θεοῦ
1616 2040 2005 2111 προσειποῦσαι
2034 2041 2125 2093 τὸν

549 2137 643 2189 ἐπὶ
665 2137 757 2189 τοῦ
774 2135 965 2189 Ἰακὼϐ
986 2136 1187 2205 Κύριον
1206 2135 1299 2188 καὶ
1326 2133 1454 2186 Θεὸν
1473 2132 1979 2203 προωνομασμένον.
2005 2131 2127 2183 Λεί-

522 2230 711 2295 ,πεταί
744 2248 826 2293 τις
847 2230 966 2301 ’ἄρα
990 2230 1064 2282 ὢν
1088 2231 1145 2281 ἐν
1173 2232 1285 2291 τοῖς
1313 2224 1429 2281 οὖσι
1465 2228 1595 2292 Θεὸς
1625 2228 1718 2280 καὶ
1754 2227 1956 2298 Κύριος
1988 2224 2124 2295 μετὰ

546 2317 640 2370 τὸν
674 2317 1017 2387 παμϐασιλέα
1056 2318 1149 2369 καὶ
1180 2317 1310 2370 Θεὸν
1347 2316 1453 2369 τῶν
1486 2317 1619 2370 ὅλων
1639 2335 1653 2347 °
1684 2316 1769 2387 εἴη
1801 2317 1843 2369 δ’
1876 2316 1942 2369 ἂν
1972 2309 2125 2377 οὗτος

548 2409 577 2461 ὁ
611 2409 717 2480 πρὸ
749 2410 958 2462 αἰώνων
992 2407 1083 2461 τοῦ
1118 2407 1252 2461 Θεοῦ
1279 2408 1466 2477 Λόγος,
1488 2410 1515 2461 ό
1540 2408 1797 2478 κρείττων
1828 2408 1925 2477 μὲν
1957 2406 1988 2477 ἢ
2022 2408 2127 2459 πᾶα

550 2517 619 2553 σα
656 2500 919 2569 ἁγγελικὴ
954 2499 1134 2569 φύσις,
1171 2500 1335 2569 μείων
1367 2499 1422 2552 δὲ
1455 2501 1485 2569 ἢ
1530 2501 1667 2552 κατὰ
1705 2499 1765 2552 τὸ
1799 2499 2011 2571 πρῶτον
2039 2496 2124 2550 αἴ-

548 2606 681 2653 τιον,
715 2591 789 2643 ita
824 2590 1013 2645 Latine
1045 2590 1173 2645 fecit
1200 2591 1290 2645 ille
1325 2609 1337 2645 :
1372 2591 1585 2655 Quoties
1610 2608 1725 2644 vero
1754 2590 2038 2643 Dominum
2073 2600 2123 2643 ct

549 2681 739 2745 Deum,
791 2699 907 2735 eum
957 2684 1047 2752 qui
1089 2693 1306 2753 apparet
1354 2683 1623 2753 intelligit,
1660 2683 1738 2736 liis
1779 2684 1905 2752 ipsis
1943 2684 2123 2751 palam

548 2774 724 2826 utitur
771 2773 1124 2829 locationibus
1158 2792 1175 2828 :
1204 2774 1343 2845 quod
1391 2793 1506 2829 vero
1542 2776 1819 2829 Dominum
1858 2775 2125 2845 Deumque

549 2882 652 2918 non
684 2881 799 2917 eum
828 2867 1088 2935 signiﬁcet
1117 2867 1207 2936 qui
1241 2866 1406 2920 Pater
1436 2876 1533 2932 est,
1572 2868 1698 2936 ipsce
1729 2865 2018 2936 Scriptura
2039 2867 2125 2920 di-

549 2958 681 3013 vinae
728 2956 1017 3012 locutiones
1059 2959 1113 3011 in
1149 2959 1501 3026 superioribus
1538 2958 1922 3014 euidentissime
1953 2968 2127 3013 osten-

548 3051 702 3117 dunt,
734 3053 820 3104 ubi
848 3053 1091 3121 angelum
1126 3053 1224 3107 Dei
1251 3054 1516 3122 appellant
1552 3070 1668 3106 eum
1697 3054 1907 3122 quicum
1934 3052 1997 3105 de
2026 3049 2127 3105 Ja-

550 3147 644 3199 cob
673 3164 841 3200 sermo
871 3158 1038 3208 esset;
1070 3154 1300 3215 superest
1338 3147 1500 3215 igitur
1533 3156 1589 3198 ut
1623 3161 1940 3215 qumramus,
1976 3144 2123 3213 quis-

2227 1950 2457 2021 υπὰρχει
2509 1948 2586 2019 τῷ
2634 1949 2830 2021 Πατρὶ,
2861 1949 2974 2001 ἀλλ’
3002 1950 3077 2013 ὼς
3131 1950 3422 2021 μονογενὴς
3464 1952 3591 2015 Υἱὸς
3638 1952 3796 2023 μόνος

2224 2043 2330 2114 πρὸ
2362 2043 2578 2095 πάντων
2609 2042 2717 2095 τῶν
2757 2040 2964 2095 αἰώνων
2997 2044 3060 2094 ἐκ
3100 2040 3194 2093 τοῦ
3225 2042 3439 2113 Πατρὸς
3462 2046 3795 2115 γεγεννημέ-

2224 2152 2331 2198 νος,
2358 2135 2463 2187 hoc
2492 2142 2576 2188 est
2603 2152 2615 2187 :
2648 2133 2749 2187 Sed
2775 2151 2877 2187 non
2908 2134 3203 2188 omnimode
3230 2138 3582 2202 exemplorum
3612 2137 3796 2190 simili-

2227 2227 2351 2279 tudo
2376 2227 2637 2289 convenit,
2667 2235 2723 2278 ut
2742 2226 2860 2295 jam
2888 2225 3088 2283 dictum
3111 2226 3211 2295 fuit
3239 2242 3257 2279 :
3286 2242 3409 2279 nam
3450 2242 3670 2293 corpora
3708 2226 3794 2278 in-

2227 2318 2468 2370 animata
2527 2316 2770 2370 accidens
2796 2317 2849 2369 in
2880 2316 3223 2387 qualitatibus
3257 2316 3486 2371 obtinent
3512 2332 3529 2369 :
3552 2317 3798 2386 splendor

2224 2411 2361 2464 enim
2390 2426 2504 2462 cum
2536 2419 2741 2463 naturae
2770 2408 2901 2462 lucis
2928 2418 3181 2462 connatus
3218 2409 3309 2471 sit,
3341 2417 3389 2461 et
3430 2407 3796 2461 substantiali-

2226 2509 2304 2552 ter
2329 2516 2447 2553 cum
2478 2499 2592 2552 luce
2626 2500 2933 2562 coexsistat,
2964 2508 3115 2552 extra
3146 2498 3371 2567 idipsum
3396 2499 3450 2551 in
3474 2515 3573 2567 quo
3600 2508 3675 2553 est
3706 2516 3792 2553 ne-

2224 2606 2491 2660 quaquam
2532 2590 2816 2644 subsistere
2844 2594 3045 2658 possit;
3076 2600 3130 2643 at
3160 2589 3257 2643 Dei
3301 2588 3522 2643 Verbum
3542 2605 3639 2658 per
3670 2607 3722 2643 se
3745 2599 3819 2644 et‘

2225 2682 2444 2735 seorsim
2480 2682 2833 2736 substantiam
2856 2681 3048 2735 obtinet
3078 2690 3125 2735 et
3154 2681 3389 2735 subsistit
3414 2698 3432 2746 ,'
3471 2699 3629 2751 neque
3648 2683 3794 2753 inge-

2225 2773 2332 2825 nite
2361 2771 2420 2842 (i.
2445 2787 2495 2825 e.
2520 2780 2576 2824 ut
2600 2772 2951 2841 non-genitus)
2964 2771 3111 2823 Patri
3136 2773 3403 2824 coexsistit
3426 2787 3445 2837 ,'
3476 2772 3565 2825 sed
3590 2782 3644 2825 ut
3676 2774 3796 2825 uni-

2223 2864 2426 2935 genitus
2464 2861 2660 2927 Filius,
2693 2864 2837 2915 solus
2875 2871 2995 2915 ante
3024 2863 3199 2914 omnia
3221 2863 3415 2916 stecula
3441 2879 3505 2916 ea:
3532 2862 3694 2916 Patre
3711 2880 3798 2931 ge-

2227 2957 2388 3011 nitus.
2421 2954 2741 3024 Pariterque
2771 2954 2865 3008 lib.
2898 2970 2949 3009 v1
2982 2954 3136 3007 initio
3165 2954 3434 3023 prowmii,
3470 2954 3521 3007 in
3546 2970 3611 3009 eo
3636 2969 3797 3025 quem

2226 3063 2392 3117 supra
2443 3046 2734 3103 retulimus
2788 3047 2927 3109 loco,
2960 3045 3035 3099 ait
3089 3044 3286 3099 Filium
3335 3062 3457 3101 esse
3506 3048 3798 3102 secundam

2227 3146 2349 3209 post
2394 3136 2609 3193 Patrem
2659 3137 3042 3200 substantiam,
3083 3152 3203 3207 quae
3235 3136 3397 3191 rebus
3428 3137 3587 3190 factis
3620 3137 3799 3190 omni-

552 3254 675 3291 nam
705 3239 795 3299 sit,
831 3239 883 3290 in
916 3239 980 3291 iis
1014 3254 1129 3308 quae
1160 3246 1303 3302 sunt,
1340 3237 1478 3290 Deus
1528 3246 1576 3290 et
1632 3236 1905 3300 Dominus,
1931 3245 2121 3304 printer
2148 3219 2190 3276 (ἶ
2225 3233 2326 3287 bus
2362 3232 2565 3302 prmsit.
2605 3229 2669 3282 Et
2707 3230 2800 3286 lib.
2832 3244 2848 3282 ι
2913 3228 3111 3283 Contra
3156 3229 3486 3293 Marcellum,
3526 3244 3579 3296 p.
3613 3228 3665 3291 5,
3701 3228 3799 3293 ait,

550 3327 766 3382 Patrem
820 3330 1073 3392 omnium,
1129 3337 1177 3381 et
1212 3345 1383 3399 regem
1411 3328 1673 3398 Deumque
1722 3329 1948 3382 universi
1977 3345 1995 3381 :
2024 3329 2125 3381 erit

551 3433 727 3473 autem
756 3422 839 3474 hic
881 3420 1103 3475 Verbum
1142 3422 1258 3485 Dei,
1301 3422 1438 3492 quod
1467 3431 1542 3474 est
1571 3432 1692 3475 ante
1725 3423 1941 3485 sazcula,
1974 3437 2126 3489 supe-

552 3511 663 3561 rior
701 3511 908 3580 quidem
938 3513 1079 3564 omni
1123 3511 1361 3581 angelica
1407 3524 1619 3577 natura,
1649 3512 1915 3579 profectus
1954 3520 2125 3564 autent

552 3600 617 3651 ab
667 3617 746 3657 eo.
776 3602 866 3670 qui
904 3601 1065 3654 Pater
1111 3610 1210 3655 est.
1246 3599 1352 3656 Sed
1394 3603 1549 3672 longe
1582 3604 1685 3656 alia
1718 3600 1923 3671 profert
1955 3601 2125 3656 Euse-

552 3690 698 3753 bius,
728 3694 939 3746 scilicet
966 3711 978 3748 :
1007 3692 1137 3748 Cum
1167 3711 1282 3748 vero
1318 3694 1600 3747 Dominum
1629 3706 1679 3749 et
1707 3695 1895 3759 Deum,
1918 3695 2008 3764 qui
2034 3711 2128 3763 ap-

547 3794 718 3850 paret,
745 3802 856 3839 esse
885 3788 1141 3856 agnoscit,
1176 3788 1361 3840 iisdem
1419 3788 1545 3857 ipsis
1592 3786 1734 3840 clare
1770 3788 1937 3839 utitur
1959 3787 2129 3855 appel-

553 3876 838 3930 lationibus
862 3894 878 3930 :
902 3880 1040 3947 quod
1073 3896 1189 3933 vero
1219 3878 1503 3932 Dominum
1536 3888 1585 3932 et
1609 3878 1776 3933 Deum
1805 3880 2127 3945 dicens,non

550 3985 689 4032 eum,
713 3971 803 4039 qui
833 3968 1009 4023 Causa
1037 3980 1135 4034 est,
1160 3972 1437 4041 signiﬁcet,
1462 3971 1725 4024 evidenter
1747 3970 2021 4025 ostendunt
2042 3970 2126 4023 di—

553 4063 685 4115 vina:
718 4060 1008 4131 Scriptura:
1040 4079 1203 4127 voces,
1238 4080 1354 4133 qua:
1384 4064 1623 4133 angelum
1664 4062 1762 4116 Dei
1791 4065 1961 4133 ipsum
1994 4080 2129 4116 nun-

554 4167 771 4222 cupant,
803 4155 893 4225 qui
936 4153 1137 4209 Jacobo
1187 4154 1373 4228 [visus]
1427 4155 1677 4210 Dominus
1723 4165 1773 4209 et
1806 4155 1942 4210 Deus
1973 4166 2127 4209 antea

556 4246 850 4315 appellatus
879 4255 974 4300 est.
1002 4246 1185 4299 Restat
1215 4262 1335 4316 ergo
1362 4247 1622 4315 quispiam
1641 4246 1775 4299 inter
1804 4262 1867 4299 ea
1895 4261 2010 4314 qute
2031 4258 2127 4295 eat--

553 4341 747 4393 sistunt
798 4338 939 4393 Deus
985 4347 1032 4392 et
1087 4338 1366 4404 Dominus,
1417 4350 1533 4405 post
1576 4339 1809 4391 omnium
1860 4354 2028 4407 regem
2079 4346 2129 4389 et

556 4424 721 4478 Deum
753 4428 1111 4480 universorum
1142 4442 1160 4479 :
1188 4429 1232 4480 is
1260 4436 1433 4480 autem
1459 4426 1641 4495 fuerit,
1672 4428 1761 4498 qui
1785 4440 1906 4480 ante
1935 4425 2130 4480 stecula

554 4528 654 4583 est,
691 4518 791 4572 Dei
827 4518 1071 4581 Verbum,
1103 4522 1273 4588 major
1297 4519 1502 4589 quidem
1536 4520 1679 4573 omni
1714 4519 1950 4586 angelica
1976 4524 2131 4569 natu-

555 4627 651 4675 ra,
683 4610 857 4663 minor
887 4627 1004 4665 vero
1033 4609 1131 4663 illa
1173 4612 1346 4678 prima
1386 4627 1569 4664 causa.
1610 4608 1711 4665 Ubi
1744 4610 1809 4664 de
1840 4623 1990 4663 more
2021 4606 2128 4661 Eu-

555 4702 739 4758 sebius
764 4702 963 4757 Filium
987 4702 1104 4766 Dei,
1130 4718 1159 4755 a
1182 4703 1442 4772 primaria
1471 4704 1558 4756 illa
1578 4702 1776 4759 deitate
1802 4710 1852 4756 et
1881 4700 2126 4754 omnium

556 4808 723 4848 causa
753 4795 1047 4856 seclusum.
1075 4794 1337 4864 dignitate
1365 4806 1415 4849 et
1438 4795 1629 4849 ordine
1656 4808 1756 4848 ceu
1787 4792 2026 4847 medium
2052 4792 2130 4846 in-

558 4891 642 4937 ter
692 4883 859 4937 Deum
899 4893 952 4938 et
995 4886 1217 4951 angelos
1265 4885 1567 4941 constituit.
1604 4884 1870 4938 Sexeenta
1906 4882 2010 4935 alia
2059 4897 2127 4937 ex

553 4974 851 5043 evangelica
892 4974 1350 5029 Dentonstratione
1406 4976 1522 5029 loca
1571 4973 1762 5028 aﬂ‘erre
1794 4976 1845 5026 in
1876 4980 2129 5043 promptu

556 5072 723 5129 esset,
743 5066 832 5119 ubi
858 5067 1124 5137 interpres
1155 5066 1446 5122 Eusebium
1480 5066 1545 5119 ad
1572 5066 1893 5119 catholicam
1924 5063 2130 5119 doctri-

558 5171 685 5211 nam
714 5158 798 5211 vel
834 5158 1059 5212 invitum
1092 5158 1313 5213 deduxit
1345 5177 1357 5211 :
1384 5159 1475 5213 sed
1512 5158 1627 5210 haec
1658 5156 1844 5210 lectori
1878 5162 2038 5210 erunt
2063 5155 2129 5208 ad

558 5247 828 5302 cautelam
861 5248 1017 5309 satis,
1052 5263 1120 5302 ne
1166 5248 1220 5300 in
1268 5246 1458 5299 Latina
1508 5242 1761 5298 versione
1808 5258 1867 5297 se
1912 5241 2130 5296 Eusebii

557 5338 882 5393 sententiam
925 5339 1195 5409 expiscari
1242 5351 1403 5407 posse
1438 5333 1691 5389 conﬁdat.
1726 5332 1963 5389 λεειίωο
2001 5347 2133 5387 sane

557 5431 760 5486 multos
794 5431 1105 5500 interpretis
1139 5429 1368 5483 artiﬁcio
1390 5427 1455 5480 ad
1481 5426 1697 5481 Eusebii
1726 5425 1982 5481 tutandas
2008 5440 2132 5495 par-

558 5530 640 5577 tes
660 5523 962 5579 accessisse
994 5539 1009 5576 :
1042 5536 1166 5575 nam
1219 5520 1266 5575 is
1316 5519 1497 5573 sciens
1526 5526 1579 5572 et
1608 5518 1845 5587 prudens
1895 5516 2130 5587 scripto-

2224 3337 2349 3377 eum
2374 3323 2469 3392 qui
2498 3321 2695 3375 dixerit
2726 3319 2940 3374 Patrem
2966 3328 3019 3374 et
3050 3318 3243 3373 Filium
3277 3319 3580 3372 substantia
3604 3334 3797 3379 unum,

2225 3419 2409 3482 aperte
2446 3409 2814 3465 Sabelliauum
2842 3424 2996 3475 esse;
3020 3416 3074 3463 et
3101 3426 3153 3479 p.
3180 3410 3250 3463 25
3279 3421 3565 3464 accusatus
3590 3425 3620 3462 a
3655 3408 3800 3462 Mar-

2226 3505 2363 3559 cello
2411 3503 2717 3565 Eusebius,
2754 3501 2896 3570 quod
2945 3509 3082 3557 teste
3136 3501 3394 3556 Narcisso
3452 3500 3799 3563 Neroniadis.

2226 3596 2362 3649 duas
2414 3611 2535 3650 esse
2580 3593 2761 3648 Patris
2801 3600 2854 3648 et
2906 3593 3031 3647 Filii
3063 3595 3397 3650 substantias
3431 3593 3655 3656 diceret,
3685 3608 3798 3647 rem

2228 3687 2320 3741 ille
2353 3702 2461 3741 non
2492 3694 2673 3756 negat,
2708 3685 2802 3740 sed
2834 3687 2939 3740 alio
2966 3702 3079 3741 rem
3126 3694 3180 3742 et
3228 3701 3532 3741 sermonem
3558 3685 3799 3739 divertit.

2229 3782 2467 3852 Tempus
2495 3797 2580 3837 me
2609 3780 2885 3846 deﬁceret,
2915 3783 2958 3838 si
2984 3783 3182 3838 similia
3214 3780 3431 3836 Eusebii
3460 3782 3573 3834 loca
3604 3793 3802 3848 conge-

2231 3892 2353 3931 rere
2384 3875 2575 3930 vellem
2608 3894 2619 3928 :
2653 3874 2720 3928 de
2741 3875 3011 3930 industria
3036 3875 3182 3929 enim
3208 3873 3297 3927 ille
3319 3873 3523 3941 passim
3559 3886 3671 3925 rem
3694 3871 3804 3941 agi-

2230 3979 2310 4023 tat
2341 3978 2396 4023 et
2430 3968 2792 4037 comprobare
2822 3968 3015 4021 nititur
3050 3967 3149 4036 (a).

2298 4103 2380 4151 VI.
2409 4100 2653 4151 Eusebius
2678 4101 2791 4149 Filii
2816 4100 3052 4149 deitatem
3077 4103 3220 4150 aliam
3246 4100 3420 4147 statuit
3451 4113 3475 4147 a
3505 4105 3725 4160 paterna.

2300 4227 2436 4280 Cum
2468 4243 2598 4298 ergo
2644 4227 2839 4281 Filium
2875 4226 3101 4280 diversae
3136 4239 3165 4279 a
3202 4236 3432 4295 paterna
3487 4224 3805 4280 substantia:

2230 4320 2397 4383 dicat,
2431 4317 2559 4371 hinc
2589 4318 2941 4387 consequitur
2970 4324 3028 4370 ut
3050 4316 3305 4371 deitatem
3329 4317 3488 4370 aliam
3518 4330 3548 4368 a
3582 4324 3803 4385 paterna

2230 4412 2287 4464 in
2325 4409 2462 4464 Filio
2502 4426 2626 4465 esse
2653 4409 2883 4464 doceat:
2916 4408 3056 4479 quod
3093 4408 3219 4462 licet
3247 4407 3437 4463 eodem
3486 4407 3712 4471 recidat,
3738 4422 3802 4461 ex

2234 4504 2368 4573 ipsis
2408 4502 2623 4558 Eusebii
2666 4501 2828 4555 dictis
2852 4500 3067 4571 planius
3096 4500 3285 4554 evadet
3313 4519 3323 4553 :
3355 4496 3499 4553 unde
3532 4498 3695 4551 etiam
3721 4512 3807 4551 as-

2236 4606 2451 4653 seratur
2483 4597 2628 4665 quod
2675 4595 2832 4649 initio
2872 4594 3365 4665 comprobavimus,
3402 4593 3611 4648 scilicet
3638 4590 3809 4645 Ense-

2239 4691 2384 4743 bium
2438 4689 2702 4743 unitatem
2754 4687 2973 4743 deitatis
3017 4690 3071 4742 in
3110 4702 3217 4741 uno
3252 4685 3408 4739 Patre
3453 4684 3805 4737 constituere.

2234 4781 2325 4835 Ait
2356 4782 2519 4852 igitur
2555 4782 2647 4836 lib.
2676 4798 2708 4832 v
2752 4780 2902 4835 Dem.
2935 4798 3143 4851 evang.,
3177 4795 3225 4832 c.
3261 4779 3351 4840 '50,
3399 4793 3451 4844 p.
3484 4772 3589 4829 255
3621 4774 3812 4829 :‘Am

2234 4875 2342 4945 γὰρ
2388 4874 2453 4926 δι’
2483 4873 2619 4927 ὅλων
2651 4873 2944 4944 τριάκοντα
2976 4869 3324 4941 προφητικῶν
3355 4865 3663 4933 κεφαλαίων
3691 4865 3811 4917 δεύ-

2236 4983 2390 5037 τερον
2415 4965 2547 5018 Θεὸν
2582 4966 2721 5037 μετὰ
2752 4965 2841 5018 τὸν
2873 4964 3131 5017 ἀνωτάτω
3158 4959 3251 5013 καὶ
3274 4960 3363 5011 ἐπὶ
3392 4960 3545 5023 πᾶσι,
3580 4957 3668 5010 τὸν
3703 4957 3815 5008 Σω·

2237 5058 2379 5130 τῆρα
2423 5059 2517 5111 καὶ
2558 5058 2761 5129 Κύριον
2789 5056 2968 5128 ἡμῶν,
2999 5055 3090 5107 τὸν
3137 5051 3227 5106 τοῦ
3279 5048 3412 5103 Θεοῦ
3458 5049 3648 5117 Λόγον,
3676 5042 3813 5101 εἶναι

2238 5150 2637 5222 μεμαθηκότες,
2665 5152 2749 5218 ἐφ’
2777 5149 2964 5219 ἑτέραν
3009 5145 3109 5215 τῆς
3151 5145 3268 5197 κατ’
3298 5142 3458 5196 αὑτὸν
3503 5137 3814 5207 οἰκονομίας

2239 5242 2491 5296 ὑπόθεσιν
2518 5239 2957 5313 μεταϐησόμεθα.
2980 5236 3081 5291 Ubi
3109 5236 3380 5305 interpres
3403 5248 3500 5303 pro
3527 5246 3675 5284 more
3699 5229 3812 5282 haec

2236 5334 2403 5403 impia
2425 5333 2571 5387 dicta
2606 5332 2674 5386 ad
2701 5330 3025 5385 catholicam
3050 5327 3375 5384 sententiam
3408 5322 3812 5377 detorsitznam

2240 5426 2321 5480 sic
2363 5422 2642 5479 transtulit
2674 5442 2687 5476 :
2722 5421 2930 5475 Atenim
2977 5430 3251 5490 postquam
3300 5416 3546 5468 hactenus
3578 5427 3642 5465 ex
3689 5409 3811 5463 totis

2242 5516 2461 5587 triginta
2500 5514 2813 5586 propheticis
2856 5511 3137 5582 capitibus,
3172 5510 3357 5571 Deum,
3388 5504 3715 5559 Salvatorem
3750 5514 3812 5554 ac

640 5738 715 5797 ia)
770 5728 898 5801 Vide
923 5734 1196 5801 continent.
1226 5722 1447 5801 infsgl.
1493 5739 1611 5801 pag.
1654 5722 1780 5781 219,
1819 5723 1958 5781 5'55;
2013 5720 2126 5775 De».

2227 5728 2311 5774 ttr.
2353 5736 2561 5789 eratsq,
2633 5714 2753 5801 MS,
2806 5714 2925 5778 155,
2974 5712 3101 5775 202,
3157 5709 3286 5772 230,
3330 5706 3457 5776 255,
3516 5704 3640 5768 954,
3672 5700 3809 5766 235;

561 5794 745 5855 contra
790 5798 1130 5862 Marcellum,
1170 5796 1220 5859 4,
1247 5794 1335 5863 69,
1372 5794 1455 5861 79,
1504 5796 1620 5847 HM.
