4086 6528
267 364 336 418 57
1040 358 1546 417 COMMENTARIA
1588 358 1655 412 IN
1696 357 1827 412 PSA

1932 358 2037 415 OS.
2081 388 2150 400 -—
2188 358 2589 415 PRELIMINA
2599 358 2736 415 ΜΔ.
3444 364 3513 417 38

266 479 549 547 Dominum
590 485 850 544 nostrum,
885 476 983 532 Dei
1027 476 1248 531 Verbum
1286 492 1397 529 esse
1426 474 1731 538 didicimus,
1761 473 1829 527 ad
1860 482 1901 536 Α
1935 483 1992 527 ιιι
2047 473 2207 529 habet
2260 472 2554 543 Gregorius
2610 462 3022 530 Nazianzenus:
3058 474 3139 530 sic
3185 476 3215 528 6
3265 473 3515 543 θεολόγος

265 569 489 620 alterum
521 568 634 636 ejus
663 583 779 637 qua
813 566 881 619 ad
912 566 1149 619 eumdem
1172 566 1389 632 pertinet
1428 565 1832 633 dispensationis

263 670 626 730 argumentum
664 669 1017 713 transeamus.
1054 659 1155 712 Ubi
1189 656 1507 712 vertendum
1556 656 1658 710 fuit
1694 676 1705 709 :
1736 656 1834 709 At-

261 753 399 805 enim
433 762 712 822 postquam
737 766 803 804 ea:
828 752 953 805 totis
975 750 1189 819 triginta
1211 749 1524 818 propheticis
1548 748 1829 817 capitibus,

262 845 547 897 secundum
577 843 764 905 Deum,
815 851 929 911 post
970 842 1121 895 illum
1152 858 1453 911 supremum
1481 852 1528 895 et
1554 843 1642 912 qui
1671 857 1832 910 supra

263 938 439 991 omnia
484 947 583 1003 est,
616 936 942 991 Salvatorem
994 936 1194 989 scilicet
1240 935 1525 988 Dominum
1571 944 1829 997 nostrum,

260 1028 359 1082 Dei
400 1028 646 1091 Verbum,
680 1044 788 1081 esse
814 1027 1133 1091 didicimus;
1161 1028 1278 1096 jam
1305 1026 1374 1079 ad
1393 1026 1541 1080 aliud
1563 1026 1676 1095 ejus
1698 1042 1833 1079 oeco-

261 1121 454 1173 nomia
501 1127 861 1189 argumentum
912 1130 1263 1173 transeamus.
1300 1117 1400 1171 Hic
1434 1118 1586 1173 vides
1632 1134 1830 1173 secun-

262 1210 415 1271 dum,
446 1210 561 1265 sive
591 1211 820 1264 alterum
856 1208 1048 1273 Deum,
1074 1226 1103 1263 a
1134 1226 1387 1279 supremo
1412 1211 1505 1264 illo
1531 1218 1583 1265 et
1616 1210 1707 1280 qui
1740 1225 1833 1263 su—

262 1316 361 1372 pra
386 1304 564 1357 omnia
593 1309 695 1366 est,
719 1301 1063 1366 distinctum,
1093 1302 1376 1371 praedicari
1409 1320 1423 1356 :
1457 1317 1581 1356 nam
1615 1300 1833 1371 utrique

263 1407 415 1445 suam
448 1392 699 1445 deitatem
746 1391 993 1456 ascribit,
1031 1392 1256 1446 alteram
1283 1406 1592 1462 supremam
1623 1399 1677 1446 et
1717 1407 1832 1444 ma-

254 1482 450 1553 jorem,
483 1498 603 1552 qum
631 1483 696 1537 ad
716 1482 931 1539 Patrem
955 1523 970 1547 ,
994 1484 1220 1539 alteram
1252 1500 1383 1538 vero
1404 1485 1689 1547 minorem,
1711 1499 1833 1553 quae

258 1575 325 1629 ad
350 1574 872 1645 Filium,pertineat.
908 1577 973 1630 Et
999 1592 1125 1630 vero
1159 1577 1213 1630 in
1244 1577 1384 1630 libro
1417 1578 1593 1646 primo
1628 1574 1829 1629 Contra

262 1666 588 1732 Marcellum,
622 1668 826 1722 diserte
874 1676 929 1721 et
958 1668 1076 1723 sine
1106 1668 1331 1738 ambage
1358 1667 1425 1723 de
1454 1667 1613 1722 Patre
1635 1668 1710 1720 ait
1738 1668 1827 1721 :‘O

255 1749 355 1827 τὴν
400 1759 603 1811 οἰκείαν
645 1758 870 1828 Θεὸτητα
900 1758 1252 1829 κεκτημένος,
1283 1759 1371 1829 qui
1413 1758 1679 1827 propriam
1727 1756 1829 1810 sibi

256 1850 507 1905 deitatem
542 1852 758 1907 obtinet.
783 1850 969 1921 Neque
1002 1828 1170 1913 enim,
1206 1860 1264 1904 ut
1294 1828 1384 1904 ille
1424 1852 1626 1921 passim
1655 1851 1831 1919 loqui-
1861 1828 1903 1883 Β

255 1951 366 2006 tur,
400 1941 598 1997 Filium
630 1944 694 1998 ad
730 1943 877 1996 illam
916 1940 1231 2011 primariam
1261 1942 1531 2009 pertinere
1573 1941 1830 1995 deitatem

256 2044 441 2105 putat;
464 2035 559 2091 sed
592 2036 818 2090 seorsim
848 2049 877 2086 a
902 2032 1063 2087 Patre
1088 2032 1353 2086 minorem
1376 2047 1498 2086 esse
1519 2030 1684 2086 Deum
1708 2046 1835 2101 pro-

256 2128 516 2180 nuntiat:
547 2140 669 2179 nam
704 2127 757 2179 in
801 2126 1043 2180 secundo
1080 2122 1277 2179 Contra
1302 2122 1617 2176 Marcellum
1669 2124 1829 2188 libro,

256 2239 379 2293 cap.
406 2222 472 2275 16
501 2231 553 2276 et
587 2222 670 2285 I7,
696 2237 815 2291 pag.
840 2220 940 2274 126
963 2229 1016 2274 et
1040 2219 1160 2284 127,
1194 2234 1291 2288 pro
1323 2218 1531 2272 viribus
1558 2217 1831 2287 depugnat

257 2313 349 2367 ille
376 2313 588 2367 Patrem
631 2321 684 2367 et
716 2311 912 2365 Filium
943 2326 1050 2365 non
1078 2310 1325 2365 eumdem
1361 2325 1480 2364 esse
1510 2309 1711 2375 Deum;
1735 2309 1828 2363 sed

254 2420 323 2460 ex
357 2406 502 2459 inani
530 2406 619 2459 illa
664 2406 1035 2469 distinctione,
1064 2418 1228 2475 quam
1261 2403 1315 2457 in
1347 2402 1522 2471 primo
1552 2400 1828 2471 Evangelii

252 2493 484 2551 Joannis
512 2498 782 2552 versiculo
803 2497 1261 2560 comminiscitur,
1289 2496 1454 2550 alium
1502 2508 1622 2549 esse
1658 2491 1827 2545 Deum

255 2589 349 2656 qui
404 2604 570 2659 supra
620 2590 801 2644 omnia
833 2596 949 2654 est,
985 2587 1151 2640 alium
1188 2601 1318 2641 vero
1349 2585 1538 2646 Deum,
1574 2583 1666 2653 qui
1694 2580 1830 2636 Ver-

254 2680 386 2734 bum
437 2680 657 2735 dicitur.
694 2679 996 2750 Siquidem,
1032 2680 1110 2733 ait
1153 2678 1272 2741 ille,
1321 2676 1437 2730 haec
1484 2672 1829 2743 evangelista:

256 2772 418 2826 verba
454 2773 573 2827 :‘Ev
606 2773 746 2842 ἀρχῇ
784 2767 851 2841 ἦν
899 2772 927 2822 6
968 2770 1163 2837 Λόγος·
1194 2768 1287 2821 καὶ
1318 2768 1345 2818 ὁ
1376 2764 1545 2832 Λόγος
1586 2758 1654 2833 ἦν
1694 2759 1828 2831 πρὸς

253 2861 344 2914 τὸν
376 2860 539 2913 Θεόνο
594 2861 687 2913 καὶ
722 2859 851 2921 Θεὸς
881 2855 948 2928 ἦν
977 2862 1005 2911 ὁ
1034 2858 1224 2926 Λόγος,
1258 2855 1424 2910 Deum
1457 2853 1671 2906 Patrem
1701 2866 1824 2904 cum

256 2949 489 3002 articulo
530 2949 861 3019 exprimunt,
896 2948 1029 3019 πρὸς
1070 2947 1160 2999 τὸν
1195 2944 1346 3006 Θεὸν,
1380 2942 1545 2997 Deum
1581 2955 1710 2995 vero
1737 2938 1828 2992 Fi-

257 3042 386 3094 lium
427 3042 546 3094 sine
570 3040 819 3101 articulo,
852 3041 946 3094 καὶ
977 3039 1105 3102 Θεὸς
1129 3034 1195 3108 ἦν
1220 3041 1247 3090 6
1272 3037 1443 3104 Λόγος
1474 3054 1486 3088 :
1516 3049 1580 3088 ex
1605 3047 1713 3103 quo
1739 3046 1828 3084 ar-

256 3134 371 3203 guit
420 3135 529 3195 ille,
580 3132 747 3187 Deum
782 3132 1015 3187 Verbum
1065 3131 1184 3185 sine
1218 3128 1446 3183 articulo
1480 3139 1820 3196 expressum,

256 3224 420 3277 alium
450 3239 572 3279 esse
609 3223 776 3280 Deum
808 3221 877 3276 ab
904 3236 969 3276 eo
1000 3221 1091 3291 qui
1141 3234 1264 3274 cum
1318 3216 1547 3271 articulo
1572 3214 1824 3284 exprimi-

255 3324 345 3369 tur
364 3334 377 3381 ;
396 3324 555 3386 atque
583 3316 653 3369 ita
689 3314 909 3371 Sabellii
938 3314 1110 3368 errori
1135 3325 1193 3367 se
1216 3324 1503 3367 occurrere
1529 3316 1700 3377 putat,
1725 3306 1821 3375 qui

254 3408 521 3471 crederet,
566 3405 782 3460 Patrem
842 3414 895 3460 et
957 3404 1153 3458 Filium
1200 3419 1307 3457 non
1357 3398 1604 3455 eumdem
1660 3398 1821 3451 modo

254 3495 423 3551 Deum
443 3537 455 3558 ,
489 3498 582 3552 sed
612 3496 855 3551 eamdem
880 3512 1003 3551 esse
1037 3510 1345 3569 personam,
1376 3507 1494 3563 qua:
1522 3490 1818 3545 secundum

253 3592 435 3644 varias
468 3589 800 3659 intelligendi
825 3590 1065 3643 rationes
1092 3587 1539 3656 distingueretur,
1569 3599 1632 3637 ac
1658 3584 1821 3637 modo

252 3679 436 3745 Pater,
475 3680 635 3734 modo
666 3679 834 3734 Filius
860 3689 911 3734 et
945 3679 1177 3733 Verbum
1209 3679 1590 3749 appellaretur.

560 3810 664 3860 VII.
692 3810 895 3860 Grandis
920 3810 1273 3872 paralogismus
1294 3808 1515 3858 Eusebii.

327 3915 395 3968 At
424 3930 533 3969 non
564 3914 710 3968 videt
738 3913 1007 3968 Eusebius
1038 3929 1096 3968 se
1128 3914 1180 3966 in
1205 3912 1531 3983 impietatem
1566 3908 1823 3963 Sabellia-

250 4024 323 4063 na
368 4008 507 4063 forte
537 4007 862 4061 deteriorem
901 4005 1163 4069 incidere,
1200 4020 1263 4059 ac
1294 4019 1450 4059 sacro
1478 4002 1823 4072 evangelista:

250 4101 509 4170 grandem
546 4100 965 4169 paralogismum
999 4096 1271 4168 aﬁingere.
1305 4096 1439 4150 Nam
1481 4096 1547 4161 si,
1578 4106 1636 4151 ut
1669 4104 1821 4166 putat

253 4191 541 4257 Eusebius,
571 4192 903 4261 evangelista
936 4190 1102 4244 Deum
1138 4190 1303 4243 alium
1354 4190 1613 4258 majorem
1646 4198 1699 4243 et
1727 4205 1821 4243 su-

252 4298 499 4353 premum
540 4285 626 4338 hic
674 4284 894 4347 indicet,
925 4284 1088 4336 alium
1124 4298 1250 4336 vero
1280 4283 1541 4335 minorem
1577 4288 1629 4333 et
1666 4281 1820 4349 longe

252 4378 605 4448 inaequalem;
640 4378 997 4446 incogitanter
1028 4374 1318 4430 admodum
1364 4372 1625 4435 Joannes,
1657 4382 1715 4425 ut
1744 4372 1819 4425 ait

190 4474 195 4477 ’
254 4472 575 4540 plerumque
609 4470 976 4536 Athanasius,
1029 4485 1118 4523 res
1162 4468 1296 4523 adeo
1346 4467 1649 4536 disparatas
1702 4465 1820 4518 sine

1930 565 2166 621 Joannes
2198 566 2353 620 initio
2409 566 2685 638 Evangelii
2744 568 2829 623 sui
2877 568 3102 624 deorum
3135 568 3517 637 multiplicite-

1929 666 2037 713 tem
2076 658 2367 713 induxerit.
2401 658 2498 712 llic
2550 674 2609 714 se
2659 660 2796 716 mire
2847 668 3169 730 contorquet
3221 657 3512 722 Eusebius,

1929 760 1984 805 et
2024 766 2092 805 ne
2123 750 2262 806 duos
2294 760 2521 821 cogatur
2552 752 2842 808 admittere
2872 754 3003 809 deos
3045 761 3125 807 tot
3165 752 3514 807 circuitioni-

1930 844 2033 900 bus
2074 852 2129 899 et
2177 845 2497 914 ambagibus
2548 846 2738 910 utitur,
2780 852 2840 899 ut
2891 846 3198 915 perplexam
3245 845 3509 916 arguendi

1931 936 2245 991 methodum
2271 937 2459 989 mirari
2492 937 2707 991 subeat.
2741 937 2831 990 Ait
2866 937 3032 1006 igitur
3054 936 3323 992 Eusebius
3350 938 3443 991 lib.
3472 952 3509 991 ιι

1931 1026 2129 1083 Contra
2157 1026 2468 1081 Marcellum
2493 1028 2569 1099 (a)
2598 1048 2610 1082 :
2638 1028 2764 1082 Δέον
2796 1028 3041 1082 ἐντεῦθεν
3068 1032 3324 1091 συνεῖναι,
3348 1030 3421 1093 ὡς
3449 1031 3508 1085 οὐ

1927 1117 2019 1171 δύο
2046 1118 2252 1189 Θεοὺςή
2281 1118 2573 1189 Ἐκκλησία
2594 1119 2688 1172 τοῦ
2719 1118 2853 1172 Θεοῦ
2878 1120 3137 1191 κηρύττει
3159 1136 3175 1152 ⁸
3202 1121 3264 1175 οὑ
3286 1121 3394 1192 γὰρ
3418 1120 3512 1174 δύο

1927 1209 2215 1279 ἀγέννητα,
2247 1209 2365 1261 οὐδὲ
2391 1209 2483 1261 δύο
2512 1209 2741 1283 ἄναρχα,
2774 1210 2848 1274 ὡς
2889 1211 3147 1275 πολλάκις
3181 1213 3311 1282 ἡμῖν
3356 1214 3509 1285 εἵρηο

1927 1317 2035 1364 ται,
2063 1301 2183 1353 οὐδὲ
2208 1300 2300 1353 δύο
2329 1300 2515 1363 οὐσίας
2547 1300 2604 1366 ἐξ
2640 1301 2907 1370 ἰσοτιμίας
2936 1302 3512 1374 ἀντιπαρεξαγομένας

1928 1392 2175 1464 ἀλλήλοις
2212 1392 2419 1461 είσάγει
2440 1409 2452 1421 °
2484 1392 2562 1445 διὸ
2592 1392 2712 1445 οὐδὲ
2745 1392 2837 1445 δύο
2868 1386 3025 1457 θεούς
3046 1410 3058 1423 ο
3084 1393 3219 1446 ἀλλὰ
3254 1394 3382 1465 μίαν
3411 1396 3513 1466 ἀρ-

1927 1484 2028 1556 χὴν
2059 1485 2151 1537 καὶ
2175 1484 2306 1538 Θεὸν
2343 1480 2501 1550 εἶναι,
2540 1484 2629 1537 τὸν
2658 1484 2820 1538 αὐτὸν
2848 1486 3064 1557 Πατέρα
3094 1485 3417 1542 διδάσκουσα
3439 1482 3510 1540 εἷο

1930 1593 2018 1629 ναι
2061 1575 2155 1627 τοῦ
2208 1572 2525 1645 μονογενοῦς
2577 1575 2669 1628 καὶ
2716 1575 2999 1646 ἀγαπητοῦ
3043 1575 3193 1639 Υἰοῦ,
3237 1577 3340 1632 hoc
3370 1585 3454 1630 cst
3490 1593 3504 1632 :

1936 1666 2074 1720 Hinc
2108 1667 2501 1737 intelligendum
2526 1678 2603 1721 est
2638 1667 2928 1721 Ecclesium
2962 1667 3063 1721 Dei
3094 1685 3196 1722 non
3221 1669 3353 1723 duos
3378 1668 3504 1723 deos

1933 1758 2224 1826 prazdicare
2255 1775 2275 1811 :
2308 1776 2408 1812 non
2434 1760 2573 1812 enim
2602 1759 2706 1812 duo
2737 1776 2839 1813 non
2869 1762 3067 1830 genita,
3096 1778 3186 1815 nec
3214 1762 3320 1815 duo
3357 1762 3507 1832 prin-

1932 1851 2066 1915 cipio
2099 1851 2354 1913 carentia,
2403 1860 2459 1902 ut
2511 1866 2646 1917 swpe
2692 1851 2891 1904 dictum
2937 1853 3161 1907 a'nobis
3208 1863 3307 1916 est,
3350 1868 3510 1923 neque

1932 1940 2067 1994 duas
2090 1941 2439 2007 substantias,
2469 1941 2663 1994 honore
2692 1943 2811 2010 pari
2830 1957 2893 1995 ea:
2917 1942 3135 1997 adverso
3175 1953 3356 1997 mutuo
3395 1945 3507 1998 col-

1932 2030 2094 2095 latas,
2142 2032 2375 2095 inducit,
2424 2029 2637 2101 ideoque
2681 2047 2770 2085 nec
2815 2030 2947 2085 duos
2992 2032 3114 2086 deos
3153 2047 3171 2085 :
3212 2032 3300 2085 sed
3347 2049 3508 2085 unum

1930 2124 2241 2193 principium
2276 2133 2325 2177 et
2356 2124 2545 2187 Deum,
2584 2126 2753 2192 ipsum
2791 2123 3007 2178 Patrem
3041 2120 3297 2194 unigeniti
3335 2134 3384 2179 et
3420 2125 3506 2178 di-

1932 2217 2052 2271 lecti
2090 2216 2221 2270 Filii
2250 2234 2360 2271 esse
2382 2217 2551 2271 ducet.
2585 2220 2771 2287 Itaque
2804 2224 3033 2272 eatenus
3059 2233 3166 2270 non
3208 2218 3346 2273 duos
3375 2217 3507 2274 deos

1930 2326 2051 2365 esse
2076 2311 2227 2374 dicit,
2250 2322 2518 2381 quatenus
2543 2311 2692 2367 solus
2722 2309 2882 2366 Pater
2907 2326 3016 2365 non
3052 2312 3270 2381 genitus
3299 2320 3354 2366 et
3386 2312 3507 2365 sine

1930 2400 2219 2471 principio,
2254 2418 2398 2458 unus
2429 2401 2572 2458 Deus
2604 2409 2658 2457 et
2702 2417 2869 2455 unum
2914 2403 3244 2473 principium
3279 2412 3386 2468 est,
3416 2401 3508 2457 Fi-

1930 2494 2035 2547 lius
2062 2508 2213 2555 vero,
2243 2501 2428 2563 utpote
2462 2496 2564 2564 ipsi
2595 2494 2903 2565 inaequalis,
2938 2510 3046 2548 non
3082 2496 3135 2549 in
3168 2496 3428 2566 primaria
3453 2504 3506 2551 et

1929 2597 2036 2635 una
2082 2583 2171 2635 illa
2219 2582 2416 2638 deitate
2462 2592 2715 2638 censetur
2757 2600 2919 2639 esse:
2954 2588 3102 2653 atqui
3148 2585 3276 2640 hinc
3327 2587 3504 2641 solum

1928 2674 2180 2728 concludi
2221 2683 2420 2744 potest,
2451 2691 2560 2730 non
2608 2691 2731 2732 esse
2774 2677 2911 2732 duos
2950 2678 3187 2747 aequales
3217 2677 3369 2742 deos,
3406 2678 3503 2733 sed

1929 2781 2096 2819 unum
2124 2764 2336 2821 Patrem
2383 2783 2696 2837 supremum
2741 2782 2865 2824 esse
2910 2767 3084 2823 Deum
3121 2786 3284 2825 :cum
3321 2780 3500 2825 autem

1929 2854 2121 2917 Filius,
2156 2856 2282 2909 licet
2311 2856 2485 2926 impar
2514 2864 2568 2912 et
2597 2857 2797 2923 minor,
2818 2858 2962 2913 Deus
2992 2868 3173 2915 tamen
3206 2876 3328 2915 esse
3351 2860 3503 2915 dica-

1930 2957 2017 3000 tur
2037 2986 2051 3009 ,
2078 2947 2208 3000 hinc
2237 2962 2367 3001 sane
2394 2957 2763 3017 consequetur
2794 2950 2932 3004 duos
2973 2966 3096 3006 esse
3128 2951 3297 3019 deos;
3332 2951 3506 3020 majo~

1928 3054 2041 3094 rem
2080 3040 2268 3101 alium,
2300 3040 2528 3094 alterum
2559 3057 2688 3096 vero
2722 3041 3011 3097 minorem.

1926 3132 2055 3182 VIII.
2078 3132 2183 3182 Non
2222 3132 2428 3181 obscure
2452 3134 2596 3182 docet
2628 3134 2807 3182 Filium
2848 3148 2941 3182 non
2968 3148 3079 3183 esse
3102 3148 3219 3184 vere
3242 3136 3416 3185 Deum.
3444 3162 3505 3173 --

2174 3194 2251 3243 IX.
2278 3196 2383 3254 Quo
2406 3207 2552 3243 sensu
2582 3195 2759 3245 Filium
2784 3208 2895 3245 esse
2925 3199 3083 3247 Deum
3112 3198 3250 3247 dicit.

1997 3278 2169 3333 Probe
2198 3278 2581 3334 animadvertit
2625 3278 2896 3337 Eusebius
2927 3297 3036 3336 non
3074 3298 3235 3353 posse
3284 3284 3502 3337 ratioci-

1927 3368 2018 3422 nia
2049 3383 2147 3423 sua
2193 3367 2497 3423 consistere
2530 3386 2542 3421 :
2579 3368 2957 3438 quamobrem,
2989 3384 3109 3439 qua:
3138 3369 3240 3439 ipsi
3274 3385 3378 3422 una
3410 3384 3502 3424 su-

1926 3468 2140 3527 pererat
2172 3458 2421 3514 elabendi
2448 3458 2610 3523 ratio,
2642 3474 2711 3513 ne
2739 3458 2877 3513 duos
2904 3458 3193 3513 admittere
3241 3458 3373 3513 deos
3406 3473 3501 3512 co-

1926 3559 2103 3620 gatur.
2142 3551 2302 3606 modo
2332 3558 2515 3621 aperte
2542 3550 2719 3614 docet,
2756 3566 2883 3603 mox
2926 3565 3027 3604 nec
3077 3550 3313 3604 obscure
3360 3550 3499 3603 insi—-

1926 3652 2057 3697 nuat
2083 3642 2278 3697 Filium
2305 3657 2413 3696 non
2446 3657 2569 3697 esse
2591 3658 2712 3696 vere
2736 3641 2927 3696 Deum.
2959 3641 3016 3695 In
3039 3642 3267 3711 epistola
3297 3643 3499 3712 quippe

1927 3750 2024 3789 sua
2078 3736 2144 3788 ad
2198 3734 2646 3803 Euplirationem,
2684 3734 2753 3787 ab
2785 3734 3087 3786 Athanasio
3127 3740 3183 3787 et
3227 3750 3256 3786 a
3283 3731 3497 3786 Nicaana

1896 3852 1903 3859 -
1928 3828 2167 3881 secunda
2190 3824 2400 3896 synodo
2432 3824 2648 3877 laudata
2669 3823 2848 3894 (b),de
2877 3821 3014 3876 Filio
3040 3823 3165 3876 talia
3196 3821 3339 3875 fatur
3362 3841 3375 3875 :
3395 3822 3499 3874 Τὸν

1927 3919 2088 3973 αὐτὸν
2112 3919 2168 3972 δὲ
2201 3918 2293 3971 καὶ
2322 3918 2478 3989 μόνον
2507 3915 2756 3987 ἀληθινὸν
2782 3910 2918 3968 εἶναι
2950 3914 3188 3968 διδάσκει
3214 3913 3277 3967 δι’
3297 3908 3371 3968 ὧν
3395 3930 3498 3984 φη-

1930 4030 2011 4066 σιν
2030 4030 2041 4042 ·
2077 4014 2199 4066 Ἵνα
2222 4011 2559 4081 γινώσκωσι
2579 4025 2651 4065 σε
2667 4010 2773 4063 τὸν
2791 4012 2985 4079 μόνον
3002 4007 3290 4075 ἀληθινὸν
3315 4006 3461 4060 Θεόν
3477 4022 3493 4037 ο

1925 4105 2044 4176 οὐχὶ
2075 4105 2149 4169 ὡς
2178 4106 2296 4169 ἐνὸς
2327 4104 2476 4166 ὖντος
2504 4104 2664 4174 μόνου
2697 4101 2789 4154 τοῦ
2835 4100 2990 4165 Θεοῦ,
3023 4099 3135 4153 ἀλλ’
3159 4098 3235 4163 ὡς
3265 4099 3381 4162 ἐνὸς
3413 4098 3497 4151 6v-

1924 4214 2013 4259 τος
2042 4197 2200 4266 μόνου
2232 4194 2481 4266 ἀληθινοῦ
2516 4192 2674 4255 Θεοῦ,
2707 4190 2843 4262 μετὰ
2875 4190 3190 4263 προσθήκης
3210 4190 3496 4256 ἀναγκαιο-

1924 4288 2089 4357 τάτης
2134 4286 2249 4349 τοῦ,
2280 4285 2591 4355 ἀληθινοῦ.
2611 4286 2763 4338 Ἐπεὶ
2813 4284 2907 4336 καὶ
2953 4283 3113 4344 αὐτὸς
3163 4280 3294 4341 Θεὸς
3349 4279 3496 4348 μὲνό

1934 4383 2080 4446 Υἱὸς,
2111 4380 2340 4434 ἀλλὀὐκ
2371 4377 2619 4449 ἀληθινὸς
2648 4362 2800 4440 Θεόςέ
2820 4369 2898 4437 εἷς
2931 4376 3037 4443 γάρ
3070 4374 3183 4425 ὲστι
3218 4372 3312 4425 καὶ
3339 4370 3495 4441 μόνος

1933 4473 2181 4544 ἀληθινὸς
2200 4472 2351 4534 Θεὸς,
2384 4470 2470 4523 διὰ
2502 4469 2563 4522 τὸ
2596 4468 2669 4539 μὴ
2691 4467 2835 4536 ἔχειν
2869 4466 2974 4536 πρὸ
2996 4464 3158 4519 αὑτοῦ
3188 4481 3327 4517 τινα.
3355 4464 3417 4515 Εἰ
3438 4461 3494 4514 δὲ

257 4562 365 4616 ulla
389 4561 759 4625 distinctione,
785 4576 892 4614 uno
912 4561 1212 4629 eodemque
1239 4559 1506 4613 vocabulo
1535 4565 1819 4625 utramque

1932 4530 2209 4627 mimi-rb;
2228 4568 2255 4617 6
2287 4530 2413 4625 Pii»;
2439 4530 2851 4633 ἀληθινὸςίᾶλῖ
2882 4530 2956 4620 ὧς
2986 4555 3145 4609 εἰκὼν
3180 4554 3273 4607 τοῦ
3306 4552 3493 4622 ἀληθι-

255 4654 538 4723 copulans,
569 4653 892 4723 signiﬁcavit
922 4671 934 4706 :
971 4651 1039 4704 Et
1074 4651 1319 4717 Verbum,
1369 4652 1463 4710 ait,
1511 4659 1625 4703 erat
1681 4648 1821 4716 apud

254 4746 443 4811 Deum,
473 4758 521 4801 et
553 4747 691 4801 Deus
729 4755 844 4800 erat
877 4745 1095 4799 Verbum
1127 4743 1308 4815 (Joan.
1347 4759 1383 4807 ι,
1416 4743 1489 4813 1).
1524 4741 1654 4795 Nam
1698 4742 1821 4811 quis

253 4854 365 4893 non
401 4840 541 4902 voci,
570 4838 730 4901 Deus,
756 4837 1090 4906 conjunctim
1118 4836 1381 4906 repetitae,
1405 4836 1651 4889 eamdem
1674 4842 1823 4888 utro-

253 4934 418 5001 bique
451 4931 899 5001 signiﬁcationem
946 4928 1130 4983 statim
1174 4926 1482 4997 aptaverit?
1513 4927 1645 4992 Quis
1676 4941 1822 4979 eam-

254 5021 376 5074 dem
404 5035 609 5082 vocem,
643 5019 727 5074 bis
755 5019 943 5073 eodem
976 5019 1094 5072 loco
1114 5018 1478 5082 enuntiatam,
1505 5025 1614 5069 tam
1639 5015 1823 5085 dispa-

254 5117 368 5161 rata
406 5108 711 5175 signiﬁcare
742 5108 1042 5175 putaverit?
1070 5106 1208 5160 llinc
1241 5108 1367 5160 item
1406 5107 1562 5176 longe
1589 5105 1819 5160 deterri-

253 5214 339 5252 ma
370 5198 620 5268 impietas
649 5199 1020 5267 consequitur,
1052 5215 1081 5252 a
1120 5215 1226 5269 qua
1272 5214 1485 5269 semper
1524 5207 1632 5251 tam
1665 5206 1820 5252 vetus

254 5304 414 5358 quam
482 5306 612 5341 nova
676 5287 916 5341 Ecclesia
974 5305 1185 5344 summe
1240 5289 1724 5343 abliorruitznam
1774 5290 1819 5344 si

252 5377 447 5434 Filium
522 5381 686 5433 alium
738 5394 767 5432 a
818 5378 980 5432 Patre
1030 5378 1195 5435 Deum
1258 5396 1381 5435 esse
1435 5381 1817 5446 admittamus,

253 5473 391 5527 duos
417 5487 538 5525 esse
594 5471 725 5525 deos
781 5471 1049 5525 fateamur
1086 5488 1308 5527 necesse
1357 5479 1464 5535 est,
1494 5473 1658 5526 alium
1705 5486 1822 5525 ma-

246 5565 421 5635 jorem
470 5564 740 5634 aliumque
787 5565 1052 5617 minorem
1088 5582 1099 5615 :
1138 5576 1298 5633 atque
1341 5565 1419 5619 sic
1453 5565 1505 5618 in
1539 5564 1822 5634 pluralita-

253 5665 357 5710 tem
404 5655 630 5709 deorum
679 5657 1003 5720 incidamus,
1056 5664 1110 5710 et
1169 5657 1221 5709 in
1284 5656 1542 5711 πολύθεον
1598 5657 1817 5723 ἁῦεῒαν,

319 5796 396 5861 ιιι)
440 5792 497 5844 ι).
534 5792 653 5845 ιιι.

1930 4658 2045 4713 νοῦ.
2070 4660 2153 4728 είη
2180 4658 2245 4711 ἂν
2267 4656 2359 4710 καὶ
2380 4656 2528 4718 Θεός·
2553 4653 2673 4706 ἐπεὶ
2694 4654 2788 4705 καὶ
2810 4650 2941 4713 Θεὸς
2960 4645 3025 4719 ἧν
3041 4650 3067 4700 6
3088 4646 3276 4713 Λόγος,
3300 4646 3358 4697 οὗ
3386 4643 3492 4714 μὴν

1929 4750 2003 4814 ὡς
2029 4752 2056 4803 6
2087 4750 2247 4819 μόνος
2273 4744 2520 4816 ἀληθινὸς
2548 4743 2678 4805 Θεός
2698 4782 2713 4804 ,
2744 4743 2848 4795 hoc
2876 4750 2959 4793 est
2990 4758 3004 4793 :
3040 4736 3293 4790 Eumdem
3319 4746 3493 4788 autem

1930 4853 1978 4897 et
2013 4842 2182 4896 solum
2211 4856 2387 4893 verum
2424 4852 2535 4890 esse
2563 4836 2711 4887 docet
2754 4835 2834 4887 his
2865 4831 3029 4886 verbis
3062 4845 3078 4882 :
3112 4848 3129 4880 ι
3176 4826 3241 4883 Ut
3276 4842 3493 4897 cognos-

1931 4944 2053 4989 cant
2094 4944 2142 4987 te
2183 4932 2353 4985 solum
2396 4943 2571 4981 verum
2608 4926 2773 4979 Deum
2807 4924 2991 4997 (Joan.
3036 4937 3177 4981 ml,
3223 4920 3297 4987 5),
3335 4939 3352 4969 ι
3390 4934 3492 4971 ηοη

1921 5022 2075 5092 quasi
2112 5035 2248 5073 unus
2276 5018 2419 5071 solus
2456 5017 2526 5069 sit
2571 5013 2732 5079 Deus,
2766 5012 2855 5067 sed
2892 5010 3046 5081 quasi
3089 5024 3223 5062 unus
3251 5005 3395 5060 solus
3424 5006 3494 5059 sit

1923 5130 2072 5167 uerus
2098 5112 2257 5174 Deus,
2275 5126 2390 5163 cum
2425 5108 2520 5163 hoc
2546 5108 2931 5177 pernecessario
2962 5102 3346 5163 additamenta,
3372 5118 3388 5149 ι
3412 5114 3493 5151 ve-

1923 5222 2033 5258 rus.
2066 5224 2083 5255 ι
2119 5202 2260 5256 Nam
2290 5212 2337 5256 et
2368 5203 2477 5271 ipse
2506 5200 2712 5271 quidem
2746 5196 2937 5258 Filius,
2970 5194 3130 5255 Deus,
3159 5191 3248 5246 sed
3286 5208 3383 5243 non
3408 5205 3492 5243 uc-

1923 5311 2012 5348 rus
2040 5292 2176 5346 Deus
2203 5308 2219 5344 :
2247 5308 2381 5344 unus
2412 5298 2486 5343 est
2514 5289 2650 5342 enim
2692 5286 2835 5339 solus
2880 5298 3030 5336 verus
3068 5278 3228 5340 Deus,
3262 5294 3320 5331 eo
3354 5272 3491 5345 quod

1924 5403 2025 5439 non
2056 5384 2240 5437 habeat
2267 5383 2493 5452 aliquem
2525 5389 2643 5431 ante
2669 5396 2740 5431 se.
2774 5374 2924 5441 Quod
2956 5374 3001 5426 si
3043 5373 3151 5440 ipse
3172 5384 3373 5440 quoque
3401 5364 3486 5416 Fi-

1922 5479 2025 5532 lius
2062 5493 2212 5531 uerus
2252 5485 2353 5537 est,
2387 5472 2475 5527 sed
2516 5473 2648 5525 sicut
2680 5470 2852 5537 imago
2894 5466 2997 5520 veri
3046 5463 3163 5523 Dei,
3197 5461 3335 5514 Deus
3379 5459 3494 5525 fuco

1923 5570 1991 5621 rit
2024 5583 2041 5620 :
2072 5565 2323 5636 siquidem
2346 5574 2393 5617 ct
2422 5561 2562 5615 Deus
2594 5569 2707 5614 erat
2750 5556 2990 5617 Verbum,
3027 5570 3127 5607 non
3155 5561 3324 5605 tamen
3357 5555 3490 5600 sicut

1924 5661 2012 5716 ille
2056 5658 2199 5713 solus
2240 5672 2386 5711 verus
2438 5653 2598 5707 Deus.
2635 5650 2871 5719 ldipsum
2902 5648 3104 5701 diserte
3154 5641 3391 5697 declarat
3437 5639 3490 5695 in

1996 5796 2069 5862 (b)
2115 5793 2311 5847 Athan.
2346 5800 2384 5843 t.
2419 5788 2460 5855 l;
2492 5805 2529 5842 ιι
2570 5786 2714 5852 Nic.,
2750 5791 2855 5838 act.
2886 5800 2938 5847 γ,
2972 5796 3022 5849 p.
3052 5777 3175 5833 366.
