  <div class='ocr_page' id='page_1' title='image "/cluster/home/n/w/nwhite01/storage/ocr_20150623/23/hvd.32044019207711/028.png"; bbox 0 0 4086 6526; ppageno 0'>
   <div class='ocr_carea' id='block_1_1' title="bbox 314 344 3541 432">
    <p class='ocr_par' dir='ltr' id='par_1_1' title="bbox 314 344 3541 432">
     <span class='ocr_line' id='line_1_1' title="bbox 314 344 3541 432; baseline 0.01 -31"><span class='ocrx_word' id='word_1_1' title='bbox 314 344 379 401; x_wconf 71' lang='grc' dir='ltr'>Η</span> <span class='ocrx_word' id='word_1_2' title='bbox 1122 352 1622 412; x_wconf 74' lang='lat' dir='ltr'><strong>COMMENTARIA</strong></span> <span class='ocrx_word' id='word_1_3' title='bbox 1654 356 1722 412; x_wconf 78' lang='lat' dir='ltr'><strong>IN</strong></span> <span class='ocrx_word' id='word_1_4' title='bbox 1747 358 2085 416; x_wconf 80' lang='lat' dir='ltr'><strong>PSALMOS.</strong></span> <span class='ocrx_word' id='word_1_5' title='bbox 2126 393 2195 403; x_wconf 96' lang='lat'><strong><em>—</em></strong></span> <span class='ocrx_word' id='word_1_6' title='bbox 2232 362 2764 422; x_wconf 65' lang='lat' dir='ltr'><strong>PRIELIMlNABlA.</strong></span> <span class='ocrx_word' id='word_1_7' title='bbox 3471 380 3541 432; x_wconf 73' lang='lat'><strong>42</strong></span> 
     </span>
    </p>
   </div>
   <div class='ocr_carea' id='block_1_2' title="bbox 316 466 1839 559">
    <p class='ocr_par' dir='ltr' id='par_1_2' title="bbox 316 466 1839 548">
     <span class='ocr_line' id='line_1_2' title="bbox 316 466 1839 548; baseline 0.008 -29"><span class='ocrx_word' id='word_1_8' title='bbox 316 466 438 519; x_wconf 76' lang='grc' dir='ltr'>Ὀτι</span> <span class='ocrx_word' id='word_1_9' title='bbox 483 466 675 539; x_wconf 75' lang='grc' dir='ltr'>ἔχομεν</span> <span class='ocrx_word' id='word_1_10' title='bbox 717 468 811 523; x_wconf 75' lang='grc' dir='ltr'><strong>καὶ</strong></span> <span class='ocrx_word' id='word_1_11' title='bbox 844 470 1005 541; x_wconf 81' lang='grc' dir='ltr'><strong>ἡμεῖς</strong></span> <span class='ocrx_word' id='word_1_12' title='bbox 1042 473 1299 546; x_wconf 79' lang='grc' dir='ltr'><strong>ἀρχιερέα</strong></span> <span class='ocrx_word' id='word_1_13' title='bbox 1330 475 1500 546; x_wconf 80' lang='grc' dir='ltr'>μέγαν</span> <span class='ocrx_word' id='word_1_14' title='bbox 1531 476 1839 548; x_wconf 83' lang='grc' dir='ltr'>διεληλυοὸτ</span> 
     </span>
    </p>
   </div>
   <div class='ocr_carea' id='block_1_3' title="bbox 1939 466 3537 559">
    <p class='ocr_par' dir='ltr' id='par_1_3' title="bbox 1939 479 3537 559">
     <span class='ocr_line' id='line_1_3' title="bbox 1939 479 3537 559; baseline 0.01 -27"><span class='ocrx_word' id='word_1_15' title='bbox 1939 499 1951 540; x_wconf 61' lang='grc' dir='ltr'><strong>ι</strong></span> <span class='ocrx_word' id='word_1_16' title='bbox 1981 479 2112 533; x_wconf 86' lang='lat' dir='ltr'><strong>illud</strong></span> <span class='ocrx_word' id='word_1_17' title='bbox 2139 481 2410 547; x_wconf 80' lang='grc' dir='ltr'>αὐτόθεος,</span> <span class='ocrx_word' id='word_1_18' title='bbox 2458 485 2567 553; x_wconf 85' lang='lat' dir='ltr'><strong>ipse</strong></span> <span class='ocrx_word' id='word_1_19' title='bbox 2600 486 2739 539; x_wconf 86' lang='lat' dir='ltr'><strong>Deus</strong></span> <span class='ocrx_word' id='word_1_20' title='bbox 2766 484 2874 559; x_wconf 85' lang='lat' dir='ltr'><strong>(b);</strong></span> <span class='ocrx_word' id='word_1_21' title='bbox 2906 488 3019 543; x_wconf 82' lang='lat' dir='ltr'><strong>sive</strong></span> <span class='ocrx_word' id='word_1_22' title='bbox 3043 489 3185 558; x_wconf 90' lang='lat' dir='ltr'><strong>quod</strong></span> <span class='ocrx_word' id='word_1_23' title='bbox 3225 490 3354 547; x_wconf 83' lang='lat' dir='ltr'><strong>alibi</strong></span> <span class='ocrx_word' id='word_1_24' title='bbox 3383 493 3537 557; x_wconf 88' lang='lat' dir='ltr'><strong>dicit,</strong></span> 
     </span>
    </p>
   </div>
   <div class='ocr_carea' id='block_1_4' title="bbox 310 558 1877 642">
    <p class='ocr_par' dir='ltr' id='par_1_4' title="bbox 310 558 1877 642">
     <span class='ocr_line' id='line_1_4' title="bbox 310 558 1877 642; baseline 0.008 -31"><span class='ocrx_word' id='word_1_25' title='bbox 310 558 436 621; x_wconf 76' lang='grc' dir='ltr'>τοὺς</span> <span class='ocrx_word' id='word_1_26' title='bbox 464 560 744 630; x_wconf 74' lang='grc' dir='ltr'>οὐρανοὺς,</span> <span class='ocrx_word' id='word_1_27' title='bbox 787 562 992 633; x_wconf 79' lang='grc' dir='ltr'><strong>Ἰησοῦν</strong></span> <span class='ocrx_word' id='word_1_28' title='bbox 1021 564 1112 618; x_wconf 83' lang='grc' dir='ltr'><strong>τὸν</strong></span> <span class='ocrx_word' id='word_1_29' title='bbox 1139 565 1263 619; x_wconf 83' lang='grc' dir='ltr'>Υἰὸν</span> <span class='ocrx_word' id='word_1_30' title='bbox 1296 564 1386 619; x_wconf 84' lang='grc' dir='ltr'>τοῦ</span> <span class='ocrx_word' id='word_1_31' title='bbox 1416 567 1570 622; x_wconf 81' lang='grc' dir='ltr'>Θεοῦ·</span> <span class='ocrx_word' id='word_1_32' title='bbox 1600 565 1660 624; x_wconf 74' lang='grc' dir='ltr'><strong>οὗ</strong></span> <span class='ocrx_word' id='word_1_33' title='bbox 1686 570 1752 624; x_wconf 84' lang='grc' dir='ltr'>τὰ</span> <span class='ocrx_word' id='word_1_34' title='bbox 1779 571 1877 642; x_wconf 78' lang='grc' dir='ltr'>μὲν</span> 
     </span>
    </p>
   </div>
   <div class='ocr_carea' id='block_1_5' title="bbox 309 650 1876 735">
    <p class='ocr_par' dir='ltr' id='par_1_5' title="bbox 309 650 1876 735">
     <span class='ocr_line' id='line_1_5' title="bbox 309 650 1876 735; baseline 0.01 -33"><span class='ocrx_word' id='word_1_35' title='bbox 309 650 569 705; x_wconf 81' lang='grc' dir='ltr'><strong>ἀνωτάτω</strong></span> <span class='ocrx_word' id='word_1_36' title='bbox 590 654 685 706; x_wconf 75' lang='grc' dir='ltr'><strong>καὶ</strong></span> <span class='ocrx_word' id='word_1_37' title='bbox 717 658 985 725; x_wconf 80' lang='grc' dir='ltr'>κορυφαῖα</span> <span class='ocrx_word' id='word_1_38' title='bbox 1013 657 1110 727; x_wconf 82' lang='grc' dir='ltr'><strong>τῆς</strong></span> <span class='ocrx_word' id='word_1_39' title='bbox 1137 656 1389 728; x_wconf 81' lang='grc' dir='ltr'><strong>θεότητος</strong></span> <span class='ocrx_word' id='word_1_40' title='bbox 1416 660 1670 716; x_wconf 75' lang='grc' dir='ltr'>ἐπέκεινα</span> <span class='ocrx_word' id='word_1_41' title='bbox 1696 664 1876 735; x_wconf 81' lang='grc' dir='ltr'><strong>πάσης</strong></span> 
     </span>
    </p>
   </div>
   <div class='ocr_carea' id='block_1_6' title="bbox 309 742 1874 825">
    <p class='ocr_par' dir='ltr' id='par_1_6' title="bbox 309 742 1874 825">
     <span class='ocr_line' id='line_1_6' title="bbox 309 742 1874 825; baseline 0.01 -31"><span class='ocrx_word' id='word_1_42' title='bbox 309 742 537 808; x_wconf 83' lang='grc' dir='ltr'><strong>κτίσεως</strong></span> <span class='ocrx_word' id='word_1_43' title='bbox 583 744 859 816; x_wconf 81' lang='grc' dir='ltr'><strong>διήκοντα,</strong></span> <span class='ocrx_word' id='word_1_44' title='bbox 904 746 1218 818; x_wconf 79' lang='grc' dir='ltr'>καλύμματι</span> <span class='ocrx_word' id='word_1_45' title='bbox 1267 751 1529 822; x_wconf 79' lang='grc' dir='ltr'>πατρικῷ</span> <span class='ocrx_word' id='word_1_46' title='bbox 1559 754 1658 825; x_wconf 82' lang='grc' dir='ltr'><strong>τῆς</strong></span> <span class='ocrx_word' id='word_1_47' title='bbox 1693 754 1874 809; x_wconf 80' lang='grc' dir='ltr'>ὲνθέου</span> 
     </span>
    </p>
   </div>
   <div class='ocr_carea' id='block_1_7' title="bbox 306 831 1868 910">
    <p class='ocr_par' dir='ltr' id='par_1_7' title="bbox 306 831 1868 910">
     <span class='ocr_line' id='line_1_7' title="bbox 306 831 1868 910; baseline 0.015 -26"><span class='ocrx_word' id='word_1_48' title='bbox 306 831 605 904; x_wconf 81' lang='grc' dir='ltr'>ἀῖδιότητος</span> <span class='ocrx_word' id='word_1_49' title='bbox 646 836 742 890; x_wconf 76' lang='grc' dir='ltr'><strong>καὶ</strong></span> <span class='ocrx_word' id='word_1_50' title='bbox 787 838 1106 910; x_wconf 81' lang='grc' dir='ltr'>ἀγεννησίας</span> <span class='ocrx_word' id='word_1_51' title='bbox 1158 842 1609 909; x_wconf 82' lang='grc' dir='ltr'>ὲπικαλύπτεται.</span> <span class='ocrx_word' id='word_1_52' title='bbox 1639 849 1689 904; x_wconf 92' lang='lat' dir='ltr'><strong>id</strong></span> <span class='ocrx_word' id='word_1_53' title='bbox 1739 858 1868 906; x_wconf 86' lang='lat' dir='ltr'><strong>est:</strong></span> 
     </span>
    </p>
   </div>
   <div class='ocr_carea' id='block_1_8' title="bbox 308 923 1871 1012">
    <p class='ocr_par' dir='ltr' id='par_1_8' title="bbox 308 923 1871 1012">
     <span class='ocr_line' id='line_1_8' title="bbox 308 923 1871 1012; baseline 0.014 -35"><span class='ocrx_word' id='word_1_54' title='bbox 308 923 450 991; x_wconf 85' lang='lat' dir='ltr'><strong>Quia</strong></span> <span class='ocrx_word' id='word_1_55' title='bbox 485 926 736 983; x_wconf 79' lang='lat' dir='ltr'><strong>habemus</strong></span> <span class='ocrx_word' id='word_1_56' title='bbox 763 940 813 984; x_wconf 88' lang='lat' dir='ltr'><strong>et</strong></span> <span class='ocrx_word' id='word_1_57' title='bbox 844 948 938 986; x_wconf 88' lang='lat' dir='ltr'><strong>nos</strong></span> <span class='ocrx_word' id='word_1_58' title='bbox 964 932 1276 1002; x_wconf 82' lang='lat' dir='ltr'><strong>Ponti/icth</strong></span> <span class='ocrx_word' id='word_1_59' title='bbox 1308 952 1574 1006; x_wconf 75' lang='lat' dir='ltr'><strong>magnum,</strong></span> <span class='ocrx_word' id='word_1_60' title='bbox 1605 944 1694 1012; x_wconf 89' lang='lat' dir='ltr'><strong>qui</strong></span> <span class='ocrx_word' id='word_1_61' title='bbox 1718 945 1871 999; x_wconf 68' lang='lat' dir='ltr'><strong>caelos</strong></span> 
     </span>
    </p>
   </div>
   <div class='ocr_carea' id='block_1_9' title="bbox 304 1018 1872 1103">
    <p class='ocr_par' dir='ltr' id='par_1_9' title="bbox 304 1018 1872 1103">
     <span class='ocr_line' id='line_1_9' title="bbox 304 1018 1872 1103; baseline 0.015 -35"><span class='ocrx_word' id='word_1_62' title='bbox 304 1018 613 1082; x_wconf 77' lang='lat' dir='ltr'><strong>prteterivit,</strong></span> <span class='ocrx_word' id='word_1_63' title='bbox 637 1018 817 1075; x_wconf 72' lang='lat' dir='ltr'><strong>Iesum</strong></span> <span class='ocrx_word' id='word_1_64' title='bbox 837 1021 887 1074; x_wconf 87' lang='lat' dir='ltr'><em>F</em></span> <span class='ocrx_word' id='word_1_65' title='bbox 890 1024 1039 1079; x_wconf 89' lang='lat' dir='ltr'><strong>ilium</strong></span> <span class='ocrx_word' id='word_1_66' title='bbox 1059 1025 1178 1091; x_wconf 91' lang='lat' dir='ltr'><strong>Dei,</strong></span> <span class='ocrx_word' id='word_1_67' title='bbox 1201 1031 1353 1098; x_wconf 86' lang='lat' dir='ltr'><strong>cujus</strong></span> <span class='ocrx_word' id='word_1_68' title='bbox 1382 1030 1608 1087; x_wconf 74' lang='lat' dir='ltr'><strong>Deitatis</strong></span> <span class='ocrx_word' id='word_1_69' title='bbox 1627 1051 1872 1103; x_wconf 79' lang='lat' dir='ltr'><strong>suprema</strong></span> 
     </span>
    </p>
   </div>
   <div class='ocr_carea' id='block_1_10' title="bbox 304 1116 1871 1197">
    <p class='ocr_par' dir='ltr' id='par_1_10' title="bbox 304 1116 1871 1197">
     <span class='ocr_line' id='line_1_10' title="bbox 304 1116 1871 1197; baseline 0.016 -38"><span class='ocrx_word' id='word_1_70' title='bbox 304 1116 356 1160; x_wconf 89' lang='lat' dir='ltr'><strong>et</strong></span> <span class='ocrx_word' id='word_1_71' title='bbox 388 1124 616 1175; x_wconf 88' lang='lat' dir='ltr'><strong>summa,</strong></span> <span class='ocrx_word' id='word_1_72' title='bbox 645 1129 807 1182; x_wconf 86' lang='lat' dir='ltr'><strong>supra</strong></span> <span class='ocrx_word' id='word_1_73' title='bbox 834 1131 1034 1171; x_wconf 89' lang='lat' dir='ltr'><strong>omnem</strong></span> <span class='ocrx_word' id='word_1_74' title='bbox 1064 1129 1364 1176; x_wconf 77' lang='lat' dir='ltr'><strong><em>creaturam</em></strong></span> <span class='ocrx_word' id='word_1_75' title='bbox 1397 1125 1752 1194; x_wconf 82' lang='lat' dir='ltr'><strong>pervadentia,</strong></span> <span class='ocrx_word' id='word_1_76' title='bbox 1773 1144 1871 1197; x_wconf 83' lang='lat' dir='ltr'><strong>pa-</strong></span> 
     </span>
    </p>
   </div>
   <div class='ocr_carea' id='block_1_11' title="bbox 306 1202 1869 1288">
    <p class='ocr_par' dir='ltr' id='par_1_11' title="bbox 306 1202 1869 1288">
     <span class='ocr_line' id='line_1_11' title="bbox 306 1202 1869 1288; baseline 0.017 -36"><span class='ocrx_word' id='word_1_77' title='bbox 306 1208 455 1254; x_wconf 87' lang='lat' dir='ltr'><strong>terno</strong></span> <span class='ocrx_word' id='word_1_78' title='bbox 487 1202 673 1259; x_wconf 70' lang='lat' dir='ltr'><strong>divinae</strong></span> <span class='ocrx_word' id='word_1_79' title='bbox 692 1208 1005 1264; x_wconf 71' lang='lat' dir='ltr'><strong>mternitatis</strong></span> <span class='ocrx_word' id='word_1_80' title='bbox 1026 1221 1074 1265; x_wconf 91' lang='lat' dir='ltr'><strong>et</strong></span> <span class='ocrx_word' id='word_1_81' title='bbox 1098 1213 1526 1274; x_wconf 82' lang='lat' dir='ltr'><strong>innascibilitatis</strong></span> <span class='ocrx_word' id='word_1_82' title='bbox 1553 1222 1869 1288; x_wconf 85' lang='lat' dir='ltr'><strong>operimento</strong></span> 
     </span>
    </p>
   </div>
   <div class='ocr_carea' id='block_1_12' title="bbox 303 1296 1866 1370">
    <p class='ocr_par' dir='ltr' id='par_1_12' title="bbox 303 1296 1866 1370">
     <span class='ocr_line' id='line_1_12' title="bbox 303 1296 1866 1370; baseline 0.017 -27"><span class='ocrx_word' id='word_1_83' title='bbox 303 1301 665 1363; x_wconf 86' lang='lat' dir='ltr'><strong>conteguntur.</strong></span> <span class='ocrx_word' id='word_1_84' title='bbox 696 1296 808 1353; x_wconf 86' lang='lat' dir='ltr'><strong>Sub</strong></span> <span class='ocrx_word' id='word_1_85' title='bbox 839 1300 953 1356; x_wconf 67' lang='lat' dir='ltr'><strong>haec</strong></span> <span class='ocrx_word' id='word_1_86' title='bbox 976 1312 1157 1360; x_wconf 90' lang='lat' dir='ltr'><strong>autem</strong></span> <span class='ocrx_word' id='word_1_87' title='bbox 1187 1307 1388 1364; x_wconf 90' lang='lat' dir='ltr'><strong>clarius</strong></span> <span class='ocrx_word' id='word_1_88' title='bbox 1423 1328 1435 1364; x_wconf 92' lang='lat'>:</span> <span class='ocrx_word' id='word_1_89' title='bbox 1484 1311 1540 1366; x_wconf 89' lang='lat'><strong>&#39;0</strong></span> <span class='ocrx_word' id='word_1_90' title='bbox 1570 1313 1627 1367; x_wconf 85' lang='grc' dir='ltr'>δὲ</span> <span class='ocrx_word' id='word_1_91' title='bbox 1655 1315 1745 1367; x_wconf 76' lang='grc' dir='ltr'>ἐπὶ</span> <span class='ocrx_word' id='word_1_92' title='bbox 1773 1316 1866 1370; x_wconf 81' lang='grc' dir='ltr'>τοῦ</span> 
     </span>
    </p>
   </div>
   <div class='ocr_carea' id='block_1_13' title="bbox 305 1382 1867 1475">
    <p class='ocr_par' dir='ltr' id='par_1_13' title="bbox 305 1382 1867 1475">
     <span class='ocr_line' id='line_1_13' title="bbox 305 1382 1867 1475; baseline 0.017 -43"><span class='ocrx_word' id='word_1_93' title='bbox 305 1382 553 1451; x_wconf 81' lang='grc' dir='ltr'>μετώπου</span> <span class='ocrx_word' id='word_1_94' title='bbox 597 1387 858 1457; x_wconf 82' lang='grc' dir='ltr'>στέφανος</span> <span class='ocrx_word' id='word_1_95' title='bbox 889 1391 987 1461; x_wconf 80' lang='grc' dir='ltr'><strong>τῆς</strong></span> <span class='ocrx_word' id='word_1_96' title='bbox 1027 1392 1208 1447; x_wconf 80' lang='grc' dir='ltr'>ἐνθέου</span> <span class='ocrx_word' id='word_1_97' title='bbox 1241 1398 1334 1450; x_wconf 78' lang='grc' dir='ltr'><strong>καὶ</strong></span> <span class='ocrx_word' id='word_1_98' title='bbox 1371 1405 1867 1475; x_wconf 79' lang='grc' dir='ltr'>παντοκράτορικῆς</span> 
     </span>
    </p>
   </div>
   <div class='ocr_carea' id='block_1_14' title="bbox 302 1471 1866 1565">
    <p class='ocr_par' dir='ltr' id='par_1_14' title="bbox 302 1471 1866 1565">
     <span class='ocr_line' id='line_1_14' title="bbox 302 1471 1866 1565; baseline 0.015 -41"><span class='ocrx_word' id='word_1_99' title='bbox 302 1471 571 1540; x_wconf 77' lang='grc' dir='ltr'>βασιλείας</span> <span class='ocrx_word' id='word_1_100' title='bbox 600 1494 662 1529; x_wconf 86' lang='grc' dir='ltr'><strong>τε</strong></span> <span class='ocrx_word' id='word_1_101' title='bbox 697 1479 790 1532; x_wconf 75' lang='grc' dir='ltr'><strong>καὶ</strong></span> <span class='ocrx_word' id='word_1_102' title='bbox 826 1479 1140 1548; x_wconf 82' lang='grc' dir='ltr'>δεσποτείας</span> <span class='ocrx_word' id='word_1_103' title='bbox 1167 1484 1355 1556; x_wconf 78' lang='grc' dir='ltr'><strong>ἐδήλου</strong></span> <span class='ocrx_word' id='word_1_104' title='bbox 1387 1471 1774 1562; x_wconf 77' lang='grc' dir='ltr'>προσηγορίαν,</span> <span class='ocrx_word' id='word_1_105' title='bbox 1798 1471 1866 1565; x_wconf 61' lang='grc' dir='ltr'>ἦν</span> 
     </span>
    </p>
   </div>
   <div class='ocr_carea' id='block_1_15' title="bbox 300 1562 1866 1650">
    <p class='ocr_par' dir='ltr' id='par_1_15' title="bbox 300 1562 1866 1650">
     <span class='ocr_line' id='line_1_15' title="bbox 300 1562 1866 1650; baseline 0.014 -34"><span class='ocrx_word' id='word_1_106' title='bbox 300 1562 445 1635; x_wconf 85' lang='grc' dir='ltr'>μόνῳ</span> <span class='ocrx_word' id='word_1_107' title='bbox 477 1565 556 1637; x_wconf 84' lang='grc' dir='ltr'>τῷ</span> <span class='ocrx_word' id='word_1_108' title='bbox 586 1570 881 1640; x_wconf 83' lang='grc' dir='ltr'>Μονογενεῖ</span> <span class='ocrx_word' id='word_1_109' title='bbox 899 1573 928 1625; x_wconf 84' lang='grc' dir='ltr'>ὁ</span> <span class='ocrx_word' id='word_1_110' title='bbox 954 1575 1211 1629; x_wconf 85' lang='grc' dir='ltr'>ἀνωτάτω</span> <span class='ocrx_word' id='word_1_111' title='bbox 1248 1578 1340 1632; x_wconf 75' lang='grc' dir='ltr'>καὶ</span> <span class='ocrx_word' id='word_1_112' title='bbox 1375 1580 1532 1650; x_wconf 79' lang='grc' dir='ltr'>μόνος</span> <span class='ocrx_word' id='word_1_113' title='bbox 1563 1582 1727 1636; x_wconf 86' lang='grc' dir='ltr'>αὐτοῦ</span> <span class='ocrx_word' id='word_1_114' title='bbox 1754 1562 1866 1638; x_wconf 82' lang='grc' dir='ltr'><strong>Πα-</strong></span> 
     </span>
    </p>
   </div>
   <div class='ocr_carea' id='block_1_16' title="bbox 295 1656 1863 1744">
    <p class='ocr_par' dir='ltr' id='par_1_16' title="bbox 295 1656 1863 1744">
     <span class='ocr_line' id='line_1_16' title="bbox 295 1656 1863 1744; baseline 0.016 -37"><span class='ocrx_word' id='word_1_115' title='bbox 295 1656 399 1727; x_wconf 80' lang='grc' dir='ltr'>τὴρ</span> <span class='ocrx_word' id='word_1_116' title='bbox 429 1658 762 1731; x_wconf 77' lang='grc' dir='ltr'>ἐδωρήσατο,</span> <span class='ocrx_word' id='word_1_117' title='bbox 795 1663 927 1717; x_wconf 83' lang='grc' dir='ltr'>Θεὸν</span> <span class='ocrx_word' id='word_1_118' title='bbox 974 1667 1069 1720; x_wconf 76' lang='grc' dir='ltr'>καὶ</span> <span class='ocrx_word' id='word_1_119' title='bbox 1115 1669 1318 1741; x_wconf 83' lang='grc' dir='ltr'>Κύριον</span> <span class='ocrx_word' id='word_1_120' title='bbox 1359 1673 1454 1726; x_wconf 82' lang='grc' dir='ltr'><strong>καὶ</strong></span> <span class='ocrx_word' id='word_1_121' title='bbox 1487 1674 1712 1744; x_wconf 84' lang='grc' dir='ltr'>βασιλέα</span> <span class='ocrx_word' id='word_1_122' title='bbox 1753 1677 1863 1732; x_wconf 86' lang='grc' dir='ltr'><strong>τῶν</strong></span> 
     </span>
    </p>
   </div>
   <div class='ocr_carea' id='block_1_17' title="bbox 294 1747 1856 1834">
    <p class='ocr_par' dir='ltr' id='par_1_17' title="bbox 294 1747 1856 1834">
     <span class='ocr_line' id='line_1_17' title="bbox 294 1747 1856 1834; baseline 0.016 -34"><span class='ocrx_word' id='word_1_123' title='bbox 294 1747 430 1803; x_wconf 87' lang='grc' dir='ltr'>ὂλων</span> <span class='ocrx_word' id='word_1_124' title='bbox 452 1751 609 1821; x_wconf 83' lang='grc' dir='ltr'>μόνον</span> <span class='ocrx_word' id='word_1_125' title='bbox 635 1755 797 1812; x_wconf 81' lang='grc' dir='ltr'>αὑτὸν</span> <span class='ocrx_word' id='word_1_126' title='bbox 828 1759 969 1827; x_wconf 89' lang='grc' dir='ltr'>μετά</span> <span class='ocrx_word' id='word_1_127' title='bbox 999 1776 1063 1829; x_wconf 86' lang='grc' dir='ltr'>γε</span> <span class='ocrx_word' id='word_1_128' title='bbox 1092 1762 1283 1817; x_wconf 77' lang='grc' dir='ltr'>ἑαυτὸν</span> <span class='ocrx_word' id='word_1_129' title='bbox 1314 1766 1614 1834; x_wconf 79' lang='grc' dir='ltr'>ἀναδείξας,</span> <span class='ocrx_word' id='word_1_130' title='bbox 1648 1770 1699 1824; x_wconf 88' lang='lat' dir='ltr'><strong>id</strong></span> <span class='ocrx_word' id='word_1_131' title='bbox 1733 1779 1817 1827; x_wconf 89' lang='lat' dir='ltr'><strong>est</strong></span> <span class='ocrx_word' id='word_1_132' title='bbox 1842 1791 1856 1825; x_wconf 89' lang='lat'><strong>:</strong></span> 
     </span>
    </p>
   </div>
   <div class='ocr_carea' id='block_1_18' title="bbox 1976 571 3541 650">
    <p class='ocr_par' dir='ltr' id='par_1_18' title="bbox 1976 571 3541 650">
     <span class='ocr_line' id='line_1_18' title="bbox 1976 571 3541 650; baseline 0.012 -27"><span class='ocrx_word' id='word_1_133' title='bbox 1976 571 2224 642; x_wconf 71' lang='grc' dir='ltr'>ἀληθινὸς</span> <span class='ocrx_word' id='word_1_134' title='bbox 2245 573 2392 638; x_wconf 84' lang='grc' dir='ltr'>Θεός,</span> <span class='ocrx_word' id='word_1_135' title='bbox 2420 592 2568 631; x_wconf 85' lang='lat' dir='ltr'><strong>verus</strong></span> <span class='ocrx_word' id='word_1_136' title='bbox 2597 576 2772 640; x_wconf 85' lang='lat' dir='ltr'><strong>Deus;</strong></span> <span class='ocrx_word' id='word_1_137' title='bbox 2800 580 3007 634; x_wconf 72' lang='lat' dir='ltr'><strong>scilicet</strong></span> <span class='ocrx_word' id='word_1_138' title='bbox 3024 591 3334 650; x_wconf 88' lang='lat' dir='ltr'><strong>comparate</strong></span> <span class='ocrx_word' id='word_1_139' title='bbox 3359 585 3424 640; x_wconf 87' lang='lat' dir='ltr'><strong>ad</strong></span> <span class='ocrx_word' id='word_1_140' title='bbox 3444 585 3541 641; x_wconf 82' lang='lat' dir='ltr'><strong>lio-</strong></span> 
     </span>
    </p>
   </div>
   <div class='ocr_carea' id='block_1_19' title="bbox 1976 661 3539 744">
    <p class='ocr_par' dir='ltr' id='par_1_19' title="bbox 1976 661 3539 744">
     <span class='ocr_line' id='line_1_19' title="bbox 1976 661 3539 744; baseline 0.012 -32"><span class='ocrx_word' id='word_1_141' title='bbox 1976 661 2172 724; x_wconf 88' lang='lat' dir='ltr'><strong>mines,</strong></span> <span class='ocrx_word' id='word_1_142' title='bbox 2203 663 2294 731; x_wconf 87' lang='lat' dir='ltr'><strong>qui</strong></span> <span class='ocrx_word' id='word_1_143' title='bbox 2319 664 2611 735; x_wconf 84' lang='lat' dir='ltr'><strong>aliquando</strong></span> <span class='ocrx_word' id='word_1_144' title='bbox 2644 668 2717 721; x_wconf 87' lang='lat' dir='ltr'><strong>dii</strong></span> <span class='ocrx_word' id='word_1_145' title='bbox 2751 669 3126 738; x_wconf 76' lang='lat' dir='ltr'><strong>appellantur:</strong></span> <span class='ocrx_word' id='word_1_146' title='bbox 3163 684 3288 727; x_wconf 89' lang='lat' dir='ltr'><strong>nam</strong></span> <span class='ocrx_word' id='word_1_147' title='bbox 3314 688 3539 744; x_wconf 88' lang='lat' dir='ltr'><strong>compa-</strong></span> 
     </span>
    </p>
   </div>
   <div class='ocr_carea' id='block_1_20' title="bbox 1974 753 3538 829">
    <p class='ocr_par' dir='ltr' id='par_1_20' title="bbox 1974 753 3538 829">
     <span class='ocr_line' id='line_1_20' title="bbox 1974 753 3538 829; baseline 0.011 -24"><span class='ocrx_word' id='word_1_148' title='bbox 1974 760 2093 808; x_wconf 90' lang='lat' dir='ltr'><strong>rate</strong></span> <span class='ocrx_word' id='word_1_149' title='bbox 2126 754 2191 807; x_wconf 90' lang='lat' dir='ltr'><strong>ad</strong></span> <span class='ocrx_word' id='word_1_150' title='bbox 2220 753 2457 821; x_wconf 81' lang='lat' dir='ltr'><strong>Patrem,</strong></span> <span class='ocrx_word' id='word_1_151' title='bbox 2492 757 2605 813; x_wconf 91' lang='lat' dir='ltr'><strong>sive</strong></span> <span class='ocrx_word' id='word_1_152' title='bbox 2636 758 2803 814; x_wconf 92' lang='lat' dir='ltr'><strong>Deum</strong></span> <span class='ocrx_word' id='word_1_153' title='bbox 2837 761 3239 829; x_wconf 82' lang='lat' dir='ltr'><strong>universorum,</strong></span> <span class='ocrx_word' id='word_1_154' title='bbox 3274 781 3382 820; x_wconf 92' lang='lat' dir='ltr'><strong>non</strong></span> <span class='ocrx_word' id='word_1_155' title='bbox 3412 782 3538 823; x_wconf 88' lang='lat' dir='ltr'><strong>vere</strong></span> 
     </span>
    </p>
   </div>
   <div class='ocr_carea' id='block_1_21' title="bbox 1972 845 3538 915">
    <p class='ocr_par' dir='ltr' id='par_1_21' title="bbox 1972 845 3538 915">
     <span class='ocr_line' id='line_1_21' title="bbox 1972 845 3538 915; baseline 0.011 -18"><span class='ocrx_word' id='word_1_156' title='bbox 1972 850 2024 898; x_wconf 88' lang='lat' dir='ltr'><strong>et</strong></span> <span class='ocrx_word' id='word_1_157' title='bbox 2052 845 2269 915; x_wconf 86' lang='lat' dir='ltr'><strong>proprie</strong></span> <span class='ocrx_word' id='word_1_158' title='bbox 2296 846 2439 905; x_wconf 89' lang='lat' dir='ltr'><strong>Deus</strong></span> <span class='ocrx_word' id='word_1_159' title='bbox 2468 848 2691 915; x_wconf 92' lang='lat' dir='ltr'><strong>dicitur,</strong></span> <span class='ocrx_word' id='word_1_160' title='bbox 2727 853 3026 909; x_wconf 89' lang='lat' dir='ltr'><strong>secundum</strong></span> <span class='ocrx_word' id='word_1_161' title='bbox 3067 854 3284 913; x_wconf 86' lang='lat' dir='ltr'><strong>Eusebii</strong></span> <span class='ocrx_word' id='word_1_162' title='bbox 3315 868 3538 915; x_wconf 66' lang='lat' dir='ltr'><strong>senteno</strong></span> 
     </span>
    </p>
   </div>
   <div class='ocr_carea' id='block_1_22' title="bbox 1974 946 2122 990">
    <p class='ocr_par' dir='ltr' id='par_1_22' title="bbox 1974 946 2122 990">
     <span class='ocr_line' id='line_1_22' title="bbox 1974 946 2122 990; baseline 0 -1"><span class='ocrx_word' id='word_1_163' title='bbox 1974 946 2122 990; x_wconf 67' lang='grc' dir='ltr'>ιιθιη.</span> 
     </span>
    </p>
   </div>
   <div class='ocr_carea' id='block_1_23' title="bbox 1970 1049 3534 1170">
    <p class='ocr_par' dir='ltr' id='par_1_23' title="bbox 1970 1049 3534 1170">
     <span class='ocr_line' id='line_1_23' title="bbox 1970 1049 3534 1170; baseline 0.014 -72"><span class='ocrx_word' id='word_1_164' title='bbox 1970 1049 2029 1099; x_wconf 75' lang='grc' dir='ltr'><strong>Χ.</strong></span> <span class='ocrx_word' id='word_1_165' title='bbox 2053 1049 2205 1110; x_wconf 81' lang='lat' dir='ltr'><strong>Quam</strong></span> <span class='ocrx_word' id='word_1_166' title='bbox 2227 1052 2430 1104; x_wconf 80' lang='lat' dir='ltr'><strong>adversa</strong></span> <span class='ocrx_word' id='word_1_167' title='bbox 2454 1056 2634 1107; x_wconf 85' lang='lat' dir='ltr'><strong>rationi</strong></span> <span class='ocrx_word' id='word_1_168' title='bbox 2664 1062 2718 1169; x_wconf 52' lang='lat' dir='ltr'><strong>Et</strong></span> <span class='ocrx_word' id='word_1_169' title='bbox 2739 1060 3007 1170; x_wconf 58' lang='lat' dir='ltr'><strong>gritscorum</strong></span> <span class='ocrx_word' id='word_1_170' title='bbox 3045 1063 3246 1115; x_wconf 82' lang='lat' dir='ltr'><strong>Patrum</strong></span> <span class='ocrx_word' id='word_1_171' title='bbox 3269 1067 3534 1120; x_wconf 66' lang='lat' dir='ltr'><strong>sententias</strong></span> 
     </span>
     <span class='ocr_line' id='line_1_24' title="bbox 2687 1135 2841 1170; baseline 0.013 -2"><span class='ocrx_word' id='word_1_172' title='bbox 2687 1135 2736 1169; x_wconf 89' lang='lat' dir='ltr'><strong>ra</strong></span> <span class='ocrx_word' id='word_1_173' title='bbox 2772 1136 2798 1169; x_wconf 88' lang='lat' dir='ltr'><strong>a</strong></span> <span class='ocrx_word' id='word_1_174' title='bbox 2829 1158 2841 1170; x_wconf 85' lang='lat'><strong>.</strong></span> 
     </span>
    </p>
   </div>
   <div class='ocr_carea' id='block_1_24' title="bbox 2687 1135 2841 1170">
    <p class='ocr_par' dir='ltr' id='par_1_24' title="bbox 2687 1135 2841 1170">
     <span class='ocr_line' id='line_1_25' title="bbox 2687 1135 2841 1170; baseline 0.013 -2"><span class='ocrx_word' id='word_1_175' title='bbox 2687 1135 2841 1170; x_wconf 83' lang='lat' dir='ltr'><strong>radat.</strong></span> 
     </span>
    </p>
   </div>
   <div class='ocr_carea' id='block_1_25' title="bbox 2041 1192 3532 1279">
    <p class='ocr_par' dir='ltr' id='par_1_25' title="bbox 2041 1192 3532 1279">
     <span class='ocr_line' id='line_1_26' title="bbox 2041 1192 3532 1279; baseline 0.015 -30"><span class='ocrx_word' id='word_1_176' title='bbox 2041 1192 2132 1251; x_wconf 88' lang='lat' dir='ltr'><strong>Sic</strong></span> <span class='ocrx_word' id='word_1_177' title='bbox 2162 1196 2251 1254; x_wconf 90' lang='lat' dir='ltr'><strong>ille</strong></span> <span class='ocrx_word' id='word_1_178' title='bbox 2279 1214 2347 1255; x_wconf 90' lang='lat' dir='ltr'><strong>ne</strong></span> <span class='ocrx_word' id='word_1_179' title='bbox 2365 1200 2503 1257; x_wconf 91' lang='lat' dir='ltr'><strong>duos</strong></span> <span class='ocrx_word' id='word_1_180' title='bbox 2533 1202 2666 1261; x_wconf 90' lang='lat' dir='ltr'><strong>deos</strong></span> <span class='ocrx_word' id='word_1_181' title='bbox 2695 1205 2877 1263; x_wconf 83' lang='lat' dir='ltr'><strong>dicere</strong></span> <span class='ocrx_word' id='word_1_182' title='bbox 2901 1218 3146 1279; x_wconf 79' lang='lat' dir='ltr'><strong>cogatur,</strong></span> <span class='ocrx_word' id='word_1_183' title='bbox 3177 1209 3369 1267; x_wconf 89' lang='lat' dir='ltr'><strong>Filium</strong></span> <span class='ocrx_word' id='word_1_184' title='bbox 3406 1230 3532 1271; x_wconf 89' lang='lat' dir='ltr'><strong>vere</strong></span> 
     </span>
    </p>
   </div>
   <div class='ocr_carea' id='block_1_26' title="bbox 1968 1286 3531 1376">
    <p class='ocr_par' dir='ltr' id='par_1_26' title="bbox 1968 1286 3531 1376">
     <span class='ocr_line' id='line_1_27' title="bbox 1968 1286 3531 1376; baseline 0.013 -36"><span class='ocrx_word' id='word_1_185' title='bbox 1968 1286 2135 1342; x_wconf 91' lang='lat' dir='ltr'><strong>Deum</strong></span> <span class='ocrx_word' id='word_1_186' title='bbox 2166 1305 2289 1346; x_wconf 91' lang='lat' dir='ltr'><strong>esse</strong></span> <span class='ocrx_word' id='word_1_187' title='bbox 2314 1300 2492 1364; x_wconf 85' lang='lat' dir='ltr'><strong>negat,</strong></span> <span class='ocrx_word' id='word_1_188' title='bbox 2530 1293 2942 1367; x_wconf 85' lang='lat' dir='ltr'><strong>Evangeliorum</strong></span> <span class='ocrx_word' id='word_1_189' title='bbox 2973 1301 3117 1355; x_wconf 89' lang='lat' dir='ltr'><strong>dicta</strong></span> <span class='ocrx_word' id='word_1_190' title='bbox 3152 1303 3476 1376; x_wconf 80' lang='lat' dir='ltr'><strong>distorquet,</strong></span> <span class='ocrx_word' id='word_1_191' title='bbox 3500 1322 3531 1360; x_wconf 88' lang='lat' dir='ltr'><strong>a</strong></span> 
     </span>
    </p>
   </div>
   <div class='ocr_carea' id='block_1_27' title="bbox 1967 1379 3529 1456">
    <p class='ocr_par' dir='ltr' id='par_1_27' title="bbox 1967 1379 3529 1456">
     <span class='ocr_line' id='line_1_28' title="bbox 1967 1379 3529 1456; baseline 0.012 -24"><span class='ocrx_word' id='word_1_192' title='bbox 1967 1379 2269 1448; x_wconf 90' lang='lat' dir='ltr'><strong>priscorum</strong></span> <span class='ocrx_word' id='word_1_193' title='bbox 2284 1381 2504 1438; x_wconf 86' lang='lat' dir='ltr'><strong>Patrum</strong></span> <span class='ocrx_word' id='word_1_194' title='bbox 2524 1384 2771 1442; x_wconf 87' lang='lat' dir='ltr'><strong>doctrina</strong></span> <span class='ocrx_word' id='word_1_195' title='bbox 2787 1389 3036 1456; x_wconf 87' lang='lat' dir='ltr'><strong>discedit,</strong></span> <span class='ocrx_word' id='word_1_196' title='bbox 3054 1400 3107 1448; x_wconf 89' lang='lat' dir='ltr'><strong>et</strong></span> <span class='ocrx_word' id='word_1_197' title='bbox 3121 1393 3187 1448; x_wconf 91' lang='lat' dir='ltr'><strong>ad</strong></span> <span class='ocrx_word' id='word_1_198' title='bbox 3203 1394 3529 1452; x_wconf 81' lang='lat' dir='ltr'><strong>Arianorum</strong></span> 
     </span>
    </p>
   </div>
   <div class='ocr_carea' id='block_1_28' title="bbox 1964 1470 3528 1549">
    <p class='ocr_par' dir='ltr' id='par_1_28' title="bbox 1964 1470 3528 1549">
     <span class='ocr_line' id='line_1_29' title="bbox 1964 1470 3528 1549; baseline 0.014 -30"><span class='ocrx_word' id='word_1_199' title='bbox 1964 1475 2146 1534; x_wconf 85' lang='lat' dir='ltr'><strong>partes</strong></span> <span class='ocrx_word' id='word_1_200' title='bbox 2161 1470 2389 1528; x_wconf 81' lang='lat' dir='ltr'><strong>accedit.</strong></span> <span class='ocrx_word' id='word_1_201' title='bbox 2402 1470 2538 1528; x_wconf 86' lang='lat' dir='ltr'><strong>Nam</strong></span> <span class='ocrx_word' id='word_1_202' title='bbox 2558 1484 2617 1529; x_wconf 92' lang='lat' dir='ltr'><strong>ut</strong></span> <span class='ocrx_word' id='word_1_203' title='bbox 2634 1477 2925 1549; x_wconf 78' lang='lat' dir='ltr'><strong>Evangelia</strong></span> <span class='ocrx_word' id='word_1_204' title='bbox 2945 1487 3055 1537; x_wconf 87' lang='lat' dir='ltr'><strong>tres</strong></span> <span class='ocrx_word' id='word_1_205' title='bbox 3075 1497 3197 1539; x_wconf 78' lang='lat' dir='ltr'><strong>esse</strong></span> <span class='ocrx_word' id='word_1_206' title='bbox 3216 1486 3271 1539; x_wconf 89' lang='lat' dir='ltr'><strong>in</strong></span> <span class='ocrx_word' id='word_1_207' title='bbox 3293 1501 3401 1541; x_wconf 91' lang='lat' dir='ltr'><strong>uno</strong></span> <span class='ocrx_word' id='word_1_208' title='bbox 3419 1486 3528 1541; x_wconf 88' lang='lat' dir='ltr'><strong>Deo</strong></span> 
     </span>
    </p>
   </div>
   <div class='ocr_carea' id='block_1_29' title="bbox 1962 1562 3524 1635">
    <p class='ocr_par' dir='ltr' id='par_1_29' title="bbox 1962 1562 3524 1635">
     <span class='ocr_line' id='line_1_30' title="bbox 1962 1562 3524 1635; baseline 0.015 -24"><span class='ocrx_word' id='word_1_209' title='bbox 1962 1572 2227 1627; x_wconf 73' lang='lat' dir='ltr'><strong>personas</strong></span> <span class='ocrx_word' id='word_1_210' title='bbox 2249 1562 2394 1619; x_wconf 90' lang='lat' dir='ltr'><strong>clare</strong></span> <span class='ocrx_word' id='word_1_211' title='bbox 2425 1563 2696 1634; x_wconf 89' lang='lat' dir='ltr'><strong>indicant;</strong></span> <span class='ocrx_word' id='word_1_212' title='bbox 2731 1569 2806 1623; x_wconf 88' lang='lat' dir='ltr'><strong>ita</strong></span> <span class='ocrx_word' id='word_1_213' title='bbox 2843 1571 3107 1628; x_wconf 90' lang='lat' dir='ltr'><strong>rationem</strong></span> <span class='ocrx_word' id='word_1_214' title='bbox 3138 1574 3231 1631; x_wconf 89' lang='lat' dir='ltr'><strong>Dei</strong></span> <span class='ocrx_word' id='word_1_215' title='bbox 3264 1575 3319 1631; x_wconf 88' lang='lat' dir='ltr'><strong>in</strong></span> <span class='ocrx_word' id='word_1_216' title='bbox 3351 1578 3524 1635; x_wconf 89' lang='lat' dir='ltr'><strong>tribus</strong></span> 
     </span>
    </p>
   </div>
   <div class='ocr_carea' id='block_1_30' title="bbox 1964 1655 3523 1738">
    <p class='ocr_par' dir='ltr' id='par_1_30' title="bbox 1964 1655 3523 1738">
     <span class='ocr_line' id='line_1_31' title="bbox 1964 1655 3523 1738; baseline 0.013 -34"><span class='ocrx_word' id='word_1_217' title='bbox 1964 1666 2125 1706; x_wconf 88' lang='lat' dir='ltr'><strong>unam</strong></span> <span class='ocrx_word' id='word_1_218' title='bbox 2146 1660 2200 1709; x_wconf 91' lang='lat' dir='ltr'><strong>et</strong></span> <span class='ocrx_word' id='word_1_219' title='bbox 2220 1655 2462 1710; x_wconf 84' lang='lat' dir='ltr'><strong>eamdem</strong></span> <span class='ocrx_word' id='word_1_220' title='bbox 2487 1673 2614 1713; x_wconf 89' lang='lat' dir='ltr'><strong>esse</strong></span> <span class='ocrx_word' id='word_1_221' title='bbox 2641 1658 2871 1716; x_wconf 88' lang='lat' dir='ltr'><strong>docent:</strong></span> <span class='ocrx_word' id='word_1_222' title='bbox 2892 1663 3115 1719; x_wconf 91' lang='lat' dir='ltr'><strong>stultum</strong></span> <span class='ocrx_word' id='word_1_223' title='bbox 3136 1668 3333 1738; x_wconf 89' lang='lat' dir='ltr'><strong>quippe</strong></span> <span class='ocrx_word' id='word_1_224' title='bbox 3357 1678 3442 1725; x_wconf 90' lang='lat' dir='ltr'><strong>est</strong></span> <span class='ocrx_word' id='word_1_225' title='bbox 3469 1671 3523 1725; x_wconf 92' lang='lat' dir='ltr'><strong>in</strong></span> 
     </span>
    </p>
   </div>
   <div class='ocr_carea' id='block_1_31' title="bbox 1962 1735 3528 1823">
    <p class='ocr_par' dir='ltr' id='par_1_31' title="bbox 1962 1735 3528 1823">
     <span class='ocr_line' id='line_1_32' title="bbox 1962 1735 3528 1823; baseline 0.016 -34"><span class='ocrx_word' id='word_1_226' title='bbox 1962 1735 2064 1791; x_wconf 85' lang='lat' dir='ltr'><strong>hoc</strong></span> <span class='ocrx_word' id='word_1_227' title='bbox 2092 1736 2317 1796; x_wconf 82' lang='lat' dir='ltr'><strong>Joannis</strong></span> <span class='ocrx_word' id='word_1_228' title='bbox 2333 1742 2498 1807; x_wconf 87' lang='lat' dir='ltr'><strong>dicto,</strong></span> <span class='ocrx_word' id='word_1_229' title='bbox 2528 1762 2567 1809; x_wconf 83' lang='grc' dir='ltr'>ι,</span> <span class='ocrx_word' id='word_1_230' title='bbox 2596 1746 2619 1800; x_wconf 80' lang='grc'><strong>1</strong></span> <span class='ocrx_word' id='word_1_231' title='bbox 2650 1766 2662 1801; x_wconf 93' lang='lat'>:</span> <span class='ocrx_word' id='word_1_232' title='bbox 2688 1746 2754 1802; x_wconf 87' lang='lat' dir='ltr'><strong>In</strong></span> <span class='ocrx_word' id='word_1_233' title='bbox 2774 1751 3029 1819; x_wconf 84' lang='lat' dir='ltr'><strong>principio</strong></span> <span class='ocrx_word' id='word_1_234' title='bbox 3052 1735 3168 1809; x_wconf 85' lang='lat' dir='ltr'><strong>erat</strong></span> <span class='ocrx_word' id='word_1_235' title='bbox 3211 1735 3452 1823; x_wconf 58' lang='lat' dir='ltr'><strong>Verbum,</strong></span> <span class='ocrx_word' id='word_1_236' title='bbox 3475 1769 3528 1816; x_wconf 86' lang='lat' dir='ltr'><strong>et</strong></span> 
     </span>
    </p>
   </div>
   <div class='ocr_carea' id='block_1_32' title="bbox 293 1822 3523 1924">
    <p class='ocr_par' dir='ltr' id='par_1_32' title="bbox 293 1822 3523 1924">
     <span class='ocr_line' id='line_1_33' title="bbox 293 1822 3523 1924; baseline 0.015 -33"><span class='ocrx_word' id='word_1_237' title='bbox 293 1837 504 1895; x_wconf 75' lang='lat' dir='ltr'><strong>Corona</strong></span> <span class='ocrx_word' id='word_1_238' title='bbox 529 1854 701 1899; x_wconf 88' lang='lat' dir='ltr'><strong>autem</strong></span> <span class='ocrx_word' id='word_1_239' title='bbox 727 1848 781 1902; x_wconf 88' lang='lat' dir='ltr'><strong>in</strong></span> <span class='ocrx_word' id='word_1_240' title='bbox 809 1822 982 1917; x_wconf 74' lang='lat' dir='ltr'><strong>fronte</strong></span> <span class='ocrx_word' id='word_1_241' title='bbox 1011 1822 1204 1920; x_wconf 63' lang='lat' dir='ltr'><strong>posita,</strong></span> <span class='ocrx_word' id='word_1_242' title='bbox 1227 1853 1393 1908; x_wconf 85' lang='lat' dir='ltr'><strong>divini</strong></span> <span class='ocrx_word' id='word_1_243' title='bbox 1417 1864 1466 1911; x_wconf 91' lang='lat' dir='ltr'><strong>et</strong></span> <span class='ocrx_word' id='word_1_244' title='bbox 1490 1822 1857 1924; x_wconf 58' lang='lat' dir='ltr'><strong>omnipotentis</strong></span> <span class='ocrx_word' id='word_1_245' title='bbox 1888 1836 1931 1892; x_wconf 75' lang='grc' dir='ltr'><strong>Β</strong></span> <span class='ocrx_word' id='word_1_246' title='bbox 1969 1822 2190 1924; x_wconf 45' lang='grc' dir='ltr'><strong>ἴενὺωη</strong></span> <span class='ocrx_word' id='word_1_247' title='bbox 2212 1838 2330 1924; x_wconf 49' lang='grc' dir='ltr'><strong>Μαί</strong></span> <span class='ocrx_word' id='word_1_248' title='bbox 2346 1832 2484 1924; x_wconf 50' lang='lat' dir='ltr'><strong><em>apud</em></strong></span> <span class='ocrx_word' id='word_1_249' title='bbox 2500 1832 2686 1924; x_wconf 60' lang='lat' dir='ltr'><strong>pwm’</strong></span> <span class='ocrx_word' id='word_1_250' title='bbox 2701 1849 2749 1891; x_wconf 63' lang='grc'><strong>⁸⁸</strong></span> <span class='ocrx_word' id='word_1_251' title='bbox 2765 1838 2902 1893; x_wconf 55' lang='lat' dir='ltr'><strong><em>Deus</em></strong></span> <span class='ocrx_word' id='word_1_252' title='bbox 2918 1852 3032 1896; x_wconf 53' lang='lat' dir='ltr'><strong>erat</strong></span> <span class='ocrx_word' id='word_1_253' title='bbox 3057 1843 3297 1912; x_wconf 62' lang='lat' dir='ltr'><strong>verbum’</strong></span> <span class='ocrx_word' id='word_1_254' title='bbox 3315 1848 3452 1904; x_wconf 65' lang='lat' dir='ltr'><strong>duas</strong></span> <span class='ocrx_word' id='word_1_255' title='bbox 3469 1858 3523 1905; x_wconf 53' lang='lat' dir='ltr'><strong>et</strong></span> 
     </span>
    </p>
   </div>
   <div class='ocr_carea' id='block_1_33' title="bbox 290 1934 1858 2020">
    <p class='ocr_par' dir='ltr' id='par_1_33' title="bbox 290 1934 1858 2020">
     <span class='ocr_line' id='line_1_34' title="bbox 290 1934 1858 2020; baseline 0.015 -35"><span class='ocrx_word' id='word_1_256' title='bbox 290 1934 437 2001; x_wconf 70' lang='lat' dir='ltr'><strong>regni</strong></span> <span class='ocrx_word' id='word_1_257' title='bbox 473 1952 536 1989; x_wconf 90' lang='lat' dir='ltr'><strong>ac</strong></span> <span class='ocrx_word' id='word_1_258' title='bbox 571 1936 793 1994; x_wconf 85' lang='lat' dir='ltr'><strong>dominii</strong></span> <span class='ocrx_word' id='word_1_259' title='bbox 832 1942 1233 2011; x_wconf 84' lang='lat' dir='ltr'><strong>appellationem</strong></span> <span class='ocrx_word' id='word_1_260' title='bbox 1263 1946 1539 2004; x_wconf 81' lang='lat' dir='ltr'><strong>declarat:</strong></span> <span class='ocrx_word' id='word_1_261' title='bbox 1562 1968 1719 2020; x_wconf 89' lang='lat' dir='ltr'><strong>quam</strong></span> <span class='ocrx_word' id='word_1_262' title='bbox 1757 1955 1858 2009; x_wconf 86' lang='lat' dir='ltr'><strong>soli</strong></span> 
     </span>
    </p>
   </div>
   <div class='ocr_carea' id='block_1_34' title="bbox 295 2018 1855 2111">
    <p class='ocr_par' dir='ltr' id='par_1_34' title="bbox 295 2018 1855 2111">
     <span class='ocr_line' id='line_1_35' title="bbox 295 2018 1855 2111; baseline 0.017 -37"><span class='ocrx_word' id='word_1_263' title='bbox 295 2018 574 2094; x_wconf 87' lang='lat' dir='ltr'><strong>Unigenito</strong></span> <span class='ocrx_word' id='word_1_264' title='bbox 592 2044 865 2097; x_wconf 85' lang='lat' dir='ltr'><strong>supremus</strong></span> <span class='ocrx_word' id='word_1_265' title='bbox 881 2040 931 2086; x_wconf 90' lang='lat' dir='ltr'><strong>et</strong></span> <span class='ocrx_word' id='word_1_266' title='bbox 952 2033 1095 2088; x_wconf 88' lang='lat' dir='ltr'><strong>solus</strong></span> <span class='ocrx_word' id='word_1_267' title='bbox 1112 2035 1224 2103; x_wconf 90' lang='lat' dir='ltr'><strong>ejus</strong></span> <span class='ocrx_word' id='word_1_268' title='bbox 1244 2036 1405 2093; x_wconf 86' lang='lat' dir='ltr'><strong>Pater</strong></span> <span class='ocrx_word' id='word_1_269' title='bbox 1420 2018 1652 2107; x_wconf 68' lang='lat' dir='ltr'><strong>donauit,</strong></span> <span class='ocrx_word' id='word_1_270' title='bbox 1666 2044 1855 2111; x_wconf 88' lang='lat' dir='ltr'><strong>Deum,</strong></span> 
     </span>
    </p>
   </div>
   <div class='ocr_carea' id='block_1_35' title="bbox 291 2112 1857 2203">
    <p class='ocr_par' dir='ltr' id='par_1_35' title="bbox 291 2112 1857 2203">
     <span class='ocr_line' id='line_1_36' title="bbox 291 2112 1857 2203; baseline 0.019 -38"><span class='ocrx_word' id='word_1_271' title='bbox 291 2112 579 2169; x_wconf 90' lang='lat' dir='ltr'><strong>Dominum</strong></span> <span class='ocrx_word' id='word_1_272' title='bbox 604 2126 655 2171; x_wconf 89' lang='lat' dir='ltr'><strong>et</strong></span> <span class='ocrx_word' id='word_1_273' title='bbox 678 2117 864 2189; x_wconf 84' lang='lat' dir='ltr'><strong>Regem</strong></span> <span class='ocrx_word' id='word_1_274' title='bbox 893 2123 1252 2179; x_wconf 83' lang='lat' dir='ltr'><strong>universon</strong></span> <span class='ocrx_word' id='word_1_275' title='bbox 1275 2130 1445 2184; x_wconf 89' lang='lat' dir='ltr'><strong>solum</strong></span> <span class='ocrx_word' id='word_1_276' title='bbox 1469 2133 1640 2201; x_wconf 85' lang='lat' dir='ltr'><strong>ipsum</strong></span> <span class='ocrx_word' id='word_1_277' title='bbox 1659 2147 1775 2203; x_wconf 88' lang='lat' dir='ltr'><strong>post</strong></span> <span class='ocrx_word' id='word_1_278' title='bbox 1801 2156 1857 2194; x_wconf 91' lang='lat' dir='ltr'><strong>se</strong></span> 
     </span>
    </p>
   </div>
   <div class='ocr_carea' id='block_1_36' title="bbox 290 2200 1853 2285">
    <p class='ocr_par' dir='ltr' id='par_1_36' title="bbox 290 2200 1853 2285">
     <span class='ocr_line' id='line_1_37' title="bbox 290 2200 1853 2285; baseline 0.02 -32"><span class='ocrx_word' id='word_1_279' title='bbox 290 2200 591 2260; x_wconf 88' lang='lat' dir='ltr'><strong>declarans.</strong></span> <span class='ocrx_word' id='word_1_280' title='bbox 626 2205 726 2263; x_wconf 89' lang='lat' dir='ltr'><strong>L&#39;hi</strong></span> <span class='ocrx_word' id='word_1_281' title='bbox 757 2209 908 2266; x_wconf 88' lang='lat' dir='ltr'><strong>vides</strong></span> <span class='ocrx_word' id='word_1_282' title='bbox 933 2226 998 2267; x_wconf 83' lang='lat' dir='ltr'><strong>ex</strong></span> <span class='ocrx_word' id='word_1_283' title='bbox 1019 2212 1270 2280; x_wconf 88' lang='lat' dir='ltr'><strong>Eusebio,</strong></span> <span class='ocrx_word' id='word_1_284' title='bbox 1298 2217 1517 2285; x_wconf 88' lang='lat' dir='ltr'><strong>Filium,</strong></span> <span class='ocrx_word' id='word_1_285' title='bbox 1547 2223 1640 2280; x_wconf 89' lang='lat' dir='ltr'><strong>Dei</strong></span> <span class='ocrx_word' id='word_1_286' title='bbox 1659 2200 1719 2282; x_wconf 24' lang='lat' dir='ltr'><strong>iet</strong></span> <span class='ocrx_word' id='word_1_287' title='bbox 1744 2228 1853 2284; x_wconf 89' lang='lat' dir='ltr'><strong>Do-</strong></span> 
     </span>
    </p>
   </div>
   <div class='ocr_carea' id='block_1_37' title="bbox 288 2294 1849 2389">
    <p class='ocr_par' dir='ltr' id='par_1_37' title="bbox 288 2294 1849 2389">
     <span class='ocr_line' id='line_1_38' title="bbox 288 2294 1849 2389; baseline 0.02 -43"><span class='ocrx_word' id='word_1_288' title='bbox 288 2294 419 2348; x_wconf 91' lang='lat' dir='ltr'><strong>mini</strong></span> <span class='ocrx_word' id='word_1_289' title='bbox 438 2298 846 2366; x_wconf 87' lang='lat' dir='ltr'><strong>appellationem</strong></span> <span class='ocrx_word' id='word_1_290' title='bbox 867 2318 933 2358; x_wconf 83' lang='lat' dir='ltr'><strong>ex</strong></span> <span class='ocrx_word' id='word_1_291' title='bbox 949 2305 1063 2359; x_wconf 86' lang='lat' dir='ltr'><strong>sola</strong></span> <span class='ocrx_word' id='word_1_292' title='bbox 1080 2306 1388 2378; x_wconf 79' lang='lat' dir='ltr'><strong>dignatione</strong></span> <span class='ocrx_word' id='word_1_293' title='bbox 1399 2311 1573 2373; x_wconf 87' lang='lat' dir='ltr'><strong>Patris</strong></span> <span class='ocrx_word' id='word_1_294' title='bbox 1584 2318 1849 2389; x_wconf 89' lang='lat' dir='ltr'><strong>obtinere,</strong></span> 
     </span>
    </p>
   </div>
   <div class='ocr_carea' id='block_1_38' title="bbox 287 2384 1849 2475">
    <p class='ocr_par' dir='ltr' id='par_1_38' title="bbox 287 2384 1849 2475">
     <span class='ocr_line' id='line_1_39' title="bbox 287 2384 1849 2475; baseline 0.02 -41"><span class='ocrx_word' id='word_1_295' title='bbox 287 2396 352 2435; x_wconf 90' lang='lat' dir='ltr'><strong>ac</strong></span> <span class='ocrx_word' id='word_1_296' title='bbox 379 2384 674 2440; x_wconf 88' lang='lat' dir='ltr'><strong>secundum</strong></span> <span class='ocrx_word' id='word_1_297' title='bbox 696 2403 725 2442; x_wconf 91' lang='lat' dir='ltr'><strong>a</strong></span> <span class='ocrx_word' id='word_1_298' title='bbox 754 2388 914 2447; x_wconf 86' lang='lat' dir='ltr'><strong>Patre</strong></span> <span class='ocrx_word' id='word_1_299' title='bbox 941 2392 1107 2449; x_wconf 87' lang='lat' dir='ltr'><strong>Deum</strong></span> <span class='ocrx_word' id='word_1_300' title='bbox 1131 2411 1272 2463; x_wconf 89' lang='lat' dir='ltr'><strong>esse,</strong></span> <span class='ocrx_word' id='word_1_301' title='bbox 1301 2415 1412 2469; x_wconf 90' lang='lat' dir='ltr'><strong>quo</strong></span> <span class='ocrx_word' id='word_1_302' title='bbox 1442 2407 1665 2475; x_wconf 88' lang='lat' dir='ltr'><strong>respicit</strong></span> <span class='ocrx_word' id='word_1_303' title='bbox 1686 2410 1849 2465; x_wconf 82' lang='lat' dir='ltr'><strong>etiam</strong></span> 
     </span>
    </p>
   </div>
   <div class='ocr_carea' id='block_1_39' title="bbox 285 2469 1851 2563">
    <p class='ocr_par' dir='ltr' id='par_1_39' title="bbox 285 2469 1851 2563">
     <span class='ocr_line' id='line_1_40' title="bbox 285 2469 1851 2563; baseline 0.021 -40"><span class='ocrx_word' id='word_1_304' title='bbox 285 2469 375 2526; x_wconf 89' lang='lat' dir='ltr'><strong>ille</strong></span> <span class='ocrx_word' id='word_1_305' title='bbox 387 2471 911 2536; x_wconf 84' lang='lat' dir='ltr'><strong>Commentariorum</strong></span> <span class='ocrx_word' id='word_1_306' title='bbox 931 2483 1164 2549; x_wconf 81' lang='lat' dir='ltr'><strong>iocus,in</strong></span> <span class='ocrx_word' id='word_1_307' title='bbox 1180 2502 1390 2560; x_wconf 80' lang='lat' dir='ltr'><strong>argum.</strong></span> <span class='ocrx_word' id='word_1_308' title='bbox 1408 2496 1543 2563; x_wconf 88' lang='lat' dir='ltr'><strong>psal.</strong></span> <span class='ocrx_word' id='word_1_309' title='bbox 1561 2512 1706 2553; x_wconf 78' lang='lat' dir='ltr'><strong>txxn</strong></span> <span class='ocrx_word' id='word_1_310' title='bbox 1722 2499 1851 2556; x_wconf 87' lang='lat' dir='ltr'><strong>Asa-</strong></span> 
     </span>
    </p>
   </div>
   <div class='ocr_carea' id='block_1_40' title="bbox 284 2561 1847 2650">
    <p class='ocr_par' dir='ltr' id='par_1_40' title="bbox 284 2561 1847 2650">
     <span class='ocr_line' id='line_1_41' title="bbox 284 2561 1847 2650; baseline 0.02 -36"><span class='ocrx_word' id='word_1_311' title='bbox 284 2561 401 2631; x_wconf 86' lang='lat' dir='ltr'><strong>pbi,</strong></span> <span class='ocrx_word' id='word_1_312' title='bbox 420 2573 474 2619; x_wconf 88' lang='lat' dir='ltr'><strong>et</strong></span> <span class='ocrx_word' id='word_1_313' title='bbox 489 2565 553 2619; x_wconf 85' lang='lat' dir='ltr'><strong>ad</strong></span> <span class='ocrx_word' id='word_1_314' title='bbox 576 2569 711 2637; x_wconf 86' lang='lat' dir='ltr'><strong>psal.</strong></span> <span class='ocrx_word' id='word_1_315' title='bbox 734 2585 768 2624; x_wconf 86' lang='lat' dir='ltr'><strong>x</strong></span> <span class='ocrx_word' id='word_1_316' title='bbox 788 2571 885 2625; x_wconf 87' lang='lat' dir='ltr'><strong>:Ac</strong></span> <span class='ocrx_word' id='word_1_317' title='bbox 902 2590 965 2628; x_wconf 85' lang='lat' dir='ltr'><strong>ne</strong></span> <span class='ocrx_word' id='word_1_318' title='bbox 990 2578 1107 2645; x_wconf 84' lang='lat' dir='ltr'><strong>quis</strong></span> <span class='ocrx_word' id='word_1_319' title='bbox 1139 2578 1200 2633; x_wconf 92' lang='lat' dir='ltr'><strong>ob</strong></span> <span class='ocrx_word' id='word_1_320' title='bbox 1218 2561 1555 2650; x_wconf 78' lang='lat' dir='ltr'><strong>monarcltite,</strong></span> <span class='ocrx_word' id='word_1_321' title='bbox 1569 2589 1676 2643; x_wconf 84' lang='lat' dir='ltr'><strong>sive</strong></span> <span class='ocrx_word' id='word_1_322' title='bbox 1691 2592 1847 2646; x_wconf 89' lang='lat' dir='ltr'><strong>unius</strong></span> 
     </span>
    </p>
   </div>
   <div class='ocr_carea' id='block_1_41' title="bbox 282 2654 1848 2739">
    <p class='ocr_par' dir='ltr' id='par_1_41' title="bbox 282 2654 1848 2739">
     <span class='ocr_line' id='line_1_42' title="bbox 282 2654 1848 2739; baseline 0.022 -34"><span class='ocrx_word' id='word_1_323' title='bbox 282 2654 525 2725; x_wconf 82' lang='lat' dir='ltr'><strong>principii</strong></span> <span class='ocrx_word' id='word_1_324' title='bbox 532 2696 547 2719; x_wconf 87' lang='lat'><strong>,</strong></span> <span class='ocrx_word' id='word_1_325' title='bbox 566 2660 819 2716; x_wconf 88' lang='lat' dir='ltr'><strong>rationem</strong></span> <span class='ocrx_word' id='word_1_326' title='bbox 835 2665 1153 2732; x_wconf 76' lang='lat' dir='ltr'><strong>turbaretur,</strong></span> <span class='ocrx_word' id='word_1_327' title='bbox 1174 2669 1442 2729; x_wconf 81' lang='lat' dir='ltr'><strong>Christum</strong></span> <span class='ocrx_word' id='word_1_328' title='bbox 1453 2676 1549 2732; x_wconf 89' lang='lat' dir='ltr'><strong>Dei</strong></span> <span class='ocrx_word' id='word_1_329' title='bbox 1563 2679 1726 2735; x_wconf 89' lang='lat' dir='ltr'><strong>Deum</strong></span> <span class='ocrx_word' id='word_1_330' title='bbox 1737 2700 1848 2739; x_wconf 89' lang='lat' dir='ltr'><strong>esse</strong></span> 
     </span>
    </p>
   </div>
   <div class='ocr_carea' id='block_1_42' title="bbox 282 2744 1847 2845">
    <p class='ocr_par' dir='ltr' id='par_1_42' title="bbox 282 2744 1847 2845">
     <span class='ocr_line' id='line_1_43' title="bbox 282 2744 1847 2845; baseline 0.02 -48"><span class='ocrx_word' id='word_1_331' title='bbox 282 2744 539 2811; x_wconf 83' lang='lat' dir='ltr'><strong>audiens;</strong></span> <span class='ocrx_word' id='word_1_332' title='bbox 563 2764 904 2821; x_wconf 82' lang='lat' dir='ltr'><strong>congruenter</strong></span> <span class='ocrx_word' id='word_1_333' title='bbox 917 2758 1000 2812; x_wconf 85' lang='lat' dir='ltr'><strong>hic</strong></span> <span class='ocrx_word' id='word_1_334' title='bbox 1019 2762 1210 2817; x_wconf 85' lang='lat' dir='ltr'><strong>multos</strong></span> <span class='ocrx_word' id='word_1_335' title='bbox 1226 2764 1349 2820; x_wconf 86' lang='lat' dir='ltr'><strong>deos</strong></span> <span class='ocrx_word' id='word_1_336' title='bbox 1367 2770 1599 2824; x_wconf 87' lang='lat' dir='ltr'><strong>nominat</strong></span> <span class='ocrx_word' id='word_1_337' title='bbox 1616 2788 1725 2838; x_wconf 85' lang='lat' dir='ltr'><strong>eos,</strong></span> <span class='ocrx_word' id='word_1_338' title='bbox 1757 2777 1847 2845; x_wconf 87' lang='lat' dir='ltr'><strong>qui</strong></span> 
     </span>
    </p>
   </div>
   <div class='ocr_carea' id='block_1_43' title="bbox 281 2836 1846 2926">
    <p class='ocr_par' dir='ltr' id='par_1_43' title="bbox 281 2836 1846 2926">
     <span class='ocr_line' id='line_1_44' title="bbox 281 2836 1846 2926; baseline 0.019 -36"><span class='ocrx_word' id='word_1_339' title='bbox 281 2836 377 2891; x_wconf 82' lang='lat' dir='ltr'><strong>sub</strong></span> <span class='ocrx_word' id='word_1_340' title='bbox 396 2838 505 2894; x_wconf 72' lang='lat' dir='ltr'><strong>lucc</strong></span> <span class='ocrx_word' id='word_1_341' title='bbox 526 2841 835 2900; x_wconf 86' lang='lat' dir='ltr'><strong>incusantur</strong></span> <span class='ocrx_word' id='word_1_342' title='bbox 852 2863 870 2901; x_wconf 90' lang='lat'><strong><em>:</em></strong></span> <span class='ocrx_word' id='word_1_343' title='bbox 888 2859 1092 2905; x_wconf 90' lang='lat' dir='ltr'><strong>tantum</strong></span> <span class='ocrx_word' id='word_1_344' title='bbox 1122 2871 1223 2908; x_wconf 87' lang='lat' dir='ltr'><strong>non</strong></span> <span class='ocrx_word' id='word_1_345' title='bbox 1239 2858 1545 2926; x_wconf 80' lang='lat' dir='ltr'><strong>prtecipiens</strong></span> <span class='ocrx_word' id='word_1_346' title='bbox 1568 2871 1623 2914; x_wconf 90' lang='lat' dir='ltr'><strong>ut</strong></span> <span class='ocrx_word' id='word_1_347' title='bbox 1640 2879 1702 2919; x_wconf 87' lang='lat' dir='ltr'><strong>ne</strong></span> <span class='ocrx_word' id='word_1_348' title='bbox 1714 2881 1846 2919; x_wconf 88' lang='lat' dir='ltr'><strong>cun-</strong></span> 
     </span>
    </p>
   </div>
   <div class='ocr_carea' id='block_1_44' title="bbox 278 2930 1844 3025">
    <p class='ocr_par' dir='ltr' id='par_1_44' title="bbox 278 2930 1844 3025">
     <span class='ocr_line' id='line_1_45' title="bbox 278 2930 1844 3025; baseline 0.02 -45"><span class='ocrx_word' id='word_1_349' title='bbox 278 2938 482 2983; x_wconf 89' lang='lat' dir='ltr'><strong>ctemur</strong></span> <span class='ocrx_word' id='word_1_350' title='bbox 494 2930 696 2988; x_wconf 84' lang='lat' dir='ltr'><strong>Filium</strong></span> <span class='ocrx_word' id='word_1_351' title='bbox 713 2954 911 3009; x_wconf 87' lang='lat' dir='ltr'><strong>quoque</strong></span> <span class='ocrx_word' id='word_1_352' title='bbox 932 2940 1026 2996; x_wconf 90' lang='lat' dir='ltr'><strong>Dei</strong></span> <span class='ocrx_word' id='word_1_353' title='bbox 1044 2942 1209 2998; x_wconf 86' lang='lat' dir='ltr'><strong>Deum</strong></span> <span class='ocrx_word' id='word_1_354' title='bbox 1231 2963 1432 3003; x_wconf 81' lang='lat' dir='ltr'><strong>vocare.</strong></span> <span class='ocrx_word' id='word_1_355' title='bbox 1452 2949 1511 3005; x_wconf 87' lang='lat' dir='ltr'><strong>Si</strong></span> <span class='ocrx_word' id='word_1_356' title='bbox 1529 2954 1667 3007; x_wconf 88' lang='lat' dir='ltr'><strong>enim</strong></span> <span class='ocrx_word' id='word_1_357' title='bbox 1678 2958 1844 3025; x_wconf 89' lang='lat' dir='ltr'><strong>gentis</strong></span> 
     </span>
    </p>
   </div>
   <div class='ocr_carea' id='block_1_45' title="bbox 276 3022 1840 3115">
    <p class='ocr_par' dir='ltr' id='par_1_45' title="bbox 276 3022 1840 3115">
     <span class='ocr_line' id='line_1_46' title="bbox 276 3022 1840 3115; baseline 0.02 -42"><span class='ocrx_word' id='word_1_358' title='bbox 276 3022 553 3092; x_wconf 80' lang='lat' dir='ltr'><strong>principes,</strong></span> <span class='ocrx_word' id='word_1_359' title='bbox 566 3028 655 3096; x_wconf 89' lang='lat' dir='ltr'><strong>qui</strong></span> <span class='ocrx_word' id='word_1_360' title='bbox 667 3029 802 3083; x_wconf 88' lang='lat' dir='ltr'><strong>male</strong></span> <span class='ocrx_word' id='word_1_361' title='bbox 815 3032 1118 3097; x_wconf 87' lang='lat' dir='ltr'><strong>audiebant,</strong></span> <span class='ocrx_word' id='word_1_362' title='bbox 1148 3035 1240 3091; x_wconf 85' lang='lat' dir='ltr'><strong>Dei</strong></span> <span class='ocrx_word' id='word_1_363' title='bbox 1258 3041 1462 3096; x_wconf 88' lang='lat' dir='ltr'><strong>nomine</strong></span> <span class='ocrx_word' id='word_1_364' title='bbox 1474 3022 1840 3115; x_wconf 37' lang='lat' dir='ltr'><strong>dignati&#39;sunt,</strong></span> 
     </span>
    </p>
   </div>
   <div class='ocr_carea' id='block_1_46' title="bbox 276 3112 1907 3233">
    <p class='ocr_par' dir='ltr' id='par_1_46' title="bbox 276 3112 1907 3233">
     <span class='ocr_line' id='line_1_47' title="bbox 276 3112 1907 3233; baseline 0.017 -65"><span class='ocrx_word' id='word_1_365' title='bbox 276 3112 433 3183; x_wconf 74' lang='lat' dir='ltr'><strong>quod,</strong></span> <span class='ocrx_word' id='word_1_366' title='bbox 462 3132 659 3185; x_wconf 71' lang='lat' dir='ltr'><strong>quwso,</strong></span> <span class='ocrx_word' id='word_1_367' title='bbox 688 3122 977 3189; x_wconf 84' lang='lat' dir='ltr'><strong>periculum</strong></span> <span class='ocrx_word' id='word_1_368' title='bbox 1002 3126 1184 3195; x_wconf 76' lang='lat' dir='ltr'><strong>fuerit,</strong></span> <span class='ocrx_word' id='word_1_369' title='bbox 1207 3132 1255 3184; x_wconf 88' lang='lat' dir='ltr'><strong>si</strong></span> <span class='ocrx_word' id='word_1_370' title='bbox 1282 3133 1449 3187; x_wconf 82' lang='lat' dir='ltr'><strong>virum</strong></span> <span class='ocrx_word' id='word_1_371' title='bbox 1472 3112 1701 3193; x_wconf 46' lang='lat' dir='ltr'><strong>dentem</strong></span> <span class='ocrx_word' id='word_1_372' title='bbox 1719 3139 1836 3209; x_wconf 84' lang='lat' dir='ltr'><strong>Dei,</strong></span> <span class='ocrx_word' id='word_1_373' title='bbox 1862 3173 1907 3233; x_wconf 64' lang='grc' dir='ltr'>ο</span> 
     </span>
     <span class='ocr_line' id='line_1_48' title="bbox 276 3205 1491 3233; baseline 0 0"><span class='ocrx_word' id='word_1_374' title='bbox 276 3211 322 3233; x_wconf 66' lang='grc' dir='ltr'><strong>ιο</strong></span> <span class='ocrx_word' id='word_1_375' title='bbox 364 3205 525 3233; x_wconf 58' lang='lat' dir='ltr'><strong>CH...“</strong></span> <span class='ocrx_word' id='word_1_376' title='bbox 562 3207 781 3233; x_wconf 67' lang='lat' dir='ltr'><strong>l.-...:.._&#39;_</strong></span> <span class='ocrx_word' id='word_1_377' title='bbox 836 3229 899 3233; x_wconf 62' lang='lat'><strong>--,</strong></span> <span class='ocrx_word' id='word_1_378' title='bbox 935 3217 962 3233; x_wconf 74' lang='grc' dir='ltr'><strong>ιι</strong></span> <span class='ocrx_word' id='word_1_379' title='bbox 1096 3230 1103 3233; x_wconf 88' lang='grc'>.</span> <span class='ocrx_word' id='word_1_380' title='bbox 1264 3221 1299 3233; x_wconf 66' lang='grc' dir='ltr'>υ.</span> <span class='ocrx_word' id='word_1_381' title='bbox 1474 3227 1491 3233; x_wconf 73' lang='lat'><strong>-</strong></span> 
     </span>
    </p>
   </div>
   <div class='ocr_carea' id='block_1_47' title="bbox 271 3205 1837 3297">
    <p class='ocr_par' dir='ltr' id='par_1_47' title="bbox 271 3205 1837 3297">
     <span class='ocr_line' id='line_1_49' title="bbox 271 3205 1837 3297; baseline 0.022 -43"><span class='ocrx_word' id='word_1_382' title='bbox 271 3211 322 3255; x_wconf 88' lang='lat' dir='ltr'><strong>et</strong></span> <span class='ocrx_word' id='word_1_383' title='bbox 355 3205 527 3272; x_wconf 81' lang='lat' dir='ltr'><strong>ﬁlium</strong></span> <span class='ocrx_word' id='word_1_384' title='bbox 556 3207 783 3265; x_wconf 79' lang='lat' dir='ltr'><strong>hominis</strong></span> <span class='ocrx_word' id='word_1_385' title='bbox 824 3217 1218 3285; x_wconf 80' lang='lat' dir='ltr'><strong>conﬁrmatum,</strong></span> <span class='ocrx_word' id='word_1_386' title='bbox 1252 3221 1419 3278; x_wconf 88' lang='lat' dir='ltr'><strong>Deum</strong></span> <span class='ocrx_word' id='word_1_387' title='bbox 1460 3227 1750 3297; x_wconf 80' lang='lat' dir='ltr'><strong>fateamur,</strong></span> <span class='ocrx_word' id='word_1_388' title='bbox 1782 3205 1837 3288; x_wconf 86' lang='lat' dir='ltr'><strong>id</strong></span> 
     </span>
    </p>
   </div>
   <div class='ocr_carea' id='block_1_48' title="bbox 271 3297 1836 3395">
    <p class='ocr_par' dir='ltr' id='par_1_48' title="bbox 271 3297 1836 3395">
     <span class='ocr_line' id='line_1_50' title="bbox 271 3297 1836 3395; baseline 0.022 -50"><span class='ocrx_word' id='word_1_389' title='bbox 271 3299 377 3357; x_wconf 87' lang='lat' dir='ltr'><strong>est,</strong></span> <span class='ocrx_word' id='word_1_390' title='bbox 410 3308 531 3349; x_wconf 91' lang='lat' dir='ltr'><strong>cum</strong></span> <span class='ocrx_word' id='word_1_391' title='bbox 567 3297 815 3358; x_wconf 84' lang='lat' dir='ltr'><strong>homines</strong></span> <span class='ocrx_word' id='word_1_392' title='bbox 843 3305 1006 3360; x_wconf 89' lang='lat' dir='ltr'><strong>etiam</strong></span> <span class='ocrx_word' id='word_1_393' title='bbox 1040 3308 1115 3363; x_wconf 90' lang='lat' dir='ltr'><strong>dii</strong></span> <span class='ocrx_word' id='word_1_394' title='bbox 1145 3322 1425 3378; x_wconf 84' lang='lat' dir='ltr'><strong>vocentur,</strong></span> <span class='ocrx_word' id='word_1_395' title='bbox 1460 3319 1629 3375; x_wconf 89' lang='lat' dir='ltr'><strong>multo</strong></span> <span class='ocrx_word' id='word_1_396' title='bbox 1661 3325 1836 3395; x_wconf 87' lang='lat' dir='ltr'><strong>magis</strong></span> 
     </span>
    </p>
   </div>
   <div class='ocr_carea' id='block_1_49' title="bbox 271 3392 1837 3481">
    <p class='ocr_par' dir='ltr' id='par_1_49' title="bbox 271 3392 1837 3481">
     <span class='ocr_line' id='line_1_51' title="bbox 271 3392 1837 3481; baseline 0.024 -44"><span class='ocrx_word' id='word_1_397' title='bbox 271 3398 564 3453; x_wconf 85' lang='lat' dir='ltr'><strong>possumus</strong></span> <span class='ocrx_word' id='word_1_398' title='bbox 596 3392 872 3450; x_wconf 82' lang='lat' dir='ltr'><strong>Christum</strong></span> <span class='ocrx_word' id='word_1_399' title='bbox 898 3400 1169 3470; x_wconf 88' lang='lat' dir='ltr'><strong>appellare</strong></span> <span class='ocrx_word' id='word_1_400' title='bbox 1202 3403 1390 3472; x_wconf 91' lang='lat' dir='ltr'><strong>Deum,</strong></span> <span class='ocrx_word' id='word_1_401' title='bbox 1419 3411 1549 3481; x_wconf 89' lang='lat' dir='ltr'><strong>quin</strong></span> <span class='ocrx_word' id='word_1_402' title='bbox 1579 3412 1707 3471; x_wconf 79' lang='lat' dir='ltr'><strong>hinc</strong></span> <span class='ocrx_word' id='word_1_403' title='bbox 1728 3392 1837 3474; x_wconf 82' lang='lat' dir='ltr'><strong>me-</strong></span> 
     </span>
    </p>
   </div>
   <div class='ocr_carea' id='block_1_50' title="bbox 271 3477 1833 3573">
    <p class='ocr_par' dir='ltr' id='par_1_50' title="bbox 271 3477 1833 3573">
     <span class='ocr_line' id='line_1_52' title="bbox 271 3477 1833 3573; baseline 0.025 -47"><span class='ocrx_word' id='word_1_404' title='bbox 271 3482 359 3530; x_wconf 92' lang='lat' dir='ltr'><strong>tus</strong></span> <span class='ocrx_word' id='word_1_405' title='bbox 393 3477 464 3532; x_wconf 87' lang='lat' dir='ltr'><strong>sit</strong></span> <span class='ocrx_word' id='word_1_406' title='bbox 489 3494 559 3536; x_wconf 85' lang='lat' dir='ltr'><strong>ne</strong></span> <span class='ocrx_word' id='word_1_407' title='bbox 585 3482 956 3551; x_wconf 87' lang='lat' dir='ltr'><strong>pluralitatem</strong></span> <span class='ocrx_word' id='word_1_408' title='bbox 990 3491 1215 3550; x_wconf 92' lang='lat' dir='ltr'><strong>deorum</strong></span> <span class='ocrx_word' id='word_1_409' title='bbox 1243 3506 1297 3552; x_wconf 91' lang='lat' dir='ltr'><strong>et</strong></span> <span class='ocrx_word' id='word_1_410' title='bbox 1321 3477 1713 3573; x_wconf 35' lang='lat' dir='ltr'><strong>prin-ci;ierum</strong></span> <span class='ocrx_word' id='word_1_411' title='bbox 1748 3509 1833 3564; x_wconf 91' lang='lat' dir='ltr'><strong>in-</strong></span> 
     </span>
    </p>
   </div>
   <div class='ocr_carea' id='block_1_51' title="bbox 266 3564 1832 3665">
    <p class='ocr_par' dir='ltr' id='par_1_51' title="bbox 266 3564 1832 3665">
     <span class='ocr_line' id='line_1_53' title="bbox 266 3564 1832 3665; baseline 0.026 -46"><span class='ocrx_word' id='word_1_412' title='bbox 266 3564 555 3636; x_wconf 85' lang='lat' dir='ltr'><strong>ducamus,</strong></span> <span class='ocrx_word' id='word_1_413' title='bbox 587 3575 715 3643; x_wconf 89' lang='lat' dir='ltr'><strong>quia</strong></span> <span class='ocrx_word' id='word_1_414' title='bbox 748 3578 958 3635; x_wconf 88' lang='lat' dir='ltr'><strong>scilicet</strong></span> <span class='ocrx_word' id='word_1_415' title='bbox 1002 3581 1173 3642; x_wconf 89' lang='lat' dir='ltr'><strong>Filius</strong></span> <span class='ocrx_word' id='word_1_416' title='bbox 1218 3604 1325 3644; x_wconf 94' lang='lat' dir='ltr'><strong>non</strong></span> <span class='ocrx_word' id='word_1_417' title='bbox 1358 3598 1573 3665; x_wconf 89' lang='lat' dir='ltr'><strong>proprie</strong></span> <span class='ocrx_word' id='word_1_418' title='bbox 1620 3607 1673 3653; x_wconf 90' lang='lat' dir='ltr'><strong>et</strong></span> <span class='ocrx_word' id='word_1_419' title='bbox 1707 3617 1832 3658; x_wconf 84' lang='lat' dir='ltr'><strong>vere</strong></span> 
     </span>
    </p>
   </div>
   <div class='ocr_carea' id='block_1_52' title="bbox 264 3658 1832 3751">
    <p class='ocr_par' dir='ltr' id='par_1_52' title="bbox 264 3658 1832 3751">
     <span class='ocr_line' id='line_1_54' title="bbox 264 3658 1832 3751; baseline 0.025 -39"><span class='ocrx_word' id='word_1_420' title='bbox 264 3658 413 3715; x_wconf 82' lang='lat' dir='ltr'><strong>Deus</strong></span> <span class='ocrx_word' id='word_1_421' title='bbox 439 3674 546 3729; x_wconf 88' lang='lat' dir='ltr'><strong>est,</strong></span> <span class='ocrx_word' id='word_1_422' title='bbox 574 3666 719 3734; x_wconf 86' lang='lat' dir='ltr'><strong>quod</strong></span> <span class='ocrx_word' id='word_1_423' title='bbox 742 3668 830 3725; x_wconf 87' lang='lat' dir='ltr'><strong>hic</strong></span> <span class='ocrx_word' id='word_1_424' title='bbox 852 3671 941 3726; x_wconf 90' lang='lat' dir='ltr'><strong>ille</strong></span> <span class='ocrx_word' id='word_1_425' title='bbox 964 3673 1225 3743; x_wconf 86' lang='lat' dir='ltr'><strong>insinuat,</strong></span> <span class='ocrx_word' id='word_1_426' title='bbox 1248 3690 1302 3735; x_wconf 90' lang='lat' dir='ltr'><strong>et</strong></span> <span class='ocrx_word' id='word_1_427' title='bbox 1325 3658 1618 3745; x_wconf 43' lang='lat' dir='ltr'><strong>alibi-clare</strong></span> <span class='ocrx_word' id='word_1_428' title='bbox 1639 3699 1692 3746; x_wconf 91' lang='lat' dir='ltr'><strong>et</strong></span> <span class='ocrx_word' id='word_1_429' title='bbox 1713 3693 1832 3751; x_wconf 88' lang='lat' dir='ltr'><strong>sine</strong></span> 
     </span>
    </p>
   </div>
   <div class='ocr_carea' id='block_1_53' title="bbox 262 3752 1830 3846">
    <p class='ocr_par' dir='ltr' id='par_1_53' title="bbox 262 3752 1830 3846">
     <span class='ocr_line' id='line_1_55' title="bbox 262 3752 1830 3846; baseline 0.024 -43"><span class='ocrx_word' id='word_1_430' title='bbox 262 3752 492 3824; x_wconf 81' lang='lat' dir='ltr'><strong>ambage</strong></span> <span class='ocrx_word' id='word_1_431' title='bbox 519 3754 675 3814; x_wconf 80' lang='lat' dir='ltr'><strong>dixit.</strong></span> <span class='ocrx_word' id='word_1_432' title='bbox 706 3759 833 3816; x_wconf 91' lang='lat' dir='ltr'><strong>Ideo</strong></span> <span class='ocrx_word' id='word_1_433' title='bbox 849 3772 1049 3833; x_wconf 90' lang='lat' dir='ltr'><strong>autem,</strong></span> <span class='ocrx_word' id='word_1_434' title='bbox 1069 3776 1128 3821; x_wconf 90' lang='lat' dir='ltr'><strong>ut</strong></span> <span class='ocrx_word' id='word_1_435' title='bbox 1145 3769 1258 3839; x_wconf 89' lang='lat' dir='ltr'><strong>ipse</strong></span> <span class='ocrx_word' id='word_1_436' title='bbox 1275 3774 1327 3828; x_wconf 92' lang='lat' dir='ltr'><strong>in</strong></span> <span class='ocrx_word' id='word_1_437' title='bbox 1345 3776 1507 3832; x_wconf 88' lang='lat' dir='ltr'><strong>allato</strong></span> <span class='ocrx_word' id='word_1_438' title='bbox 1531 3780 1668 3846; x_wconf 92' lang='lat' dir='ltr'><strong>loco,</strong></span> <span class='ocrx_word' id='word_1_439' title='bbox 1696 3768 1749 3838; x_wconf 91' lang='lat' dir='ltr'><strong>in</strong></span> <span class='ocrx_word' id='word_1_440' title='bbox 1767 3786 1830 3839; x_wconf 89' lang='lat' dir='ltr'><strong>li-</strong></span> 
     </span>
    </p>
   </div>
   <div class='ocr_carea' id='block_1_54' title="bbox 264 3843 1825 3941">
    <p class='ocr_par' dir='ltr' id='par_1_54' title="bbox 264 3843 1825 3941">
     <span class='ocr_line' id='line_1_56' title="bbox 264 3843 1825 3941; baseline 0.022 -45"><span class='ocrx_word' id='word_1_441' title='bbox 264 3843 379 3899; x_wconf 87' lang='lat' dir='ltr'><strong>bris</strong></span> <span class='ocrx_word' id='word_1_442' title='bbox 393 3844 593 3902; x_wconf 82' lang='lat' dir='ltr'><strong>Contra</strong></span> <span class='ocrx_word' id='word_1_443' title='bbox 608 3847 1000 3917; x_wconf 74' lang='lat' dir='ltr'><strong>Harcellum,et</strong></span> <span class='ocrx_word' id='word_1_444' title='bbox 1015 3858 1068 3912; x_wconf 93' lang='lat' dir='ltr'><strong>in</strong></span> <span class='ocrx_word' id='word_1_445' title='bbox 1084 3859 1385 3921; x_wconf 87' lang='lat' dir='ltr'><strong>Comment.</strong></span> <span class='ocrx_word' id='word_1_446' title='bbox 1402 3868 1455 3921; x_wconf 91' lang='lat' dir='ltr'><strong>in</strong></span> <span class='ocrx_word' id='word_1_447' title='bbox 1479 3872 1612 3938; x_wconf 86' lang='lat' dir='ltr'><strong>psal.</strong></span> <span class='ocrx_word' id='word_1_448' title='bbox 1630 3888 1825 3941; x_wconf 81' lang='lat' dir='ltr'><strong>Lxxxv,</strong></span> 
     </span>
    </p>
   </div>
   <div class='ocr_carea' id='block_1_55' title="bbox 266 3931 1828 4025">
    <p class='ocr_par' dir='ltr' id='par_1_55' title="bbox 266 3931 1828 4025">
     <span class='ocr_line' id='line_1_57' title="bbox 266 3931 1828 4025; baseline 0.022 -41"><span class='ocrx_word' id='word_1_449' title='bbox 266 3931 610 4005; x_wconf 83' lang='lat' dir='ltr'><strong>IO,explicat,</strong></span> <span class='ocrx_word' id='word_1_450' title='bbox 631 3937 773 3997; x_wconf 90' lang='lat' dir='ltr'><strong>Deus</strong></span> <span class='ocrx_word' id='word_1_451' title='bbox 788 3942 877 4000; x_wconf 90' lang='lat' dir='ltr'><strong>ille</strong></span> <span class='ocrx_word' id='word_1_452' title='bbox 899 3950 1271 4015; x_wconf 71' lang='lat' dir='ltr'><strong>praaomnibus</strong></span> <span class='ocrx_word' id='word_1_453' title='bbox 1288 3953 1374 4021; x_wconf 90' lang='lat' dir='ltr'><strong>iis,</strong></span> <span class='ocrx_word' id='word_1_454' title='bbox 1388 3931 1587 4025; x_wconf 47' lang='lat' dir='ltr'><strong>qui-Dei</strong></span> <span class='ocrx_word' id='word_1_455' title='bbox 1609 3931 1828 4021; x_wconf 78' lang='lat' dir='ltr'><strong>nomine</strong></span> 
     </span>
    </p>
   </div>
   <div class='ocr_carea' id='block_1_56' title="bbox 260 4022 1824 4117">
    <p class='ocr_par' dir='ltr' id='par_1_56' title="bbox 260 4022 1824 4117">
     <span class='ocr_line' id='line_1_58' title="bbox 260 4022 1824 4117; baseline 0.022 -41"><span class='ocrx_word' id='word_1_456' title='bbox 260 4022 467 4095; x_wconf 77' lang='lat' dir='ltr'><strong>dignati</strong></span> <span class='ocrx_word' id='word_1_457' title='bbox 504 4037 651 4095; x_wconf 89' lang='lat' dir='ltr'><strong>sunt,</strong></span> <span class='ocrx_word' id='word_1_458' title='bbox 693 4035 1016 4104; x_wconf 89' lang='lat' dir='ltr'><strong>appellatur,</strong></span> <span class='ocrx_word' id='word_1_459' title='bbox 1062 4042 1190 4111; x_wconf 84' lang='lat' dir='ltr'><strong>quia</strong></span> <span class='ocrx_word' id='word_1_460' title='bbox 1225 4044 1279 4099; x_wconf 79' lang='lat' dir='ltr'><strong>in</strong></span> <span class='ocrx_word' id='word_1_461' title='bbox 1323 4022 1443 4117; x_wconf 83' lang='lat' dir='ltr'><strong>ipso</strong></span> <span class='ocrx_word' id='word_1_462' title='bbox 1485 4052 1603 4105; x_wconf 89' lang='lat' dir='ltr'><strong>solo</strong></span> <span class='ocrx_word' id='word_1_463' title='bbox 1644 4052 1824 4109; x_wconf 89' lang='lat' dir='ltr'><strong>Patris</strong></span> 
     </span>
    </p>
   </div>
   <div class='ocr_carea' id='block_1_57' title="bbox 259 4114 1821 4202">
    <p class='ocr_par' dir='ltr' id='par_1_57' title="bbox 259 4114 1821 4202">
     <span class='ocr_line' id='line_1_59' title="bbox 259 4114 1821 4202; baseline 0.021 -33"><span class='ocrx_word' id='word_1_464' title='bbox 259 4114 562 4175; x_wconf 87' lang='lat' dir='ltr'><strong>similitudo</strong></span> <span class='ocrx_word' id='word_1_465' title='bbox 605 4132 890 4194; x_wconf 87' lang='lat' dir='ltr'><strong>servatur;</strong></span> <span class='ocrx_word' id='word_1_466' title='bbox 923 4135 975 4183; x_wconf 90' lang='lat' dir='ltr'><strong>et</strong></span> <span class='ocrx_word' id='word_1_467' title='bbox 1005 4129 1061 4185; x_wconf 90' lang='lat' dir='ltr'><strong>in</strong></span> <span class='ocrx_word' id='word_1_468' title='bbox 1101 4144 1223 4189; x_wconf 91' lang='lat' dir='ltr'><strong>ortu</strong></span> <span class='ocrx_word' id='word_1_469' title='bbox 1266 4114 1366 4191; x_wconf 81' lang='lat' dir='ltr'><strong>suo</strong></span> <span class='ocrx_word' id='word_1_470' title='bbox 1408 4153 1438 4192; x_wconf 90' lang='lat' dir='ltr'><strong>a</strong></span> <span class='ocrx_word' id='word_1_471' title='bbox 1475 4138 1636 4199; x_wconf 86' lang='lat' dir='ltr'><strong>Patre</strong></span> <span class='ocrx_word' id='word_1_472' title='bbox 1678 4142 1821 4202; x_wconf 90' lang='lat' dir='ltr'><strong>Deus</strong></span> 
     </span>
    </p>
   </div>
   <div class='ocr_carea' id='block_1_58' title="bbox 257 4206 1820 4303">
    <p class='ocr_par' dir='ltr' id='par_1_58' title="bbox 257 4206 1820 4303">
     <span class='ocr_line' id='line_1_60' title="bbox 257 4206 1820 4303; baseline 0.022 -44"><span class='ocrx_word' id='word_1_473' title='bbox 257 4206 434 4265; x_wconf 81' lang='lat' dir='ltr'><strong>factus</strong></span> <span class='ocrx_word' id='word_1_474' title='bbox 463 4220 517 4267; x_wconf 89' lang='lat' dir='ltr'><strong>et</strong></span> <span class='ocrx_word' id='word_1_475' title='bbox 542 4213 835 4284; x_wconf 88' lang='lat' dir='ltr'><strong>deputatus</strong></span> <span class='ocrx_word' id='word_1_476' title='bbox 858 4226 963 4287; x_wconf 88' lang='lat' dir='ltr'><strong>est,</strong></span> <span class='ocrx_word' id='word_1_477' title='bbox 1000 4221 1335 4298; x_wconf 82' lang='grc' dir='ltr'>θεοποιηθείς</span> <span class='ocrx_word' id='word_1_478' title='bbox 1362 4239 1421 4284; x_wconf 92' lang='lat' dir='ltr'><strong>ut</strong></span> <span class='ocrx_word' id='word_1_479' title='bbox 1452 4247 1638 4303; x_wconf 89' lang='lat' dir='ltr'><strong>supra,</strong></span> <span class='ocrx_word' id='word_1_480' title='bbox 1677 4237 1820 4293; x_wconf 92' lang='lat' dir='ltr'><strong>unde</strong></span> 
     </span>
    </p>
   </div>
   <div class='ocr_carea' id='block_1_59' title="bbox 253 4302 1815 4391">
    <p class='ocr_par' dir='ltr' id='par_1_59' title="bbox 253 4302 1815 4391">
     <span class='ocr_line' id='line_1_61' title="bbox 253 4302 1815 4391; baseline 0.019 -37"><span class='ocrx_word' id='word_1_481' title='bbox 253 4302 417 4356; x_wconf 88' lang='lat' dir='ltr'><strong>etiam</strong></span> <span class='ocrx_word' id='word_1_482' title='bbox 438 4312 521 4359; x_wconf 90' lang='lat' dir='ltr'><strong>est</strong></span> <span class='ocrx_word' id='word_1_483' title='bbox 549 4307 691 4375; x_wconf 88' lang='lat' dir='ltr'><strong>quod</strong></span> <span class='ocrx_word' id='word_1_484' title='bbox 716 4309 967 4377; x_wconf 81' lang='grc' dir='ltr'>αὐτόθεος</span> <span class='ocrx_word' id='word_1_485' title='bbox 988 4324 1212 4373; x_wconf 85' lang='lat' dir='ltr'><strong>vocetur</strong></span> <span class='ocrx_word' id='word_1_486' title='bbox 1244 4320 1297 4374; x_wconf 92' lang='lat' dir='ltr'><strong>in</strong></span> <span class='ocrx_word' id='word_1_487' title='bbox 1338 4321 1483 4377; x_wconf 83' lang='lat' dir='ltr'><strong>Hist.</strong></span> <span class='ocrx_word' id='word_1_488' title='bbox 1524 4302 1661 4381; x_wconf 66' lang='grc' dir='ltr'>εει-ι.</span> <span class='ocrx_word' id='word_1_489' title='bbox 1691 4328 1727 4382; x_wconf 92' lang='grc'><strong>1.</strong></span> <span class='ocrx_word' id='word_1_490' title='bbox 1759 4344 1815 4391; x_wconf 83' lang='lat' dir='ltr'><strong>x,</strong></span> 
     </span>
    </p>
   </div>
   <div class='ocr_carea' id='block_1_60' title="bbox 252 4394 1813 4487">
    <p class='ocr_par' dir='ltr' id='par_1_60' title="bbox 252 4394 1813 4487">
     <span class='ocr_line' id='line_1_62' title="bbox 252 4394 1813 4487; baseline 0.019 -43"><span class='ocrx_word' id='word_1_491' title='bbox 252 4407 308 4460; x_wconf 91' lang='lat' dir='ltr'><strong>p.</strong></span> <span class='ocrx_word' id='word_1_492' title='bbox 344 4394 451 4450; x_wconf 80' lang='lat'><strong>373</strong></span> <span class='ocrx_word' id='word_1_493' title='bbox 486 4395 586 4467; x_wconf 89' lang='lat' dir='ltr'><strong>(a),</strong></span> <span class='ocrx_word' id='word_1_494' title='bbox 618 4406 1027 4473; x_wconf 86' lang='lat' dir='ltr'><strong>comparatione</strong></span> <span class='ocrx_word' id='word_1_495' title='bbox 1053 4409 1259 4466; x_wconf 89' lang='lat' dir='ltr'><strong>scilicet</strong></span> <span class='ocrx_word' id='word_1_496' title='bbox 1281 4412 1583 4483; x_wconf 85' lang='lat' dir='ltr'><strong>hominum,</strong></span> <span class='ocrx_word' id='word_1_497' title='bbox 1614 4417 1708 4487; x_wconf 90' lang='lat' dir='ltr'><strong>qui</strong></span> <span class='ocrx_word' id='word_1_498' title='bbox 1737 4418 1813 4473; x_wconf 90' lang='lat' dir='ltr'><strong>dii</strong></span> 
     </span>
    </p>
   </div>
   <div class='ocr_carea' id='block_1_61' title="bbox 1960 1914 3521 2005">
    <p class='ocr_par' dir='ltr' id='par_1_61' title="bbox 1960 1914 3521 2005">
     <span class='ocr_line' id='line_1_63' title="bbox 1960 1914 3521 2005; baseline 0.018 -37"><span class='ocrx_word' id='word_1_499' title='bbox 1960 1914 2267 1985; x_wconf 87' lang='lat' dir='ltr'><strong>disparatas</strong></span> <span class='ocrx_word' id='word_1_500' title='bbox 2300 1918 2391 1975; x_wconf 91' lang='lat' dir='ltr'><strong>Dei</strong></span> <span class='ocrx_word' id='word_1_501' title='bbox 2425 1921 2677 1999; x_wconf 26' lang='lat' dir='ltr'><strong>rationes.</strong></span> <span class='ocrx_word' id='word_1_502' title='bbox 2701 1930 2993 1993; x_wconf 84' lang='lat' dir='ltr'><strong>somniare,</strong></span> <span class='ocrx_word' id='word_1_503' title='bbox 3028 1940 3082 1986; x_wconf 90' lang='lat' dir='ltr'><strong>et</strong></span> <span class='ocrx_word' id='word_1_504' title='bbox 3126 1934 3521 2005; x_wconf 85' lang='lat' dir='ltr'><strong>ineptissimam</strong></span> 
     </span>
    </p>
   </div>
   <div class='ocr_carea' id='block_1_62' title="bbox 1958 2007 3519 2099">
    <p class='ocr_par' dir='ltr' id='par_1_62' title="bbox 1958 2007 3519 2099">
     <span class='ocr_line' id='line_1_64' title="bbox 1958 2007 3519 2099; baseline 0.019 -42"><span class='ocrx_word' id='word_1_505' title='bbox 1958 2007 2410 2081; x_wconf 85' lang='lat' dir='ltr'><strong>amphibologiam</strong></span> <span class='ocrx_word' id='word_1_506' title='bbox 2433 2014 2686 2085; x_wconf 88' lang='lat' dir='ltr'><strong>scriptori</strong></span> <span class='ocrx_word' id='word_1_507' title='bbox 2710 2033 2869 2076; x_wconf 91' lang='lat' dir='ltr'><strong>sacro</strong></span> <span class='ocrx_word' id='word_1_508' title='bbox 2896 2021 3166 2094; x_wconf 76' lang='lat' dir='ltr'><strong>aliingere,</strong></span> <span class='ocrx_word' id='word_1_509' title='bbox 3191 2029 3334 2084; x_wconf 87' lang='lat' dir='ltr'><strong>unde</strong></span> <span class='ocrx_word' id='word_1_510' title='bbox 3352 2031 3519 2099; x_wconf 89' lang='lat' dir='ltr'><strong>prisci</strong></span> 
     </span>
    </p>
   </div>
   <div class='ocr_carea' id='block_1_63' title="bbox 1957 2094 3516 2185">
    <p class='ocr_par' dir='ltr' id='par_1_63' title="bbox 1957 2094 3516 2185">
     <span class='ocr_line' id='line_1_65' title="bbox 1957 2094 3516 2185; baseline 0.018 -36"><span class='ocrx_word' id='word_1_511' title='bbox 1957 2094 2212 2155; x_wconf 73' lang='lat' dir='ltr'><strong>Ecclesia:</strong></span> <span class='ocrx_word' id='word_1_512' title='bbox 2222 2100 2428 2171; x_wconf 88' lang='lat' dir='ltr'><strong>Patres,</strong></span> <span class='ocrx_word' id='word_1_513' title='bbox 2440 2113 2548 2159; x_wconf 89' lang='lat' dir='ltr'><strong>tam</strong></span> <span class='ocrx_word' id='word_1_514' title='bbox 2568 2106 2604 2160; x_wconf 90' lang='lat' dir='ltr'><strong>ii</strong></span> <span class='ocrx_word' id='word_1_515' title='bbox 2619 2109 2710 2178; x_wconf 86' lang='lat' dir='ltr'><strong>qui</strong></span> <span class='ocrx_word' id='word_1_516' title='bbox 2729 2110 2796 2165; x_wconf 89' lang='lat' dir='ltr'><strong>ad</strong></span> <span class='ocrx_word' id='word_1_517' title='bbox 2810 2126 2982 2182; x_wconf 89' lang='lat' dir='ltr'><strong>usque</strong></span> <span class='ocrx_word' id='word_1_518' title='bbox 2993 2125 3244 2185; x_wconf 89' lang='lat' dir='ltr'><strong>quartum</strong></span> <span class='ocrx_word' id='word_1_519' title='bbox 3259 2094 3516 2177; x_wconf 69' lang='lat' dir='ltr'><strong>saeculum</strong></span> 
     </span>
    </p>
   </div>
   <div class='ocr_carea' id='block_1_64' title="bbox 1953 2188 3514 2269">
    <p class='ocr_par' dir='ltr' id='par_1_64' title="bbox 1953 2188 3514 2269">
     <span class='ocr_line' id='line_1_66' title="bbox 1953 2188 3514 2269; baseline 0.017 -27"><span class='ocrx_word' id='word_1_520' title='bbox 1953 2188 2205 2256; x_wconf 86' lang='lat' dir='ltr'><strong>ﬂoruere,</strong></span> <span class='ocrx_word' id='word_1_521' title='bbox 2241 2208 2402 2263; x_wconf 84' lang='lat' dir='ltr'><strong>quam</strong></span> <span class='ocrx_word' id='word_1_522' title='bbox 2432 2196 2470 2250; x_wconf 90' lang='lat' dir='ltr'><strong>ii</strong></span> <span class='ocrx_word' id='word_1_523' title='bbox 2498 2198 2589 2267; x_wconf 91' lang='lat' dir='ltr'><strong>qui</strong></span> <span class='ocrx_word' id='word_1_524' title='bbox 2619 2214 2685 2255; x_wconf 80' lang='lat' dir='ltr'><strong>ex</strong></span> <span class='ocrx_word' id='word_1_525' title='bbox 2714 2208 2832 2257; x_wconf 87' lang='lat' dir='ltr'><strong>toto</strong></span> <span class='ocrx_word' id='word_1_526' title='bbox 2860 2205 2992 2261; x_wconf 86' lang='lat' dir='ltr'><strong>orbe</strong></span> <span class='ocrx_word' id='word_1_527' title='bbox 3028 2212 3202 2264; x_wconf 89' lang='lat' dir='ltr'><strong>coacti</strong></span> <span class='ocrx_word' id='word_1_528' title='bbox 3241 2209 3514 2269; x_wconf 80' lang='lat' dir='ltr'><strong>Nicaenam</strong></span> 
     </span>
    </p>
   </div>
   <div class='ocr_carea' id='block_1_65' title="bbox 1953 2283 3515 2371">
    <p class='ocr_par' dir='ltr' id='par_1_65' title="bbox 1953 2283 3515 2371">
     <span class='ocr_line' id='line_1_67' title="bbox 1953 2283 3515 2371; baseline 0.017 -36"><span class='ocrx_word' id='word_1_529' title='bbox 1953 2283 2218 2352; x_wconf 85' lang='lat' dir='ltr'><strong>synodum</strong></span> <span class='ocrx_word' id='word_1_530' title='bbox 2240 2285 2604 2357; x_wconf 87' lang='lat' dir='ltr'><strong>celebrarunt,</strong></span> <span class='ocrx_word' id='word_1_531' title='bbox 2624 2293 2727 2347; x_wconf 90' lang='lat' dir='ltr'><strong>etsi</strong></span> <span class='ocrx_word' id='word_1_532' title='bbox 2777 2293 3147 2365; x_wconf 84' lang='lat' dir='ltr'><strong>hypostasium</strong></span> <span class='ocrx_word' id='word_1_533' title='bbox 3175 2309 3229 2355; x_wconf 89' lang='lat' dir='ltr'><strong>et</strong></span> <span class='ocrx_word' id='word_1_534' title='bbox 3255 2317 3515 2371; x_wconf 82' lang='lat' dir='ltr'><strong>persona-</strong></span> 
     </span>
    </p>
   </div>
   <div class='ocr_carea' id='block_1_66' title="bbox 1951 2373 3511 2452">
    <p class='ocr_par' dir='ltr' id='par_1_66' title="bbox 1951 2373 3511 2452">
     <span class='ocr_line' id='line_1_68' title="bbox 1951 2373 3511 2452; baseline 0.017 -28"><span class='ocrx_word' id='word_1_535' title='bbox 1951 2385 2071 2425; x_wconf 87' lang='lat' dir='ltr'><strong>rum</strong></span> <span class='ocrx_word' id='word_1_536' title='bbox 2102 2373 2331 2432; x_wconf 86' lang='lat' dir='ltr'><strong>vocibus</strong></span> <span class='ocrx_word' id='word_1_537' title='bbox 2368 2392 2477 2433; x_wconf 93' lang='lat' dir='ltr'><strong>non</strong></span> <span class='ocrx_word' id='word_1_538' title='bbox 2510 2386 2814 2449; x_wconf 86' lang='lat' dir='ltr'><strong>uterentur,</strong></span> <span class='ocrx_word' id='word_1_539' title='bbox 2856 2385 3043 2442; x_wconf 90' lang='lat' dir='ltr'><strong>eadem</strong></span> <span class='ocrx_word' id='word_1_540' title='bbox 3093 2392 3359 2447; x_wconf 89' lang='lat' dir='ltr'><strong>sententia</strong></span> <span class='ocrx_word' id='word_1_541' title='bbox 3398 2402 3511 2452; x_wconf 89' lang='lat' dir='ltr'><strong>tres</strong></span> 
     </span>
    </p>
   </div>
   <div class='ocr_carea' id='block_1_67' title="bbox 1951 2466 3511 2543">
    <p class='ocr_par' dir='ltr' id='par_1_67' title="bbox 1951 2466 3511 2543">
     <span class='ocr_line' id='line_1_69' title="bbox 1951 2466 3511 2543; baseline 0.018 -28"><span class='ocrx_word' id='word_1_542' title='bbox 1951 2476 2119 2516; x_wconf 91' lang='lat' dir='ltr'><strong>unum</strong></span> <span class='ocrx_word' id='word_1_543' title='bbox 2147 2466 2483 2525; x_wconf 83' lang='lat' dir='ltr'><strong>constituere</strong></span> <span class='ocrx_word' id='word_1_544' title='bbox 2518 2469 2710 2539; x_wconf 90' lang='lat' dir='ltr'><strong>Deum,</strong></span> <span class='ocrx_word' id='word_1_545' title='bbox 2742 2482 3060 2534; x_wconf 89' lang='lat' dir='ltr'><strong>constanter</strong></span> <span class='ocrx_word' id='word_1_546' title='bbox 3089 2479 3375 2540; x_wconf 89' lang='lat' dir='ltr'><strong>docebant.</strong></span> <span class='ocrx_word' id='word_1_547' title='bbox 3410 2485 3511 2543; x_wconf 88' lang='lat' dir='ltr'><strong>IIic</strong></span> 
     </span>
    </p>
   </div>
   <div class='ocr_carea' id='block_1_68' title="bbox 1948 2559 3511 2648">
    <p class='ocr_par' dir='ltr' id='par_1_68' title="bbox 1948 2559 3511 2648">
     <span class='ocr_line' id='line_1_70' title="bbox 1948 2559 3511 2648; baseline 0.017 -42"><span class='ocrx_word' id='word_1_548' title='bbox 1948 2559 2195 2625; x_wconf 87' lang='lat' dir='ltr'><strong>apposite</strong></span> <span class='ocrx_word' id='word_1_549' title='bbox 2231 2571 2395 2615; x_wconf 87' lang='lat' dir='ltr'><strong>aurea</strong></span> <span class='ocrx_word' id='word_1_550' title='bbox 2429 2561 2520 2615; x_wconf 88' lang='lat' dir='ltr'><strong>illa</strong></span> <span class='ocrx_word' id='word_1_551' title='bbox 2547 2561 2793 2636; x_wconf 88' lang='lat' dir='ltr'><strong>Dionysii</strong></span> <span class='ocrx_word' id='word_1_552' title='bbox 2824 2567 3199 2638; x_wconf 80' lang='lat' dir='ltr'><strong>Alexandrini,</strong></span> <span class='ocrx_word' id='word_1_553' title='bbox 3223 2590 3383 2646; x_wconf 91' lang='lat' dir='ltr'><strong>quem</strong></span> <span class='ocrx_word' id='word_1_554' title='bbox 3414 2594 3511 2648; x_wconf 87' lang='lat' dir='ltr'><strong>pa-</strong></span> 
     </span>
    </p>
   </div>
   <div class='ocr_carea' id='block_1_69' title="bbox 1946 2648 3507 2731">
    <p class='ocr_par' dir='ltr' id='par_1_69' title="bbox 1946 2648 3507 2731">
     <span class='ocr_line' id='line_1_71' title="bbox 1946 2648 3507 2731; baseline 0.017 -33"><span class='ocrx_word' id='word_1_555' title='bbox 1946 2648 2207 2703; x_wconf 87' lang='lat' dir='ltr'><strong>trocinari</strong></span> <span class='ocrx_word' id='word_1_556' title='bbox 2258 2652 2365 2708; x_wconf 83' lang='lat' dir='ltr'><strong>sibi</strong></span> <span class='ocrx_word' id='word_1_557' title='bbox 2413 2652 2553 2710; x_wconf 85' lang='lat' dir='ltr'><strong>falso</strong></span> <span class='ocrx_word' id='word_1_558' title='bbox 2593 2656 2918 2726; x_wconf 88' lang='lat' dir='ltr'><strong>jactitabant</strong></span> <span class='ocrx_word' id='word_1_559' title='bbox 2968 2661 3177 2731; x_wconf 85' lang='lat' dir='ltr'><strong>Ariani,</strong></span> <span class='ocrx_word' id='word_1_560' title='bbox 3236 2671 3507 2725; x_wconf 87' lang='lat' dir='ltr'><strong>sententia</strong></span> 
     </span>
    </p>
   </div>
   <div class='ocr_carea' id='block_1_70' title="bbox 1946 2736 3509 2831">
    <p class='ocr_par' dir='ltr' id='par_1_70' title="bbox 1946 2736 3509 2831">
     <span class='ocr_line' id='line_1_72' title="bbox 1946 2736 3509 2831; baseline 0.017 -41"><span class='ocrx_word' id='word_1_561' title='bbox 1946 2736 2123 2793; x_wconf 87' lang='lat' dir='ltr'><strong>locum</strong></span> <span class='ocrx_word' id='word_1_562' title='bbox 2167 2740 2366 2799; x_wconf 83' lang='lat' dir='ltr'><strong>habeat</strong></span> <span class='ocrx_word' id='word_1_563' title='bbox 2396 2762 2410 2798; x_wconf 90' lang='lat'><strong>:</strong></span> <span class='ocrx_word' id='word_1_564' title='bbox 2446 2745 2606 2801; x_wconf 74' lang='grc' dir='ltr'>Οὕτω</span> <span class='ocrx_word' id='word_1_565' title='bbox 2650 2748 2748 2819; x_wconf 84' lang='grc' dir='ltr'>μὲν</span> <span class='ocrx_word' id='word_1_566' title='bbox 2780 2753 2941 2822; x_wconf 83' lang='grc' dir='ltr'>ἡμεῖς</span> <span class='ocrx_word' id='word_1_567' title='bbox 2976 2755 3056 2818; x_wconf 72' lang='grc' dir='ltr'><strong>εἷς</strong></span> <span class='ocrx_word' id='word_1_568' title='bbox 3087 2774 3145 2810; x_wconf 80' lang='grc' dir='ltr'><strong>τε</strong></span> <span class='ocrx_word' id='word_1_569' title='bbox 3172 2759 3273 2830; x_wconf 80' lang='grc' dir='ltr'>τὴν</span> <span class='ocrx_word' id='word_1_570' title='bbox 3304 2761 3509 2831; x_wconf 88' lang='grc' dir='ltr'>Τριάδα</span> 
     </span>
    </p>
   </div>
   <div class='ocr_carea' id='block_1_71' title="bbox 1944 2828 3507 2921">
    <p class='ocr_par' dir='ltr' id='par_1_71' title="bbox 1944 2828 3507 2921">
     <span class='ocr_line' id='line_1_73' title="bbox 1944 2828 3507 2921; baseline 0.016 -40"><span class='ocrx_word' id='word_1_571' title='bbox 1944 2828 2042 2900; x_wconf 85' lang='grc' dir='ltr'>τὴν</span> <span class='ocrx_word' id='word_1_572' title='bbox 2071 2831 2272 2901; x_wconf 84' lang='grc' dir='ltr'>μονάδα</span> <span class='ocrx_word' id='word_1_573' title='bbox 2314 2833 2651 2908; x_wconf 84' lang='grc' dir='ltr'>πλατύνομεν</span> <span class='ocrx_word' id='word_1_574' title='bbox 2693 2841 3018 2913; x_wconf 81' lang='grc' dir='ltr'>ἀδιαίρετον,</span> <span class='ocrx_word' id='word_1_575' title='bbox 3048 2846 3143 2899; x_wconf 77' lang='grc' dir='ltr'><strong>καὶ</strong></span> <span class='ocrx_word' id='word_1_576' title='bbox 3178 2828 3274 2919; x_wconf 64' lang='grc' dir='ltr'>τήν</span> <span class='ocrx_word' id='word_1_577' title='bbox 3306 2828 3507 2921; x_wconf 83' lang='grc' dir='ltr'>Τριάδα</span> 
     </span>
    </p>
   </div>
   <div class='ocr_carea' id='block_1_72' title="bbox 1944 2920 3502 3011">
    <p class='ocr_par' dir='ltr' id='par_1_72' title="bbox 1944 2920 3502 3011">
     <span class='ocr_line' id='line_1_74' title="bbox 1944 2920 3502 3011; baseline 0.014 -38"><span class='ocrx_word' id='word_1_578' title='bbox 1944 2920 2106 2975; x_wconf 69' lang='grc' dir='ltr'>πάλιν</span> <span class='ocrx_word' id='word_1_579' title='bbox 2148 2924 2415 2995; x_wconf 79' lang='grc' dir='ltr'>ἀμείωτον</span> <span class='ocrx_word' id='word_1_580' title='bbox 2459 2930 2536 2992; x_wconf 77' lang='grc' dir='ltr'><strong>εἰς</strong></span> <span class='ocrx_word' id='word_1_581' title='bbox 2576 2930 2675 3001; x_wconf 80' lang='grc' dir='ltr'><strong>τὴν</strong></span> <span class='ocrx_word' id='word_1_582' title='bbox 2711 2932 2910 3003; x_wconf 79' lang='grc' dir='ltr'>μονάδα</span> <span class='ocrx_word' id='word_1_583' title='bbox 2940 2920 3502 3011; x_wconf 71' lang='grc' dir='ltr'>συγκεφαλαιούμεοα,</span> 
     </span>
    </p>
   </div>
   <div class='ocr_carea' id='block_1_73' title="bbox 1946 3013 3501 3089">
    <p class='ocr_par' dir='ltr' id='par_1_73' title="bbox 1946 3013 3501 3089">
     <span class='ocr_line' id='line_1_75' title="bbox 1946 3013 3501 3089; baseline 0.013 -23"><span class='ocrx_word' id='word_1_584' title='bbox 1946 3013 2049 3068; x_wconf 90' lang='lat' dir='ltr'><strong>hoc</strong></span> <span class='ocrx_word' id='word_1_585' title='bbox 2074 3022 2198 3069; x_wconf 86' lang='lat' dir='ltr'><strong>est:</strong></span> <span class='ocrx_word' id='word_1_586' title='bbox 2232 3015 2322 3070; x_wconf 87' lang='lat' dir='ltr'><strong>Sic</strong></span> <span class='ocrx_word' id='word_1_587' title='bbox 2352 3017 2558 3089; x_wconf 86' lang='lat' dir='ltr'><strong>quidem</strong></span> <span class='ocrx_word' id='word_1_588' title='bbox 2592 3037 2685 3075; x_wconf 87' lang='lat' dir='ltr'><strong>nos</strong></span> <span class='ocrx_word' id='word_1_589' title='bbox 2737 3022 3108 3080; x_wconf 83' lang='lat' dir='ltr'><strong>indivisibilem</strong></span> <span class='ocrx_word' id='word_1_590' title='bbox 3153 3028 3405 3084; x_wconf 85' lang='lat' dir='ltr'><strong>unitatem</strong></span> <span class='ocrx_word' id='word_1_591' title='bbox 3447 3034 3501 3086; x_wconf 85' lang='lat' dir='ltr'><strong>in</strong></span> 
     </span>
    </p>
   </div>
   <div class='ocr_carea' id='block_1_74' title="bbox 1947 3104 3503 3194">
    <p class='ocr_par' dir='ltr' id='par_1_74' title="bbox 1947 3104 3503 3194">
     <span class='ocr_line' id='line_1_76' title="bbox 1947 3104 3503 3194; baseline 0.013 -35"><span class='ocrx_word' id='word_1_592' title='bbox 1947 3104 2263 3164; x_wconf 76' lang='lat' dir='ltr'><strong>Trinitatem</strong></span> <span class='ocrx_word' id='word_1_593' title='bbox 2304 3110 2620 3179; x_wconf 86' lang='lat' dir='ltr'><strong>dilatantus,</strong></span> <span class='ocrx_word' id='word_1_594' title='bbox 2664 3123 2715 3167; x_wconf 89' lang='lat' dir='ltr'><strong>et</strong></span> <span class='ocrx_word' id='word_1_595' title='bbox 2767 3113 3080 3172; x_wconf 87' lang='lat' dir='ltr'><strong>Trinitatem</strong></span> <span class='ocrx_word' id='word_1_596' title='bbox 3126 3120 3337 3185; x_wconf 83' lang='lat' dir='ltr'><strong>iterum,</strong></span> <span class='ocrx_word' id='word_1_597' title='bbox 3385 3140 3503 3194; x_wconf 72' lang='lat' dir='ltr'><strong>qua:</strong></span> 
     </span>
    </p>
   </div>
   <div class='ocr_carea' id='block_1_75' title="bbox 1938 3199 3499 3273">
    <p class='ocr_par' dir='ltr' id='par_1_75' title="bbox 1938 3199 3499 3273">
     <span class='ocr_line' id='line_1_77' title="bbox 1938 3199 3499 3273; baseline 0.013 -20"><span class='ocrx_word' id='word_1_598' title='bbox 1938 3199 2182 3255; x_wconf 78' lang='lat' dir='ltr'><strong>imminui</strong></span> <span class='ocrx_word' id='word_1_599' title='bbox 2215 3203 2411 3273; x_wconf 87' lang='lat' dir='ltr'><strong>nequit,</strong></span> <span class='ocrx_word' id='word_1_600' title='bbox 2451 3205 2505 3258; x_wconf 88' lang='lat' dir='ltr'><strong>in</strong></span> <span class='ocrx_word' id='word_1_601' title='bbox 2534 3205 2787 3261; x_wconf 87' lang='lat' dir='ltr'><strong>unitatem</strong></span> <span class='ocrx_word' id='word_1_602' title='bbox 2817 3210 3190 3266; x_wconf 78' lang='lat' dir='ltr'><strong>contra/timus.</strong></span> <span class='ocrx_word' id='word_1_603' title='bbox 3216 3210 3318 3268; x_wconf 91' lang='lat' dir='ltr'><strong>Ubi</strong></span> <span class='ocrx_word' id='word_1_604' title='bbox 3346 3215 3499 3273; x_wconf 87' lang='lat' dir='ltr'><strong>vides</strong></span> 
     </span>
    </p>
   </div>
   <div class='ocr_carea' id='block_1_76' title="bbox 1938 3294 3498 3371">
    <p class='ocr_par' dir='ltr' id='par_1_76' title="bbox 1938 3294 3498 3371">
     <span class='ocr_line' id='line_1_78' title="bbox 1938 3294 3498 3371; baseline 0.013 -25"><span class='ocrx_word' id='word_1_605' title='bbox 1938 3294 2200 3349; x_wconf 88' lang='lat' dir='ltr'><strong>unitatem</strong></span> <span class='ocrx_word' id='word_1_606' title='bbox 2235 3294 2352 3360; x_wconf 91' lang='lat' dir='ltr'><strong>Dei,</strong></span> <span class='ocrx_word' id='word_1_607' title='bbox 2385 3305 2574 3352; x_wconf 91' lang='lat' dir='ltr'><strong>contra</strong></span> <span class='ocrx_word' id='word_1_608' title='bbox 2600 3312 2759 3369; x_wconf 88' lang='lat' dir='ltr'><strong>quam</strong></span> <span class='ocrx_word' id='word_1_609' title='bbox 2792 3298 3060 3360; x_wconf 88' lang='lat' dir='ltr'><strong>Eusebius</strong></span> <span class='ocrx_word' id='word_1_610' title='bbox 3096 3307 3281 3371; x_wconf 85' lang='lat' dir='ltr'><strong>sentit,</strong></span> <span class='ocrx_word' id='word_1_611' title='bbox 3311 3308 3367 3363; x_wconf 92' lang='lat' dir='ltr'><strong>in</strong></span> <span class='ocrx_word' id='word_1_612' title='bbox 3397 3310 3498 3365; x_wconf 76' lang='lat' dir='ltr'><strong>tri-</strong></span> 
     </span>
    </p>
   </div>
   <div class='ocr_carea' id='block_1_77' title="bbox 1934 3384 3498 3462">
    <p class='ocr_par' dir='ltr' id='par_1_77' title="bbox 1934 3384 3498 3462">
     <span class='ocr_line' id='line_1_79' title="bbox 1934 3384 3498 3462; baseline 0.014 -23"><span class='ocrx_word' id='word_1_613' title='bbox 1934 3384 2038 3441; x_wconf 87' lang='lat' dir='ltr'><strong>bus</strong></span> <span class='ocrx_word' id='word_1_614' title='bbox 2067 3389 2318 3456; x_wconf 84' lang='lat' dir='ltr'><strong>personis</strong></span> <span class='ocrx_word' id='word_1_615' title='bbox 2346 3390 2629 3445; x_wconf 88' lang='lat' dir='ltr'><strong>constitui.</strong></span> <span class='ocrx_word' id='word_1_616' title='bbox 2661 3390 2943 3462; x_wconf 89' lang='lat' dir='ltr'><strong>Siquidem</strong></span> <span class='ocrx_word' id='word_1_617' title='bbox 2970 3395 3212 3456; x_wconf 88' lang='lat' dir='ltr'><strong>Trinitas</strong></span> <span class='ocrx_word' id='word_1_618' title='bbox 3247 3402 3335 3457; x_wconf 89' lang='lat' dir='ltr'><strong>illa</strong></span> <span class='ocrx_word' id='word_1_619' title='bbox 3360 3405 3498 3461; x_wconf 88' lang='lat' dir='ltr'><strong>nihil</strong></span> 
     </span>
    </p>
   </div>
   <div class='ocr_carea' id='block_1_78' title="bbox 1933 3477 3495 3553">
    <p class='ocr_par' dir='ltr' id='par_1_78' title="bbox 1933 3477 3495 3553">
     <span class='ocr_line' id='line_1_80' title="bbox 1933 3477 3495 3553; baseline 0.014 -22"><span class='ocrx_word' id='word_1_620' title='bbox 1933 3477 2127 3532; x_wconf 90' lang='lat' dir='ltr'><strong>unitati</strong></span> <span class='ocrx_word' id='word_1_621' title='bbox 2151 3478 2335 3544; x_wconf 86' lang='lat' dir='ltr'><strong>oilicit,</strong></span> <span class='ocrx_word' id='word_1_622' title='bbox 2363 3482 2490 3551; x_wconf 89' lang='lat' dir='ltr'><strong>quia</strong></span> <span class='ocrx_word' id='word_1_623' title='bbox 2520 3483 2575 3537; x_wconf 91' lang='lat' dir='ltr'><strong>in</strong></span> <span class='ocrx_word' id='word_1_624' title='bbox 2605 3484 2783 3541; x_wconf 88' lang='lat' dir='ltr'><strong>tribus</strong></span> <span class='ocrx_word' id='word_1_625' title='bbox 2805 3502 2912 3541; x_wconf 90' lang='lat' dir='ltr'><strong>una</strong></span> <span class='ocrx_word' id='word_1_626' title='bbox 2939 3499 3152 3551; x_wconf 87' lang='lat' dir='ltr'><strong>natura.</strong></span> <span class='ocrx_word' id='word_1_627' title='bbox 3188 3494 3495 3553; x_wconf 86' lang='lat' dir='ltr'><strong>substantia</strong></span> 
     </span>
    </p>
   </div>
   <div class='ocr_carea' id='block_1_79' title="bbox 1931 3567 3494 3642">
    <p class='ocr_par' dir='ltr' id='par_1_79' title="bbox 1931 3567 3494 3642">
     <span class='ocr_line' id='line_1_81' title="bbox 1931 3567 3494 3642; baseline 0.013 -20"><span class='ocrx_word' id='word_1_628' title='bbox 1931 3574 1985 3622; x_wconf 89' lang='lat' dir='ltr'><strong>et</strong></span> <span class='ocrx_word' id='word_1_629' title='bbox 2017 3567 2194 3625; x_wconf 89' lang='lat' dir='ltr'><strong>deitas</strong></span> <span class='ocrx_word' id='word_1_630' title='bbox 2236 3572 2474 3626; x_wconf 83' lang='lat' dir='ltr'><strong>exsistit.</strong></span> <span class='ocrx_word' id='word_1_631' title='bbox 2522 3571 2596 3627; x_wconf 93' lang='lat' dir='ltr'><strong>De</strong></span> <span class='ocrx_word' id='word_1_632' title='bbox 2626 3576 2897 3630; x_wconf 89' lang='lat' dir='ltr'><strong>sententia</strong></span> <span class='ocrx_word' id='word_1_633' title='bbox 2936 3594 3065 3634; x_wconf 87' lang='lat' dir='ltr'><strong>vero</strong></span> <span class='ocrx_word' id='word_1_634' title='bbox 3092 3580 3312 3639; x_wconf 88' lang='lat' dir='ltr'><strong>Eusebii</strong></span> <span class='ocrx_word' id='word_1_635' title='bbox 3346 3587 3494 3642; x_wconf 88' lang='lat' dir='ltr'><strong>circa</strong></span> 
     </span>
    </p>
   </div>
   <div class='ocr_carea' id='block_1_80' title="bbox 1932 3657 3493 3735">
    <p class='ocr_par' dir='ltr' id='par_1_80' title="bbox 1932 3657 3493 3735">
     <span class='ocr_line' id='line_1_82' title="bbox 1932 3657 3493 3735; baseline 0.013 -23"><span class='ocrx_word' id='word_1_636' title='bbox 1932 3657 2193 3728; x_wconf 90' lang='lat' dir='ltr'><strong>Spiritum</strong></span> <span class='ocrx_word' id='word_1_637' title='bbox 2221 3672 2488 3727; x_wconf 88' lang='lat' dir='ltr'><strong>sanctum,</strong></span> <span class='ocrx_word' id='word_1_638' title='bbox 2516 3679 2624 3719; x_wconf 90' lang='lat' dir='ltr'><strong>non</strong></span> <span class='ocrx_word' id='word_1_639' title='bbox 2653 3674 2737 3721; x_wconf 90' lang='lat' dir='ltr'><strong>est</strong></span> <span class='ocrx_word' id='word_1_640' title='bbox 2754 3666 2899 3735; x_wconf 89' lang='lat' dir='ltr'><strong>quod</strong></span> <span class='ocrx_word' id='word_1_641' title='bbox 2926 3668 3228 3728; x_wconf 88' lang='lat' dir='ltr'><strong>disseratur</strong></span> <span class='ocrx_word' id='word_1_642' title='bbox 3255 3678 3493 3733; x_wconf 85' lang='lat' dir='ltr'><strong>:etenim</strong></span> 
     </span>
    </p>
   </div>
   <div class='ocr_carea' id='block_1_81' title="bbox 1928 3751 3490 3835">
    <p class='ocr_par' dir='ltr' id='par_1_81' title="bbox 1928 3751 3490 3835">
     <span class='ocr_line' id='line_1_83' title="bbox 1928 3751 3490 3835; baseline 0.012 -31"><span class='ocrx_word' id='word_1_643' title='bbox 1928 3751 2012 3805; x_wconf 86' lang='lat' dir='ltr'><strong>vel</strong></span> <span class='ocrx_word' id='word_1_644' title='bbox 2042 3752 2077 3805; x_wconf 91' lang='lat' dir='ltr'><strong>ii</strong></span> <span class='ocrx_word' id='word_1_645' title='bbox 2107 3752 2197 3820; x_wconf 86' lang='lat' dir='ltr'><strong>qui</strong></span> <span class='ocrx_word' id='word_1_646' title='bbox 2242 3753 2361 3819; x_wconf 85' lang='lat' dir='ltr'><strong>ejus</strong></span> <span class='ocrx_word' id='word_1_647' title='bbox 2405 3753 2472 3807; x_wconf 88' lang='lat' dir='ltr'><strong>de</strong></span> <span class='ocrx_word' id='word_1_648' title='bbox 2515 3754 2653 3809; x_wconf 85' lang='lat' dir='ltr'><strong>Filio</strong></span> <span class='ocrx_word' id='word_1_649' title='bbox 2693 3757 2997 3814; x_wconf 88' lang='lat' dir='ltr'><strong>doctrinam</strong></span> <span class='ocrx_word' id='word_1_650' title='bbox 3032 3766 3168 3817; x_wconf 89' lang='lat' dir='ltr'><strong>tueri</strong></span> <span class='ocrx_word' id='word_1_651' title='bbox 3200 3779 3490 3835; x_wconf 89' lang='lat' dir='ltr'><strong>conantur,</strong></span> 
     </span>
    </p>
   </div>
   <div class='ocr_carea' id='block_1_82' title="bbox 1929 3842 3492 3919">
    <p class='ocr_par' dir='ltr' id='par_1_82' title="bbox 1929 3842 3492 3919">
     <span class='ocr_line' id='line_1_84' title="bbox 1929 3842 3492 3919; baseline 0.013 -25"><span class='ocrx_word' id='word_1_652' title='bbox 1929 3855 2038 3895; x_wconf 93' lang='lat' dir='ltr'><strong>non</strong></span> <span class='ocrx_word' id='word_1_653' title='bbox 2064 3842 2275 3897; x_wconf 88' lang='lat' dir='ltr'><strong>inﬁcias</strong></span> <span class='ocrx_word' id='word_1_654' title='bbox 2297 3851 2429 3897; x_wconf 91' lang='lat' dir='ltr'><strong>eunt</strong></span> <span class='ocrx_word' id='word_1_655' title='bbox 2457 3845 2634 3914; x_wconf 89' lang='lat' dir='ltr'><strong>ipsum</strong></span> <span class='ocrx_word' id='word_1_656' title='bbox 2665 3848 2733 3903; x_wconf 91' lang='lat' dir='ltr'><strong>de</strong></span> <span class='ocrx_word' id='word_1_657' title='bbox 2756 3848 2959 3919; x_wconf 89' lang='lat' dir='ltr'><strong>Spiritu</strong></span> <span class='ocrx_word' id='word_1_658' title='bbox 2992 3862 3181 3909; x_wconf 90' lang='lat' dir='ltr'><strong>sancto</strong></span> <span class='ocrx_word' id='word_1_659' title='bbox 3208 3872 3314 3912; x_wconf 92' lang='lat' dir='ltr'><strong>non</strong></span> <span class='ocrx_word' id='word_1_660' title='bbox 3344 3869 3492 3915; x_wconf 90' lang='lat' dir='ltr'><strong>recte</strong></span> 
     </span>
    </p>
   </div>
   <div class='ocr_carea' id='block_1_83' title="bbox 1928 3933 3490 4022">
    <p class='ocr_par' dir='ltr' id='par_1_83' title="bbox 1928 3933 3490 4022">
     <span class='ocr_line' id='line_1_85' title="bbox 1928 3933 3490 4022; baseline 0.005 -36"><span class='ocrx_word' id='word_1_661' title='bbox 1928 3934 2189 3990; x_wconf 84' lang='lat' dir='ltr'><strong>locutum.</strong></span> <span class='ocrx_word' id='word_1_662' title='bbox 2218 3933 2353 3989; x_wconf 75' lang='lat' dir='ltr'><strong>Nam</strong></span> <span class='ocrx_word' id='word_1_663' title='bbox 2385 3936 2527 3993; x_wconf 90' lang='lat' dir='ltr'><strong>libro</strong></span> <span class='ocrx_word' id='word_1_664' title='bbox 2559 3949 2744 3993; x_wconf 87' lang='lat' dir='ltr'><strong>contra</strong></span> <span class='ocrx_word' id='word_1_665' title='bbox 2780 3940 3094 3997; x_wconf 80' lang='lat' dir='ltr'><strong>Marcellum</strong></span> <span class='ocrx_word' id='word_1_666' title='bbox 3120 3946 3189 4016; x_wconf 89' lang='lat' dir='ltr'><strong>(c)</strong></span> <span class='ocrx_word' id='word_1_667' title='bbox 3234 3949 3326 4014; x_wconf 89' lang='lat' dir='ltr'><strong>ait,</strong></span> <span class='ocrx_word' id='word_1_668' title='bbox 3365 3951 3490 4022; x_wconf 84' lang='lat' dir='ltr'><strong>Spi-</strong></span> 
     </span>
    </p>
   </div>
   <div class='ocr_carea' id='block_1_84' title="bbox 1925 4027 3486 4109">
    <p class='ocr_par' dir='ltr' id='par_1_84' title="bbox 1925 4027 3486 4109">
     <span class='ocr_line' id='line_1_86' title="bbox 1925 4027 3486 4109; baseline 0.012 -29"><span class='ocrx_word' id='word_1_669' title='bbox 1925 4027 2089 4080; x_wconf 88' lang='lat' dir='ltr'><strong>ritum</strong></span> <span class='ocrx_word' id='word_1_670' title='bbox 2119 4036 2367 4084; x_wconf 85' lang='lat' dir='ltr'><strong>sanctum</strong></span> <span class='ocrx_word' id='word_1_671' title='bbox 2398 4045 2573 4100; x_wconf 87' lang='lat' dir='ltr'><strong>neque</strong></span> <span class='ocrx_word' id='word_1_672' title='bbox 2598 4032 2762 4088; x_wconf 92' lang='lat' dir='ltr'><strong>Deum</strong></span> <span class='ocrx_word' id='word_1_673' title='bbox 2792 4050 2969 4105; x_wconf 85' lang='lat' dir='ltr'><strong>neque</strong></span> <span class='ocrx_word' id='word_1_674' title='bbox 3003 4036 3197 4094; x_wconf 85' lang='lat' dir='ltr'><strong>Filium</strong></span> <span class='ocrx_word' id='word_1_675' title='bbox 3227 4057 3379 4109; x_wconf 88' lang='lat' dir='ltr'><strong>esse;</strong></span> <span class='ocrx_word' id='word_1_676' title='bbox 3411 4045 3486 4100; x_wconf 87' lang='lat' dir='ltr'><strong>ita</strong></span> 
     </span>
    </p>
   </div>
   <div class='ocr_carea' id='block_1_85' title="bbox 1925 4117 3487 4201">
    <p class='ocr_par' dir='ltr' id='par_1_85' title="bbox 1925 4117 3487 4201">
     <span class='ocr_line' id='line_1_87' title="bbox 1925 4117 3487 4201; baseline 0.013 -31"><span class='ocrx_word' id='word_1_677' title='bbox 1925 4127 1981 4170; x_wconf 93' lang='lat' dir='ltr'><strong>ut</strong></span> <span class='ocrx_word' id='word_1_678' title='bbox 2012 4117 2161 4171; x_wconf 88' lang='lat' dir='ltr'><strong>illum</strong></span> <span class='ocrx_word' id='word_1_679' title='bbox 2189 4117 2447 4174; x_wconf 88' lang='lat' dir='ltr'><strong>decernat</strong></span> <span class='ocrx_word' id='word_1_680' title='bbox 2470 4119 2609 4178; x_wconf 89' lang='lat' dir='ltr'><strong>Filio</strong></span> <span class='ocrx_word' id='word_1_681' title='bbox 2639 4123 2974 4191; x_wconf 79' lang='lat' dir='ltr'><strong>inferiorem,</strong></span> <span class='ocrx_word' id='word_1_682' title='bbox 2997 4129 3195 4199; x_wconf 87' lang='lat' dir='ltr'><strong>quippe</strong></span> <span class='ocrx_word' id='word_1_683' title='bbox 3223 4148 3383 4201; x_wconf 90' lang='lat' dir='ltr'><strong>quem</strong></span> <span class='ocrx_word' id='word_1_684' title='bbox 3415 4150 3487 4190; x_wconf 89' lang='lat' dir='ltr'><strong>ne</strong></span> 
     </span>
    </p>
   </div>
   <div class='ocr_carea' id='block_1_86' title="bbox 1921 4210 3481 4291">
    <p class='ocr_par' dir='ltr' id='par_1_86' title="bbox 1921 4210 3481 4291">
     <span class='ocr_line' id='line_1_88' title="bbox 1921 4210 3481 4291; baseline 0.012 -26"><span class='ocrx_word' id='word_1_685' title='bbox 1921 4225 1983 4265; x_wconf 81' lang='lat' dir='ltr'><strong>ex</strong></span> <span class='ocrx_word' id='word_1_686' title='bbox 2020 4210 2332 4280; x_wconf 77' lang='lat' dir='ltr'><strong>dignatione</strong></span> <span class='ocrx_word' id='word_1_687' title='bbox 2377 4214 2595 4283; x_wconf 86' lang='lat' dir='ltr'><strong>quidem</strong></span> <span class='ocrx_word' id='word_1_688' title='bbox 2635 4214 2805 4272; x_wconf 90' lang='lat' dir='ltr'><strong>Deum</strong></span> <span class='ocrx_word' id='word_1_689' title='bbox 2844 4223 3149 4291; x_wconf 89' lang='lat' dir='ltr'><strong>nuncupari</strong></span> <span class='ocrx_word' id='word_1_690' title='bbox 3190 4224 3359 4279; x_wconf 90' lang='lat' dir='ltr'><strong>velit:</strong></span> <span class='ocrx_word' id='word_1_691' title='bbox 3387 4228 3481 4282; x_wconf 91' lang='lat' dir='ltr'><strong>sed</strong></span> 
     </span>
    </p>
   </div>
   <div class='ocr_carea' id='block_1_87' title="bbox 1919 4300 3483 4385">
    <p class='ocr_par' dir='ltr' id='par_1_87' title="bbox 1919 4300 3483 4385">
     <span class='ocr_line' id='line_1_89' title="bbox 1919 4300 3483 4385; baseline 0.013 -33"><span class='ocrx_word' id='word_1_692' title='bbox 1919 4311 2042 4373; x_wconf 88' lang='lat' dir='ltr'><strong>post</strong></span> <span class='ocrx_word' id='word_1_693' title='bbox 2076 4300 2269 4358; x_wconf 86' lang='lat' dir='ltr'><strong>Filium</strong></span> <span class='ocrx_word' id='word_1_694' title='bbox 2315 4320 2424 4360; x_wconf 92' lang='lat' dir='ltr'><strong>non</strong></span> <span class='ocrx_word' id='word_1_695' title='bbox 2458 4322 2687 4361; x_wconf 88' lang='lat' dir='ltr'><strong>numero</strong></span> <span class='ocrx_word' id='word_1_696' title='bbox 2725 4315 2956 4378; x_wconf 90' lang='lat' dir='ltr'><strong>tantum,</strong></span> <span class='ocrx_word' id='word_1_697' title='bbox 2991 4312 3087 4367; x_wconf 93' lang='lat' dir='ltr'><strong>sed</strong></span> <span class='ocrx_word' id='word_1_698' title='bbox 3118 4314 3278 4368; x_wconf 90' lang='lat' dir='ltr'><strong>etiam</strong></span> <span class='ocrx_word' id='word_1_699' title='bbox 3310 4318 3483 4385; x_wconf 84' lang='lat' dir='ltr'><strong>gradu</strong></span> 
     </span>
    </p>
   </div>
   <div class='ocr_carea' id='block_1_88' title="bbox 1919 4392 3481 4464">
    <p class='ocr_par' dir='ltr' id='par_1_88' title="bbox 1919 4392 3481 4464">
     <span class='ocr_line' id='line_1_90' title="bbox 1919 4392 3481 4464; baseline 0.01 -17"><span class='ocrx_word' id='word_1_700' title='bbox 1919 4400 1973 4447; x_wconf 89' lang='lat' dir='ltr'><strong>et</strong></span> <span class='ocrx_word' id='word_1_701' title='bbox 2005 4392 2266 4463; x_wconf 82' lang='lat' dir='ltr'><strong>dignitate</strong></span> <span class='ocrx_word' id='word_1_702' title='bbox 2304 4395 2624 4452; x_wconf 88' lang='lat' dir='ltr'><strong>constituat.</strong></span> <span class='ocrx_word' id='word_1_703' title='bbox 2668 4397 2726 4452; x_wconf 94' lang='lat' dir='ltr'><strong>In</strong></span> <span class='ocrx_word' id='word_1_704' title='bbox 2768 4399 2853 4454; x_wconf 90' lang='lat' dir='ltr'><strong>his</strong></span> <span class='ocrx_word' id='word_1_705' title='bbox 2898 4417 3027 4457; x_wconf 88' lang='lat' dir='ltr'><strong>vero</strong></span> <span class='ocrx_word' id='word_1_706' title='bbox 3072 4409 3481 4464; x_wconf 88' lang='lat' dir='ltr'><strong>commentariis</strong></span> 
     </span>
    </p>
   </div>
   <div class='ocr_carea' id='block_1_89' title="bbox 250 4483 3476 4575">
    <p class='ocr_par' dir='ltr' id='par_1_89' title="bbox 250 4483 3476 4575">
     <span class='ocr_line' id='line_1_91' title="bbox 250 4483 3476 4575; baseline 0.02 -40"><span class='ocrx_word' id='word_1_707' title='bbox 250 4493 548 4554; x_wconf 86' lang='lat' dir='ltr'><strong>vocantur;</strong></span> <span class='ocrx_word' id='word_1_708' title='bbox 598 4506 700 4547; x_wconf 90' lang='lat' dir='ltr'><strong>nec</strong></span> <span class='ocrx_word' id='word_1_709' title='bbox 739 4502 919 4552; x_wconf 88' lang='lat' dir='ltr'><strong>tamen</strong></span> <span class='ocrx_word' id='word_1_710' title='bbox 970 4498 1045 4553; x_wconf 90' lang='lat' dir='ltr'><strong>dii</strong></span> <span class='ocrx_word' id='word_1_711' title='bbox 1067 4500 1172 4556; x_wconf 87' lang='lat' dir='ltr'><strong>dici</strong></span> <span class='ocrx_word' id='word_1_712' title='bbox 1198 4517 1445 4574; x_wconf 91' lang='lat' dir='ltr'><strong>possunt,</strong></span> <span class='ocrx_word' id='word_1_713' title='bbox 1474 4508 1520 4564; x_wconf 89' lang='lat' dir='ltr'><strong>si</strong></span> <span class='ocrx_word' id='word_1_714' title='bbox 1549 4483 1671 4565; x_wconf 82' lang='lat' dir='ltr'><strong>cum</strong></span> <span class='ocrx_word' id='word_1_715' title='bbox 1710 4512 1806 4568; x_wconf 89' lang='lat' dir='ltr'><strong>illo</strong></span> <span class='ocrx_word' id='word_1_716' title='bbox 1842 4519 1889 4575; x_wconf 88' lang='lat' dir='ltr'><strong>D</strong></span> <span class='ocrx_word' id='word_1_717' title='bbox 1919 4496 2143 4575; x_wconf 49' lang='lat' dir='ltr'><strong>Pcw?&quot;</strong></span> <span class='ocrx_word' id='word_1_718' title='bbox 2173 4483 2241 4538; x_wconf 71' lang='lat' dir='ltr'><strong>de</strong></span> <span class='ocrx_word' id='word_1_719' title='bbox 2273 4484 2475 4554; x_wconf 63' lang='lat' dir='ltr'><strong>Spimu</strong></span> <span class='ocrx_word' id='word_1_720' title='bbox 2501 4495 2689 4541; x_wconf 56' lang='lat' dir='ltr'><strong>sane“,</strong></span> <span class='ocrx_word' id='word_1_721' title='bbox 2715 4489 2879 4543; x_wconf 62' lang='lat' dir='ltr'><strong>verba</strong></span> <span class='ocrx_word' id='word_1_722' title='bbox 2904 4489 3051 4558; x_wconf 45' lang='grc' dir='ltr'><strong>ᾔδη’</strong></span> <span class='ocrx_word' id='word_1_723' title='bbox 3085 4493 3213 4564; x_wconf 64' lang='lat' dir='ltr'><strong>quia</strong></span> <span class='ocrx_word' id='word_1_724' title='bbox 3235 4498 3476 4553; x_wconf 68' lang='lat' dir='ltr'><strong>nondum</strong></span> 
     </span>
    </p>
   </div>
   <div class='ocr_carea' id='block_1_90' title="bbox 250 4576 1809 4670">
    <p class='ocr_par' dir='ltr' id='par_1_90' title="bbox 250 4576 1809 4670">
     <span class='ocr_line' id='line_1_92' title="bbox 250 4576 1809 4670; baseline 0.021 -42"><span class='ocrx_word' id='word_1_725' title='bbox 250 4576 627 4645; x_wconf 81' lang='lat' dir='ltr'><strong>conferantur,</strong></span> <span class='ocrx_word' id='word_1_726' title='bbox 650 4591 711 4639; x_wconf 89' lang='lat' dir='ltr'><strong>ut</strong></span> <span class='ocrx_word' id='word_1_727' title='bbox 737 4585 899 4644; x_wconf 80' lang='lat' dir='ltr'><strong>habet</strong></span> <span class='ocrx_word' id='word_1_728' title='bbox 927 4588 983 4645; x_wconf 91' lang='lat' dir='ltr'><strong>in</strong></span> <span class='ocrx_word' id='word_1_729' title='bbox 1008 4590 1095 4646; x_wconf 90' lang='lat' dir='ltr'><strong>his</strong></span> <span class='ocrx_word' id='word_1_730' title='bbox 1131 4600 1553 4657; x_wconf 88' lang='lat' dir='ltr'><strong>commentariis.</strong></span> <span class='ocrx_word' id='word_1_731' title='bbox 1585 4604 1738 4670; x_wconf 84' lang='lat' dir='ltr'><strong>Quod</strong></span> <span class='ocrx_word' id='word_1_732' title='bbox 1761 4608 1809 4661; x_wconf 86' lang='lat' dir='ltr'><strong>si</strong></span> 
     </span>
    </p>
   </div>
   <div class='ocr_carea' id='block_1_91' title="bbox 248 4667 1805 4765">
    <p class='ocr_par' dir='ltr' id='par_1_91' title="bbox 248 4667 1805 4765">
     <span class='ocr_line' id='line_1_93' title="bbox 248 4667 1805 4765; baseline 0.022 -47"><span class='ocrx_word' id='word_1_733' title='bbox 248 4667 382 4721; x_wconf 84' lang='lat' dir='ltr'><strong>illud</strong></span> <span class='ocrx_word' id='word_1_734' title='bbox 410 4670 699 4740; x_wconf 79' lang='lat' dir='ltr'><strong>adjiciatur</strong></span> <span class='ocrx_word' id='word_1_735' title='bbox 725 4677 827 4748; x_wconf 89' lang='lat' dir='ltr'><strong>(sic</strong></span> <span class='ocrx_word' id='word_1_736' title='bbox 867 4681 998 4750; x_wconf 88' lang='lat' dir='ltr'><strong>ille),</strong></span> <span class='ocrx_word' id='word_1_737' title='bbox 1036 4700 1054 4733; x_wconf 84' lang='lat' dir='ltr'><strong>t</strong></span> <span class='ocrx_word' id='word_1_738' title='bbox 1094 4683 1173 4738; x_wconf 84' lang='lat' dir='ltr'><strong>Tu</strong></span> <span class='ocrx_word' id='word_1_739' title='bbox 1198 4703 1252 4740; x_wconf 85' lang='lat' dir='ltr'><strong>es</strong></span> <span class='ocrx_word' id='word_1_740' title='bbox 1285 4688 1422 4744; x_wconf 86' lang='lat' dir='ltr'><strong>Deus</strong></span> <span class='ocrx_word' id='word_1_741' title='bbox 1446 4667 1805 4765; x_wconf 38' lang='grc' dir='ltr'>δοιαε-(Ρδαι.</span> 
     </span>
    </p>
   </div>
   <div class='ocr_carea' id='block_1_92' title="bbox 242 4766 1803 4857">
    <p class='ocr_par' dir='ltr' id='par_1_92' title="bbox 242 4766 1803 4857">
     <span class='ocr_line' id='line_1_94' title="bbox 242 4766 1803 4857; baseline 0.019 -43"><span class='ocrx_word' id='word_1_742' title='bbox 242 4773 444 4828; x_wconf 74' lang='lat' dir='ltr'><strong>Lxxxv,</strong></span> <span class='ocrx_word' id='word_1_743' title='bbox 460 4766 550 4837; x_wconf 79' lang='grc'><strong>10)</strong></span> <span class='ocrx_word' id='word_1_744' title='bbox 568 4785 615 4832; x_wconf 80' lang='lat' dir='ltr'><strong>;s</strong></span> <span class='ocrx_word' id='word_1_745' title='bbox 632 4769 686 4821; x_wconf 84' lang='lat' dir='ltr'><strong>id</strong></span> <span class='ocrx_word' id='word_1_746' title='bbox 701 4772 928 4841; x_wconf 81' lang='lat' dir='ltr'><strong>applices</strong></span> <span class='ocrx_word' id='word_1_747' title='bbox 952 4775 1242 4843; x_wconf 70' lang='lat' dir='ltr'><strong>Saluatori,</strong></span> <span class='ocrx_word' id='word_1_748' title='bbox 1265 4780 1361 4836; x_wconf 84' lang='lat' dir='ltr'><strong>hoc</strong></span> <span class='ocrx_word' id='word_1_749' title='bbox 1379 4784 1502 4838; x_wconf 85' lang='lat' dir='ltr'><strong>item</strong></span> <span class='ocrx_word' id='word_1_750' title='bbox 1522 4802 1803 4857; x_wconf 84' lang='lat' dir='ltr'><strong>apponens,</strong></span> 
     </span>
    </p>
   </div>
   <div class='ocr_carea' id='block_1_93' title="bbox 250 4850 1807 4945">
    <p class='ocr_par' dir='ltr' id='par_1_93' title="bbox 250 4850 1807 4945">
     <span class='ocr_line' id='line_1_95' title="bbox 250 4850 1807 4945; baseline 0.02 -44"><span class='ocrx_word' id='word_1_751' title='bbox 250 4869 272 4901; x_wconf 70' lang='grc' dir='ltr'><strong>ε</strong></span> <span class='ocrx_word' id='word_1_752' title='bbox 298 4850 421 4908; x_wconf 86' lang='lat' dir='ltr'><strong>Non</strong></span> <span class='ocrx_word' id='word_1_753' title='bbox 449 4866 527 4911; x_wconf 89' lang='lat' dir='ltr'><strong>est</strong></span> <span class='ocrx_word' id='word_1_754' title='bbox 552 4858 742 4915; x_wconf 86' lang='lat' dir='ltr'><strong>similis</strong></span> <span class='ocrx_word' id='word_1_755' title='bbox 765 4863 845 4916; x_wconf 82' lang='lat' dir='ltr'><strong>tui</strong></span> <span class='ocrx_word' id='word_1_756' title='bbox 867 4864 921 4918; x_wconf 87' lang='lat' dir='ltr'><strong>in</strong></span> <span class='ocrx_word' id='word_1_757' title='bbox 943 4864 1071 4930; x_wconf 86' lang='lat' dir='ltr'><strong>diis,</strong></span> <span class='ocrx_word' id='word_1_758' title='bbox 1099 4867 1318 4924; x_wconf 87' lang='lat' dir='ltr'><strong>Domine</strong></span> <span class='ocrx_word' id='word_1_759' title='bbox 1338 4871 1501 4941; x_wconf 85' lang='lat' dir='ltr'><strong>(Ibid.</strong></span> <span class='ocrx_word' id='word_1_760' title='bbox 1625 4894 1643 4927; x_wconf 72' lang='grc' dir='ltr'><strong>ι</strong></span> <span class='ocrx_word' id='word_1_761' title='bbox 1670 4850 1807 4932; x_wconf 82' lang='lat' dir='ltr'><strong>sicut</strong></span> 
     </span>
    </p>
   </div>
   <div class='ocr_carea' id='block_1_94' title="bbox 240 4944 1807 5031">
    <p class='ocr_par' dir='ltr' id='par_1_94' title="bbox 240 4944 1807 5031">
     <span class='ocr_line' id='line_1_96' title="bbox 240 4944 1807 5031; baseline 0.019 -36"><span class='ocrx_word' id='word_1_762' title='bbox 240 4944 383 4998; x_wconf 85' lang='lat' dir='ltr'><strong>enim</strong></span> <span class='ocrx_word' id='word_1_763' title='bbox 407 4948 455 5000; x_wconf 89' lang='lat' dir='ltr'><strong>si</strong></span> <span class='ocrx_word' id='word_1_764' title='bbox 478 4963 526 5001; x_wconf 90' lang='lat' dir='ltr'><strong>te</strong></span> <span class='ocrx_word' id='word_1_765' title='bbox 546 4966 663 5005; x_wconf 82' lang='lat' dir='ltr'><strong>cum</strong></span> <span class='ocrx_word' id='word_1_766' title='bbox 690 4958 990 5011; x_wconf 74' lang='lat' dir='ltr'><strong>memoratis</strong></span> <span class='ocrx_word' id='word_1_767' title='bbox 1012 4960 1115 5014; x_wconf 88' lang='lat' dir='ltr'><strong>diis</strong></span> <span class='ocrx_word' id='word_1_768' title='bbox 1141 4976 1516 5031; x_wconf 82' lang='lat' dir='ltr'><strong>comparemus,</strong></span> <span class='ocrx_word' id='word_1_769' title='bbox 1551 4982 1571 5017; x_wconf 72' lang='grc' dir='ltr'>ί</span> <span class='ocrx_word' id='word_1_770' title='bbox 1607 4985 1709 5022; x_wconf 88' lang='lat' dir='ltr'><strong>non</strong></span> <span class='ocrx_word' id='word_1_771' title='bbox 1728 4980 1807 5024; x_wconf 89' lang='lat' dir='ltr'><strong>est</strong></span> 
     </span>
    </p>
   </div>
   <div class='ocr_carea' id='block_1_95' title="bbox 240 5035 1803 5124">
    <p class='ocr_par' dir='ltr' id='par_1_95' title="bbox 240 5035 1803 5124">
     <span class='ocr_line' id='line_1_97' title="bbox 240 5035 1803 5124; baseline 0.02 -37"><span class='ocrx_word' id='word_1_772' title='bbox 240 5035 432 5092; x_wconf 86' lang='lat' dir='ltr'><strong>similis</strong></span> <span class='ocrx_word' id='word_1_773' title='bbox 464 5041 561 5107; x_wconf 78' lang='lat' dir='ltr'><strong>tui,</strong></span> <span class='ocrx_word' id='word_1_774' title='bbox 589 5060 610 5096; x_wconf 74' lang='grc' dir='ltr'><strong>ι</strong></span> <span class='ocrx_word' id='word_1_775' title='bbox 643 5045 722 5098; x_wconf 88' lang='lat' dir='ltr'><strong>sic</strong></span> <span class='ocrx_word' id='word_1_776' title='bbox 750 5047 798 5100; x_wconf 88' lang='lat' dir='ltr'><strong>si</strong></span> <span class='ocrx_word' id='word_1_777' title='bbox 819 5055 868 5100; x_wconf 89' lang='lat' dir='ltr'><strong>te</strong></span> <span class='ocrx_word' id='word_1_778' title='bbox 893 5051 1224 5120; x_wconf 77' lang='lat' dir='ltr'><strong>conferamus</strong></span> <span class='ocrx_word' id='word_1_779' title='bbox 1246 5071 1363 5108; x_wconf 91' lang='lat' dir='ltr'><strong>cum</strong></span> <span class='ocrx_word' id='word_1_780' title='bbox 1393 5057 1598 5124; x_wconf 82' lang='lat' dir='ltr'><strong>iisdem,</strong></span> <span class='ocrx_word' id='word_1_781' title='bbox 1635 5070 1721 5115; x_wconf 69' lang='lat' dir='ltr'><strong>«tu</strong></span> <span class='ocrx_word' id='word_1_782' title='bbox 1748 5080 1803 5117; x_wconf 89' lang='lat' dir='ltr'><strong>es</strong></span> 
     </span>
    </p>
   </div>
   <div class='ocr_carea' id='block_1_96' title="bbox 238 5126 1802 5210">
    <p class='ocr_par' dir='ltr' id='par_1_96' title="bbox 238 5126 1802 5210">
     <span class='ocr_line' id='line_1_98' title="bbox 238 5126 1802 5210; baseline 0.019 -29"><span class='ocrx_word' id='word_1_783' title='bbox 238 5126 383 5184; x_wconf 84' lang='lat' dir='ltr'><strong>Deus</strong></span> <span class='ocrx_word' id='word_1_784' title='bbox 421 5134 586 5189; x_wconf 83' lang='lat' dir='ltr'><strong>solus.</strong></span> <span class='ocrx_word' id='word_1_785' title='bbox 619 5155 639 5188; x_wconf 70' lang='grc' dir='ltr'><strong>ο</strong></span> <span class='ocrx_word' id='word_1_786' title='bbox 690 5137 1142 5209; x_wconf 67' lang='grc' dir='ltr'>δσᾳιιὶάειηιεοιιιε</span> <span class='ocrx_word' id='word_1_787' title='bbox 1176 5145 1422 5203; x_wconf 82' lang='lat' dir='ltr'><strong>Salvator</strong></span> <span class='ocrx_word' id='word_1_788' title='bbox 1454 5160 1504 5205; x_wconf 90' lang='lat' dir='ltr'><strong>et</strong></span> <span class='ocrx_word' id='word_1_789' title='bbox 1544 5151 1802 5210; x_wconf 88' lang='lat' dir='ltr'><strong>Dominus</strong></span> 
     </span>
    </p>
   </div>
   <div class='ocr_carea' id='block_1_97' title="bbox 238 5225 1800 5314">
    <p class='ocr_par' dir='ltr' id='par_1_97' title="bbox 238 5225 1800 5314">
     <span class='ocr_line' id='line_1_99' title="bbox 238 5225 1800 5314; baseline 0.019 -44"><span class='ocrx_word' id='word_1_790' title='bbox 238 5229 415 5275; x_wconf 85' lang='lat' dir='ltr'><strong>noster</strong></span> <span class='ocrx_word' id='word_1_791' title='bbox 450 5240 469 5274; x_wconf 76' lang='grc' dir='ltr'><strong>ι</strong></span> <span class='ocrx_word' id='word_1_792' title='bbox 506 5225 561 5278; x_wconf 89' lang='lat' dir='ltr'><strong>in</strong></span> <span class='ocrx_word' id='word_1_793' title='bbox 599 5228 855 5298; x_wconf 80' lang='lat' dir='ltr'><strong>principio</strong></span> <span class='ocrx_word' id='word_1_794' title='bbox 896 5242 1039 5298; x_wconf 84' lang='lat' dir='ltr'><strong>erat,</strong></span> <span class='ocrx_word' id='word_1_795' title='bbox 1080 5234 1178 5290; x_wconf 83' lang='lat' dir='ltr'><strong>Dei</strong></span> <span class='ocrx_word' id='word_1_796' title='bbox 1218 5237 1450 5295; x_wconf 73' lang='lat' dir='ltr'><strong>Verbum</strong></span> <span class='ocrx_word' id='word_1_797' title='bbox 1478 5252 1616 5307; x_wconf 78' lang='lat' dir='ltr'><strong>erat,</strong></span> <span class='ocrx_word' id='word_1_798' title='bbox 1660 5246 1800 5314; x_wconf 84' lang='lat' dir='ltr'><strong>apud</strong></span> 
     </span>
    </p>
   </div>
   <div class='ocr_carea' id='block_1_98' title="bbox 237 5309 1799 5401">
    <p class='ocr_par' dir='ltr' id='par_1_98' title="bbox 237 5309 1799 5401">
     <span class='ocr_line' id='line_1_100' title="bbox 237 5309 1799 5401; baseline 0.017 -38"><span class='ocrx_word' id='word_1_799' title='bbox 237 5309 407 5366; x_wconf 89' lang='lat' dir='ltr'><strong>Deum</strong></span> <span class='ocrx_word' id='word_1_800' title='bbox 424 5326 560 5380; x_wconf 86' lang='lat' dir='ltr'><strong>erat,</strong></span> <span class='ocrx_word' id='word_1_801' title='bbox 573 5328 624 5371; x_wconf 89' lang='lat' dir='ltr'><strong>et</strong></span> <span class='ocrx_word' id='word_1_802' title='bbox 644 5318 786 5375; x_wconf 89' lang='lat' dir='ltr'><strong>Deus</strong></span> <span class='ocrx_word' id='word_1_803' title='bbox 802 5332 916 5375; x_wconf 90' lang='lat' dir='ltr'><strong>erat</strong></span> <span class='ocrx_word' id='word_1_804' title='bbox 939 5322 1119 5394; x_wconf 81' lang='lat' dir='ltr'><strong>(Joan.</strong></span> <span class='ocrx_word' id='word_1_805' title='bbox 1135 5342 1174 5389; x_wconf 79' lang='grc' dir='ltr'><strong>ι,</strong></span> <span class='ocrx_word' id='word_1_806' title='bbox 1196 5328 1246 5399; x_wconf 82' lang='lat' dir='ltr'><strong>l)</strong></span> <span class='ocrx_word' id='word_1_807' title='bbox 1269 5345 1321 5381; x_wconf 74' lang='grc' dir='ltr'>ιι</span> <span class='ocrx_word' id='word_1_808' title='bbox 1340 5332 1673 5401; x_wconf 87' lang='lat' dir='ltr'><strong>quamobrem</strong></span> <span class='ocrx_word' id='word_1_809' title='bbox 1695 5309 1799 5389; x_wconf 78' lang='lat' dir='ltr'><strong>non</strong></span> 
     </span>
    </p>
   </div>
   <div class='ocr_carea' id='block_1_99' title="bbox 234 5402 1801 5490">
    <p class='ocr_par' dir='ltr' id='par_1_99' title="bbox 234 5402 1801 5490">
     <span class='ocr_line' id='line_1_101' title="bbox 234 5402 1801 5490; baseline 0.017 -37"><span class='ocrx_word' id='word_1_810' title='bbox 234 5410 313 5454; x_wconf 87' lang='lat' dir='ltr'><strong>est</strong></span> <span class='ocrx_word' id='word_1_811' title='bbox 333 5402 524 5459; x_wconf 84' lang='lat' dir='ltr'><strong>similis</strong></span> <span class='ocrx_word' id='word_1_812' title='bbox 546 5406 646 5474; x_wconf 81' lang='lat' dir='ltr'><strong>ipsi</strong></span> <span class='ocrx_word' id='word_1_813' title='bbox 665 5409 722 5462; x_wconf 87' lang='lat' dir='ltr'><strong>in</strong></span> <span class='ocrx_word' id='word_1_814' title='bbox 748 5409 874 5475; x_wconf 88' lang='lat' dir='ltr'><strong>diis,</strong></span> <span class='ocrx_word' id='word_1_815' title='bbox 898 5428 961 5465; x_wconf 87' lang='lat' dir='ltr'><strong>ac</strong></span> <span class='ocrx_word' id='word_1_816' title='bbox 988 5414 1133 5469; x_wconf 87' lang='lat' dir='ltr'><strong>solus</strong></span> <span class='ocrx_word' id='word_1_817' title='bbox 1155 5417 1267 5484; x_wconf 80' lang='lat' dir='ltr'><strong>ipse</strong></span> <span class='ocrx_word' id='word_1_818' title='bbox 1287 5422 1441 5490; x_wconf 77' lang='lat' dir='ltr'><strong>quasi</strong></span> <span class='ocrx_word' id='word_1_819' title='bbox 1460 5422 1515 5477; x_wconf 85' lang='lat' dir='ltr'><strong>in</strong></span> <span class='ocrx_word' id='word_1_820' title='bbox 1530 5423 1633 5477; x_wconf 86' lang='lat' dir='ltr'><strong>diis</strong></span> <span class='ocrx_word' id='word_1_821' title='bbox 1656 5424 1801 5480; x_wconf 86' lang='lat' dir='ltr'><strong>Deus</strong></span> 
     </span>
    </p>
   </div>
   <div class='ocr_carea' id='block_1_100' title="bbox 234 5491 1793 5585">
    <p class='ocr_par' dir='ltr' id='par_1_100' title="bbox 234 5491 1793 5585">
     <span class='ocr_line' id='line_1_102' title="bbox 234 5491 1793 5585; baseline 0.016 -39"><span class='ocrx_word' id='word_1_822' title='bbox 234 5491 430 5561; x_wconf 80' lang='lat' dir='ltr'><strong>fuerit;</strong></span> <span class='ocrx_word' id='word_1_823' title='bbox 467 5512 586 5551; x_wconf 90' lang='lat' dir='ltr'><strong>cum</strong></span> <span class='ocrx_word' id='word_1_824' title='bbox 615 5499 790 5556; x_wconf 85' lang='lat' dir='ltr'><strong>nullus</strong></span> <span class='ocrx_word' id='word_1_825' title='bbox 817 5517 883 5556; x_wconf 81' lang='lat' dir='ltr'><strong>ea:</strong></span> <span class='ocrx_word' id='word_1_826' title='bbox 905 5504 1085 5558; x_wconf 88' lang='lat' dir='ltr'><strong>multis</strong></span> <span class='ocrx_word' id='word_1_827' title='bbox 1130 5508 1265 5572; x_wconf 87' lang='lat' dir='ltr'><strong>illis,</strong></span> <span class='ocrx_word' id='word_1_828' title='bbox 1294 5514 1382 5579; x_wconf 89' lang='lat' dir='ltr'><strong>qui</strong></span> <span class='ocrx_word' id='word_1_829' title='bbox 1412 5511 1490 5577; x_wconf 80' lang='lat' dir='ltr'><strong>dii</strong></span> <span class='ocrx_word' id='word_1_830' title='bbox 1523 5526 1793 5585; x_wconf 84' lang='lat' dir='ltr'><strong>vocantur,</strong></span> 
     </span>
    </p>
   </div>
   <div class='ocr_carea' id='block_1_101' title="bbox 232 5590 1793 5679">
    <p class='ocr_par' dir='ltr' id='par_1_101' title="bbox 232 5590 1793 5679">
     <span class='ocr_line' id='line_1_103' title="bbox 232 5590 1793 5679; baseline 0.018 -43"><span class='ocrx_word' id='word_1_831' title='bbox 232 5590 626 5654; x_wconf 84' lang='lat' dir='ltr'><strong>comparatione</strong></span> <span class='ocrx_word' id='word_1_832' title='bbox 650 5591 795 5649; x_wconf 85' lang='lat' dir='ltr'><strong>illius</strong></span> <span class='ocrx_word' id='word_1_833' title='bbox 828 5594 964 5651; x_wconf 88' lang='lat' dir='ltr'><strong>Deus</strong></span> <span class='ocrx_word' id='word_1_834' title='bbox 989 5596 1095 5651; x_wconf 87' lang='lat' dir='ltr'><strong>dici</strong></span> <span class='ocrx_word' id='word_1_835' title='bbox 1123 5602 1308 5662; x_wconf 84' lang='lat' dir='ltr'><strong>possit.</strong></span> <span class='ocrx_word' id='word_1_836' title='bbox 1349 5600 1486 5659; x_wconf 82' lang='lat' dir='ltr'><strong>Hinc</strong></span> <span class='ocrx_word' id='word_1_837' title='bbox 1526 5605 1793 5679; x_wconf 81' lang='lat' dir='ltr'><strong>intelligas</strong></span> 
     </span>
    </p>
   </div>
   <div class='ocr_carea' id='block_1_102' title="bbox 306 5699 1539 5782">
    <p class='ocr_par' dir='ltr' id='par_1_102' title="bbox 306 5699 1539 5782">
     <span class='ocr_line' id='line_1_104' title="bbox 306 5699 1539 5782; baseline 0.016 -30"><span class='ocrx_word' id='word_1_838' title='bbox 306 5699 382 5782; x_wconf 58' lang='lat' dir='ltr'><strong>la)</strong></span> <span class='ocrx_word' id='word_1_839' title='bbox 404 5699 639 5782; x_wconf 53' lang='lat' dir='ltr'><strong>[bijusce</strong></span> <span class='ocrx_word' id='word_1_840' title='bbox 664 5707 985 5782; x_wconf 76' lang='lat' dir='ltr'><strong>Patrologia:</strong></span> <span class='ocrx_word' id='word_1_841' title='bbox 1002 5716 1206 5768; x_wconf 73' lang='lat' dir='ltr'><strong>nostra:</strong></span> <span class='ocrx_word' id='word_1_842' title='bbox 1236 5722 1367 5769; x_wconf 88' lang='lat' dir='ltr'><strong>tom.</strong></span> <span class='ocrx_word' id='word_1_843' title='bbox 1419 5715 1539 5772; x_wconf 81' lang='lat' dir='ltr'><strong>XX.</strong></span> 
     </span>
    </p>
   </div>
   <div class='ocr_carea' id='block_1_103' title="bbox 302 5770 914 5848">
    <p class='ocr_par' dir='ltr' id='par_1_103' title="bbox 302 5770 914 5848">
     <span class='ocr_line' id='line_1_105' title="bbox 302 5770 914 5848; baseline 0.026 -26"><span class='ocrx_word' id='word_1_844' title='bbox 302 5770 379 5839; x_wconf 69' lang='grc' dir='ltr'><strong>(ι)</strong></span> <span class='ocrx_word' id='word_1_845' title='bbox 415 5770 567 5827; x_wconf 60' lang='lat' dir='ltr'><strong>nam.</strong></span> <span class='ocrx_word' id='word_1_846' title='bbox 599 5792 675 5831; x_wconf 85' lang='lat' dir='ltr'><strong>eo.</strong></span> <span class='ocrx_word' id='word_1_847' title='bbox 706 5796 758 5848; x_wconf 90' lang='lat' dir='ltr'><strong>p.</strong></span> <span class='ocrx_word' id='word_1_848' title='bbox 794 5770 914 5837; x_wconf 74' lang='lat' dir='ltr'><strong>iss&quot;.</strong></span> 
     </span>
    </p>
   </div>
   <div class='ocr_carea' id='block_1_104' title="bbox 514 5871 1199 5944">
    <p class='ocr_par' dir='ltr' id='par_1_104' title="bbox 514 5871 1199 5944">
     <span class='ocr_line' id='line_1_106' title="bbox 514 5871 1199 5944; baseline 0.007 -10"><span class='ocrx_word' id='word_1_849' title='bbox 514 5871 781 5939; x_wconf 74' lang='grc' dir='ltr'>ΡΑτιιοι..</span> <span class='ocrx_word' id='word_1_850' title='bbox 813 5880 930 5942; x_wconf 82' lang='lat' dir='ltr'><strong>Gn.</strong></span> <span class='ocrx_word' id='word_1_851' title='bbox 962 5881 1199 5944; x_wconf 77' lang='lat' dir='ltr'>XXIII.</span> 
     </span>
    </p>
   </div>
   <div class='ocr_carea' id='block_1_105' title="bbox 1912 4574 3475 4651">
    <p class='ocr_par' dir='ltr' id='par_1_105' title="bbox 1912 4574 3475 4651">
     <span class='ocr_line' id='line_1_107' title="bbox 1912 4574 3475 4651; baseline 0.012 -23"><span class='ocrx_word' id='word_1_852' title='bbox 1912 4584 2059 4629; x_wconf 88' lang='lat' dir='ltr'><strong>mota</strong></span> <span class='ocrx_word' id='word_1_853' title='bbox 2090 4574 2265 4632; x_wconf 80' lang='lat' dir='ltr'><strong>fuerat</strong></span> <span class='ocrx_word' id='word_1_854' title='bbox 2287 4577 2353 4632; x_wconf 91' lang='lat' dir='ltr'><strong>de</strong></span> <span class='ocrx_word' id='word_1_855' title='bbox 2384 4575 2583 4647; x_wconf 90' lang='lat' dir='ltr'><strong>Spiritu</strong></span> <span class='ocrx_word' id='word_1_856' title='bbox 2616 4587 2807 4634; x_wconf 91' lang='lat' dir='ltr'><strong>sancto</strong></span> <span class='ocrx_word' id='word_1_857' title='bbox 2832 4584 3083 4651; x_wconf 68' lang='lat' dir='ltr'><strong>quaestio.</strong></span> <span class='ocrx_word' id='word_1_858' title='bbox 3108 4585 3243 4642; x_wconf 85' lang='lat' dir='ltr'><strong>Nam</strong></span> <span class='ocrx_word' id='word_1_859' title='bbox 3272 4591 3373 4644; x_wconf 90' lang='lat' dir='ltr'><strong>etsi</strong></span> <span class='ocrx_word' id='word_1_860' title='bbox 3405 4592 3475 4646; x_wconf 86' lang='lat' dir='ltr'><strong>ab</strong></span> 
     </span>
    </p>
   </div>
   <div class='ocr_carea' id='block_1_106' title="bbox 1910 4668 3471 4745">
    <p class='ocr_par' dir='ltr' id='par_1_106' title="bbox 1910 4668 3471 4745">
     <span class='ocr_line' id='line_1_108' title="bbox 1910 4668 3471 4745; baseline 0.01 -26"><span class='ocrx_word' id='word_1_861' title='bbox 1910 4676 2099 4721; x_wconf 86' lang='lat' dir='ltr'><strong>exortu</strong></span> <span class='ocrx_word' id='word_1_862' title='bbox 2138 4668 2452 4735; x_wconf 84' lang='lat' dir='ltr'><strong>Arianismi,</strong></span> <span class='ocrx_word' id='word_1_863' title='bbox 2484 4684 2744 4739; x_wconf 87' lang='lat' dir='ltr'><strong>sequaces</strong></span> <span class='ocrx_word' id='word_1_864' title='bbox 2784 4672 2898 4727; x_wconf 85' lang='lat' dir='ltr'><strong>Arii</strong></span> <span class='ocrx_word' id='word_1_865' title='bbox 2929 4675 2996 4729; x_wconf 86' lang='lat' dir='ltr'><strong>de</strong></span> <span class='ocrx_word' id='word_1_866' title='bbox 3031 4675 3238 4745; x_wconf 90' lang='lat' dir='ltr'><strong>Spiritu</strong></span> <span class='ocrx_word' id='word_1_867' title='bbox 3279 4688 3471 4735; x_wconf 89' lang='lat' dir='ltr'><strong>sancto</strong></span> 
     </span>
    </p>
   </div>
   <div class='ocr_carea' id='block_1_107' title="bbox 1910 4759 3473 4842">
    <p class='ocr_par' dir='ltr' id='par_1_107' title="bbox 1910 4759 3473 4842">
     <span class='ocr_line' id='line_1_109' title="bbox 1910 4759 3473 4842; baseline 0.01 -29"><span class='ocrx_word' id='word_1_868' title='bbox 1910 4759 2074 4828; x_wconf 90' lang='lat' dir='ltr'><strong>impie</strong></span> <span class='ocrx_word' id='word_1_869' title='bbox 2104 4761 2391 4824; x_wconf 89' lang='lat' dir='ltr'><strong>sentirent,</strong></span> <span class='ocrx_word' id='word_1_870' title='bbox 2438 4762 2678 4815; x_wconf 92' lang='lat' dir='ltr'><strong>nondum</strong></span> <span class='ocrx_word' id='word_1_871' title='bbox 2720 4763 2994 4834; x_wconf 89' lang='lat' dir='ltr'><strong>quidpiam</strong></span> <span class='ocrx_word' id='word_1_872' title='bbox 3026 4767 3313 4824; x_wconf 88' lang='lat' dir='ltr'><strong>adversum</strong></span> <span class='ocrx_word' id='word_1_873' title='bbox 3344 4786 3473 4842; x_wconf 90' lang='lat' dir='ltr'><strong>pro-</strong></span> 
     </span>
    </p>
   </div>
   <div class='ocr_carea' id='block_1_108' title="bbox 1908 4853 3470 4932">
    <p class='ocr_par' dir='ltr' id='par_1_108' title="bbox 1908 4853 3470 4932">
     <span class='ocr_line' id='line_1_110' title="bbox 1908 4853 3470 4932; baseline 0.008 -25"><span class='ocrx_word' id='word_1_874' title='bbox 1908 4853 2164 4909; x_wconf 90' lang='lat' dir='ltr'><strong>tulerant.</strong></span> <span class='ocrx_word' id='word_1_875' title='bbox 2195 4853 2299 4908; x_wconf 86' lang='lat' dir='ltr'><strong>Sed</strong></span> <span class='ocrx_word' id='word_1_876' title='bbox 2326 4861 2447 4923; x_wconf 88' lang='lat' dir='ltr'><strong>post</strong></span> <span class='ocrx_word' id='word_1_877' title='bbox 2468 4860 2696 4907; x_wconf 90' lang='lat' dir='ltr'><strong>mortem</strong></span> <span class='ocrx_word' id='word_1_878' title='bbox 2719 4856 2833 4909; x_wconf 80' lang='lat' dir='ltr'><strong>Arii</strong></span> <span class='ocrx_word' id='word_1_879' title='bbox 2853 4865 2907 4912; x_wconf 90' lang='lat' dir='ltr'><strong>et</strong></span> <span class='ocrx_word' id='word_1_880' title='bbox 2930 4856 3170 4927; x_wconf 88' lang='lat' dir='ltr'><strong>Eusebii,</strong></span> <span class='ocrx_word' id='word_1_881' title='bbox 3196 4862 3287 4932; x_wconf 87' lang='lat' dir='ltr'><strong>ubi</strong></span> <span class='ocrx_word' id='word_1_882' title='bbox 3307 4862 3470 4919; x_wconf 83' lang='lat' dir='ltr'><strong>Aria-</strong></span> 
     </span>
    </p>
   </div>
   <div class='ocr_carea' id='block_1_109' title="bbox 1907 4946 3463 5014">
    <p class='ocr_par' dir='ltr' id='par_1_109' title="bbox 1907 4946 3463 5014">
     <span class='ocr_line' id='line_1_111' title="bbox 1907 4946 3463 5014; baseline 0.007 -15"><span class='ocrx_word' id='word_1_883' title='bbox 1907 4960 2101 4999; x_wconf 89' lang='lat' dir='ltr'><strong>norum</strong></span> <span class='ocrx_word' id='word_1_884' title='bbox 2135 4952 2263 5001; x_wconf 91' lang='lat' dir='ltr'><strong>sunt</strong></span> <span class='ocrx_word' id='word_1_885' title='bbox 2289 4946 2431 4999; x_wconf 80' lang='lat' dir='ltr'><strong>facta</strong></span> <span class='ocrx_word' id='word_1_886' title='bbox 2457 4946 2707 5014; x_wconf 87' lang='lat' dir='ltr'><strong>divortia,</strong></span> <span class='ocrx_word' id='word_1_887' title='bbox 2733 4946 3103 5005; x_wconf 79' lang='lat' dir='ltr'><strong>Macedoniani</strong></span> <span class='ocrx_word' id='word_1_888' title='bbox 3126 4960 3179 5008; x_wconf 89' lang='lat' dir='ltr'><strong>et</strong></span> <span class='ocrx_word' id='word_1_889' title='bbox 3198 4955 3463 5010; x_wconf 78' lang='lat' dir='ltr'><strong>Pneuma—</strong></span> 
     </span>
    </p>
   </div>
   <div class='ocr_carea' id='block_1_110' title="bbox 1906 5037 3461 5115">
    <p class='ocr_par' dir='ltr' id='par_1_110' title="bbox 1906 5037 3461 5115">
     <span class='ocr_line' id='line_1_112' title="bbox 1906 5037 3461 5115; baseline 0.008 -24"><span class='ocrx_word' id='word_1_890' title='bbox 1906 5037 2142 5092; x_wconf 88' lang='lat' dir='ltr'><strong>tomacbi</strong></span> <span class='ocrx_word' id='word_1_891' title='bbox 2174 5037 2439 5108; x_wconf 85' lang='lat' dir='ltr'><strong>Spiritum</strong></span> <span class='ocrx_word' id='word_1_892' title='bbox 2485 5050 2758 5109; x_wconf 89' lang='lat' dir='ltr'><strong>sanctum,</strong></span> <span class='ocrx_word' id='word_1_893' title='bbox 2798 5044 3022 5113; x_wconf 90' lang='lat' dir='ltr'><strong>perinde</strong></span> <span class='ocrx_word' id='word_1_894' title='bbox 3056 5056 3218 5115; x_wconf 84' lang='lat' dir='ltr'><strong>atque</strong></span> <span class='ocrx_word' id='word_1_895' title='bbox 3243 5046 3461 5114; x_wconf 90' lang='lat' dir='ltr'><strong>Filium,</strong></span> 
     </span>
    </p>
   </div>
   <div class='ocr_carea' id='block_1_111' title="bbox 1904 5130 3469 5209">
    <p class='ocr_par' dir='ltr' id='par_1_111' title="bbox 1904 5130 3469 5209">
     <span class='ocr_line' id='line_1_113' title="bbox 1904 5130 3469 5209; baseline 0.008 -25"><span class='ocrx_word' id='word_1_896' title='bbox 1904 5130 2047 5186; x_wconf 90' lang='lat' dir='ltr'><strong>inter</strong></span> <span class='ocrx_word' id='word_1_897' title='bbox 2077 5130 2293 5202; x_wconf 80' lang='lat' dir='ltr'><strong>opiﬁcia</strong></span> <span class='ocrx_word' id='word_1_898' title='bbox 2322 5140 2376 5187; x_wconf 89' lang='lat' dir='ltr'><strong>et</strong></span> <span class='ocrx_word' id='word_1_899' title='bbox 2414 5148 2501 5190; x_wconf 90' lang='lat' dir='ltr'><strong>res</strong></span> <span class='ocrx_word' id='word_1_900' title='bbox 2537 5143 2749 5192; x_wconf 88' lang='lat' dir='ltr'><strong>creatas</strong></span> <span class='ocrx_word' id='word_1_901' title='bbox 2792 5138 2972 5208; x_wconf 88' lang='lat' dir='ltr'><strong>palam</strong></span> <span class='ocrx_word' id='word_1_902' title='bbox 3013 5149 3329 5209; x_wconf 88' lang='lat' dir='ltr'><strong>computare</strong></span> <span class='ocrx_word' id='word_1_903' title='bbox 3353 5156 3469 5196; x_wconf 70' lang='lat' dir='ltr'><strong>ca:-</strong></span> 
     </span>
    </p>
   </div>
   <div class='ocr_carea' id='block_1_112' title="bbox 1902 5232 2117 5293">
    <p class='ocr_par' dir='ltr' id='par_1_112' title="bbox 1902 5232 2117 5293">
     <span class='ocr_line' id='line_1_114' title="bbox 1902 5232 2117 5293; baseline 0.005 -17"><span class='ocrx_word' id='word_1_904' title='bbox 1902 5232 2117 5293; x_wconf 89' lang='lat' dir='ltr'><strong>perunt.</strong></span> 
     </span>
    </p>
   </div>
   <div class='ocr_carea' id='block_1_113' title="bbox 2236 5337 3126 5403">
    <p class='ocr_par' dir='ltr' id='par_1_113' title="bbox 2236 5337 3126 5403">
     <span class='ocr_line' id='line_1_115' title="bbox 2236 5337 3126 5403; baseline 0.006 -15"><span class='ocrx_word' id='word_1_905' title='bbox 2236 5337 2319 5388; x_wconf 83' lang='lat' dir='ltr'><strong>XI.</strong></span> <span class='ocrx_word' id='word_1_906' title='bbox 2345 5338 2464 5390; x_wconf 89' lang='lat' dir='ltr'><strong>Cum</strong></span> <span class='ocrx_word' id='word_1_907' title='bbox 2481 5339 2674 5390; x_wconf 79' lang='lat' dir='ltr'><strong>Arianis</strong></span> <span class='ocrx_word' id='word_1_908' title='bbox 2694 5342 2842 5403; x_wconf 86' lang='lat' dir='ltr'><strong>plane</strong></span> <span class='ocrx_word' id='word_1_909' title='bbox 2862 5347 3126 5395; x_wconf 82' lang='lat' dir='ltr'><strong>consentit.</strong></span> 
     </span>
    </p>
   </div>
   <div class='ocr_carea' id='block_1_114' title="bbox 1972 5418 3461 5494">
    <p class='ocr_par' dir='ltr' id='par_1_114' title="bbox 1972 5418 3461 5494">
     <span class='ocr_line' id='line_1_116' title="bbox 1972 5418 3461 5494; baseline 0.004 -21"><span class='ocrx_word' id='word_1_910' title='bbox 1972 5418 2032 5473; x_wconf 92' lang='lat' dir='ltr'><strong>In</strong></span> <span class='ocrx_word' id='word_1_911' title='bbox 2066 5420 2132 5477; x_wconf 92' lang='lat' dir='ltr'><strong>iis</strong></span> <span class='ocrx_word' id='word_1_912' title='bbox 2158 5435 2323 5492; x_wconf 89' lang='lat' dir='ltr'><strong>porro</strong></span> <span class='ocrx_word' id='word_1_913' title='bbox 2366 5438 2486 5492; x_wconf 59' lang='lat' dir='ltr'><strong>quas</strong></span> <span class='ocrx_word' id='word_1_914' title='bbox 2520 5439 2684 5494; x_wconf 87' lang='lat' dir='ltr'><strong>supra</strong></span> <span class='ocrx_word' id='word_1_915' title='bbox 2727 5426 3029 5491; x_wconf 87' lang='lat' dir='ltr'><strong>attulimus,</strong></span> <span class='ocrx_word' id='word_1_916' title='bbox 3076 5443 3198 5482; x_wconf 92' lang='lat' dir='ltr'><strong>cum</strong></span> <span class='ocrx_word' id='word_1_917' title='bbox 3242 5427 3371 5481; x_wconf 87' lang='lat' dir='ltr'><strong>Ario</strong></span> <span class='ocrx_word' id='word_1_918' title='bbox 3408 5435 3461 5481; x_wconf 89' lang='lat' dir='ltr'><strong>ct</strong></span> 
     </span>
    </p>
   </div>
   <div class='ocr_carea' id='block_1_115' title="bbox 1896 5510 3459 5589">
    <p class='ocr_par' dir='ltr' id='par_1_115' title="bbox 1896 5510 3459 5589">
     <span class='ocr_line' id='line_1_117' title="bbox 1896 5510 3459 5589; baseline 0.004 -24"><span class='ocrx_word' id='word_1_919' title='bbox 1896 5510 2112 5567; x_wconf 87' lang='lat' dir='ltr'><strong>Arianis</strong></span> <span class='ocrx_word' id='word_1_920' title='bbox 2144 5514 2300 5583; x_wconf 90' lang='lat' dir='ltr'><strong>plane</strong></span> <span class='ocrx_word' id='word_1_921' title='bbox 2327 5517 2600 5570; x_wconf 90' lang='lat' dir='ltr'><strong>consentit</strong></span> <span class='ocrx_word' id='word_1_922' title='bbox 2646 5516 2910 5572; x_wconf 90' lang='lat' dir='ltr'><strong>Eusebius</strong></span> <span class='ocrx_word' id='word_1_923' title='bbox 2961 5518 3036 5589; x_wconf 77' lang='grc' dir='ltr'><strong>(ά)</strong></span> <span class='ocrx_word' id='word_1_924' title='bbox 3072 5538 3085 5573; x_wconf 91' lang='lat'><strong>:</strong></span> <span class='ocrx_word' id='word_1_925' title='bbox 3114 5534 3235 5573; x_wconf 90' lang='lat' dir='ltr'><strong>nam</strong></span> <span class='ocrx_word' id='word_1_926' title='bbox 3268 5527 3321 5573; x_wconf 86' lang='lat' dir='ltr'><strong>et</strong></span> <span class='ocrx_word' id='word_1_927' title='bbox 3356 5519 3459 5586; x_wconf 86' lang='lat' dir='ltr'><strong>ipsi</strong></span> 
     </span>
    </p>
   </div>
   <div class='ocr_carea' id='block_1_116' title="bbox 1896 5605 3455 5681">
    <p class='ocr_par' dir='ltr' id='par_1_116' title="bbox 1896 5605 3455 5681">
     <span class='ocr_line' id='line_1_118' title="bbox 1896 5605 3455 5681; baseline 0.003 -23"><span class='ocrx_word' id='word_1_928' title='bbox 1896 5605 2122 5675; x_wconf 87' lang='lat' dir='ltr'><strong>perinde</strong></span> <span class='ocrx_word' id='word_1_929' title='bbox 2141 5612 2301 5676; x_wconf 89' lang='lat' dir='ltr'><strong>atque</strong></span> <span class='ocrx_word' id='word_1_930' title='bbox 2330 5606 2682 5663; x_wconf 76' lang='lat' dir='ltr'><strong>Ctesariensis</strong></span> <span class='ocrx_word' id='word_1_931' title='bbox 2707 5610 2797 5665; x_wconf 92' lang='lat' dir='ltr'><strong>ille</strong></span> <span class='ocrx_word' id='word_1_932' title='bbox 2823 5611 3040 5681; x_wconf 68' lang='lat' dir='ltr'><strong>praesul,</strong></span> <span class='ocrx_word' id='word_1_933' title='bbox 3071 5626 3238 5666; x_wconf 85' lang='lat' dir='ltr'><strong>unum</strong></span> <span class='ocrx_word' id='word_1_934' title='bbox 3278 5618 3333 5663; x_wconf 89' lang='lat' dir='ltr'><strong>et</strong></span> <span class='ocrx_word' id='word_1_935' title='bbox 3365 5625 3455 5663; x_wconf 88' lang='lat' dir='ltr'><strong>so-</strong></span> 
     </span>
    </p>
   </div>
   <div class='ocr_carea' id='block_1_117' title="bbox 1966 5718 2501 5790">
    <p class='ocr_par' dir='ltr' id='par_1_117' title="bbox 1966 5718 2501 5790">
     <span class='ocr_line' id='line_1_119' title="bbox 1966 5718 2501 5790; baseline 0.009 -18"><span class='ocrx_word' id='word_1_936' title='bbox 1966 5719 2033 5790; x_wconf 76' lang='grc' dir='ltr'><strong>(ε)</strong></span> <span class='ocrx_word' id='word_1_937' title='bbox 2074 5718 2136 5773; x_wconf 85' lang='lat' dir='ltr'><strong>P.</strong></span> <span class='ocrx_word' id='word_1_938' title='bbox 2170 5721 2273 5774; x_wconf 80' lang='lat' dir='ltr'><strong>m</strong></span> <span class='ocrx_word' id='word_1_939' title='bbox 2300 5728 2353 5774; x_wconf 84' lang='lat' dir='ltr'><strong>et</strong></span> <span class='ocrx_word' id='word_1_940' title='bbox 2380 5721 2501 5776; x_wconf 76' lang='lat'><strong>17-5.</strong></span> 
     </span>
    </p>
   </div>
   <div class='ocr_carea' id='block_1_118' title="bbox 1962 5790 3178 5947">
    <p class='ocr_par' dir='ltr' id='par_1_118' title="bbox 1962 5790 3178 5947">
     <span class='ocr_line' id='line_1_120' title="bbox 1962 5790 3178 5947; baseline 0.009 -106"><span class='ocrx_word' id='word_1_941' title='bbox 1962 5790 2038 5861; x_wconf 75' lang='grc' dir='ltr'><strong>(ά)</strong></span> <span class='ocrx_word' id='word_1_942' title='bbox 2069 5791 2270 5847; x_wconf 80' lang='lat' dir='ltr'><strong>Athan.</strong></span> <span class='ocrx_word' id='word_1_943' title='bbox 2305 5808 2355 5860; x_wconf 85' lang='lat' dir='ltr'><strong>p.</strong></span> <span class='ocrx_word' id='word_1_944' title='bbox 2388 5791 2509 5857; x_wconf 74' lang='lat'>723,</span> <span class='ocrx_word' id='word_1_945' title='bbox 2540 5792 2662 5848; x_wconf 74' lang='lat'><strong>7&#39;29.</strong></span> <span class='ocrx_word' id='word_1_946' title='bbox 3140 5887 3178 5947; x_wconf 56' lang='grc'><strong>2</strong></span> 
     </span>
    </p>
   </div>
  </div>
