4086 6542
512 390 581 445 ιδ
1187 385 1451 441 EUSEDH
1486 383 1967 441 (ΣᾸΞΞΛΠῙΕΝΞΙΞ
2004 384 2084 440 ΟΡ

2196 385 2375 442 PARS
2415 385 2499 440 lii.
2542 417 2610 427 —
2648 385 3053 441 EXEGETICA.
3667 387 3736 440 Η

514 510 623 562 lum
660 522 783 564 re.)
818 505 1007 570 Deum,
1044 504 1253 559 Patrem
1290 504 1520 567 scilicet,
1556 504 1947 572 admittebant;
1979 503 2073 557 Fi-
2103 523 2149 578 Α
2174 505 2303 554 xm.
2352 506 2457 564 Quo
2498 520 2645 555 sensu
2692 520 2725 562 ιε
2749 520 2941 578 qua“...
2966 511 3137 578 neget,
3176 511 3228 555 et
3283 508 3504 569 genitum
3552 501 3734 555 Filium

512 600 645 654 liunt
666 614 795 653 vero
830 599 967 653 alius
999 614 1026 650 a
1062 606 1285 667 paterna
1314 596 1615 649 substantia
1636 636 1651 657 ,
1687 610 1861 664 neque
1890 611 2074 649 verum

511 706 633 745 esse
665 689 830 744 Deum
871 688 1269 757 praedicabant:
1303 686 1427 751 etsi,
1467 686 1690 755 perinde
1724 695 1885 756 atque
1911 686 2077 741 Euse-

516 780 660 842 bius,
713 780 778 834 de
825 778 959 831 Filio
1004 779 1287 847 loquentes
1335 793 1365 830 a
1414 774 1507 829 Dci
1562 778 1919 846 appellatione
1969 793 2076 831 non

516 868 1131 933 abltorrerent;'Filium
1168 870 1324 937 longe
1357 869 1619 937 imparem
1649 875 1705 921 et
1757 868 2075 937 inaequalem

513 960 682 1025 Patri,
706 961 928 1029 ipsoque
954 961 1217 1013 minorem
1241 958 1614 1012 atﬁrmabant:
1643 959 1787 1028 quod
1813 958 2078 1014 Eusebius

515 1053 569 1106 in
603 1053 751 1106 hisce
800 1050 1228 1114 commentariis,
1288 1050 1340 1103 in
1385 1048 1701 1119 Evangelica
1741 1049 2079 1103 Demonstra-

516 1148 651 1200 tione
681 1151 735 1200 et
781 1145 835 1198 in
870 1144 1025 1199 libris
1066 1143 1267 1197 Contra
1303 1142 1613 1195 Marcellum
1647 1142 2079 1212 frequentissime

516 1238 646 1293 dicit
696 1253 758 1292 ac
817 1238 1035 1307 repetit,
1074 1253 1174 1291 nec
1212 1252 1271 1290 ea
1306 1238 1359 1289 in
1395 1252 1451 1289 re
1484 1252 1723 1305 unquam
1754 1234 2079 1290 circuitione

514 1332 597 1384 vel
631 1346 695 1384 an
721 1330 857 1398 bage
884 1331 1071 1382 utitur.

519 1463 619 1513 XII.
668 1465 771 1523 Qua
812 1464 1060 1512 sententia
1099 1474 1347 1531 τεμόμτπιιρ
1379 1463 1501 1531 sive
1542 1459 2079 1510 consubstantialisub-

1164 1530 1433 1583 scripserit.

588 1652 837 1722 Objicere
860 1652 1034 1707 solent
1069 1652 1162 1722 qui
1198 1650 1411 1705 Eusebii
1468 1659 1650 1721 partes
1701 1650 2079 1718 tutantur,ip-

521 1760 639 1799 sum
676 1746 729 1798 in
758 1746 965 1815 synodo
1000 1744 1237 1806 Niczena,
1268 1743 1344 1813 τῷ
1373 1743 1661 1813 ὁμσουσίῳ,
1708 1742 1820 1796 sive
1846 1743 2082 1795 consub-

520 1838 764 1891 stantiali
792 1837 1203 1906 subscripsisse.
1234 1833 1299 1887 Et
1323 1835 1375 1887 id
1399 1848 1531 1888 sane
1561 1833 1886 1887 testiﬁcatur
1915 1831 2083 1886 Euse-

520 1929 645 1983 bius
684 1930 737 1983 in
773 1930 1001 1998 epistola
1046 1942 1146 1981 sua
1204 1926 1272 1979 ad
1327 1926 1723 1989 Caesarienses;
1775 1939 1899 1978 nam
1931 1938 2077 1985 eum,

520 2022 850 2091 imperatore
890 2027 1176 2090 praesente,
1207 2018 1436 2074 instaret
1473 2016 1652 2072 exsilii
1683 2024 1880 2078 metus,
1915 2014 2083 2069 Euse-

522 2113 667 2175 bius,
686 2112 782 2182 qui
811 2125 920 2165 non
942 2126 1007 2165 ex
1027 2124 1216 2165 eorum
1242 2108 1621 2172 numerofuit,
1654 2108 1746 2176 qui
1771 2106 1837 2161 de
1868 2105 2084 2159 civitate

523 2204 833 2256 maluerunt
870 2215 1034 2270 quam
1066 2201 1132 2254 de
1165 2198 1433 2255 sententia
1464 2197 1751 2262 dimoveri,
1772 2210 1928 2265 rtegre
1958 2202 2083 2248 tan-

525 2295 646 2349 dem
687 2293 877 2363 synodi
919 2291 1136 2362 placitis
1167 2305 1425 2346 assensus
1466 2296 1579 2353 est;
1614 2295 1673 2341 ut
1711 2287 1827 2357 ipse
1860 2300 1960 2341 nec
1988 2286 2085 2340 ob-

526 2400 685 2441 scure
714 2385 892 2439 innuit
921 2385 975 2437 in
1004 2383 1190 2438 eadem
1224 2381 1469 2451 epistola,
1505 2380 1595 2433 nat
1634 2380 1823 2451 μέχρις
1851 2379 2085 2449 ἐσχάτης

526 2477 674 2548 ὥρας
707 2474 1051 2547 ὲνιστάμεθα,
1088 2489 1250 2544 usque
1279 2472 1346 2526 ad
1384 2483 1670 2525 extremam
1708 2472 1892 2525 horam
1919 2471 2083 2527 obsti-

530 2570 706 2622 timus.
740 2567 918 2633 Quare
950 2567 1003 2621 id
1033 2580 1143 2620 non
1179 2574 1309 2635 puto
1335 2580 1457 2620 esse
1489 2566 1623 2619 tanti
1659 2565 1724 2617 ad
1754 2566 1872 2633 ejus
1900 2564 2085 2619 defen-

529 2660 735 2715 sionem
769 2678 782 2712 :
811 2659 939 2729 quid
961 2659 1104 2713 enim
1128 2664 1455 2712 exoneratus
1484 2665 1625 2709 metu
1658 2654 1896 2718 fecisset,
1928 2670 2087 2725 expeo

527 2753 708 2807 riundi
738 2758 977 2821 potestas
1007 2765 1114 2804 non
1142 2748 1269 2803 fuit.
1304 2748 1410 2803 Sed
1440 2757 1618 2801 tamen
1659 2747 1733 2800 ita
1769 2746 1966 2801 ibidem
1991 2746 2085 2799 τοῦ

526 2845 807 2915 ὀμοουσίου
837 2842 1196 2914 significatum
1226 2841 1438 2906 extulit,
1464 2848 1524 2893 ut
1545 2840 1649 2894 sibi
1678 2838 1906 2909 pristina
1929 2854 2088 2909 repe-

527 2935 874 2997 tere-liceret,
898 2933 1072 2988 sicubi
1118 2931 1349 2986 facultas
1392 2931 1627 2986 adesset.
1672 2928 1807 2983 Nam
1847 2928 1961 2985 hac
1991 2943 2087 2985 ea-

526 3026 646 3083 dem
675 3027 729 3080 in
758 3027 988 3096 epistola
1017 3024 1225 3096 profert
1259 3044 1271 3078 :
1308 3023 1720 3095 Παραστατικὸν
1752 3023 1809 3076 δὲ
1851 3019 1988 3077 εἶναι
2029 3021 2089 3075 τὸ

522 3122 848 3189 ὀμοούσιον
866 3118 944 3186 τῷ
958 3118 1144 3188 Πατρζ
1161 3118 1219 3171 τὸ
1251 3116 1515 3187 μηδεμίαν
1546 3116 1838 3186 ἐμφέρειαν
1866 3115 2001 3186 πρὸς
2023 3114 2090 3166 τὰ

2878 571 3021 617 dicat.

2240 668 2383 733 Quia
2413 683 2541 723 vero
2582 668 2633 721 in
2680 668 2893 721 Nicaena
2932 668 3055 733 ﬁde,
3089 669 3177 723 cui
3216 668 3539 737 subscripsit
3566 666 3736 721 Euse-

2176 762 2322 824 bius,
2354 762 2641 816 damnatur
2670 762 2795 816 item
2827 763 3139 817 Arianicum
3160 764 3316 826 illud,
3341 764 3397 828 ὲξ
3420 764 3517 815 οἰκ
3546 762 3733 822 ὄντων,

2176 869 2240 907 ea:
2268 871 2371 907 non
2402 854 2794 916 exsistetttibus,
2838 863 2889 909 et
2923 853 3116 909 Filium
3155 856 3394 925 genitum
3436 863 3487 908 et
3516 869 3624 908 non
3656 852 3738 905 fa-

2175 950 2321 997 ctum
2353 959 2473 999 esse
2501 945 2829 1010 declaratur;
2887 946 3026 999 hanc
3067 945 3262 1015 synodi
3305 945 3607 999 doctrinam
3641 956 3737 996 ore

2178 1040 2336 1087 tenus
2386 1032 2627 1088 defendit
2670 1034 2958 1097 Eusebius.
3006 1049 3073 1088 ne
3119 1033 3463 1089 Co‘nstantini
3506 1031 3736 1085 Nicaeum

2176 1125 2433 1181 doctrinae
2464 1127 2796 1182 tenacissimi
2825 1126 3248 1195 indignationem
3276 1125 3613 1187 incurreret;
3643 1138 3739 1175 ore

2176 1227 2335 1272 tenus
2358 1218 2494 1278 dixi.
2548 1233 2653 1271 non
2685 1233 2749 1272 ex
2778 1217 3099 1285 conjectura
3117 1223 3169 1270 et
3195 1218 3450 1286 opinione
3474 1214 3737 1284 quadam;

2178 1308 2271 1363 sed
2298 1323 2367 1361 ex
2396 1308 2530 1376 ipsis
2566 1306 2780 1361 Eusebii
2828 1306 3013 1372 dictis,
3064 1308 3157 1377 qui
3190 1322 3253 1361 ea
3292 1307 3345 1359 in
3383 1322 3440 1361 re
3480 1321 3622 1358 unus
3652 1302 3735 1356 sui

2178 1399 2351 1468 ipsius
2384 1398 2652 1466 interpres
2681 1413 2805 1452 esse
2832 1398 3025 1452 valeat.
3062 1397 3195 1450 Nam
3235 1396 3387 1459 illud,
3430 1392 3489 1459 ὲξ
3516 1395 3612 1451 οὐκ
3649 1393 3737 1443 δν-

2177 1506 2306 1553 των,
2334 1489 2546 1543 duobus
2588 1496 2765 1558 potest
2797 1487 2971 1543 modis
3020 1488 3285 1558 intelligi;
3320 1486 3513 1556 primo,
3564 1486 3637 1538 ita
3680 1492 3741 1537 ut

2179 1580 2271 1649 qui
2298 1594 2405 1633 non
2429 1586 2586 1633 antea
2608 1578 2898 1642 exstiterit,
2923 1579 3137 1633 initium
3162 1576 3458 1633 exsistendi
3482 1574 3735 1644 accipiat,

2180 1677 2235 1725 ct
2267 1684 2391 1723 cum
2427 1670 2563 1723 nihil
2606 1677 2764 1724 antea
2810 1669 3022 1731 fuisset,
3068 1670 3124 1724 in
3164 1684 3351 1724 rerum
3387 1676 3580 1721 natura
3614 1680 3740 1735 pro-

2182 1762 2305 1815 deat
2334 1780 2348 1815 :
2372 1776 2534 1831 quam
2561 1776 2741 1815 veram
2768 1760 2936 1815 fuisse
2967 1768 3098 1830 puto
3118 1760 3439 1815 Arianorum
3467 1768 3735 1814 mentem:

2113 1886 2153 1939 Β
2182 1861 2235 1905 et
2264 1851 2391 1906 huic
2428 1852 2709 1907 sententia:
2739 1852 3003 1907 Eusebius
3034 1866 3247 1921 semper
3277 1852 3494 1915 institit,
3523 1851 3613 1920 qui
3652 1848 3741 1902 Fi-

2185 1944 2316 1997 lium
2341 1953 2465 1999 ante
2494 1946 2823 1999 creationem
2854 1959 2961 1998 non
2988 1944 3375 2013 sempiternum
3406 1957 3527 1997 esse
3556 1939 3740 1996 defen-

2188 2032 2267 2086 dit
2290 2032 2403 2103 (a);
2446 2034 2707 2097 secundo,
2753 2050 2819 2088 ex
2859 2049 2966 2088 non
3001 2035 3341 2089 exstantibus
3382 2033 3587 2103 aliquid
3626 2032 3741 2085 ﬁeri

2184 2123 2417 2189 dicatur,
2440 2140 2563 2179 cum
2588 2140 2655 2179 ex
2679 2124 2828 2179 nullo
2852 2128 3257 2195 prteexsistente
3277 2125 3537 2195 originem
3554 2123 3701 2177 ducit
3725 2140 3737 2174 :

2186 2231 2294 2284 quo
2329 2230 2494 2270 sensu
2544 2215 2809 2272 Eusebius
2843 2216 3039 2272 Filium
3078 2233 3144 2273 ex
3193 2233 3301 2273 non
3352 2218 3743 2273 exsistentibns

2184 2302 2457 2371 prodiisse
2484 2313 2662 2374 negat,
2692 2319 2816 2358 nam
2844 2308 3045 2374 passim
3076 2306 3205 2360 dicit
3236 2315 3289 2361 et
3321 2315 3522 2376 pugnat
3550 2305 3741 2360 Filium

2185 2410 2251 2449 ex
2280 2393 2439 2448 Patre
2467 2396 2707 2465 genitum
2736 2410 2877 2461 esse,
2910 2398 3033 2452 licet
3059 2412 3169 2451 non
3192 2412 3291 2452 sua
3324 2398 3426 2453 sibi
3456 2398 3742 2451 ratiocinia

2185 2494 2463 2542 constent:
2498 2488 2761 2557 siquidem
2795 2488 2849 2542 in
2888 2489 2991 2543 hoc
3021 2490 3406 2544 commentario
3438 2489 3534 2552 ait,
3589 2488 3742 2542 Psal.

2186 2595 2329 2644 thv,
2361 2580 2419 2644 2,
2437 2578 2629 2632 Filium
2651 2593 2679 2632 a
2694 2577 2853 2635 Patre
2873 2596 2937 2635 ex
2966 2579 3128 2634 corde
3144 2587 3195 2633 et
3210 2596 3276 2634 ex
3294 2580 3591 2635 visceribus
3610 2594 3743 2648 pro-

2186 2669 2330 2724 duci.
2361 2669 2428 2723 Et
2494 2672 2549 2723 in
2582 2669 3038 2725 Demonstratione
3072 2671 3385 2739 evangelica,
3428 2670 3465 2725 l.
3501 2683 3574 2731 tv,
3608 2685 3657 2724 c.
3680 2668 3741 2731 ‘2,

2188 2775 2241 2828 p.
2302 2758 2438 2823 HG,
2494 2757 2689 2813 Filium
2739 2761 2981 2831 genitum
3046 2759 3319 2823 declarat,
3386 2760 3745 2828 similiterque

2189 2866 2241 2920 p.
2284 2851 2408 2914 148,
2449 2858 2502 2907 et
2536 2853 2733 2922 passim
2776 2852 2977 2921 ubique
3012 2867 3136 2905 cum
3173 2853 3233 2906 in
3267 2852 3369 2906 hoc
3410 2852 3528 2920 ipso
3554 2866 3740 2920 opere,

2187 2952 2301 2996 tum
2345 2942 2397 2996 in
2452 2943 2604 2999 libris
2654 2943 2853 2998 Contra
2894 2943 3222 3007 Marcellum,
3265 2944 3500 3014 genitum
3549 2942 3742 2996 Filium

2189 3033 2468 3088 contendit
2493 3053 2506 3087 :
2536 3044 2589 3088 et
2616 3044 2792 3089 tamen
2820 3035 2977 3088 aliam
3002 3050 3031 3088 a
3056 3033 3216 3090 Patre
3239 3036 3591 3090 substantiam
3608 3033 3743 3088 Filii

2188 3141 2329 3190 esse,
2372 3141 2480 3179 non
2510 3141 2738 3181 numero
2799 3135 3028 3188 tantum,
3063 3127 3154 3181 sed
3186 3126 3441 3196 dignitate
3461 3134 3512 3178 et
3537 3126 3746 3195 magni-

527 3210 726 3281 γενητηὲ
758 3210 1026 3281 κτίσματα
1052 3209 1140 3262 τὸν
1171 3206 1292 3259 Υἱὸν
1320 3204 1413 3256 τοῦ
1447 3203 1579 3255 Θεοῦ
1615 3203 1819 3275 φέρειν,
1863 3202 2008 3273 μόνῳ
2033 3202 2084 3254 δὲ

2193 3217 2378 3273 tudine
2412 3218 2757 3287 pronuntiat;
2792 3216 2867 3271 ita
2897 3226 2955 3270 ut
2984 3233 3084 3273 nec
3112 3233 3236 3272 vere
3266 3227 3319 3270 et
3355 3218 3568 3286 proprie
3603 3216 3743 3271 Deus

525 3302 603 3373 τῷ
626 3304 799 3373 Πατρὶ
824 3301 901 3372 τῷ
917 3298 1267 3369 γεγεννηκότι
1293 3293 1702 3364 ἀφωμοιῶσθαι,
1734 3294 1824 3346 καὶ
1851 3292 1924 3363 μὴ
1952 3287 2090 3346 εἶναι

527 3394 587 3458 ἐξ
625 3394 814 3465 ἑτέρας
838 3393 981 3455 τινὸς
1026 3386 1371 3451 ὑποστάσεώς
1400 3404 1457 3439 τε
1493 3386 1585 3438 καὶ
1622 3385 1826 3448 οὐσίας,
1872 3383 1983 3437 ἀλλ’
2027 3384 2090 3436 ὲκ

526 3482 619 3539 τοῦ
655 3485 885 3557 Πατρός,
917 3484 1021 3538 hoc
1054 3488 1138 3537 est
1172 3500 1182 3534 :
1221 3480 1409 3533 Verum
1446 3478 1588 3531 hisce
1638 3475 1827 3539 verbis,
1860 3490 2091 3529 censue-

528 3594 866 3633 STAN‘I'IALEI
908 3578 1099 3641 PATRI,
1133 3575 1360 3629 indicari
1408 3574 1611 3627 nullam
1642 3570 1785 3624 Filio
1830 3568 1928 3623 Dei
1971 3585 2089 3621 cum

527 3670 684 3738 [actis
718 3679 767 3723 et
799 3669 990 3723 creatis
1035 3668 1185 3721 rebus
1232 3682 1344 3720 esse
1393 3664 1832 3725 similitudinem;
1869 3660 1957 3715 sed
1990 3660 2092 3714 soli

529 3762 706 3825 Patri,
737 3764 825 3832 qui
868 3763 1040 3830 ipsum
1087 3761 1285 3831 genuit,
1329 3760 1472 3812 omni
1506 3757 1658 3811 modo
1699 3756 1923 3810 similent
1957 3771 2089 3819 esse,

527 3870 684 3923 neque
718 3869 782 3907 ex
826 3854 937 3906 alia
986 3870 1143 3923 quant
1203 3867 1267 3904 ex
1311 3849 1490 3905 Patris
1564 3851 1836 3921 hypostasi
1879 3861 1927 3905 et
1972 3850 2091 3907 sub-

526 3945 725 3999 stantia
776 3960 907 3998 esse.
958 3945 1059 3998 L‘bi
1115 3942 1266 3998 vides
1314 3950 1538 3999 eatenus
1558 3942 1754 3997 Filium
1774 3942 1922 3998 Patri
1956 3958 2087 3999 con-

527 4036 939 4091 substantialem
958 4035 1093 4099 dici,
1120 4043 1389 4106 quatenus
1416 4051 1524 4089 non
1561 4035 1762 4090 creatis
1790 4035 1971 4099 rebus,
1995 4035 2089 4090 sed

527 4127 675 4182 Patri
718 4128 867 4181 omni
919 4128 1079 4181 modo
1128 4128 1324 4183 similis
1373 4136 1479 4183 est.
1523 4128 1834 4199 Ὀμοούσιος
1865 4130 2087 4198 quippe,

526 4224 641 4273 sive
685 4219 1191 4286 consubstantialis,
1241 4218 1389 4273 Patri
1440 4218 1610 4275 Filius
1657 4227 1742 4274 est
1788 4222 2088 4275 secundum

528 4308 841 4371 Eusebium,
873 4308 999 4378 quia
1022 4308 1142 4377 ejus
1167 4310 1495 4372 substantia,
1531 4308 1708 4364 Patris
1730 4309 2087 4364 substantiam

528 4401 729 4466 refert;
767 4402 839 4454 ita
872 4410 930 4455 ut
958 4404 1169 4457 ratione
1201 4403 1576 4457 similitudinis
1608 4416 1711 4455 una
1746 4403 1816 4455 sit
1851 4402 1902 4455 in
1937 4410 2088 4454 utra-

526 4508 633 4561 que
675 4493 982 4548 substantia
1018 4495 1451 4563 repraesentatio.
1497 4494 1652 4561 Quod
1705 4495 1829 4547 alibi
1882 4494 2085 4564 passim

526 4587 791 4649 enuntiat,
827 4586 1169 4655 maximeque
1208 4586 1260 4639 in
1305 4587 1456 4640 libris
1489 4583 1683 4640 Contra
1718 4585 2027 4640 Marcellum
2064 4602 2082 4640 :

527 4677 584 4728 in
625 4690 734 4743 quo
768 4684 947 4728 autem
978 4690 1098 4729 eam
1147 4676 1555 4731 similitudinem
1597 4678 1911 4741 constituat,
1958 4691 2083 4730 mox

527 4767 774 4836 pluribus
804 4767 1189 4835 expendemus.
1229 4766 1382 4833 Quod
1408 4767 1593 4835 adjicit
1624 4768 1712 4822 ille
1743 4766 1937 4822 Filium
1974 4782 2083 4821 non

528 4875 589 4911 ex
626 4858 754 4921 alia,
795 4874 957 4929 quam
1007 4876 1072 4913 ex
1122 4858 1299 4914 Patris
1348 4860 1625 4930 bypostasi
1672 4867 1725 4914 et
1776 4860 2083 4914 substantia

526 4965 669 5013 esse,
707 4965 813 5002 non
843 4950 915 5002 ita
949 4950 1196 5018 intelligit
1226 4950 1513 5015 Eusebius,
1554 4950 1697 5020 quod
1719 4949 1830 5018 jam
1861 4948 2085 5016 conspi-

528 5057 629 5095 cue
660 5041 943 5109 probatum
975 5050 1079 5103 est,
1124 5049 1181 5095 ut
1222 5043 1465 5097 eamdem
1499 5050 1649 5112 putet
1674 5056 1795 5096 esse
1824 5038 2001 5093 Patris
2031 5048 2085 5093 et

527 5130 647 5185 Filii
679 5132 1035 5185 substantiam
1074 5153 1085 5187 :
1116 5134 1170 5186 id
1202 5136 1344 5188 enim
1384 5134 1658 5189 sexcentis
1696 5134 1751 5187 in
1801 5132 1937 5185 locis
1986 5145 2082 5183 ex-

526 5224 697 5293 plodit
731 5223 839 5289 ille,
874 5231 925 5276 et
964 5233 1024 5277 ut
1066 5223 1284 5280 Sabellii
1322 5225 1626 5280 doctrinam
1672 5223 1939 5287 traducit;
1988 5222 2083 5276 sed

528 5317 672 5385 quod
719 5316 1075 5371 substantiam
1115 5333 1144 5371 a
1190 5330 1437 5388 paterna,
1481 5316 1659 5387 quoad
1703 5315 1990 5384 imaginem
2030 5319 2085 5366 et

529 5402 959 5468 similitudinem,
984 5422 1297 5476 expressam
1332 5406 1622 5475 acceperit,
1653 5404 1777 5457 licet
1817 5402 2083 5455 minorem

528 5504 582 5548 t-t
625 5494 778 5565 longe
824 5495 1079 5564 imparem
1128 5517 1140 5552 :
1187 5499 1318 5552 illud
1364 5513 1527 5566 porro
1570 5495 1795 5567 perinde
1834 5502 1996 5562 atque
2026 5494 2085 5546 τὸ

527 5588 825 5655 ὸμοούσιον,
851 5591 975 5658 quia
1004 5592 1055 5643 in
1088 5589 1304 5645 Nictena
1336 5589 1439 5645 tide
1471 5590 1862 5651 contineretur,
1891 5585 2082 5641 admit-

529 5688 641 5733 tere
670 5691 891 5737 coactus
924 5696 1025 5738 est.

600 5842 671 5907 (α)
714 5838 896 5899 Contr.
934 5840 1167 5894 Marcell.
1199 5840 1293 5895 lib.
1329 5855 1367 5905 ι,
1407 5853 1459 5909 p.
1490 5838 1578 5904 67,
1610 5836 1699 5891 69.

2191 3308 2297 3363 dici
2330 3308 2535 3379 possit;
2567 3309 2659 3363 sed
2689 3308 2765 3360 ait
2794 3308 2947 3362 illum
2978 3308 3265 3377 imaginem
3298 3322 3404 3359 non
3436 3306 3745 3361 modoDei-

2192 3400 2341 3463 tatis,
2394 3400 2489 3455 sed
2536 3400 2696 3454 etiam
2745 3399 2972 3452 unitatis
3012 3406 3249 3468 paterna
3293 3397 3742 3466 perfectissimam

2191 3506 2344 3555 esse,
2364 3499 2545 3561 atque
2576 3491 2695 3545 ideo
2723 3507 2789 3545 ex
2816 3490 2974 3544 Patre
2994 3489 3367 3559 prodeuntem,
3401 3489 3525 3557 quia
3556 3488 3750 3542 adPa-

2190 3584 2291 3637 tris
2332 3582 2739 3637 similitudinem
2784 3583 2855 3638 sit
2892 3595 3169 3651 expressa,
3215 3579 3353 3633 κατὰ
3388 3578 3611 3649 γνώμην
3652 3582 3747 3633 καὶ

2192 3674 2528 3746 προαιρεσιν,
2558 3674 2607 3728 id
2634 3684 2736 3739 est,
2764 3690 2829 3728 ex
2859 3673 3136 3726 voluntate
3165 3678 3217 3726 et
3244 3671 3523 3741 proposito
3544 3670 3742 3732 Patris,

2192 3783 2299 3822 non
2333 3784 2399 3823 ex
2428 3776 2635 3822 natura:
2661 3767 3019 3830 necessitate;
3048 3778 3167 3833 qua:
3202 3774 3380 3818 tamen
3410 3764 3609 3833 imago,
3639 3763 3745 3816 alia

2191 3845 2312 3915 sit'a
2339 3868 2561 3929 paterna
2592 3859 2818 3922 Deitate,
2854 3858 3052 3915 minor.
3076 3857 3267 3924 impar,
3295 3869 3413 3924 quae
3437 3854 3750 3923 dignatione

2189 3947 2406 4019 quidem
2431 3946 2610 4003 Patris
2632 3948 2687 4001 in
2716 3954 2839 4001 ortu
2866 3962 2965 4000 suo
2986 3946 3078 4001 Dei
3102 3959 3299 3998 nomen
3323 3945 3624 4013 acceperit,
3652 3946 3746 4001 sed

2190 4054 2298 4095 non
2328 4053 2455 4093 vere
2485 4046 2539 4093 et
2569 4038 2786 4107 proprie
2816 4035 2960 4090 Deus
2988 4036 3077 4089 sit.

2258 4130 2336 4185 Ex
2380 4130 2492 4186 Deo
2521 4137 2698 4183 autem
2733 4136 2787 4181 et
2822 4142 2885 4181 ex
2924 4124 3227 4180 substantia
3270 4124 3365 4180 Dei
3400 4140 3520 4181 esse
3544 4125 3745 4181 Filium

2188 4223 2319 4279 dicit
2351 4224 2563 4278 ratione
2612 4218 3014 4283 similitudinis;
3071 4216 3526 4288 quemadmodum
3570 4220 3749 4289 imago

2188 4316 2493 4387 cujuspiam
2527 4330 2555 4367 a
2585 4311 2918 4383 peritissimo
2952 4309 3158 4380 pictore
3186 4309 3541 4372 concinnata,
3592 4325 3657 4364 ex
3682 4325 3751 4363 eo

2188 4414 2241 4461 et
2268 4422 2331 4461 ex
2366 4420 2598 4476 persona
2631 4405 2749 4471 ejus
2781 4416 3039 4472 expressa
3070 4417 3303 4471 euntque
3332 4402 3570 4472 perfecte
3594 4403 3748 4457 exhi-

2190 4502 2317 4556 bere
2336 4500 2538 4554 dicitur
2564 4517 2577 4552 :
2604 4498 2705 4552 etsi
2732 4496 2954 4551 alterius
2976 4506 3030 4551 et
3050 4496 3276 4551 diversae
3297 4497 3618 4551 substantia:
3640 4497 3747 4562 sit;

2191 4593 2267 4647 ita
2304 4592 2494 4655 Filius,
2532 4588 2831 4644 secundum
2866 4586 3180 4653 Eusebium,
3221 4603 3284 4643 ex
3317 4588 3620 4642 substantia
3651 4586 3747 4640 Dei

2188 4691 2241 4739 et
2274 4698 2337 4736 ex
2369 4681 2477 4736 Deo
2498 4664 2628 4735 esse
2665 4679 2888 4745 dicitur,
2932 4680 3024 4749 qui
3075 4688 3159 4734 est
3203 4679 3378 4749 imago
3404 4695 3467 4733 ex
3508 4678 3617 4733 Deo
3652 4693 3749 4731 ex-

2191 4787 2398 4842 pressa,
2443 4770 2609 4824 Deum
2642 4768 2880 4839 perfecte
2916 4775 3333 4838 repraesentans,
3378 4767 3482 4821 etsi
3520 4766 3751 4820 alterius

2188 4871 2243 4917 et
2270 4862 2498 4916 diversae
2532 4861 2851 4915 substantiae
2892 4861 2980 4915 sit.
3022 4860 3079 4912 ln
3108 4874 3221 4928 quo
3258 4874 3391 4914 sane
3422 4856 3687 4911 Eusebius
3716 4871 3749 4910 a

2190 4961 2340 5007 recto
2379 4953 2735 5007 ratiocinandi
2778 4967 2976 5021 genere
3023 4952 3259 5005 immane
3300 4957 3559 5019 quantum
3592 4948 3754 5001 aber-

2191 5053 2276 5097 rat
2308 5064 2321 5100 :
2356 5060 2482 5098 nam
2528 5061 2593 5100 ex
2638 5044 2913 5099 communi
2955 5050 3009 5096 et
3054 5049 3273 5110 recepto
3306 5041 3583 5095 hominum
3620 5055 3745 5102 usu,

2190 5140 2285 5206 qui
2330 5152 2455 5191 vere
2500 5137 2757 5205 gignitur,
2807 5134 3077 5205 gignentis
3129 5132 3489 5188 substantiam
3533 5130 3747 5198 plenam

2193 5230 2566 5298 integramque
2619 5229 2837 5296 accipit,
2896 5234 2955 5279 ut
2998 5226 3144 5280 ﬁlius
3191 5226 3373 5280 vocari
3427 5225 3619 5294 possit.
3674 5222 3744 5275 Ea

2191 5321 2391 5388 quippe
2445 5327 2528 5373 est
2580 5318 2672 5372 ﬁlii
2725 5317 2942 5387 proprie
2992 5317 3125 5371 dicti
3178 5318 3341 5382 ratio,
3396 5323 3453 5369 ut
3504 5313 3750 5369 eamdem

2192 5423 2418 5477 prorsus
2454 5423 2615 5477 quam
2648 5415 2801 5476 pater
2832 5417 3080 5461 naturam
3122 5406 3393 5463 obtineat:
3434 5405 3589 5467 alias,
3639 5419 3752 5457 non

2194 5500 2357 5561 ﬁlius,
2392 5500 2485 5553 sed
2517 5498 2792 5568 opiﬁcium
2825 5498 2960 5560 erit;
2999 5498 3265 5560 eamdem,
3299 5496 3542 5564 inquam,
3567 5495 3753 5563 specie

2194 5598 2445 5643 naturam
2491 5590 2544 5643 in
2599 5590 2762 5645 rubus
2814 5590 3033 5654 creatis,
3083 5603 3203 5658 quae
3248 5586 3591 5654 multiplicari
3626 5600 3755 5653 pos--

2193 5687 2353 5742 sunt;
2391 5680 2633 5737 eamdem
2665 5696 2792 5736 vero
2833 5681 3110 5736 numerice
3154 5679 3208 5732 in
3250 5676 3467 5739 divinis,
3502 5676 3627 5746 quia
3656 5690 3753 5729 na.
