4086 6526
402 367 470 421 45
1178 359 1674 419 COMMENTARIA
1714 359 1779 413 ΙΝ
1820 359 1948 414 PSA

2052 358 2158 416 OS.
2200 391 2267 401 —
2308 361 2854 422 PRELIMINARIA.
3562 375 3629 427 46

401 494 521 538 tura
552 481 644 538 Dei
679 498 801 537 cum
832 480 1182 551 multiplicari
1216 490 1467 550 nequeat,
1506 487 1693 550 utpote
1724 479 1961 542 inﬁnita,
1994 482 2039 536 Α
2068 492 2190 531 men
2218 478 2307 534 ille
2339 481 2537 551 ubique
2560 484 2694 537 alias
2721 499 2843 537 cum
2876 483 2943 539 de
2972 484 3109 539 Filio
3132 487 3371 557 loquitur
3402 492 3623 560 respuit,

402 590 510 629 non
535 582 712 643 potest
736 574 840 628 nisi
873 588 977 627 una
1008 583 1063 640 et
1086 574 1201 643 ipsa
1224 574 1521 642 eademque
1551 575 1966 629 communicari.

404 664 601 720 Verum
636 665 749 719 lizec
782 664 1005 718 minime
1037 664 1307 734 quadrare
1344 681 1452 720 non
1483 666 1762 720 nesciebat
1800 665 1970 721 Euse-

402 757 546 819 bius,
585 764 640 811 et
674 757 801 825 quia
839 756 1068 809 arduum
1098 764 1182 811 est
1217 766 1406 811 contra
1442 757 1607 810 animi
1639 757 1963 812 sententiam

399 848 491 901 diu
540 849 881 916 multumque
925 848 1181 910 scribere,
1232 848 1363 916 quin
1403 848 1648 901 nonnihil
1680 864 1745 901 ex
1786 856 1966 902 mente

400 941 689 1008 scriptoris
716 941 798 994 vel
831 940 1198 1008 imprudenter
1221 940 1404 993 eﬂluat
1423 981 1437 1006 ,
1465 956 1573 993 non
1603 940 1717 1009 pari
1749 955 1963 1009 semper

400 1032 565 1086 modo
595 1032 859 1087 Eusebius
898 1031 1174 1100 loquitur:
1206 1046 1328 1083 nam
1361 1034 1416 1085 in
1449 1030 1748 1085 Demonstr.
1804 1048 1961 1084 evan-

398 1125 566 1195 gelica
600 1122 790 1177 Filium
811 1123 891 1177 sic
917 1130 1213 1191 nuncupat.
1249 1121 1324 1175 Τὸ
1355 1121 1582 1176 τέλειον
1603 1122 1706 1175 τοῦ
1730 1123 1960 1175 τελείου

400 1215 825 1283 δημιούργημα,
860 1214 958 1266 καὶ
1000 1212 1194 1280 σοροῦ
1238 1214 1431 1282 (γοερὸν
1468 1214 1958 1281 ἀρχιτεκτόνιιμα,

399 1305 697 1372 Perfectum
727 1306 942 1373 perfecti
972 1304 1260 1373 api/icium,
1287 1316 1335 1357 et
1358 1305 1609 1372 sapientis
1632 1305 1838 1373 sapiens
1865 1320 1956 1357 ar-

398 1396 643 1463 tefactum
676 1411 694 1448 :
721 1404 775 1451 et
804 1397 857 1449 in
886 1396 1113 1464 epistola
1152 1396 1217 1449 ad
1250 1396 1611 1450 Alexandrum
1636 1394 1733 1466 (a),
1759 1395 1955 1449 Filium

394 1503 508 1541 rem
537 1487 733 1541 factam
757 1503 879 1542 esse
902 1488 1031 1541 dicit
1059 1506 1071 1540 :
1095 1494 1147 1540 et
1177 1488 1500 1541 Arianorum
1527 1502 1749 1542 causam
1771 1496 1956 1556 aperte

393 1584 714 1648 pr0pugnat,
757 1579 848 1648 qui
881 1579 1131 1634 dicebant
1165 1578 1362 1631 Filium
1401 1578 1601 1632 factum
1640 1578 1828 1646 fuisse,
1859 1580 1955 1636 sed

390 1684 499 1722 non
530 1680 587 1723 ut
617 1671 850 1739 aliquam
884 1686 947 1725 ex
983 1672 1145 1726 rebus
1193 1670 1385 1735 factis;
1434 1678 1489 1725 et
1537 1678 1778 1725 creatum
1822 1670 1953 1725 item

389 1761 580 1827 fuisse,
614 1763 707 1818 sed
741 1779 848 1817 non
882 1772 939 1816 ut
969 1765 1205 1832 aliquam
1235 1778 1300 1818 ex
1334 1764 1497 1818 rebus
1527 1764 1745 1818 creatis.
1779 1762 1954 1817 Caete-

386 1867 508 1905 rum
540 1853 751 1907 etiamsi
794 1869 858 1907 ex
898 1854 1067 1907 animi
1105 1854 1371 1908 sententia
1417 1853 1684 1909 Eusebius
1715 1852 1948 1908 Verbum

386 1959 513 1998 vere
547 1945 784 2013 genitum
815 1955 867 1999 et
895 1944 1092 1998 Filium
1119 1944 1338 2007 dixerit,
1372 1946 1538 1999 verbo
1559 1954 1764 1999 tantum
1793 1952 1950 2000 tenus

386 2036 456 2091 ab
486 2037 706 2092 Arianis
736 2036 1070 2106 discrepabit
1095 2057 1108 2092 :
1135 2053 1260 2091 nam
1293 2038 1371 2091 illi
1404 2037 1628 2107 perinde
1658 2046 1817 2106 atque
1840 2037 1951 2093 Eu-E

387 2128 573 2182 sebius
605 2128 839 2183 Verbum
870 2144 900 2182 a
934 2127 1091 2184 Patre
1120 2129 1466 2198 productum,
1510 2128 1817 2183 substantia
1864 2128 1949 2182 di-

385 2233 604 2273 versum
637 2235 700 2274 ac
733 2221 912 2275 minus
943 2236 1063 2275 esse
1106 2219 1267 2275 Patre
1296 2220 1590 2289 putabant;
1630 2232 1698 2272 an
1733 2234 1861 2274 vero
1892 2220 1946 2274 id

385 2308 491 2363 dici
523 2310 693 2378 possit
720 2311 959 2380 genitum
1000 2326 1141 2377 esse,
1176 2310 1244 2366 de
1282 2312 1499 2367 nomine
1544 2319 1752 2366 tantum
1798 2327 1948 2382 qua:-

384 2400 491 2454 stio
518 2408 623 2456 est.

766 2515 887 2565 XIV.
913 2515 1091 2565 Filium
1116 2521 1265 2579 negat
1296 2521 1551 2565 aaternum.

450 2594 606 2661 Quod
629 2596 693 2651 ad
728 2598 1081 2653 aeternitatem
1119 2613 1250 2653 vero
1279 2597 1400 2651 Filii
1435 2605 1560 2652 ante
1588 2597 1939 2661 creationem,

379 2702 448 2741 ne
468 2688 635 2741 latum
665 2705 897 2759 unguem
928 2691 995 2744 ab
1017 2692 1341 2745 Arianorum
1367 2690 1633 2745 sententia
1656 2690 1942 2746 deﬂectere

379 2777 615 2839 videtur,
649 2781 741 2847 qui
774 2780 1026 2834 dicebant
1066 2779 1262 2834 Filium
1296 2796 1404 2835 non
1439 2781 1605 2833 ἀΐδιον
1645 2782 1759 2835 sive
1798 2796 1942 2836 sem-

379 2869 648 2934 piternum
684 2884 804 2923 esse
835 2887 847 2921 :
893 2869 987 2924 sed
1022 2879 1146 2926 ante
1175 2872 1358 2925 omnia
1390 2871 1608 2925 factum.
1650 2870 1740 2924 Sic
1769 2878 1821 2925 et
1850 2870 1941 2925 ille

380 2953 574 3009 Filium
619 2957 836 3025 quidem
891 2960 1100 3030 πρῶτον
1148 2960 1255 3014 τῶν
1299 2962 1466 3013 ὄντων
1512 2961 1763 3014 ἁπάντων
1809 2959 1941 3015 dicit

381 3047 677 3102 Demonslr.
716 3067 895 3120 evang.
941 3068 995 3120 p.
1039 3053 1159 3116 146,
1191 3053 1242 3106 iri
1277 3053 1652 3117 est,'Primum
1709 3052 1938 3105 omnium

2069 577 2123 621 et
2150 569 2250 624 soli
2284 569 2428 624 Patri
2463 581 2769 641 competere
2793 574 2925 627 dicit
2960 594 2973 629 :
3012 576 3239 646 parique
3276 576 3437 631 modo
3467 586 3635 632 tetra-

2069 675 2348 729 grammon
2377 671 2516 728 mm,
2544 666 2687 733 quod
2734 666 2934 733 passim
2968 668 3043 721 ait
3074 668 3129 721 in
3172 668 3257 723 his
3284 669 3634 725 Commenta-

2068 753 2167 807 riis
2203 755 2290 806 uni
2322 752 2466 807 Patri
2499 767 2807 826 competere
2850 774 3039 829 posse;
3074 760 3240 815 semel
3265 760 3316 813 in
3349 776 3632 815 commen-

2067 844 2208 897 tario
2237 845 2474 914 itemque
2504 849 2671 902 semel
2715 849 2769 901 in
2826 850 3281 904 Demonstratione
3309 851 3627 921 evangelica,

2066 937 2143 989 ait
2168 935 2306 990 Filio
2335 953 2725 1006 nonnunquam
2759 943 3054 1009 ascriptum
3093 941 3284 1004 fuisse,
3322 958 3633 997 accommo-

2065 1029 2189 1082 date
2214 1029 2442 1094 scilicet,
2480 1046 2654 1100 neque
2680 1033 2917 1101 proprie,
2947 1044 3003 1087 ut
3023 1034 3149 1088 alibi
3178 1034 3244 1089 de
3276 1032 3368 1088 Dei
3391 1034 3628 1104 appella-

2062 1119 2209 1172 tione
2241 1119 2447 1173 dictum
2493 1130 2594 1175 est.
2645 1121 2763 1177 Non
2811 1125 3196 1193 sempiternum
3235 1132 3417 1179 autem
3458 1125 3627 1179 fuisse

2061 1209 2299 1267 Verbum
2332 1224 2457 1270 ante
2490 1219 2817 1270 creationem
2844 1218 3033 1286 probat
3057 1218 3159 1272 hoc
3178 1218 3486 1273 dilemmate
3516 1219 3627 1272 Eu-

2062 1304 2267 1368 sebius,
2311 1308 2365 1361 in
2397 1307 2515 1362 loco
2546 1307 2742 1361 Contra
2782 1306 3090 1361 Marcellum
3122 1310 3376 1378 superius
3420 1326 3627 1365 memo-

2062 1404 2180 1448 rato
2205 1395 2295 1451 :Si
2337 1397 2507 1455 Filius
2530 1399 2598 1453 sit
2624 1401 2792 1464 ἀΐδιος
2823 1402 2935 1455 sive
2964 1402 3349 1471 sempiternus,
3396 1402 3482 1457 vel
3515 1403 3623 1457 duo

2058 1500 2218 1544 erunt
2258 1493 2610 1562 sempiterna,
2642 1510 2835 1564 nempe
2865 1494 3025 1549 Pater
3060 1503 3113 1549 et
3143 1495 3334 1558 Filius,
3365 1496 3508 1565 quod
3537 1506 3625 1550 est

2058 1598 2087 1635 a
2129 1583 2229 1638 [ide
2261 1585 2557 1650 absonum;
2609 1587 2692 1640 vel
2734 1584 2895 1640 Pater
2934 1596 2987 1640 et
3032 1584 3203 1641 Filius
3252 1602 3417 1640 unum
3463 1597 3623 1642 erunt

2057 1677 2470 1742 sempiternum,
2507 1676 2651 1744 quod
2689 1682 2773 1730 est
2805 1674 3194 1730 Sabellianum.
3225 1677 3365 1731 Ante
3385 1678 3620 1742 creatio-

2054 1779 2176 1817 nem
2216 1765 2380 1834 igitur
2414 1764 2647 1820 Verbum
2696 1782 2806 1821 non
2854 1768 3241 1836 sempiternum
3277 1782 3398 1822 esse
3432 1768 3620 1822 docuit

2057 1851 2356 1919 Eusebius;
2406 1873 2582 1926 neque
2630 1866 2810 1912 tamen
2864 1872 2952 1912 res
2998 1865 3211 1912 creatas
3264 1857 3446 1911 statim
3495 1865 3621 1926 post

2056 1944 2220 1999 Verbi
2265 1956 2445 2003 ortum
2493 1949 2667 2004 editas
2712 1965 2833 2004 esse
2873 1957 3052 2019 putat;
3109 1949 3204 2004 sed
3238 1950 3618 2018 interpositum

2056 2035 2291 2103 spatium
2343 2037 2482 2091 inter
2528 2036 2693 2092 Verbi
2736 2046 2789 2093 et
2831 2038 3167 2107 Opiﬁciorum
3200 2038 3615 2106 productionem

2055 2126 2340 2179 constituit
2367 2127 2457 2181 ille
2487 2146 2501 2181 :
2532 2143 2639 2197 qua
2672 2130 2727 2182 in
2754 2144 2812 2183 re
2838 2129 3054 2198 paulum
3085 2128 3369 2183 deﬂectere
3399 2128 3616 2186 videtur

2053 2217 2120 2272 ab
2142 2217 2356 2274 Ariana:
2384 2228 2543 2276 sectae
2565 2222 2921 2291 principibus.
2944 2223 3035 2292 qui
3064 2222 3299 2276 Verbum
3330 2221 3395 2275 ad
3425 2234 3608 2275 rerum

2050 2310 2294 2364 omnium
2348 2313 2678 2367 creationem
2730 2313 3055 2382 productum
3107 2314 3225 2367 sine
3283 2311 3611 2367 intermedio

2046 2400 2225 2469 spatio
2250 2401 2675 2469 arbitrabantur,
2704 2412 2762 2457 ut
2791 2406 2884 2459 illo
2910 2406 3050 2461 Deus
3074 2405 3139 2459 ad
3166 2404 3379 2476 opiﬁcia
3402 2405 3613 2461 edenda

2050 2507 2147 2548 ceu
2175 2492 2539 2551 instrumento
2571 2504 2834 2552 uteretur.

2419 2628 2520 2678 XV.
2548 2628 2742 2681 Summa
2762 2632 2997 2682 doctrinm
3016 2633 3233 2683 Eusebii.

2119 2752 2202 2807 En
2235 2769 2366 2825 ergo
2412 2763 2583 2811 totam
2636 2756 2955 2813 Eusebiana:
2996 2760 3281 2830 theologiaa
3318 2774 3607 2814 summam.

2048 2842 2200 2902 Unus
2229 2862 2391 2903 verus
2418 2848 2486 2902 ab
2507 2856 2710 2903 mterno
2734 2849 2875 2905 Deus
2900 2849 3059 2904 Pater
3084 2850 3207 2913 fuit,
3236 2850 3328 2919 qui
3355 2850 3611 2904 omnibus

2048 2945 2211 3008 atque
2242 2939 2407 2994 etiam
2445 2938 2583 2995 Filio
2616 2956 2716 2996 suo
2758 2942 3083 3010 praeexsistit
3117 2961 3129 2995 :
3167 2940 3470 3011 Filiumque
3504 2942 3611 2996 sibi

2046 3039 2235 3101 postea
2280 3046 2390 3085 non
2423 3047 2491 3086 ex
2534 3034 2860 3088 necessitate
2905 3042 3130 3097 natura},
3177 3032 3271 3089 sed
3319 3048 3385 3087 ex
3437 3033 3610 3088 libero

377 3155 693 3210 quascunque
717 3154 872 3207 sunt;
915 3143 1077 3213 idque
1104 3146 1308 3213 passim
1349 3145 1544 3213 repetit
1586 3145 1641 3197 in
1667 3144 1754 3197 his
1785 3158 1937 3197 com-
1968 3164 2009 3222 ο
2046 3124 2344 3222 “minatis
2382 3124 2609 3179 δι’δίίτίο
2632 3140 2709 3222 ‘30
2761 3126 3062 3222 Ρνρροδίίον
3099 3125 3355 3222 Ρτξδάυιίι
3382 3140 3448 3179 εκ
3480 3125 3611 3222 διξδ⁹

377 3234 682 3295 mentariis,
722 3234 885 3303 inque
920 3235 1072 3290 libris
1104 3246 1288 3288 contra
1324 3234 1675 3288 Marcellum:
1703 3234 1938 3303 itemque

378 3320 453 3373 ait
481 3321 674 3377 Filium
708 3326 812 3396 πρὸ
836 3326 1041 3397 χρόνων
1074 3326 1323 3391 αἰωνίων,
1356 3336 1409 3382 et
1435 3326 1539 3398 πρὸ
1570 3327 1784 3381 πάντων
1812 3324 1933 3379 αἰώ-

376 3428 501 3475 νων,
542 3415 593 3467 id
623 3427 725 3479 est,
758 3426 876 3470 ante
915 3418 1129 3481 sa’cula,
1184 3418 1504 3488 productum
1539 3437 1552 3472 :
1586 3432 1711 3472 nam
1741 3419 1938 3473 saecula

374 3508 427 3551 et
460 3509 670 3571 tempus
699 3519 859 3559 omne
902 3521 1025 3559 cum
1072 3507 1273 3560 mundo
1317 3508 1548 3577 crepisse
1596 3522 1718 3562 cum
1754 3508 1938 3563 multis

376 3592 498 3647 aliis
541 3596 814 3650 veteribus
863 3598 1177 3660 arbitratur,
1234 3614 1335 3655 nec
1385 3617 1485 3654 vox
1536 3599 1750 3664 αἰώνιος
1794 3602 1937 3670 apud

374 3682 692 3750 Eusebium,
729 3703 830 3757 pro
861 3690 1160 3744 aaternitate
1187 3700 1313 3745 ante
1341 3692 1671 3746 creationem
1704 3709 1935 3763 usquam

376 3777 609 3831 sumitur
638 3797 651 3832 :
679 3795 802 3833 nam
837 3780 1144 3849 hujusmodi
1178 3784 1537 3838 aeternitatem
1569 3784 1623 3837 in
1655 3783 1793 3837 Filio
1824 3785 1939 3838 evi-

373 3867 563 3921 denter
587 3878 815 3939 negatet
838 3883 1021 3924 contra
1052 3870 1365 3925 Marcellum
1398 3889 1567 3943 agens
1599 3874 1829 3928 alIirmat
1855 3873 1940 3928 Fi-

374 3959 503 4012 lium
556 3977 661 4016 non
712 3979 870 4032 posse
903 3964 1011 4017 dici
1063 3966 1230 4019 ἀΐδιον
1275 3966 1388 4022 sive
1432 3967 1844 4036 sempiternum,
1881 3977 1939 4022 ut

372 4049 556 4105 videre
584 4061 686 4115 est,
721 4054 755 4106 I.
788 4070 850 4117 ιι,
880 4070 930 4109 c.
962 4054 1047 4121 12,
1080 4064 1132 4109 et
1163 4058 1310 4112 alibi.
1344 4058 1455 4114 Nec
1489 4058 1724 4114 dilliteor
1755 4068 1935 4113 tamen

375 4139 427 4191 in
455 4143 869 4200 Commentariis
907 4146 959 4199 in
1005 4146 1250 4204 Psalmos
1294 4149 1360 4202 ad
1392 4150 1538 4204 hunc
1568 4151 1705 4220 psal.
1741 4166 1779 4203 ιι
1811 4167 1934 4205 ver-

373 4244 515 4294 sum,
548 4231 657 4302 Ego
687 4234 837 4289 hodie
857 4238 1008 4307 genui
1025 4247 1092 4301 te,
1124 4239 1237 4293 haec
1263 4239 1448 4295 haberi
1475 4242 1646 4311 εἘγὼ
1671 4240 1935 4310 σήμερον

370 4322 698 4392 γεγέννηκά
725 4343 816 4393 σε,
841 4329 1077 4399 δηλονότι
1112 4334 1237 4406 περὶ
1268 4334 1365 4404 τῆς
1396 4333 1648 4405 χρονικῆς
1678 4333 1779 4403 ἔφη
1809 4350 1933 4402 γεν.

370 4417 594 4485 νήσεως·
621 4420 745 4489 περὶ
780 4421 888 4491 γὰρ
919 4422 1017 4491 τῆς
1049 4423 1282 4494 ἀνάρχου
1313 4422 1661 4494 φησὶνάὑτὸς
1695 4426 1723 4477 ὁ
1748 4425 1927 4477 Δαυΐδ-

2040 3216 2241 3271 stantia
2266 3231 2364 3273 sua
2390 3236 2402 3271 :
2429 3232 2538 3272 non
2564 3218 2926 3273 substantiam
2952 3232 3105 3272 suam
3127 3218 3242 3272 sive
3268 3226 3462 3284 totam,
3494 3216 3611 3275 sive

2039 3309 2300 3374 decisam,
2330 3308 2468 3364 Filio
2489 3311 2922 3377 communicans;
2946 3310 3041 3365 sed
3067 3310 3426 3366 substantiam
3446 3313 3609 3365 aliam

2039 3400 2107 3455 ad
2145 3401 2231 3456 sui
2254 3388 2369 3472 'per
2409 3402 2591 3456 omnia
2622 3401 3035 3457 similitudinem
3078 3408 3132 3456 et
3167 3402 3457 3474 imaginem
3490 3418 3609 3473 pro-

2039 3493 2277 3554 ducens;
2323 3504 2585 3563 quantum
2621 3494 2831 3549 scilicet
2869 3501 3047 3564 potest
3087 3496 3395 3551 substantia
3430 3510 3462 3549 a
3496 3495 3607 3550 Deo

2038 3585 2252 3641 diversa
2302 3584 2396 3640 Dei
2446 3586 2736 3656 imaginem
2773 3585 2953 3642 ferre:
2991 3602 3116 3642 nam
3152 3589 3307 3658 longe
3340 3590 3516 3658 impar
3552 3598 3609 3643 et

2040 3677 2217 3730 minor
2254 3675 2413 3731 Patre
2459 3675 2632 3731 Filius
2657 3686 2760 3732 est.
2793 3676 2928 3731 Cum
2958 3688 3137 3734 autem
3170 3680 3346 3749 imago
3378 3680 3469 3733 illa
3498 3694 3608 3734 una

2039 3765 2206 3820 Deum
2242 3766 2656 3837 perfectissime,
2695 3774 2958 3836 quantum
3007 3769 3122 3822 lieri
3168 3778 3363 3838 potest,
3407 3785 3609 3839 reprae-

2039 3867 2235 3921 sentet,
2264 3875 2371 3914 non
2403 3860 2726 3914 substantia:
2760 3859 2919 3913 modo
2948 3858 3065 3923 Dei,
3111 3862 3206 3915 sed
3231 3863 3393 3916 etiam
3424 3862 3609 3916 unita-

2038 3952 2110 4005 tis
2135 3952 2255 4021 ejus
2286 3953 2462 4023 imago
2489 3961 2588 4008 est.
2630 3951 2785 4007 Unde
2806 3948 2877 4006 ob
2909 3953 3055 4006 illam
3085 3953 3303 4007 unicam
3326 3962 3378 4008 et
3410 3953 3603 4024 singu-

2038 4045 2202 4100 larem
2226 4045 2655 4110 similitudinem,
2684 4045 2853 4101 Filius
2877 4048 2946 4103 ab
2986 4046 3192 4118 origine
3212 4045 3354 4103 Deus
3378 4054 3606 4103 vocatus

2036 4147 2089 4194 et
2117 4138 2294 4194 factus
2331 4147 2435 4203 est,
2468 4139 2804 4211 Θεοποιηθεις
2836 4161 2849 4195 :
2883 4142 2976 4211 qui
3010 4142 3115 4196 etsi
3148 4157 3275 4198 vere
3309 4140 3453 4197 Deus
3491 4141 3601 4197 dici

2034 4245 2143 4285 non
2173 4233 2365 4301 possit,
2414 4232 2459 4286 si
2496 4246 2621 4286 cum
2670 4230 2832 4286 Patre
2876 4241 3246 4303 comparetur,
3288 4240 3603 4303 comparate

2036 4333 2214 4378 tamen
2246 4323 2312 4377 ad
2346 4333 2626 4379 creaturas
2660 4340 2783 4379 vere
2829 4324 2974 4381 Deus
3020 4325 3229 4387 dicitur,
3265 4344 3278 4379 :
3314 4326 3442 4395 quia
3472 4326 3603 4397 ipsae

2036 4415 2299 4488 imagines
2332 4416 2427 4471 Dei
2462 4418 2617 4487 longe
2649 4416 3080 4487 imperfectiores
3109 4425 3254 4471 sunt.
3287 4416 3468 4483 Quare
3499 4417 3599 4471 αὐ-

382 4506 474 4560 Ὲκ
526 4511 782 4577 γαστρὸς
823 4511 935 4579 πρὸ
976 4513 1285 4583 ἑωσφόρον
1319 4515 1647 4584 γεγέννηκά
1692 4532 1784 4580 σε,
1828 4516 1929 4570 hoc

2046 4509 2218 4573 τόΘεος
2250 4509 2473 4572 dicitur,
2511 4508 2647 4571 sive,
2696 4508 2805 4576 ipse
2839 4506 3003 4571 Deus,
3034 4508 3161 4578 quia
3195 4524 3258 4562 ex
3292 4508 3601 4561 omnimoda

366 4606 451 4651 est
480 4617 492 4651 :
528 4616 545 4647 ι
578 4598 687 4668 Ego
704 4600 855 4655 hodie
871 4605 1024 4673 genui
1062 4614 1129 4668 te,
1170 4624 1187 4656 ι
1219 4606 1270 4657 id
1300 4606 1535 4661 videlicet
1560 4608 1621 4661 de
1656 4609 1932 4677 temporali

366 4702 695 4758 generatione
731 4694 949 4760 dictum,
977 4714 1091 4767 qua:
1126 4713 1216 4765 per
1254 4703 1596 4755 oeconomiam
1633 4701 1779 4770 [acta
1808 4712 1927 4765 est;

367 4780 429 4833 de
457 4781 551 4834 illa
578 4800 798 4854 namque
820 4803 935 4856 qua:
955 4790 1066 4841 sine
1090 4792 1346 4859 principio
1368 4802 1465 4857 est,
1486 4794 1561 4846 ait
1588 4796 1695 4863 ipse
1721 4794 1889 4848 David
1911 4812 1929 4848 :

373 4888 412 4967 ξ-
436 4870 517 4923 Ex
550 4882 696 4927 utero
721 4888 841 4930 ante
869 4877 1143 4948 luciferum
1181 4883 1334 4950 genui
1372 4893 1418 4937 te
1449 4882 1749 4952 (Psal.c1x,
1774 4885 1863 4955 ὅ).
1905 4905 1924 4937 ι
1978 4957 1987 4967 ’

366 4959 565 5019 Verum
593 4966 644 5019 id
673 4967 805 5021 nihil
828 4983 968 5023 verre
990 4972 1206 5025 Eusebii
1230 4974 1512 5028 sententia
1533 4973 1752 5038 alliciat,
1779 4991 1928 5040 nam,

364 5061 426 5107 ut
454 5056 625 5119 vides,
658 5058 889 5129 ἄναρχον
919 5070 1074 5114 vocat
1118 5061 1277 5117 Verbi
1328 5066 1757 5134 generationem,
1802 5070 1929 5137 quia

364 5154 490 5200 ante
543 5148 848 5215 luciferum,
900 5151 954 5205 id
987 5160 1092 5216 est,
1136 5160 1260 5208 ante
1293 5156 1619 5225 principium
1666 5159 1926 5228 temporis

364 5234 465 5290 fuit
498 5257 510 5292 :
547 5240 813 5309 siquidem
849 5241 1106 5307 Verbum,
1142 5252 1201 5297 ut
1232 5246 1306 5299 ait
1332 5244 1592 5311 Joannes,
1635 5248 1687 5303 in
1719 5249 1927 5318 princi‘

361 5327 451 5394 pio
490 5336 625 5391 erat,
658 5329 802 5397 quod
836 5330 923 5385 ille
954 5332 1020 5385 de
1066 5334 1334 5404 principio
1367 5338 1625 5405 temporis
1656 5338 1924 5406 explicat,

361 5422 523 5485 atque
575 5417 697 5473 ideo
747 5419 833 5473 hic
869 5421 1099 5491 ἄναρχος
1144 5424 1303 5480 Verbi
1347 5434 1502 5480 ortus
1541 5426 1763 5492 dicitur,
1794 5429 1922 5498 quia

359 5522 483 5561 cum
514 5519 639 5564 ante
669 5526 829 5567 omne
858 5520 1071 5583 tempus
1108 5526 1161 5571 et
1190 5529 1312 5573 ante
1354 5519 1536 5573 omnia
1576 5520 1775 5575 sazcula
1803 5519 1924 5575 fue-
1969 5568 1981 5590 ,

358 5594 451 5659 rit,
494 5612 601 5651 non
644 5598 821 5670 habet.
844 5601 1171 5672 principium
1212 5606 1495 5674 temporis.
1532 5608 1799 5678 Ἀναρχον
1840 5616 1923 5661 ta-
1962 5668 1967 5671 μ

428 5774 503 5843 (α)
542 5775 701 5833 Cane.
742 5776 951 5853 Nicfn,
976 5785 1083 5833 act.
1117 5779 1170 5846 6,
1200 5796 1252 5852 p.
1282 5781 1403 5837 498.

2035 4600 2126 4653 illa
2157 4599 2515 4655 similitudine
2552 4599 2691 4655 Deus
2722 4600 2790 4653 ab
2830 4607 2955 4654 ortu
2994 4600 3299 4668 appellatus
3330 4607 3440 4665 est;
3474 4613 3599 4666 cum

2035 4702 2225 4745 contra
2251 4692 2424 4762 angeli
2455 4700 2509 4747 et
2534 4692 2784 4749 homines
2811 4693 3110 4748 secundum
3139 4684 3375 4760 aliquam
3408 4689 3603 4745 simili.

2035 4783 2241 4838 tudinis
2286 4784 2552 4838 rationem
2598 4785 2672 4839 dii
2721 4791 3125 4854 nuncupentur.
3177 4780 3405 4837 Genitus
3435 4781 3599 4837 etiam

2033 4872 2139 4928 dici
2185 4883 2362 4944 potest
2406 4883 2460 4929 et
2505 4875 2662 4930 debet
2707 4874 2902 4937 Filius.
2940 4875 3068 4944 quia
3113 4875 3214 4930 etsi
3260 4890 3369 4928 non
3410 4872 3600 4928 eadem

2032 4983 2194 5037 quam
2226 4966 2387 5021 Pater
2418 4968 2777 5023 substantiam
2807 4968 3026 5030 habeat,
3059 4983 3121 5023 ex
3159 4967 3466 5023 substantia
3500 4965 3602 5020 Pa-

2031 5058 2131 5111 tris
2178 5072 2242 5111 eo
2288 5072 2395 5127 quo
2440 5074 2607 5129 supra
2655 5058 2891 5113 diximus
2939 5056 3101 5111 modo
3146 5057 3444 5126 productus
3492 5064 3595 5111 est.

2033 5147 2295 5205 Eternus
2332 5159 2509 5205 autem
2553 5166 2661 5205 non
2706 5158 2789 5207 est
2839 5150 3047 5214 Filius,
3094 5150 3190 5204 sed
3240 5160 3361 5209 anu;
3408 5162 3599 5203 omnes

2031 5249 2311 5296 creaturas
2360 5244 2595 5312 genitus.
2649 5243 2799 5298 Hanc
2852 5243 3183 5314 ipsissimam
3220 5256 3339 5297 esse
3374 5238 3597 5295 Eusebii

2030 5333 2096 5388 de
2124 5332 2303 5389 Verbo
2331 5333 2635 5390 doctrinam
2665 5336 2870 5406 liquido
2899 5335 3311 5406 comprobatum
3343 5333 3596 5402 superius

2029 5434 2131 5480 est.
2166 5424 2319 5491 Quod
2346 5427 2392 5481 si
2423 5427 2477 5480 in
2504 5426 2592 5482 his
2622 5427 2893 5482 Eusebius
2920 5441 3105 5481 secum
3130 5438 3373 5495 pugnare
3401 5423 3596 5491 depre—

2029 5516 2330 5581 hendatur,
2374 5517 2428 5571 id
2458 5532 2588 5571 sane
2616 5518 2896 5587 proprium
2939 5515 3145 5572 erroris
3186 5522 3287 5577 est,
3320 5520 3378 5567 ut
3411 5511 3594 5567 consi-

2029 5616 2173 5662 stere
2198 5621 2305 5661 non
2334 5607 2531 5671 valeat,
2563 5606 2775 5679 sibique
2806 5606 2908 5679 ipsi
2942 5606 3275 5662 adversetur.
