4086 6540
461 357 528 413 Π
1174 342 1440 405 FUSEBII
1476 332 1950 398 CESARlENSlS
1985 330 2137 389 OPP.
2179 331 2358 386 PARS
2394 331 2482 389 Ill.
2516 362 2586 373 -—
2618 328 3025 388 EXEGETICA.
3625 334 3695 388 48

462 493 585 546 XVI.
608 490 757 555 ἥξει-ε
793 484 1090 539 defenditur.
1130 512 1187 523 —
1211 483 1369 555 Χνῐι..
1411 478 1646 555 ᾼιιὶθηοω
1690 474 1899 540 probant
1930 476 2028 521 tam
2059 475 2103 531 Α
2133 471 2289 526 libuit
2317 440 2603 527 desistere.
2636 470 2753 535 Qua
2786 470 2839 523 in
2872 484 2932 524 re
2962 469 3094 539 quid
3136 470 3341 526 certius
3381 451 3691 541 evangelica

940 556 1098 613 gesta,
1116 560 1260 609 quam
1276 545 1473 605 scripta.

535 660 601 714 At
632 659 727 729 qui
758 662 1043 727 purgatum
1076 649 1367 705 Eusebium
1403 646 1611 708 volunt,
1638 658 1759 697 cum
1790 648 2022 703 veteres,

465 762 580 809 tum
609 750 962 808 recentiores,
994 744 1049 798 in
1070 742 1304 798 medium
1329 738 1448 809 ejus
1468 736 1609 791 dicta
1632 734 1881 796 aﬁerunt,
1907 748 2025 802 qua:

466 842 794 898 catholicum
824 836 1095 892 hominem
1129 846 1353 903 arguere
1391 834 1668 899 pugnant;
1713 822 2026 893 hujusmodi

469 943 618 1001 sunt,
648 932 790 1004 quod
820 929 1019 986 dixerit
1040 928 1131 983 ille
1159 942 1221 981 es
1258 926 1387 989 Deo,
1421 932 1476 979 et
1506 938 1570 977 ex
1601 918 1905 976 substantia
1932 916 2024 971 Dei

466 1042 589 1084 esse
616 1024 834 1087 Filium,
859 1020 1006 1092 quod
1036 1035 1162 1075 vere
1186 1018 1354 1073 Deum
1387 1024 1441 1070 et
1482 1014 1731 1067 αὑτόοεον
1763 1010 2027 1082 praedica-

467 1120 626 1185 verit,
663 1115 810 1187 quod
854 1120 1140 1172 aeternum,
1171 1109 1313 1179 quod
1343 1106 1645 1177 ὁμοούσιον,
1683 1103 1883 1174 quibus
1926 1115 2027 1156 nos

468 1209 743 1270 omnibus,
768 1208 889 1277 ipso
917 1201 1153 1258 Eusebio
1194 1202 1274 1255 usi
1306 1200 1621 1268 interprete,
1645 1192 2026 1266 jam‘occurri-

465 1318 607 1357 mus.
631 1299 832 1354 Verum
856 1299 970 1351 haec
1000 1294 1073 1347 illi
1105 1309 1170 1348 ex
1197 1290 1406 1345 arbitrii
1428 1289 1512 1345 sui
1544 1286 1833 1351 sententia,
1854 1298 2029 1353 neque

466 1409 533 1450 ex
563 1395 681 1463 ipsa
710 1389 929 1446 Eusebii
958 1392 1159 1449 mente,
1200 1384 1446 1453 pluribus
1478 1381 1534 1435 in
1572 1379 1708 1433 locis
1748 1390 2025 1448 expressa,

467 1481 825 1553 comprobare
856 1478 959 1533 nisi
992 1483 1122 1531 sunt
1155 1494 1168 1528 :
1201 1474 1292 1527 alii
1326 1486 1542 1542 quoque
1572 1468 1881 1537 interpretis
1909 1483 2029 1521 ver-

470 1574 625 1629 sione
656 1570 887 1640 decepti,
919 1583 983 1623 ex
1012 1567 1166 1621 libris
1186 1563 1251 1618 de
1282 1560 1737 1617 Demonstratione
1767 1564 1821 1613 et
1846 1566 2029 1610 contra

472 1663 805 1726 Marcellum,
836 1660 1023 1714 Latine
1051 1665 1261 1711 tantum
1286 1654 1461 1717 lectis,
1485 1652 1551 1706 ad
1576 1665 1692 1706 eam
1722 1650 2031 1718 opinionem

472 1760 844 1817 accesserunt,
868 1765 995 1821 pars
1019 1748 1254 1803 Marcelli
1281 1744 1427 1799 dicta
1451 1758 1550 1814 pro
1570 1739 1890 1797 Eusebianis
1910 1738 2034 1793 sub-

2130 562 2401 625 cautione,
2424 562 2503 614 Ex
2517 562 2773 630 fructibus
2795 577 2974 615 eorum
2994 564 3313 633 cognoscetis
3327 566 3452 619 eos?
3472 562 3692 633 (Matth.

2131 669 2227 717 vn,
2260 652 2373 725 l6.)
2401 653 2561 710 Certe
2588 654 2888 709 secundum
2912 654 3185 708 Nictenam
3211 656 3475 725 synodum
3508 654 3695 710 foven-

2129 744 2212 798 dae
2236 744 2503 799 Arianicaa
2524 745 2601 800 rei
2630 745 2705 798 ita
2728 752 2877 800 totus
2903 745 3152 799 incubuit
3176 746 3287 807 ille,
3311 754 3370 799 ut
3395 746 3528 799 nihil
3557 761 3694 816 prte—

2130 838 2427 894 termisisse
2459 838 2707 894 videatur
2737 853 2846 908 quo
2879 852 2938 893 se
2966 838 3225 892 Arianum
3260 837 3532 909 proderet.

2724 952 2950 1008 CAPUT
2990 952 3103 1007 Vll.

2126 1078 2198 1116 DE
2239 1078 2487 1126 ῐιειιουιε
2526 1080 2578 1119 IN
2616 1081 2804 1128 QUIBUS
2843 1082 2942 1119 νει.
2996 1082 3025 1118 Α
3067 1080 3187 1119 FIDE
3230 1079 3505 1118 ABEBRARE
3543 1078 3694 1118 VIDE-

2202 1148 2308 1187 τί]ιῖ
2347 1150 2598 1190 EUSEBlUS
2638 1152 2689 1189 IN
2726 1152 2812 1192 HIS
2850 1151 3268 1200 COMIENTAMIS,
3310 1151 3409 1189 γει,
3449 1151 3694 1189 ESPLICA-

2203 1220 2365 1260 τιοκε
2401 1221 2534 1263 OPUS
2572 1222 2764 1261 ΠΑΒΕΤ.

2133 1312 2183 1368 Ι.
2227 1313 2493 1385 Eusebius
2527 1316 2827 1385 plerumque
2869 1333 3001 1379 sua,
3067 1333 3170 1370 non
3212 1314 3487 1377 Ecclesia',
3540 1332 3695 1370 sensa

2203 1384 2387 1438 tradit.
2431 1384 2635 1441 ΗςΑη
2659 1384 2805 1456 neget
2837 1396 3107 1456 peceatum
3146 1387 3421 1456 originale,
3460 1396 3508 1439 et
3539 1403 3607 1438 an
3638 1388 3693 1441 id

2194 1456 2463 1526 dogmatis
2504 1472 2567 1511 ea:
2599 1454 3120 1526 Origene—hauserit.
3180 1454 3298 1509 111.
3329 1456 3411 1509 An
3456 1465 3597 1523 putet
3626 1456 3690 1509 Β.

2215 1525 2479 1596 Virginem
2530 1527 2665 1580 alios
2702 1525 2863 1596 quam
2892 1526 3161 1582 Christum
3205 1526 3343 1594 ﬁlios
3389 1526 3689 1593 suscepisse.

2208 1594 2310 1649 ιγ.
2344 1594 2473 1647 Eam
2534 1613 2635 1649 non
2679 1594 2833 1665 quasi
2888 1613 3072 1659 suam,
3134 1597 3220 1648 sed
3274 1597 3426 1665 quasi
3471 1596 3696 1648 alienant

2204 1666 2510 1719 sententiam
2562 1665 2761 1719 attulit.
2823 1666 2884 1720 V.
2922 1666 3041 1719 Non
3071 1666 3257 1719 statuit
3287 1666 3421 1719 duas
3454 1667 3508 1717 in
3536 1665 3695 1719 Chri-

2198 1744 2286 1787 sto
2312 1752 2580 1803 personas.
2628 1735 2722 1790 l'l.
2752 1736 2892 1802 Quid
2924 1735 2986 1790 de
3016 1736 3338 1803 confessione
3365 1746 3694 1805 peccatorum

471 1850 784 1912 stituentes,
821 1806 1081 1900 ieiernum
1123 1841 1195 1895 ab
1236 1839 1466 1894 Eusebio
1504 1835 1698 1891 Filium
1738 1831 2030 1906 praedicari
2063 1828 2105 1884 Β
2207 1806 2444 1859 “"3"”-

472 1939 720 1996 arbitrati
753 1946 919 1994 sunt:
952 1935 1085 1990 nulli
1133 1933 1297 1988 hosce
1327 1928 1544 1985 Eusebii
1593 1925 2028 1983 Commentarios

467 2032 841 2100 inspexerunt,
876 2025 963 2080 ubi
984 2024 1161 2095 palam
1188 2024 1277 2077 ille
1299 2028 1532 2075 mentem
1557 2032 1710 2073 suam
1743 2015 1938 2086 aperit,
1974 2022 2029 2068 et

470 2121 691 2181 nonnisi
714 2124 1025 2188 comparate
1060 2113 1126 2167 ad
1152 2112 1401 2167 homines
1426 2107 1621 2162 Filium
1644 2105 1832 2161 vocari
1861 2104 2027 2158 Deum

472 2211 730 2266 insinuat.
771 2206 886 2277 Ego
915 2218 1045 2258 vero
1092 2217 1176 2256 me
1222 2198 1479 2269 proﬁteor
1511 2196 1614 2250 hac
1652 2196 1707 2249 in
1732 2192 2031 2263 quaestione

470 2302 607 2357 nihil
638 2295 977 2371 praejudicati
1011 2292 1279 2355 attulisse,
1320 2289 1415 2344 sed
1450 2301 1677 2359 pronum
1713 2299 1926 2355 semper
1963 2283 2030 2337 ad

473 2392 743 2446 mitiorem
774 2386 1053 2443 ferendam
1096 2382 1437 2443 sententiam,
1467 2378 1685 2434 Eusebii
1716 2378 1921 2447 scripta
1943 2391 2031 2432 as-

472 2482 625 2538 sidue
657 2480 956 2543 lectitasse,
985 2475 1316 2548 ponderasse
1346 2472 1493 2527 dicta
1526 2478 1581 2527 et
1613 2470 1933 2533 sententias,
1962 2484 2032 2523 ac

472 2576 688 2629 demum
727 2572 806 2627 rei
840 2570 1226 2640 perspicuitate
1255 2569 1478 2629 victum,
1512 2568 1707 2619 contra
1741 2559 2030 2617 Eusebium

471 2666 740 2720 calculum
786 2664 1057 2734 posuisse.
1103 2661 1280 2723 Certe,
1328 2667 1385 2713 ut
1431 2657 1588 2712 initio
1636 2654 1769 2722 dixi,
1814 2653 2030 2708 Eusebii

470 2763 621 2827 gesta
674 2769 798 2809 cum
850 2752 1071 2823 scriptis
1104 2751 1179 2805 ita
1209 2755 1547 2813 consonant;
1590 2752 1649 2800 ut
1695 2744 1824 2800 hinc
1868 2742 2032 2797 etiam

473 2845 723 2902 testatior
767 2846 983 2900 animus
1020 2842 1396 2912 sententiaque
1442 2840 1590 2895 illius
1613 2837 1866 2893 omnibus
1910 2849 2033 2890 esse

470 2941 666 2995 valeat.
694 2938 777 2994 Ab
800 2936 1026 2994 exordio
1048 2936 1192 2991 enim
1214 2933 1507 2989 Arianismi
1532 2933 1596 2988 ad
1627 2930 1834 2987 obitum
1860 2939 2033 2998 usque

471 3048 595 3089 cum
638 3032 857 3087 Arianis
894 3027 1327 3085 concordissime
1355 3027 1509 3091 vixit,
1558 3022 1805 3080 nascenti
1837 3018 2033 3076 haeresi

476 3140 671 3181 nomen
712 3124 889 3190 dedit;
937 3125 992 3177 in
1023 3121 1240 3178 Nicaena
1289 3119 1517 3191 synodo,
1561 3125 1823 3187 quantum
1858 3114 2031 3174 licuit,

472 3214 769 3271 Catholicis
798 3214 1043 3279 obstitit;
1085 3210 1182 3266 sed
1232 3210 1323 3279 qui
1362 3207 1603 3277 apprime
1631 3206 1855 3260 calleret
1903 3217 2038 3258 con-

381 3369 391 3378 _
473 3306 667 3362 cedere
712 3304 963 3373 tempori,
995 3302 1213 3358 demum
1246 3299 1415 3355 cessit
1452 3306 1508 3353 et
1549 3296 1876 3367 subscripsit
1910 3314 1923 3351 :
1958 3295 2038 3351 sic

472 3397 619 3453 enim
647 3395 910 3450 suadebat
935 3394 1116 3458 timor,
1148 3407 1255 3446 non
1278 3389 1521 3447 diuturni
1551 3388 1810 3459 magister
1835 3387 1994 3443 oﬁicii
2018 3407 2033 3441 :

478 3501 589 3558 qua
621 3486 767 3541 enim
810 3492 991 3540 mente
1017 3484 1071 3538 id
1104 3483 1295 3553 egerit,
1329 3481 1430 3537 sibi
1461 3478 1696 3535 subditis
1720 3478 1934 3550 populis
1955 3477 2037 3533 sic

471 3576 768 3642 enarravit,
799 3582 859 3629 ut
887 3574 991 3630 sibi
1032 3573 1262 3644 pristina
1291 3571 1590 3642 repetendi,
1622 3570 1798 3625 sicubi
1830 3570 2034 3632 liceret,

474 3666 684 3721 aditum
713 3664 1014 3735 reliquerit.
1049 3660 1169 3716 Non
1197 3660 1290 3715 diu
1323 3675 1452 3716 vero
1478 3667 1668 3731 postea
1706 3660 1826 3713 ﬁcte
1855 3673 2038 3714 recon—

475 3758 714 3813 ciliatam
769 3771 895 3812 cum
948 3755 1247 3811 Catholicis
1295 3753 1524 3825 gratiam
1576 3751 1933 3817 disturbavit;
1978 3757 2038 3804 ut

478 3850 693 3907 nescias
717 3850 911 3921 plusne
942 3863 1123 3920 opera:
1155 3847 1210 3901 in
1240 3846 1488 3916 pellendo
1517 3844 1818 3900 Athanasio
1839 3858 2033 3915 posue-

475 3945 567 4009 rit,
613 3958 775 4014 quam
812 3943 867 3996 in
908 3940 1246 3998 restituendo
1293 3939 1444 3994 Ario.
1486 3939 1687 3992 Contra
1727 3936 2035 3990 Marcellum

475 4034 925 4106 intemperantior
969 4034 1204 4089 fortasse
1251 4047 1415 4102 quam
1460 4030 1743 4098 debuerat,
1777 4045 1882 4085 non
1913 4029 2035 4099 plus

476 4128 545 4182 ad
577 4126 1002 4198 propulsandum
1033 4125 1205 4191 illum,
1246 4140 1410 4196 quam
1444 4124 1509 4179 ad
1546 4124 1855 4195 purgandos
1876 4123 2036 4177 Aria-

475 4232 671 4271 norum
702 4212 1067 4286 primipilares
1094 4217 1337 4287 scripsit.
1367 4215 1660 4271 Historiam
1691 4213 1919 4269 Nic-zenae
1945 4229 2035 4285 sy-

475 4310 603 4364 nodi
638 4308 757 4364 l‘use
794 4310 1057 4373 narravit,
1098 4316 1153 4363 et
1202 4308 1358 4379 quasi
1406 4323 1502 4378 per
1544 4307 2033 4363 dissimulationem

476 4397 783 4469 ignorandi,
815 4399 943 4469 quia
990 4408 1261 4469 gestorum
1294 4396 1469 4469 pudor
1499 4398 1776 4453 silentium
1802 4399 2035 4469 impera-

2128 1917 2167 1966 Ι.
2198 1916 2441 1967 Eusebius
2456 1917 2751 1979 plerumque
2774 1931 2879 1975 sua,
2922 1930 3023 1967 non
3070 1915 3323 1976 Ecclesiae,
3361 1928 3503 1966 sensa
3532 1914 3694 1965 tradit.

2198 2019 2334 2074 Cum
2369 2020 2493 2089 quis
2529 2036 2595 2076 eo
2630 2020 2848 2076 devenit
2885 2029 2943 2075 ut
2974 2019 3096 2076 ﬁdei
3125 2020 3377 2090 dogmata
3412 2035 3475 2074 es
3504 2018 3695 2088 judicii

2128 2110 2213 2164 sui
2276 2110 2502 2165 arbitrio
2543 2109 2808 2175 deﬁniat,
2847 2127 2911 2166 ac
2946 2114 3061 2168 sive
3092 2128 3159 2167 ex
3194 2112 3540 2182 praeiudicata
3579 2114 3697 2182 opi-

2128 2201 2311 2267 nione,
2338 2203 2452 2259 sive
2478 2218 2543 2259 ex
2572 2203 2763 2259 aﬁ‘ectu
2795 2206 3137 2275 partiumque
3168 2205 3369 2273 studio,
3393 2204 3694 2259 divinarum

2130 2307 2311 2347 rerum
2349 2295 2763 2365 explicationem
2808 2296 3187 2366 aggrediatur,
3231 2297 3368 2351 nihil
3405 2298 3599 2350 mirum
3647 2298 3695 2351 si

2132 2384 2443 2455 frequenter
2489 2387 2703 2441 aberret
2746 2405 2758 2440 :
2799 2388 2977 2441 omnia
3032 2390 3230 2458 quippe
3286 2397 3412 2443 sunt
3466 2389 3692 2451 incerta,

2130 2492 2254 2531 cum
2310 2477 2475 2531 semel
2546 2478 2615 2533 ab
2668 2478 2921 2534 Ecclesia:
2982 2480 3199 2534 statutis
3240 2479 3540 2534 discessum
3588 2490 3691 2534 est.

2130 2567 2264 2625 Nam
2300 2583 2424 2624 cum
2457 2584 2657 2624 arcana
2688 2569 2914 2626 Deitatis
2946 2579 3000 2627 et
3037 2571 3335 2642 religionis,
3367 2572 3434 2627 ab
3459 2571 3695 2627 humano

2131 2678 2295 2717 sensu
2343 2663 2729 2725 remotissima,
2768 2662 2976 2718 Numen
3016 2664 3192 2734 ipsum
3236 2664 3537 2730 tradiderit,
3568 2679 3697 2719 non-

2138 2754 2244 2808 nisi
2301 2752 2544 2823 ejusdem
2605 2752 2852 2809 Numinis
2887 2770 2989 2825 ope
3040 2764 3094 2809 et
3129 2755 3313 2811 aﬁlatu
3364 2770 3427 2810 ea
3469 2764 3697 2827 possunt

2131 2844 2392 2913 explicari
2437 2859 2500 2898 ac
2538 2854 2684 2900 recte
2725 2846 2929 2915 percipi
2966 2862 2979 2896 :
3018 2860 3081 2900 ac
3136 2861 3260 2901 cum
3320 2846 3414 2900 uni
3442 2846 3696 2901 Ecclesia

2131 2935 2445 2989 earumdem
2493 2951 2673 2990 rerum
2724 2937 3009 2991 arbitrium
3041 2936 3184 2995 Deus
3220 2938 3557 3008 permiserit,
3592 2939 3695 3007 ipsi

2133 3026 2234 3082 soli
2274 3027 2461 3081 eadem
2490 3028 2801 3097 explananti
2834 3044 2894 3084 se
2936 3027 3253 3083 adfuturum
3292 3029 3567 3098 pollicitus
3591 3038 3695 3085 est.

2137 3114 2281 3171 Nihil
2323 3118 2505 3186 itaque
2548 3118 2791 3175 insolens
2815 3127 2921 3183 est,
2950 3120 2996 3176 si
3029 3119 3319 3187 Eusebius,
3346 3123 3437 3190 qui
3464 3123 3699 3191 plerum-

2140 3224 2243 3278 que
2270 3208 2674 3279 Scripturarnm
2710 3219 2765 3266 et
2794 3210 3053 3266 Ecclesia:
3079 3211 3331 3282 dogmata
3356 3229 3421 3267 ex
3455 3229 3618 3269 sensu
3645 3221 3700 3268 et

2138 3302 2393 3372 opinione
2425 3318 2523 3359 sua
2563 3303 2836 3359 aestimare
2869 3317 3038 3359 ausus
3068 3312 3172 3370 est,
3204 3304 3259 3357 in
3294 3304 3478 3360 multis
3514 3304 3700 3373 lapsus

2138 3395 2227 3451 sit.
2271 3394 2336 3450 Et
2378 3393 2486 3463 jam
2522 3395 2740 3465 quidem
2779 3395 2898 3464 ejus
2922 3394 3183 3452 deVerho
3213 3395 3307 3451 Dei
3344 3405 3601 3459 mentem,
3630 3411 3697 3450 ex

2136 3485 2381 3555 ejusdem
2428 3486 2649 3542 Eusebii
2698 3486 2955 3557 scriptis,
3016 3488 3217 3542 Ariana
3277 3487 3397 3541 labe
3450 3487 3697 3540 vitiatam

2138 3580 2723 3646 commonstravimus;
2761 3588 3011 3649 superest
3043 3588 3101 3635 ut
3128 3590 3327 3636 caetera
3355 3578 3701 3635 Commenta-

2137 3673 2342 3728 riorum
2376 3674 2515 3736 loca,
2552 3673 2641 3728 ubi
2672 3672 2757 3727 vel
2786 3672 3114 3727 heterodoxa
3147 3672 3231 3727 vel
3252 3680 3508 3743 suspecta
3534 3670 3702 3726 tradi-

2136 3765 2285 3821 disse
2312 3766 2547 3832 videtur,
2576 3764 2816 3820 breviter
2854 3763 3245 3833 expendamus.

2139 3872 2197 3923 ll.
2242 3872 2319 3922 An
2344 3877 2501 3935 neget
2538 3877 2793 3935 peccatum
2824 3872 3081 3935 originale.
3108 3933 3114 3935 _
3138 3872 3211 3919 An
3253 3872 3303 3919 id
3346 3872 3588 3933 dogmatis
3634 3884 3696 3919 ex

2672 3931 2889 3995 Oi'igene
2922 3933 3158 3980 hauserit.

2204 4037 2492 4094 Peccatum
2538 4038 2823 4108 originale,
2852 4037 2966 4092 sive
2986 4036 3200 4105 culpam
3241 4036 3309 4090 ab
3337 4036 3575 4091 humano
3608 4053 3699 4105 ge-

2135 4145 2265 4185 nere
2306 4145 2371 4188 ex
2404 4128 2595 4183 Adami
2632 4129 2786 4199 lapsu
2829 4136 3186 4191 contractam,
3236 4143 3436 4198 negare
3473 4143 3698 4198 prorsus

2134 4220 2349 4275 videtur
2398 4218 2668 4275 Eusebius
2735 4220 2803 4275 ad
2864 4220 3058 4289 psalm.
3106 4234 3298 4281 xcvm,
3359 4218 3438 4273 6:
3481 4218 3590 4273 Cur
3628 4220 3697 4271 ti-

2136 4309 2282 4363 mebo
2315 4310 2368 4362 in
2388 4307 2474 4362 die
2502 4308 2683 4363 mala?
2718 4306 2979 4379 Iniquitas
3013 4308 3247 4362 calcanei
3275 4309 3374 4362 mei
3400 4307 3699 4362 circumda-

2136 4401 2210 4454 bit
2254 4416 2332 4455 me
2369 4417 2387 4455 :
2434 4399 2523 4454 ubi
2571 4400 2651 4456 sic
2684 4400 2845 4455 habet
2876 4400 2976 4454 :Ei
3003 4398 3059 4451 δὲ
3090 4398 3375 4471 πρόσωπον
3406 4400 3609 4471 Κυρίου
3638 4399 3699 4451 τὸ

475 4489 590 4555 bat,
622 4505 693 4544 ne
720 4490 943 4545 verbum
974 4489 1191 4559 quidem
1233 4489 1360 4544 fecit
1392 4488 1459 4544 de
1489 4488 1620 4543 Ario
1654 4497 1707 4545 et
1738 4490 1805 4544 de
1831 4489 2033 4543 Ariana

2137 4492 2312 4560 λέγον,
2346 4491 2581 4563 πτέρναν
2614 4492 2777 4546 αὑτοῦ
2812 4491 2978 4564 εὕρῃς
3002 4491 3094 4546 τὸν
3128 4492 3349 4562 ἔσχατον
3377 4490 3472 4545 τοῦ
3510 4490 3697 4561 σώμα-

477 4580 670 4637 Ιιαειιεεί
704 4599 718 4636 :
743 4580 888 4652 quod
920 4579 1145 4651 perinde
1169 4589 1253 4636 est
1281 4594 1345 4634 ac
1374 4579 1419 4635 si
1443 4580 1567 4650 quis
1586 4577 1914 4634 Tridentinus
1946 4594 2037 4649 sy-

478 4672 607 4727 nodi
641 4672 928 4727 bistoriam
968 4679 1177 4735 texens,
1211 4671 1279 4727 de
1306 4671 1629 4741 quibusdam
1662 4674 1725 4725 ὲκ
1758 4671 2036 4741 παρέργου

476 4763 643 4834 gestis
670 4770 871 4832 ageret,
902 4762 970 4819 de
998 4761 1236 4819 Luthero
1265 4762 1419 4818 nihil.
1469 4762 1525 4817 Si
1568 4778 1691 4818 cum
1724 4761 1922 4817 talibus
1945 4777 2039 4832 ge-

478 4853 736 4909 stis'talia
764 4854 964 4923 scripta
987 4868 1094 4909 non
1122 4854 1307 4910 obsint
1338 4854 1629 4924 quominus
1655 4852 1921 4908 Eusebius
1946 4866 2038 4906 ca-

478 4946 717 5002 tholicus
757 4946 972 5001 dicatur
1006 4962 1128 5002 meo
1171 4947 1434 5018 periculo,
1477 4960 1637 5002 nemo
1669 4960 1906 5015 unquam
1937 4942 2039 4998 fuit

478 5045 574 5091 aut
606 5036 820 5091 futurus
855 5047 959 5100 est,
1003 5036 1132 5107 quin
1164 5036 1486 5093 Eusebianis
1515 5034 1918 5091 conditionibus
1947 5048 2039 5086 or-

477 5126 752 5183 thodoxus
780 5127 889 5183 dici
914 5129 1109 5184 valeat.
1138 5128 1282 5183 Nihil
1305 5144 1488 5182 moror
1506 5143 1601 5183 eos
1626 5127 1721 5195 qui
1746 5125 2035 5179 Eusebium

477 5226 604 5275 ante
632 5218 902 5275 Nicaanam
938 5220 1158 5291 quidem
1191 5220 1457 5291 synodum
1498 5217 1751 5272 Arianice
1797 5216 2039 5272 sensisse

477 5324 543 5364 ac
568 5312 855 5380 scripsisse
888 5311 1149 5377 fatentur,
1175 5321 1363 5381 postea
1385 5325 1512 5367 vero
1532 5324 1692 5366 secus
1719 5328 1735 5363 :
1767 5324 1891 5364 nam
1912 5324 2038 5363 cum

479 5402 598 5457 sine
622 5406 996 5461 controversia
1026 5406 1127 5460 hos
1160 5402 1596 5460 Commentarios
1628 5410 1681 5457 et
1709 5402 1879 5456 libros
1900 5401 2040 5456 Con-

480 5501 564 5547 tra
595 5491 925 5560 Marcellum,
952 5496 1097 5551 unde
1120 5495 1440 5565 perspicuas
1467 5503 1521 5547 et
1545 5492 1854 5561 frequentes
1883 5494 2040 5548 Aria-

476 5586 638 5641 nismi
691 5595 850 5644 notas
902 5588 1169 5651 eruimus,
1218 5586 1375 5655 longe
1420 5592 1544 5655 post
1582 5584 1725 5637 illam
1770 5586 2037 5655 synodum

476 5676 727 5742 ediderit,
778 5678 990 5733 inutilis
1042 5692 1266 5744 prorsus
1305 5676 1396 5729 illa
1443 5674 1721 5731 distinctio
1769 5694 1782 5731 :
1820 5692 1943 5731 nam
1980 5687 2039 5731 ut

477 5779 602 5819 vere
627 5765 695 5820 de
718 5765 951 5827 Eusebio
973 5764 1205 5830 dicatur,
1240 5779 1339 5820 nec
1369 5764 1622 5835 ptenituit
1656 5768 1909 5838 cmpisse,
1936 5783 2035 5825 nec

2137 4601 2226 4647 τος
2288 4584 2380 4637 καὶ
2426 4586 2491 4654 τῇ
2534 4586 2603 4655 γῇ
2658 4584 3018 4655 πλησιάζοντα
3084 4584 3316 4639 Ἰούδαν·
3384 4581 3540 4653 σῶμα
3593 4582 3700 4652 γὰρ

2137 4674 2342 4744 Κυρίου
2384 4675 2433 4728 οἱ
2473 4676 2781 4730 ἀπόστολοι.
2828 4676 2903 4729 Οὐ
2948 4674 3219 4745 φοϐοῦμαι
3269 4669 3361 4726 οὗν
3397 4672 3493 4743 τὴν
3534 4668 3702 4723 Ἰούδα

2139 4765 2423 4835 προδοσίαν
2471 4767 2529 4818 ὲν
2580 4764 2657 4836 τῷ
2711 4764 2884 4838 καιρῷ
2938 4762 3031 4818 τοῦ
3086 4760 3355 4833 σταυροῦ·
3392 4758 3512 4811 ἐπεὶ
3566 4756 3701 4827 μηδὲ

2138 4853 2362 4917 ἕκαστος
2391 4854 2490 4925 τὴν
2517 4852 2608 4906 τοῦ
2642 4853 2810 4923 Ἀδὰμ
2833 4852 3140 4923 παρακοήν·
3177 4850 3380 4918 ταύτην
3428 4845 3536 4915 γὰρ
3596 4844 3701 4896 ὑπ-

2138 4943 2433 5016 ῃνιξάμεθα
2461 4944 2693 5015 πτέρναν
2723 4942 2947 5013 ἀνομίας
2982 4935 3141 4993 εἶναι.
3174 4939 3358 5001 Οὐδεὶς
3384 4938 3490 5005 γὰρ
3518 4936 3583 4989 δι’
3610 4935 3703 4989 ἄλ-

2139 5036 2228 5090 λου
2260 5036 2455 5090 κακίαν
2487 5036 2924 5098 καταδικάζεται,
2942 5034 2997 5087 id
3023 5041 3106 5088 est
3128 5049 3139 5083 :
3162 5032 3221 5086 Si
3245 5047 3467 5101 persona
3488 5028 3701 5083 Domini

2139 5139 2215 5184 est
2246 5147 2360 5200 qua:
2402 5131 2651 5201 loquitur,
2712 5129 3019 5182 calcaneum
3050 5126 3163 5194 ejus
3196 5123 3550 5193 deprehendas
3591 5137 3702 5175 esse

2139 5222 2356 5286 ludam,
2389 5224 2477 5291 qui
2506 5222 2723 5275 ultimus
2754 5220 2807 5272 in
2840 5234 3073 5286 corpore,
3103 5228 3151 5270 et
3186 5226 3338 5269 terrm
3366 5213 3704 5283 propinquior

2139 5324 2271 5371 erat.
2294 5313 2435 5367 Nam
2466 5328 2650 5380 corpus
2673 5310 2885 5366 Domini
2931 5318 3051 5363 sunt
3084 5307 3327 5377 apostoli.
3393 5303 3516 5358 Non
3550 5305 3701 5357 timeo

2140 5408 2314 5477 itaque
2331 5404 2488 5459 Iuda:
2518 5403 2861 5474 proditionem
2897 5403 2953 5455 in
2985 5414 3209 5471 tempore
3232 5398 3401 5453 crucis
3426 5414 3445 5451 .'
3466 5395 3704 5466 quando-

2138 5496 2343 5567 quidem
2371 5511 2529 5565 neque
2560 5494 2754 5564 singuli
2776 5492 3007 5547 homines
3032 5491 3226 5547 Adami
3260 5486 3703 5556 inobsequentiam

2140 5589 2319 5641 timere
2364 5586 2549 5641 debent
2586 5605 2603 5643 :
2636 5586 2773 5640 hanc
2816 5586 3003 5655 quippe
3057 5583 3362 5637 calcaneum
3406 5577 3703 5648 iniquitatis

2138 5695 2248 5733 esse
2288 5676 2759 5732 subindicavimus.
2829 5675 2996 5731 Nemo
3045 5676 3184 5729 enim
3226 5685 3435 5739 propter
3486 5669 3703 5722 alterius

2140 5770 2423 5842 nequitiam
2465 5769 2862 5825 condemnatur.
2899 5766 3001 5823 Ubi
3037 5765 3213 5819 innuit
3246 5762 3357 5829 ille,
3392 5776 3500 5817 non
3531 5757 3703 5829 magis
