4086 6534
402 399 471 456 49
1190 410 1689 469 COMMENTARIA
1726 414 1790 471 IN
1831 408 2164 473 PSALMOS.
2198 420 2826 489 -ΡΒΑΞῌΜΙΝΑΒΙΑ,
3561 446 3630 505 iit}

399 516 763 573 damnandum
791 534 963 591 genus
994 522 1290 580 humanum
1312 542 1435 583 esse
1474 528 1543 583 ob
1572 528 1764 584 Adami
1810 530 1963 586 inoh-
1992 532 2035 588 Α
2064 545 2159 596 pro
2194 535 2309 590 istis
2341 542 2681 611 accipiamus,
2718 563 2919 602 necesse
2951 561 3027 604 est
3060 568 3152 606 nos
3181 564 3419 609 sanctam
3461 558 3632 631 Virgi-

402 605 733 631 --__---_.:.,-__-
814 627 961 631 ..η-,η
1013 626 1097 631 _,--
1409 626 1418 631 -
1464 619 1477 631 ι
1610 621 1622 631 .
1670 620 1686 631 -
1746 622 1761 631 ι
2288 630 2313 631 η

400 605 761 680 εθαυθιηίῖληι,
807 627 971 681 quatn
1004 626 1227 671 caeteros
1268 619 1545 687 apostolos
1574 620 1811 676 obluda:
1846 638 1970 692 pro-

396 700 676 756 ditionem.
724 701 829 767 Qui
872 702 1157 773 Origenem
1199 706 1267 761 de
1314 717 1537 776 peccato
1573 710 1822 782 originali
1862 728 1967 767 non

396 792 665 848 catholice
703 794 944 850 sensisse
972 804 1182 864 putant,
1214 796 1507 853 Eusebium
1551 818 1615 858 ex
1639 800 1967 871 Origeniana

393 882 703 954 disciplina,
738 885 793 938 in
834 902 941 955 qua
977 887 1208 945 eductus
1263 888 1389 956 fuit,
1425 892 1539 947 haec
1568 893 1819 963 hausisse
1848 897 1966 967 opi-

393 973 691 1028 nabantur.
736 973 869 1028 Nam
916 975 998 1040 is,
1042 983 1102 1031 ut
1143 978 1357 1047 ignorat
1404 996 1585 1046 nemo,
1618 981 1963 1053 Origenianis

391 1077 607 1133 semper
634 1067 876 1134 partibus
900 1067 1073 1123 haesit.
1094 1066 1295 1123 Verum
1324 1069 1380 1124 in
1411 1071 1687 1130 hodiernis
1714 1072 1961 1145 Origenis

392 1154 612 1223 scriptis
642 1157 773 1210 nihil
802 1172 909 1212 non
943 1173 1134 1213 sanum
1165 1168 1218 1215 et
1238 1162 1600 1218 orthodoxam
1637 1166 1705 1220 de
1736 1177 1958 1237 peccato

389 1240 637 1310 originali
688 1244 938 1300 traditur.
1006 1245 1097 1301 Sic
1153 1246 1443 1306 Comment.
1510 1254 1564 1307 in
1620 1253 1952 1323 Matuta-um,

388 1330 550 1386 ﬂuet.
590 1349 641 1403 p.
674 1334 799 1400 59l,
830 1339 1007 1409 arguit
1035 1339 1124 1395 ille
1153 1356 1217 1395 ex
1256 1343 1476 1397 lavacro
1510 1350 1951 1416 regenerationis,

390 1425 532 1495 quod
561 1428 721 1482 etiam
751 1430 1051 1487 infantibus
1088 1434 1491 1499 conferebatur,
1526 1438 1797 1496 hominem
1832 1458 1952 1498 sor-

386 1518 547 1573 dibus
598 1519 941 1591 inquinatum
992 1526 1166 1580 nasci.
1241 1526 1307 1581 Et
1358 1529 1412 1582 in
1457 1528 1737 1599 Joannem,
1790 1533 1977 1591 Huet..

362 1626 437 1679 .p.
486 1611 612 1675 500,
675 1613 771 1677 ait,
813 1612 929 1668 Nos
981 1615 1217 1685 quandiu
1274 1632 1549 1686 peccamus
1604 1632 1841 1678 nostram
1886 1642 1951 1679 em

375 1702 587 1758 diabolo
614 1707 997 1777 generationem
1048 1709 1279 1763 nondum
1310 1714 1517 1767 exuisse
1544 1732 1605 1768 ac
1627 1717 1943 1784 deposuisse.

380 1792 542 1845 Ὅσον
596 1794 854 1865 ποιοῦμεν
888 1798 1192 1867 ἁμαρτίας,
1237 1799 1447 1853 οὐδέπω
1483 1803 1580 1872 τὴν
1613 1804 1677 1857 ἐκ
1708 1806 1802 1859 τοῦ
1834 1807 1947 1862 δια-

380 1881 534 1935 ϐόλου
585 1885 796 1953 γένεσιν
846 1888 1289 1957 ἁπεκδυσὰμεθα.
1329 1889 1394 1943 In
1452 1891 1678 1949 Leuitico
1737 1906 1940 1962 autem,

376 1975 507 2029 edit.
538 1975 853 2033 Genebrard
899 1996 953 2048 p.
985 1981 1053 2034 90
1080 2000 1092 2034 :
1133 1980 1467 2053 Qua’cunque
1497 1987 1676 2040 anima
1706 1990 1759 2043 in
1789 2008 1946 2047 carne

376 2068 639 2131 nascitur,
686 2070 986 2139 iniquitatis
1027 2082 1078 2125 et
1115 2076 1317 2141 peccati
1352 2077 1505 2132 sorde
1548 2082 1843 2148 polluitur;
1890 2094 1943 2140 et

375 2154 609 2211 inferius
635 2178 648 2213 :
677 2156 736 2211 Si
766 2158 899 2212 nihil
938 2169 1069 2215 esset
1090 2164 1144 2216 in
1184 2168 1416 2231 parvulis
1436 2207 1450 2232 ,
1483 2170 1623 2239 quod
1652 2171 1722 2223 ad
1756 2176 1940 2228 remis-

369 2247 569 2300 sionem
601 2247 806 2303 deberet
842 2261 892 2304 et
924 2252 1301 2323 indulgentiam
1327 2261 1605 2326 pertinere,
1639 2266 1815 2333 gratia
1844 2266 1938 2320 ba-

366 2336 548 2401 ptismi
594 2340 861 2406 superﬂua
912 2341 1191 2397 videretur.
1248 2344 1357 2401 Nec
1391 2352 1931 2422 prmtermittendum,

364 2426 480 2480 haec
512 2425 906 2483 Commentaria
950 2432 1005 2485 in
1038 2432 1325 2489 Leviticum
1370 2453 1470 2507 pro
1502 2441 1709 2509 spuriis
1729 2444 1931 2513 passim

362 2517 570 2573 haberi.
638 2519 879 2590 ldipsum
932 2529 1115 2579 tamen
1165 2527 1292 2581 alibi
1341 2529 1500 2584 docet
1565 2531 1828 2604 Origenes
1876 2538 1931 2591 in

368 2608 506 2672 suis,
555 2624 674 2678 quae
722 2610 992 2681 hodieque
1048 2625 1383 2684 supersunt,
1451 2623 1708 2692 operibus
1744 2645 1757 2680 :
1790 2627 1931 2683 unde

359 2694 625 2750 inferatur
661 2712 758 2753 eos
791 2700 885 2769 qui
934 2700 1220 2771 Origenem
1276 2706 1379 2760 hac
1427 2709 1483 2764 in
1522 2720 1676 2780 parte
1720 2715 1931 2772 violata:

359 2786 484 2841 ﬁdei
529 2799 822 2853 accusant,
857 2807 923 2847 ex
956 2794 1186 2865 objectis
1230 2798 1536 2867 priscorum
1579 2804 1699 2874 ejus
1734 2807 1929 2863 adver-

357 2877 649 2945 sariorum,
695 2895 809 2937 non
838 2898 904 2938 ex
940 2885 1061 2955 ejus
1090 2886 1369 2948 hodiernis
1406 2895 1685 2962 operibus,
1725 2899 1776 2953 id
1811 2901 1924 2969 opi-

356 2967 539 3023 nionis
565 2979 840 3028 mutuatos
890 2990 1032 3031 esse.
1067 2975 1133 3031 Et
1156 2994 1288 3036 sane
1332 2982 1388 3036 in
1418 2986 1627 3055 synodo
1651 3004 1705 3054 v,
1737 2987 1927 3063 Orige-

355 3073 453 3113 nes
484 3060 604 3114 ideo
634 3063 923 3121 damnatus
966 3075 1021 3122 et
1051 3071 1392 3142 proscriptus
1435 3084 1519 3131 est
1548 3097 1561 3133 :
1596 3081 1740 3136 unde
1785 3060 1946 3140 forte.

353 3149 569 3205 dicatur
598 3169 720 3225 quae
758 3157 811 3210 in
847 3157 1123 3216 hodiernis
1170 3163 1290 3233 ejus
1318 3166 1538 3237 scriptis
1572 3186 1670 3241 pro
1696 3183 1922 3242 peccato

352 3243 603 3314 originali
648 3259 983 3317 comparent,
1030 3253 1207 3308 aliena
1267 3272 1432 3313 manu
1480 3262 1691 3317 invecta
1727 3264 1915 3323 fuisse.

352 3328 487 3385 Nam
521 3348 685 3403 opera
710 3335 963 3409 Origenis
999 3339 1054 3394 in
1084 3339 1421 3414 Scripturam
1445 3352 1662 3413 ,variis
1696 3354 1750 3407 in
1781 3356 1929 3412 locis.

350 3423 698 3497 interpolata,
729 3441 823 3486 aut
863 3432 1051 3487 vitiata
1082 3436 1167 3490 vel
1211 3446 1469 3495 truncata
1499 3441 1648 3500 fuere
1686 3462 1697 3496 :
1739 3463 1916 3518 neque

348 3514 403 3569 in
426 3530 675 3589 promptu
708 3531 791 3578 est
818 3526 998 3582 dicere
1023 3544 1270 3599 quaenam
1310 3532 1361 3585 in
1394 3534 1614 3604 scriptis
1642 3538 1761 3607 ejus
1791 3556 1914 3595 cor—

347 3615 525 3676 rupta,
567 3626 813 3679 quanam
864 3632 1151 3686 germana,
1193 3622 1642 3683 etGrazculorum
1684 3632 1912 3691 ausibus

350 3699 556 3753 intacta
596 3712 746 3758 sunt.
784 3705 966 3761 Ruﬁni
1001 3725 1216 3782 quoque
1243 3716 1421 3770 versio
1449 3719 1610 3790 vulgo
1658 3732 1911 3792 suspecta

345 3789 600 3848 habetur.
652 3794 809 3861 Quod
838 3796 1134 3857 Eusebium
1180 3821 1313 3860 vero
1357 3789 1593 3879 spectat,
1630 3789 1911 3870 duovforte

340 3886 549 3950 possint
576 3885 642 3940 ad
668 3890 1046 3959 purgationem
1078 3894 1198 3964 ejus
1226 3897 1486 3968 proferri;
1517 3902 1692 3971 primo
1726 3904 1907 3959 locum

340 3968 592 4035 superius
641 3974 895 4042 allatum,
954 3995 1063 4034 non
1113 3982 1424 4055 integrum,
1461 3991 1556 4045 sed
1592 3999 1910 4049 truncatum

338 4057 509 4115 fuisse
543 4078 555 4112 :
592 4072 650 4117 ut
689 4066 816 4122 hinc
855 4071 1145 4128 manifeste
1189 4080 1460 4149 arguitur,
1507 4085 1654 4153 quod
1702 4086 1818 4154 ipse
1846 4104 1907 4143 se

337 4153 589 4221 superius
637 4156 911 4216 indicasse
949 4164 1293 4233 testificetur,
1334 4171 1649 4229 calcaneum
1699 4176 1902 4249 iniqui—

334 4246 461 4299 tatis
508 4262 631 4302 esse
669 4250 863 4305 Adami
890 4253 1396 4330 inobsequentiam,
1432 4268 1577 4335 quod
1628 4246 1897 4341 nusquam

334 4336 468 4391 alias
504 4337 559 4391 in
593 4339 677 4395 his
709 4348 1116 4404 commentariis
1149 4351 1419 4423 habetur;
1469 4360 1711 4416 secundo
1750 4365 1895 4432 quod

332 4430 459 4483 alibi
508 4433 564 4486 in
604 4434 688 4489 his
720 4441 1128 4498 commentariis
1172 4456 1458 4513 peccatum
1500 4452 1764 4523 originale
1793 4458 1891 4511 ad-

2072 640 2187 677 nem
2219 630 2535 701 reliquorum
2571 636 2803 703 fratrum
2832 641 2944 707 ejus
2970 652 3188 698 matrem
3211 645 3400 703 dicere.
3441 649 3628 705 Verum

2067 712 2298 773 Iacobus
2318 760 2331 784 ,
2360 724 2450 792 qui
2480 725 2675 781 dicitur
2706 729 2875 798 frater
2896 732 3128 797 Domini,
3172 752 3274 791 non
3307 738 3509 793 videtur
3538 757 3629 811 pe-

2066 810 2306 877 regrinus
2338 814 2437 881 ipsi
2465 817 2661 884 fuisse,
2713 838 2805 877 nec
2834 824 2959 892 ﬁdei
3011 825 3064 879 in
3099 828 3269 895 ipsum
3308 840 3625 901 extraneas;

2065 902 2169 956 imo
2213 919 2337 959 vero
2363 922 2497 961 unus
2548 922 2665 964 erat
2707 928 2772 966 ea:
2818 915 2921 983 iis,
2978 918 3067 986 qui
3111 935 3230 973 eum
3269 922 3454 990 primis
3492 928 3626 982 inter

2061 1010 2335 1063 germanos
2364 998 2475 1067 ejus
2506 1000 2790 1064 discipulos
2820 1009 3302 1078 eomputabantur;
3321 1014 3397 1070 ita
3429 1027 3485 1071 ut
3519 1021 3626 1088 ipse

2060 1085 2260 1152 primus
2281 1084 2742 1159 Jerosolymitana:
2771 1094 3022 1152 Ecclesiw
3070 1099 3314 1157 thronum
3344 1084 3618 1176 acciperet.

2060 1172 2264 1244 Reliqui
2292 1177 2413 1231 item
2444 1180 2557 1248 ejus
2586 1182 2802 1252 fratres,
2832 1189 2930 1241 etsi
2959 1206 2992 1242 a
3020 1192 3277 1261 principio
3308 1213 3411 1250 non
3440 1199 3619 1255 crede-

2058 1274 2172 1318 rent
2209 1268 2262 1319 in
2298 1270 2507 1338 ipsum;
2535 1282 2590 1326 at
2625 1284 2822 1330 certum
2855 1289 2932 1333 est
2969 1297 3055 1335 eos
3096 1293 3275 1351 postea
3308 1288 3615 1361 ‘credidisse.

2059 1354 2264 1412 Narrat
2292 1362 2430 1414 enim
2459 1362 2800 1436 Evangelium
2821 1370 3030 1441 (Matth.
3069 1390 3169 1436 xu,
3202 1354 3540 1435 47I‘matrem
3569 1392 3617 1437 et

2053 1446 2246 1515 fratres
2282 1452 2395 1521 ejus
2424 1454 2572 1524 foras
2613 1461 2840 1524 stetisse,
2881 1476 3171 1532 qua'rentes
3220 1486 3339 1523 eum
3392 1473 3612 1545 alloqui.

2054 1538 2121 1593 Et
2150 1543 2201 1597 in
2225 1545 2443 1601 Actibus
2470 1552 2829 1617 apostolorum
2870 1554 3069 1610 dicitur
3091 1598 3106 1623 ,
3141 1559 3306 1628 fuisse
3350 1569 3613 1633 apostolos

2051 1647 2156 1687 una
2182 1650 2566 1704 perseverantes
2600 1644 2653 1696 in
2683 1646 2931 1702 oratione
2951 1665 3067 1702 cum
3092 1649 3269 1706 Maria
3299 1666 3467 1711 matre
3500 1661 3614 1728 ejus

2048 1733 2097 1775 et
2142 1725 2401 1793 fratribus
2446 1732 2560 1800 ejus
2598 1734 2739 1804 (Act.
2778 1753 2816 1802 I,
2846 1738 2951 1809 l4).
2991 1740 3094 1807 Qui
3128 1759 3249 1814 ergo
3282 1725 3613 1804 existimetur

2049 1815 2114 1868 iis
2144 1821 2445 1889 peregrinus
2473 1828 2622 1881 esse?
2658 1825 2855 1883 Nullus
2888 1833 3061 1904 itaque
3095 1836 3239 1891 locus
3275 1853 3526 1908 superest,
3554 1852 3611 1896 ul

2045 1902 2109 1956 de
2154 1905 2220 1959 iis
2264 1907 2475 1963 dicatur
2517 1927 2535 1965 :
2581 1932 2598 1963 ι
2631 1913 2932 1974 Extraneus
2977 1902 3150 1991 factus
3194 1942 3311 1980 sum
3338 1902 3607 1998 'fratribus

2046 1997 2195 2061 meis,
2217 2007 2267 2050 et
2287 2004 2592 2072 peregrinus
2616 2007 2744 2075 ﬁliis
2785 2012 2971 2066 matris
2996 2031 3143 2071 meae.
3180 2037 3197 2069 ι
3236 2018 3359 2073 Non
3379 2022 3515 2076 enim
3541 2025 3606 2079 iis

2040 2092 2375 2159 peregrinus.
2406 2097 2497 2148 sed
2531 2098 2755 2153 multum
2784 2104 3044 2169 pretiosus
3080 2118 3222 2174 erat;
3274 2113 3349 2166 ita
3385 2124 3443 2167 ut
3478 2116 3602 2168 nul-

2042 2180 2246 2236 latenus
2281 2184 2489 2241 credere
2526 2189 2680 2243 liceat
2718 2208 2880 2262 supra
2912 2210 3229 2255 memoratos
3265 2203 3457 2273 fratres
3489 2209 3602 2277 ejus

2036 2273 2179 2341 ﬁlios
2201 2275 2393 2332 Maria:
2417 2280 2600 2348 fuisse.
2649 2285 2763 2339 Alii
2792 2302 2919 2342 sane
2957 2290 3154 2359 fuerint
3186 2296 3276 2364 qui
3314 2297 3369 2351 in
3396 2273 3602 2368 psalmo

2033 2366 2139 2434 ﬁlii
2171 2371 2357 2425 matris
2383 2374 2495 2440 ejus
2520 2373 2785 2443 dicuntur,
2808 2380 3095 2453 quibusque
3122 2366 3405 2443 extraneus
3425 2391 3599 2459 factus

2032 2467 2131 2514 est.
2179 2460 2459 2533 Intelligas
2504 2483 2661 2535 porro
2698 2481 2918 2527 matrem
2952 2476 3159 2544 quidem
3186 2467 3299 2548 Ejus
3346 2499 3457 2537 esse
3495 2482 3599 2537 Ju-

2031 2549 2269 2607 dazorum
2313 2554 2668 2629 Synagogam,
2704 2572 2809 2620 etc.
2868 2565 3054 2622 (ἐι-ποθ
3099 2570 3384 2630 brevitatis
3429 2590 3595 2632 causa

2030 2642 2355 2712 omittimus,
2388 2650 2516 2717 quia
2539 2653 2688 2705 nulla
2715 2654 2783 2709 de
2812 2654 2891 2712 iis
2910 2666 3092 2727 potest
3121 2662 3257 2717 oriri
3287 2673 3596 2723 controver-

2030 2731 2131 2786 sia.
2162 2732 2261 2790 ilic
2291 2746 2493 2803 autem.
2532 2750 2592 2796 ut
2630 2742 2812 2799 videre
2839 2756 2945 2813 est,
2981 2765 3095 2804 rem
3136 2753 3592 2825 προϐληματικῶς

2030 2830 2240 2880 tantum
2274 2833 2562 2899 preponit,
2605 2850 2706 2889 nec
2736 2851 2855 2891 eam
2897 2841 3045 2895 velut
3075 2858 3227 2898 suam
3259 2849 3590 2903 sententian.

2029 2914 2202 2973 aﬁ‘ert.
2245 2917 2380 2975 Nam
2422 2923 2496 2976 ita
2534 2925 2713 2995 arguit
2763 2928 2853 2983 ille
2894 2946 2909 2983 :
2957 2930 3014 2985 Si
3048 2932 3188 2989 ﬁlios
3239 2939 3431 2995 matris
3468 2940 3588 3008 ejus

2027 3006 2117 3062 hic
2145 3009 2212 3063 ad
2242 3010 2478 3066 litteram
2513 3018 2869 3086 accipiamus,
2910 3021 3039 3077 hinc
3071 3028 3427 3097 consequitur
3459 3006 3586 3085 san~

2026 3104 2170 3151 ctam
2203 3097 2479 3169 Virginem
2512 3103 2849 3175 reliquorum
2884 3108 3115 3166 fratrum
3147 3115 3267 3184 ejus
3311 3132 3434 3174 esse
3469 3136 3584 3175 ma-

1945 3214 1992 3275 α
2025 3191 2193 3251 trem;
2228 3203 2352 3242 eum
2394 3197 2573 3245 autem
2615 3194 2754 3247 nolit
2785 3195 2874 3251 hic
2904 3213 3195 3268 germanos
3236 3202 3435 3262 fratres
3461 3209 3584 3275 eius

2020 3274 2353 3344 signiﬁcari,
2402 3295 2580 3351 neque
2628 3285 2903 3353 sequelam
2935 3287 3080 3344 haud
3119 3292 3281 3351 dubie
3327 3274 3580 3352 admittit.

2016 3361 2093 3417 Et
2107 3381 2238 3421 sane
2266 3383 2379 3421 non
2404 3371 2680 3428 nesciebat
2707 3376 2795 3431 ille
2816 3386 3055 3434 veterum
3082 3381 3339 3447 Ecclesiae
3360 3386 3578 3443 Patrum

2013 3471 2131 3514 eam
2181 3462 2506 3517 sententiam
2540 3463 2731 3533 fuisse,
2758 3467 2986 3525 Mariam
3028 3475 3189 3532 unius
3214 3477 3418 3535 Christi
3457 3498 3580 3538 esse

2011 3555 2273 3616 matrem,
2307 3551 2660 3623 Tertulliani,
2700 3558 2995 3618 Clementis
3028 3564 3413 3637 Alexandrini,
3451 3572 3576 3627 Ori-

2009 3641 2161 3711 genis
2187 3660 2200 3695 :
2227 3646 2319 3714 qui
2349 3653 2530 3702 tamen
2560 3660 2868 3719 postremus
2897 3656 3075 3712 innuit
3107 3664 3399 3720 nonnullos
3419 3682 3576 3724 secus

2009 3734 2303 3799 aestimare,
2359 3745 2413 3791 et
2442 3738 2680 3795 Eusebio
2726 3758 2930 3814 suppar
2968 3748 3202 3807 Basilius
3248 3769 3362 3809 rem
3416 3758 3574 3826 quasi

2009 3822 2252 3877 nandum
2292 3826 2569 3883 defmitam
2608 3837 2883 3903 proponit.
2920 3837 3118 3894 Verum
3144 3841 3387 3901 Ecclesia
3419 3822 3569 3904 dein.

2009 3926 2135 3982 ceps
2188 3912 2242 3967 in
2286 3914 2592 3973 Helvidium
2634 3926 2963 3982 sententiam
3006 3929 3247 3999 ferente,
3307 3946 3573 4009 quotquot

2007 4001 2065 4057 Β.
2100 4004 2370 4075 Virginem
2405 4008 2542 4066 alios
2573 4023 2767 4083 praeter
2789 4014 3064 4075 Christum
3094 4024 3235 4082 tilias
3262 4001 3571 4102 suscepisse

2005 4095 2281 4162 dixerunt,
2314 4115 2413 4169 pro
2443 4100 2792 4163 heterodoxis
2816 4110 2987 4168 habiti
3020 4124 3171 4172 sunt.

2244 4235 2299 4285 V.
2325 4237 2432 4287 Non
2454 4240 2626 4292 statuit
2646 4243 2767 4294 duas
2786 4247 2836 4295 in
2858 4248 3053 4300 Christo
3074 4265 3325 4315 personas.

2067 4359 2279 4417 Passim
2310 4363 2580 4423 Eusebius
2616 4370 2671 4425 in
2701 4371 2787 4428 his
2829 4382 3235 4437 commentariis
3261 4381 3329 4438 de
3368 4383 3565 4439 huma-

1999 4452 2169 4509 nitate
2192 4453 2429 4524 Christi,
2466 4462 2626 4530 quasi
2665 4462 2731 4519 de
2768 4481 3004 4535 persona
3052 4472 3286 4541 quadam
3322 4478 3561 4547 propria,

2416 4522 2423 4524 τ
2483 4522 2499 4530 -
2768 4522 2787 4535 ι
3059 4522 3286 4541 ·ι“-“ν-“---
3322 4522 3561 4547 τ’*ιπηη

330 4522 547 4576 mittere
584 4524 870 4581 videatur:
910 4528 991 4584 sic
1024 4530 1082 4585 in
1112 4533 1226 4589 haec
1249 4539 1415 4593 verba
1444 4543 1640 4611 psalmi
1669 4560 1722 4610 ι,
1762 4546 1891 4603 Ecce
1922 4547 1968 4604 ι)
1998 4542 2161 4597 verba
2203 4544 2382 4603 facere
2426 4549 2661 4619 videtur.
2717 4555 2844 4610 dum
2892 4563 3198 4618 sexcenties
3244 4563 3561 4632 humanam.

326 4613 463 4664 enim
494 4615 547 4666 in
576 4615 943 4685 iniquitatibus
965 4636 1239 4695 conceptus
1256 4646 1392 4695 sum,
1423 4635 1496 4687 ait
1524 4635 1757 4693 infantes
1783 4654 1891 4695 non

326 4705 379 4759 in
408 4709 597 4765 matris
626 4710 1027 4784 iniquitatibus,
1059 4720 1154 4774 sed
1188 4722 1241 4774 in
1271 4725 1410 4788 suis,
1434 4728 1607 4782 nasci.

325 4838 407 4918 lli.
436 4842 508 4918 {in
532 4848 675 4904 putet
821 4848 1074 4918 Virginem
1117 4852 1238 4918 alios
1261 4864 1444 4918 pra-ter
1478 4861 1720 4912 Christum
1765 4867 1911 4917 ﬁlios.

384 4902 624 4977 habuisse.
656 4908 848 4984 --‘lV-.'_
865 4902 1042 4962 Idvnon
1066 4902 1378 4979 quasisdam,
1404 4922 1492 4969 sed
1520 4928 1655 4984 quasi
1678 4927 1888 4978 alienam

382 4969 672 5017 sententiam
689 4974 871 5021 attulit.

393 5066 486 5123 Est
516 5071 653 5127 alius
684 5073 901 5131 Eusebii
936 5078 1111 5145 locus,
1148 5080 1203 5134 in
1234 5098 1345 5152 quo
1381 5085 1557 5155 prima
1597 5087 1776 5147 fronte
1804 5094 1884 5147 vi-

318 5158 510 5214 deatur
538 5164 781 5229 credere,
815 5177 907 5221 aut
933 5171 1212 5239 probabile
1244 5176 1559 5233 existimare
1588 5179 1646 5233 Β.
1682 5180 1742 5233 γ.
1767 5182 1881 5237 Ma-

316 5252 452 5305 riam
493 5254 627 5310 alios
664 5266 858 5325 prmter
883 5261 1161 5320 Christum
1206 5266 1346 5323 ﬁlios
1390 5271 1743 5340 suscepisse;
1792 5290 1881 5329 ve-

316 5356 438 5394 rum
483 5346 795 5400 accuratius
838 5350 1119 5418 explorata
1163 5355 1458 5410 verborum
1500 5358 1643 5412 serie
1685 5359 1879 5427 depre-

315 5434 572 5489 henditur
597 5437 747 5492 illum
776 5440 917 5494 hanc
946 5444 1270 5499 sententiam
1292 5447 1449 5517 quasi
1478 5449 1733 5514 alienam,
1767 5468 1875 5506 non

311 5540 438 5579 vero
477 5543 661 5593 suam,
707 5546 1030 5601 proponere.
1077 5534 1253 5593 Locus
1298 5540 1378 5594 sic
1411 5540 1572 5596 habet
1613 5542 1703 5595 ad.
1733 5544 1875 5600 hunc

308 5617 445 5686 psal.
502 5635 669 5673 LXVIII
710 5639 927 5677 versum
964 5644 975 5679 :
1016 5645 1033 5677 ‹
1059 5625 1359 5683 Extraneus
1398 5631 1574 5699 [actus
1612 5652 1727 5689 sum
1760 5638 1873 5706 fra-

306 5712 476 5765 tribus
516 5716 676 5780 meis,
721 5726 767 5769 et
798 5718 1099 5788 peregrinus
1146 5721 1279 5789 ﬁliis
1330 5726 1515 5779 matris
1563 5744 1711 5783 mem.
1745 5750 1762 5782 ι
1814 5732 1875 5786 Si

303 5805 465 5875 igitur
496 5808 636 5876 ﬁlios
678 5811 861 5864 matris
908 5810 1020 5882 ejus
1062 5812 1114 5866 in
1154 5812 1248 5868 hoc
1286 5818 1490 5886 psalnto
1534 5821 1609 5876 sic
1641 5833 1867 5891 vocatos,

1997 4647 2159 4701 quam
2192 4634 2443 4696 Christus
2486 4646 2783 4715 assumpsit
2826 4657 3111 4716 naturam,
3153 4652 3412 4710 hominem
3435 4656 3562 4713 Ser-

1996 4726 2223 4791 vatoris,
2266 4736 2320 4783 et
2361 4729 2622 4788 hominem
2662 4735 2861 4792 Christi
2914 4753 3230 4813 nuncupat,
3286 4755 3341 4801 et
3392 4748 3560 4805 alium

1995 4827 2026 4865 a
2056 4812 2234 4870 Verbo
2263 4816 2469 4875 Christi
2515 4823 2790 4881 hominem
2837 4828 3079 4887 indicare
3110 4812 3326 4890 videtur
3362 4855 3376 4891 :
3412 4842 3559 4910 quod

1994 4905 2251 4976 loquendi
2298 4926 2471 4980 genus
2500 4916 2802 4972 secundum
2841 4920 2956 4975 haec
2996 4925 3181 4981 multis
3244 4905 3558 4989 nominibus

1992 5010 2303 5068 suspectum
2328 5018 2449 5059 esse
2491 5009 2675 5077 cmpit,
2713 5026 2837 5066 cum
2870 5013 3110 5072 haeretici
3139 5020 3387 5090 quidam,
3422 5023 3558 5081 Ver-

1991 5089 2120 5145 bum
2171 5091 2262 5148 Dei
2306 5092 2379 5148 in-
2410 5096 2685 5154 hominem
2720 5117 2783 5157 ex
2827 5104 2996 5160 Maria
3048 5118 3239 5166 natum
3266 5152 3282 5178 ,
3336 5116 3558 5183 perinde

1989 5192 2151 5251 atque
2201 5183 2329 5239 olim
2384 5188 2439 5242 in
2485 5194 2812 5262 prophetas,
2870 5199 3158 5260 advenisse
3202 5218 3552 5277 pugnarent:

1987 5275 2220 5331 maxime
2249 5294 2376 5335 vero
2404 5293 2610 5351 postea,
2640 5300 2762 5340 cum
2799 5289 2992 5346 horum
3016 5297 3261 5368 vestigiis
3292 5299 3555 5357 insistens

1984 5362 2307 5434 Nestorius,
2348 5372 2484 5428 duas
2522 5374 2575 5429 in
2601 5376 2821 5433 Christo
2850 5397 3116 5453 personas
3158 5405 3281 5445 esse
3324 5392 3556 5446 afﬁrma-

1985 5466 2086 5515 ret.
2113 5456 2315 5516 Verum
2345 5470 2771 5535 antequamhae
2814 5472 2869 5526 in
2904 5490 2963 5530 re
2994 5492 3253 5536 novarent
3284 5482 3546 5547 haeretici.

1985 5547 2083 5605 SS.
2114 5551 2303 5609 Patres
2335 5556 2402 5610 ab
2426 5558 2791 5630 hisaloquendi
2829 5569 3119 5636 generibus
3149 5588 3255 5627 non
3285 5573 3550 5631 abhorre»

1983 5642 2132 5696 bant.
2173 5645 2307 5701 Nam
2337 5648 2672 5709 Athanasius
2701 5658 2879 5712 virum
2914 5675 2980 5715 ex
3003 5660 3171 5714 Maria
3213 5672 3422 5731 natum,
3456 5666 3549 5721 ho-

1981 5740 2169 5792 minem
2199 5739 2567 5813 Dominicum,
2608 5764 2715 5802 non
2757 5752 2925 5806 semel
2962 5753 3271 5822 appellavit.
3304 5756 3548 5829 Epipha-

1980 5829 2104 5885 nius
2139 5831 2390 5890 similiter
2423 5835 2525 5893 hac
2553 5837 2808 5910 loquendi
2836 5842 3070 5899 formula
3096 5856 3181 5901 est
3207 5864 3359 5905 usus.
3405 5849 3543 5917 Quia
