4086 6524
465 386 529 443 lil
1141 386 1410 445 EUSEBll
1447 376 1919 442 CASSABIENSIS
1953 382 2101 439 OPP.
2143 381 2323 438 PARS
2358 378 2441 434 lll.
2480 407 2551 417 ——
2589 372 2999 429 EXEGETICA.
3638 363 3709 417 52

468 519 602 563 tunc
638 506 900 576 temporis
939 520 1061 561 cum
1094 505 1228 558 nihil
1253 520 1315 559 ea
1355 505 1410 557 in
1455 519 1513 559 re
1544 502 1693 557 dubii
1724 503 1807 557 vel
1832 502 2038 557 erroris
2069 541 2078 563 Α

2173 502 2253 555 δια
2330 497 2536 553 ἑαυτῶν
2590 496 2823 557 ἕκαστος
2872 490 2943 545 τὰ
3005 488 3225 560 ῥήματα
3275 484 3373 556 τῆς
3428 480 3711 555 μετανοίας

470 607 619 657 esset
655 599 932 663 obortum,
976 597 1089 651 btec
1129 596 1251 651 ﬁdei
1302 597 1479 665 capita
1525 610 1632 648 non
1673 602 1831 649 erant
1876 592 2041 648 certis

468 695 762 750 verborum
804 690 1070 745 limitibus
1112 688 1551 757 circumscripta.
1603 685 1784 751 Quare
1828 700 1934 739 non
1963 685 2044 739 vi-

469 788 631 840 detur
661 783 933 839 Eusebius
953 796 1016 835 ea
1049 779 1117 835 de
1150 794 1320 834 causa
1352 780 1406 833 in
1439 786 1650 832 novata:
1695 776 1818 832 tidei
1852 777 2038 846 suspi-

470 880 683 932 cionem
714 874 893 931 vocari
924 890 1101 942 posse.
1130 872 1303 927 Secus
1330 879 1514 925 tamen
1546 871 1683 925 bene
1711 870 1864 923 multi
1894 868 2045 923 aesti-

472 976 656 1034 mant,
692 983 753 1021 ac
782 967 1076 1021 Eusebium
1111 965 1248 1019 duas
1288 967 1345 1018 in
1377 963 1601 1018 Christo
1631 977 1894 1031 personas
1936 968 2048 1015 sta-

474 1059 646 1113 tuisse
698 1071 1019 1128 persuasum
1070 1054 1292 1108 habent.
1341 1052 1550 1110 Verum
1602 1068 1734 1107 cum
1783 1067 1847 1107 ea
1879 1051 1946 1105 de
1993 1065 2051 1104 re

472 1149 691 1205 Eusebii
739 1157 984 1217 tempore
1031 1146 1299 1201 nihildum
1334 1155 1748 1200 controversum
1780 1152 1874 1197 aut
1904 1157 2051 1211 qua:-

474 1242 637 1295 situm
673 1240 887 1304 fuisset,
920 1253 1030 1293 non
1062 1239 1116 1292 in
1141 1246 1391 1308 promptu
1422 1244 1506 1293 est
1532 1237 1713 1291 dicere
1747 1232 2054 1289 novandine

474 1332 659 1387 studio
699 1320 864 1387 ac'de
897 1330 1206 1408 industria,
1250 1344 1320 1383 an
1370 1328 1740 1399 perfunctorie
1778 1336 1832 1381 et
1867 1325 2044 1380 obiter

476 1429 694 1480 locutus
727 1424 818 1479 sit.
854 1422 954 1477 Cui
987 1421 1275 1493 posteriori
1314 1421 1601 1476 sententiae
1632 1418 1893 1473 libentius
1922 1416 2054 1472 asti-

478 1512 719 1582 pularer,
765 1511 893 1582 quia
944 1526 1054 1566 non
1113 1509 1279 1565 semel
1335 1509 1427 1562 ille
1474 1507 1535 1562 B.
1561 1506 1842 1578 Virginem
1890 1516 2059 1559 vocat

477 1601 739 1655 Θεοτόκον
782 1617 795 1651 :
844 1615 1007 1670 quam
1055 1613 1237 1653 vocem
1284 1597 1650 1667 respuebant,
1700 1596 1792 1665 qui
1831 1595 1969 1651 duas
2005 1596 2061 1649 in

478 1696 702 1750 Christo
745 1708 1012 1764 personas
1058 1707 1180 1747 esse
1224 1691 1659 1744 arbitrabantur.
1710 1688 1828 1743 Vox
1878 1694 2058 1742 autem

480 1789 572 1841 illa
622 1785 840 1841 Eusebii
906 1792 1151 1854 tempore
1204 1796 1235 1835 a
1278 1781 1535 1839 Patribus
1588 1780 2059 1850 frequentabatur.

486 1878 741 1933 Occurrit
764 1877 906 1931 enim
941 1876 995 1929 in
1021 1848 1259 1944 epistola
1286 1873 1582 1929 Alexandri
1607 1848 1959 1927 Alexandrini
1992 1870 2059 1924 ad
2094 1848 2136 1903 Β

483 1971 857 2026 Alexandrum
884 1967 1261 2040 Byzantinum,
1293 1974 1347 2021 et
1386 1965 1530 2036 apud
1551 1964 1911 2019 Athanasium
1953 1961 2061 2018 fre—

482 2061 864 2134 quentissime.

636 2176 723 2225 Vl.
751 2175 880 2235 Quid
897 2175 962 2223 de
997 2172 1308 2223 confessione
1336 2174 1649 2233 peccatorum
1671 2170 1904 2218 senserit.

559 2281 746 2349 Neque
771 2286 902 2349 puto
928 2278 1054 2333 item
1095 2279 1149 2332 in
1169 2276 1262 2347 jus
1290 2275 1598 2331 vocandum
1626 2273 1921 2329 Eusebium
1944 2285 2069 2326 esse

488 2374 635 2443 quod
668 2371 733 2425 ad
768 2370 1036 2441 psalmum
1066 2384 1176 2431 xei,
1207 2368 1416 2423 Bonum
1445 2376 1521 2421 est
1556 2364 1794 2435 confiteri
1816 2362 2064 2424 Domino,

485 2464 682 2518 dixerit
707 2481 719 2516 :
741 2462 851 2515 Καὶ
882 2460 990 2531 γὰρ
1015 2462 1282 2531 προσήκει
1316 2460 1390 2530 μὴ
1425 2457 1733 2529 ἀνθρώποις
1766 2453 2070 2508 ἐπιδείκνυ-

489 2557 614 2610 σθαι
659 2555 757 2626 τὴν
788 2553 1203 2625 ἐξομολόγησιν,
1249 2552 1304 2606 id
1332 2558 1416 2607 est
1447 2567 1458 2602 :
1493 2550 1602 2603 Par
1634 2549 1820 2619 quippe
1866 2554 1942 2598 est
1965 2560 2069 2597 non

488 2646 788 2701 hominibus
823 2644 1227 2713 confessionem,
1255 2650 1603 2714 peccatorum
1632 2641 1866 2703 scilicet,
1897 2637 2067 2692 edere.

492 2741 593 2796 llic
646 2742 790 2795 enim
820 2738 931 2807 agit
962 2738 1029 2792 de
1062 2737 1256 2807 priscae
1302 2736 1451 2791 illius
1495 2733 1754 2789 Ecclesiae
1793 2734 1924 2798 ritu,
1964 2744 2073 2798 quo

488 2829 781 2883 Dominica
837 2828 924 2883 die
960 2827 1135 2898 primo
1191 2826 1437 2880 diluculo
1496 2825 1549 2879 in
1604 2822 1838 2879 ecclesia
1898 2821 2070 2876 coacti

487 2920 789 2977 Christiani
818 2919 1023 2989 populi,
1055 2917 1163 2974 Deo
1196 2917 1625 2980 confitebantur,
1658 2930 1782 2969 cum
1820 2919 2075 2983 peccato-

489 3016 613 3071 rum
659 3014 850 3069 sordes
879 3028 976 3083 per
1009 3011 1277 3067 sinceram
1319 3010 1385 3063 ad
1418 3008 1587 3064 Deum
1636 3008 1897 3063 emissam
1935 3018 2073 3058 con-

493 3107 793 3162 fessionem
844 3105 1213 3175 deplorantes,
1250 3109 1365 3155 tum
1399 3116 1499 3171 pro
1530 3099 1745 3153 collatis
1793 3094 2075 3151 beneficiis

494 3202 609 3256 Deo
637 3200 842 3269 gratias
882 3204 1142 3267 agentes:
1180 3210 1303 3249 nam
1358 3202 1590 3263 utroque
1646 3192 1807 3245 modo
1854 3188 2069 3244 confes-

498 3295 708 3347 sionem
743 3290 828 3345 edi
860 3304 967 3343 non
1000 3287 1167 3343 semel
1205 3286 1364 3341 docet
1389 3285 1675 3340 Eusebius.
1711 3280 1867 3347 Quod
1896 3288 2075 3334 autem

498 3386 568 3438 de
600 3383 689 3436 illa
737 3390 948 3434 tantum
996 3378 1343 3433 confessione
1389 3375 1681 3438 matutina,
1714 3376 1768 3427 in
1809 3378 1954 3427 coetu
1987 3386 2078 3424 ec-

498 3475 682 3530 clesia:
731 3472 974 3537 edenda,
1036 3472 1126 3526 hic
1178 3482 1301 3541 agat
1326 3469 1632 3533 Eusebius,
1684 3466 1965 3536 propalam
2010 3477 2078 3516 ex

501 3566 944 3638 praecedentibus
980 3573 1085 3619 est.
1119 3562 1254 3618 Nam
1289 3579 1413 3617 cum
1447 3563 1690 3631 psalmus
1739 3559 1848 3624 ille,
1881 3556 2080 3612 inscri—

501 3672 650 3731 ptus,
694 3662 759 3712 In
798 3657 883 3712 die
913 3656 1160 3720 Sabbati,
1204 3656 1285 3710 sic
1319 3654 1604 3710 exordium
1650 3653 1835 3715 ducat,
1874 3649 2079 3715 Bonum

501 3761 581 3807 est
621 3752 865 3821 conﬁteri
908 3750 1165 3814 Domino,
1208 3748 1298 3801 hic
1333 3745 1634 3800 Sabhatum
1671 3757 1770 3813 pro
1794 3740 2082 3794 ‘Dominica

502 3844 747 3914 positum
799 3856 1163 3903 asseverans,
1219 3836 1441 3892 nonnisi
1482 3835 1549 3889 de
1600 3834 1867 3887 matutino
1901 3830 2086 3885 Domi-

503 3937 645 3990 nicaa
692 3942 961 3989 conventu
1019 3937 1325 4002 pertractat
1379 3928 1511 3993 ille;
1552 3926 1632 3980 sic
1683 3924 1827 3978 enim
1885 3922 2081 3976 habet:

507 4028 686 4092 Quare
724 4035 782 4079 ut
826 4043 889 4080 ea
927 4024 1011 4079 die
1056 4023 1424 4076 conueniamus
1477 4018 1728 4072 traditum
1784 4014 1933 4071 nobis
1985 4026 2085 4077 est,

507 4129 559 4172 et
593 4134 656 4171 ea
686 4134 804 4187 quae
836 4118 889 4169 in
920 4115 1127 4185 psalmo
1149 4112 1406 4182 jubentur
1449 4110 1595 4164 nobis
1638 4107 1849 4178 exsequi
1896 4122 2089 4175 pra’ce-

508 4222 658 4280 ptum
708 4219 821 4274 est,
862 4224 1087 4279 quorum
1131 4207 1359 4274 primum
1408 4212 1483 4257 est
1535 4202 1798 4270 conﬁteri.
1860 4199 2092 4268 Moxque

512 4302 776 4381 adjicitur
820 4301 910 4354 illa
948 4300 1203 4369 superius
1237 4299 1400 4353 allata
1435 4296 1704 4354 clausula.
1752 4308 1860 4364 qua
1889 4292 2093 4346 dicitur

511 4410 615 4466 par
671 4410 782 4447 non
833 4408 957 4448 esse
1002 4390 1347 4454 hominibus,
1403 4388 1613 4444 scilicet
1652 4385 2091 4441 Christianorum

514 4485 705 4549 coetui,
743 4480 1015 4544 conﬁteri,
1058 4480 1153 4535 sed
1181 4480 1310 4535 Deo.
1366 4478 1497 4545 Quze
1534 4484 1842 4547 sequuntur
1891 4474 2095 4543 pariter

2146 593 2498 662 ποιούμενοι,
2534 590 2639 644 boc
2685 596 2769 643 est
2805 584 2943 641 :Die
2994 583 3109 651 jam
3164 578 3490 632 illucescente
3536 590 3710 628 omnes

2146 686 2336 748 simul,
2390 684 2543 754 quasi
2598 698 2701 735 uno
2748 695 2836 733 ore
2882 686 2931 731 et
2978 691 3081 728 uno
3127 670 3314 736 corde,
3364 667 3711 739 confessionis

2147 780 2412 850 psalmum
2447 776 2667 830 Domino
2700 772 2953 841 referunt,
2985 766 3179 838 singuli
3214 763 3530 834 paenitentia:
3561 759 3715 815 verba

2150 873 2304 942 quasi
2353 887 2451 924 sua
2496 867 2840 936 proferentes.
2882 862 3008 915 Hac
3050 874 3159 912 una
3193 856 3470 912 confessio
3504 862 3610 917 est,
3650 852 3717 906 de

2150 978 2258 1034 qua
2292 963 2379 1016 hic
2408 960 2674 1015 Eusebius
2717 956 2845 1026 agit.
2891 953 3027 1009 Nam
3067 948 3471 1005 confessionem
3524 945 3716 1001 saltem

2153 1054 2423 1126 publicam
2458 1050 2666 1104 homini
2699 1045 2999 1101 faciendam
3039 1058 3107 1096 ne
3140 1038 3453 1096 heterodoxi
3500 1035 3717 1107 quidem

2155 1145 2405 1203 hodierni
2441 1154 2571 1197 tunc
2614 1142 2667 1195 in
2709 1154 2858 1194 more
2907 1137 3075 1190 fuisse
3123 1138 3341 1203 negant.
3382 1129 3562 1195 Quare
3596 1142 3720 1181 cum

2156 1240 2246 1294 hic
2304 1236 2524 1290 Eusebii
2581 1234 2735 1287 locus
2782 1244 2889 1284 non
2944 1227 3116 1296 magis
3176 1230 3367 1278 contra
3417 1220 3721 1291 privatam,

2157 1345 2319 1401 quam
2358 1336 2548 1383 contra
2580 1324 2852 1394 publicam
2878 1319 3279 1375 confessionem
3311 1314 3494 1368 ali‘erri
3526 1312 3723 1374 valeat,

2158 1436 2406 1481 neutram
2447 1436 2574 1475 vere
2616 1418 2845 1487 impetit.
2887 1414 3047 1468 Certe
3091 1412 3146 1477 in
3190 1408 3431 1463 Historia
3474 1404 3725 1462 ecclesia—

2162 1518 2299 1571 sticc
2336 1514 2505 1584 legem
2538 1507 2830 1565 conlitendi
2862 1512 3086 1577 peccata
3118 1504 3207 1565 iis,
3236 1501 3432 1570 quibus
3480 1493 3726 1551 solvendi

2166 1610 2397 1664 facultas
2450 1602 2815 1665 conceditur,
2871 1606 3057 1668 aperte
3110 1601 3376 1650 memorat
3427 1589 3732 1644 Eusebius;

2163 1717 2290 1757 nam
2353 1700 2420 1753 de
2466 1696 2715 1764 Philippo
2778 1693 3107 1761 imperatore
3157 1700 3323 1756 agens
3382 1684 3495 1737 haec
3542 1681 3728 1744 habet,

2167 1796 2202 1848 Ι.
2226 1808 2309 1855 tu,
2343 1807 2390 1846 c.
2421 1789 2488 1845 54
2514 1786 2740 1842 ιΤοῦτον
2770 1782 2990 1851 κατέχει
3018 1780 3195 1848 λόγος,
3224 1773 3545 1847 Χριστιανὸν
3581 1772 3730 1834 ὄντα,

2163 1888 2221 1937 ὲν
2262 1883 2442 1954 ἡμέρα
2480 1880 2578 1948 τῆς
2623 1876 2858 1943 ὑστάτης
2897 1871 2989 1924 τοῦ
3027 1870 3218 1937 Πάσχα
3265 1863 3603 1934 παννυχίδος,
3626 1860 3734 1913 τῶν

2162 1975 2255 2028 ἐπὶ
2285 1952 2382 2044 τῆς
2419 1966 2741 2040 Ἐκκλησὶας
2766 1964 2939 2034 εὐχῶν
2971 1962 3049 2031 τῷ
3078 1958 3269 2030 πλήθει
3302 1957 3587 2028 μετασχεῖν
3620 1952 3739 2005 ἑθε-

2163 2069 2355 2140 λῆσαιι
2391 2067 2451 2118 οὺ
2479 2064 2743 2135 πρότερον
2772 2060 2828 2111 δὲ
2861 2056 2965 2110 ὑπὸ
2989 2053 3082 2107 τοῦ
3114 2051 3367 2124 τηνικάδε
3399 2044 3738 2119 προεστῶτος

2165 2136 2532 2229 ὲττιτραπῆναι
2564 2149 2855 2212 εἰσϐαλεῖν,
2891 2146 2922 2217 ἢ
2957 2139 3466 2215 ἐξομολογήσασθαι,
3501 2136 3595 2189 καὶ
3623 2136 3737 2191 τοῖς

2167 2256 2223 2306 ὲν
2253 2221 2693 2320 παρατέτώμασιν
2740 2236 3178 2307 ὲξεταζομένοις,
3217 2228 3498 2302 μετανοίας
3538 2243 3598 2278 τε
3637 2221 3744 2297 χώ-

2172 2356 2268 2413 ραν
2304 2316 2564 2407 ἴσχουσιν,
2611 2328 2800 2385 ἑαυτὸν
2847 2324 3177 2387 καταλέξαι·
3218 2321 3390 2382 ἄλλως
3414 2318 3521 2388 γὰρ
3560 2316 3633 2387 μὴ
3676 2316 3744 2370 ἄν

2169 2449 2300 2486 ποτε
2349 2430 2485 2500 πρὸς
2531 2424 2729 2481 αὐτοῦ,
2784 2420 2857 2492 μὴ
2903 2419 3023 2488 οὐχὶ
3073 2415 3228 2469 τοῦτο
3274 2413 3603 2483 ποιήσαντα,
3655 2407 3745 2460 διὰ

2171 2525 2369 2589 πολλὰς
2390 2523 2496 2577 τῶν
2518 2522 2635 2575 κατ’
2668 2518 2827 2573 αὐτὸν
2851 2513 3045 2576 αἰτίας,
3084 2507 3505 2581 παραδεχθῆναι,
3542 2504 3595 2559 id
3623 2510 3741 2558 est:

2174 2621 2451 2675 Narratur
2496 2618 2666 2677 hunc,
2708 2610 3044 2665 Christianus
3079 2620 3198 2658 cum
3238 2609 3400 2660 esset,
3447 2600 3502 2651 in
3534 2597 3617 2651 die
3647 2612 3743 2663 po-

2173 2714 2354 2769 stremi
2387 2709 2610 2764 Pascha:
2648 2702 2930 2775 pervigilii,
2959 2697 3320 2768 precationum
3350 2691 3600 2746 Ecclesia:
3628 2704 3745 2742 cum

2175 2808 2380 2877 reliqua
2426 2798 2766 2855 multitudine
2814 2791 3126 2863 participant
3171 2786 3285 2856 ﬁeri
3334 2784 3560 2837 voluisse
3599 2796 3616 2833 :
3657 2776 3746 2832 sed

2176 2917 2279 2955 non
2312 2898 2459 2968 prius
2492 2894 2539 2948 ei
2578 2890 2642 2945 ab
2673 2906 2754 2952 eo,
2787 2886 2875 2958 qui
2906 2882 3059 2938 isthic
3089 2886 3345 2950 pra’erat,
3383 2874 3588 2928 aditum
3627 2887 3751 2923 con-

2148 3006 2378 3055 ,cessum
2411 2988 2595 3058 fuisse,
2623 2998 2781 3053 quam
2816 2976 3085 3047 confessus
3114 2979 3269 3035 esset,
3309 2985 3370 3022 ac
3398 2967 3465 3021 iis
3497 2966 3587 3035 qui
3619 2962 3753 3029 lapsi

2180 3054 2469 3157 fueruntet
2506 3080 2561 3131 in
2592 3072 2955 3143 paenitentium
2994 3067 3178 3120 ordine
3210 3062 3445 3124 stabant,
3477 3073 3532 3111 se
3562 3054 3756 3123 adjun-

2096 3192 2140 3250 α
2170 3182 2354 3236 xisset.
2401 3171 2647 3241 Alioquin
2679 3169 2744 3221 ob
2770 3182 2831 3219 ea
2860 3179 2978 3234 qua:
3007 3159 3297 3213 admiserat
3331 3151 3585 3213 crimina,
3623 3162 3758 3200 nun-

2178 3234 2337 3342 quam
2379 3263 2443 3317 ab
2486 3234 2580 3314 illo
2622 3256 2891 3310 admissus
2938 3252 3144 3321 fuisset.
3197 3244 3299 3300 Ubi
3350 3242 3524 3303 vides,
3565 3234 3759 3291 testifi-

2182 3326 2342 3415 cante
2379 3352 2649 3419 Eusebio,
2690 3345 3094 3403 confessionem
3142 3344 3490 3409 peccatorum
3549 3326 3759 3384 homini

2183 3453 2408 3512 factam,
2455 3441 2828 3499 necessariam
2882 3446 3117 3507 prorsus
3172 3429 3360 3483 fuisse.
3412 3425 3488 3479 Eo
3536 3420 3762 3491 respicit

2184 3547 2313 3601 item
2361 3538 2507 3611 quod
2551 3536 2711 3589 habet
2760 3532 2846 3585 his
2898 3528 2954 3582 in
3003 3519 3413 3579 commentariis
3453 3514 3760 3577 Eusebius,

2183 3638 2323 3709 psal.
2360 3647 2570 3693 xxxvu,
2614 3622 3036 3681 ad'versiculum
3063 3616 3095 3671 5
3121 3637 3133 3671 :
3161 3613 3426 3682 Quoniam
3459 3607 3761 3679 iniquitates

2186 3747 2315 3787 mea:
2345 3736 2696 3796 supergressa:
2724 3725 2845 3771 sunt
2875 3721 3030 3783 caput
3059 3725 3248 3771 meum,
3283 3706 3417 3760 sicut
3446 3717 3576 3756 onus
3609 3712 3764 3769 grave

2187 3830 2418 3895 gravatas
2444 3826 2565 3870 sunt
2598 3827 2751 3881 super
2778 3825 2879 3862 me.
2912 3806 3382 3860 Putruerunt,etc.
3412 3793 3509 3845 Διὰ
3538 3789 3762 3851 τούτων,

2189 3879 2389 3986 inquit,
2424 3879 2669 3963 διδάσκει
2702 3903 2859 3974 ἡμᾶς»
2882 3901 2909 3950 ὁ
2934 3897 3112 3963 λόγος,
3149 3892 3220 3962 μὴ
3254 3879 3614 3986 κρύπτεινιτὰ
3638 3880 3767 3986 εαυ-

2189 4009 2297 4062 τῶν
2342 4003 2520 4065 κακὰ,
2578 3999 2695 4070 μηδ’
2736 3995 2925 4061 ὥσπερ
2971 3987 3091 4040 τινὰ
3141 3979 3395 4053 μελανίαν
3457 3976 3551 4028 καὶ
3604 3973 3766 4043 σῆψιν

2191 4061 2333 4148 κατὰ
2380 4061 2588 4159 βάθους·
2620 4061 2722 4150 τῆς
2758 4076 2937 4147 ψυχῆς
2986 4068 3228 4138 συνέχειν
3265 4064 3335 4118 τὰ
3366 4061 3764 4132 ἁμαρτήματα,

2192 4188 2297 4241 hoc
2327 4156 2411 4237 est
2447 4199 2459 4233 :
2491 4178 2585 4230 llis
2615 4180 2882 4229 docemur,
2926 4182 2988 4219 ne
3030 4160 3175 4216 mala
3197 4156 3515 4213 occultemus
3559 4160 3765 4213 nostra,

2195 4289 2293 4327 neu
2316 4274 2531 4339 peccata
2563 4281 2654 4318 ceu
2679 4256 2954 4332 quemdam
2995 4255 3257 4323 nigrorem
3299 4256 3346 4300 et
3383 4243 3767 4311 corruptionem

2198 4368 2251 4419 in
2285 4337 2469 4417 intimo
2523 4357 2715 4411 animo?
2772 4348 3172 4403 concludamus.
3234 4340 3351 4394 Non
3399 4337 3510 4390 Deo
3563 4341 3765 4393 autem,

2200 4459 2288 4513 cui
2328 4465 2588 4510 arcanum
2638 4446 2804 4507 nihil,
2854 4442 3131 4495 occultare
3175 4442 3395 4505 peccata
3449 4437 3622 4492 vetat;
3673 4422 3767 4478 sed

524 4517 705 4549 kuu,
743 4517 1015 4544 ιυιιιιιυιι,
1058 4517 1153 4535 ουυ
1182 4517 1310 4535 υυυ.
1368 4517 1497 4545 κυιν
1534 4517 1831 4547 συῚ--υιιυιμ
1893 4517 2086 4543 ...μ-ην-
3622 4517 3631 4527 .

524 4578 593 4632 ad
628 4575 961 4630 matutinum
1002 4572 1153 4626 illum
1199 4579 1525 4625 conventum
1568 4567 1861 4638 pertinent.
1910 4563 1983 4615 Ea
2012 4568 2098 4617 est
2128 4550 2170 4604 Β
2204 4547 2521 4605 Ιιοῐιῖίῐιῖὶω8
2553 4541 2648 4613 (Ιιιί
2681 4547 2735 4593 ει
2766 4531 3017 4590 medendi
3048 4539 3101 4584 θῐ
3130 4532 3352 4597 ["3003la
3392 4517 3636 4581 δοινεηὼ
3674 4530 3787 4585 PO?»

516 4669 683 4739 igitur
709 4663 931 4720 Eusebii
964 4660 1254 4720 sententia.
1283 4674 1390 4712 non
1414 4666 1666 4728 oportere
1694 4657 1749 4710 in
1774 4661 1917 4709 cuitu
1940 4652 2095 4706 Chri.

518 4762 848 4825 stianorum,
901 4771 964 4809 ac
1016 4754 1071 4807 in
1124 4752 1407 4806 matutinis
1464 4749 1826 4806 conventibus
1876 4752 2098 4816 peccata

522 4852 741 4921 publice
775 4857 829 4903 et
876 4849 980 4901 alta
1022 4861 1156 4901 voce
1208 4844 1477 4907 confiteri,
1512 4842 1605 4898 sed
1658 4841 1751 4894 uni
1790 4838 1899 4893 Deo
1934 4837 2099 4889 corda

521 4928 791 4997 scrutanti
836 4938 1228 4994 conscientiam
1278 4936 1495 5006 aperire
1545 4948 1722 4988 suam.
1767 4930 1867 4984 Cui
1901 4928 2101 4981 accinit

522 5033 764 5087 Basilius
813 5031 866 5085 in
917 5032 1146 5101 epistola
1198 5030 1264 5093 ad
1312 5025 1818 5086 Ncoctcsarieuscs,
1874 5021 1968 5075 ubi
2024 5021 2104 5074 sic

521 5125 724 5179 habet:
767 5124 860 5176 Ἐκ
902 5123 1092 5186 νυκτὸς
1136 5121 1245 5192 γὰρ
1292 5118 1533 5190 ὀρθρὶζει
1577 5117 1706 5186 παρ’
1755 5116 1884 5185 ἡμῖν
1921 5115 1949 5166 ὁ
1980 5112 2104 5176 λαὸς

524 5216 618 5268 ἐπὶ
662 5214 752 5268 τὸν
801 5212 949 5267 οἶκον
981 5215 1078 5283 τῆς
1109 5210 1418 5284 προσευχῆς
1440 5250 1454 5273 ,
1504 5209 1600 5263 καὶΔ
1642 5210 1698 5261 ὲν
1732 5207 1879 5276 πόνῳ
1921 5206 2014 5259 καὶ
2048 5208 2104 5257 ἐν

526 5307 701 5377 θλίψει
748 5308 839 5359 καὶ
881 5308 937 5359 ὲν
990 5307 1184 5374 συνοχῇ
1228 5301 1477 5371 δακρύων
1522 5298 2000 5375 ἐξομολογούμενοι
2030 5296 2106 5365 τῷ

525 5370 683 5467 Θεᾷ),
731 5399 782 5452 id
838 5406 921 5453 est
962 5396 1059 5451 :A'
1095 5370 1244 5449 nocte
1301 5370 1442 5461 apud
1490 5409 1583 5444 nos
1631 5370 2105 5459 populusvigilias

529 5493 636 5559 agit
682 5493 736 5544 in
781 5491 937 5545 domo
983 5488 1279 5548 orationis,
1335 5501 1397 5537 ac
1450 5485 1501 5536 in
1551 5483 1750 5545 labore,
1798 5482 2109 5535 contritione

530 5594 579 5641 at
609 5585 968 5654 lacryntarum
1003 5580 1331 5634 contentione
1361 5578 1677 5646 conﬁtentur
1704 5575 1813 5628 Deo
1844 5592 1861 5627 :
1890 5583 1943 5629 et
1976 5588 2110 5642 pau—

529 5678 615 5731 cis
650 5678 950 5747 interjeclis
983 5694 996 5729 :
1035 5672 1277 5743 Ἡμέρας
1298 5673 1397 5743 ἤδη
1429 5669 1878 5740 ὑπολαμπούσης,
1914 5666 2111 5726 πάντες

533 5772 685 5839 κοινῇ
708 5808 722 5828 ,
770 5768 845 5829 ὡς
876 5767 933 5832 ἐξ
974 5764 1089 5828 ἐνὸς
1126 5765 1392 5835 στόματος
1441 5765 1531 5816 καὶ
1561 5764 1688 5833 μιᾶς
1738 5760 1985 5831 καρδίας,
2022 5756 2112 5808 τὸν

535 5863 632 5939 τῆς
680 5858 1117 5929 ἐξομολογήσιως
1153 5857 1363 5929 ᾁαλμὸν
1411 5856 1735 5926 ἀναφέρουσι
1790 5852 1865 5923 τῷ
1901 5849 2110 5921 Κυρίῳ,

2202 4648 2402 4698 testate
2427 4635 2613 4692 donati
2647 4637 2795 4686 sunt.

2794 4759 3019 4818 CAPUT
3053 4756 3187 4813 Vill.

2203 4906 2269 4946 DE
2302 4903 2368 4943 IIS
2391 4900 2510 4949 ουλε
2554 4898 2619 4936 ΑΒ
2674 4889 2945 4931 εοειεειλε
2986 4882 3325 4926 DlSClPLINAH
3360 4874 3658 4918 PERTINENT
3706 4872 3783 4911 ΕΚ

2414 4947 2595 5010 vlmus
2642 4962 2821 5003 norum
2849 4952 3347 4999 conuenramonuu
3394 4947 3562 4986 LoCIs.

2208 5076 2257 5131 1-.
2292 5071 2532 5127 Ecclesia
2575 5078 2843 5135 nunquam
2865 5060 3037 5113 variat
3061 5057 3115 5108 in
3132 5041 3643 5135 prmcipuis.'ll.nDe
3662 5056 3798 5135 cqn-.

2277 5108 2532 5199 υἷῖιῖἒῐῖιῖ
3031 5108 3332 5199 matutinis.
3388 5117 3484 5199 Ill
3495 5158 3506 5168 .
3534 5112 3632 5199 ρει
3658 5108 3781 5199 adio:

2279 5180 2438 5267 λιιι,άὶ
2466 5212 2570 5262 ritu
2595 5209 2647 5259 in
2672 5203 2912 5257 Ecclesia
2950 5195 3239 5267 singularis
3266 5189 3479 5267 Eusebii
3509 5194 3575 5267 εξ,
3592 5180 3779 5267 Basilii

2933 5252 3059 5323 1νῖ
3083 5265 3307 5335 Inﬁnita
3347 5262 3489 5313 dona
3531 5252 3799 5307 Ecclesiis.

2286 5351 2496 5407 Eusebii
2527 5341 2752 5413 tempore
2777 5341 2994 5393 collata.

2422 5465 2459 5513 l.
2497 5461 2715 5512 Ecclesia
2749 5469 2994 5518 nunquam
3030 5454 3182 5500 variat
3210 5451 3258 5497 in
3289 5442 3565 5508 praecipuis.

2282 5567 2588 5625 Occasione
2629 5563 2807 5617 solum
2839 5575 3007 5631 pauca
3041 5554 3307 5610 Eusebius
3341 5550 3511 5618 tangit
3539 5554 3593 5600 et
3614 5543 3783 5613 expli-

2213 5672 2324 5727 cat,
2349 5677 2469 5732 qua:
2499 5659 2566 5713 ad
2594 5658 2691 5712 sevi
2751 5658 2834 5711 sui
2888 5650 3226 5720 disciplinam
3251 5650 3519 5712 spectant,
3560 5648 3807 5708 quzeque-

2218 5772 2319 5811 nos
2346 5754 2400 5808 in
2425 5752 2646 5808 lectoris
2704 5744 3050 5804 commodum
3087 5754 3193 5795 una
3240 5734 3605 5791 conferemus.
3638 5726 3803 5781 Licet.

2221 5849 2363 5905 enim
2391 5846 2443 5902 in
2477 5843 2639 5903 rebus
2665 5838 2955 5912 prtccipuis
2981 5842 3045 5890 et.
3067 5830 3390 5903 capitalibus
3423 5839 3531 5880 una
3576 5830 3791 5885 sempen
