  <div class='ocr_page' id='page_1' title='image "/cluster/home/n/w/nwhite01/storage/ocr_20150623/23/hvd.32044019207711/034.png"; bbox 0 0 4086 6542; ppageno 0'>
   <div class='ocr_carea' id='block_1_1' title="bbox 365 313 3594 394">
    <p class='ocr_par' dir='ltr' id='par_1_1' title="bbox 365 313 3594 394">
     <span class='ocr_line' id='line_1_1' title="bbox 365 313 3594 394; baseline -0.01 0"><span class='ocrx_word' id='word_1_1' title='bbox 365 337 436 394; x_wconf 68' lang='grc'><strong>85</strong></span> <span class='ocrx_word' id='word_1_2' title='bbox 1134 327 1634 387; x_wconf 70' lang='lat' dir='ltr'><strong>COMMENTARIA</strong></span> <span class='ocrx_word' id='word_1_3' title='bbox 1680 325 1744 380; x_wconf 86' lang='lat' dir='ltr'><strong>IN</strong></span> <span class='ocrx_word' id='word_1_4' title='bbox 1782 322 2115 380; x_wconf 73' lang='lat' dir='ltr'><strong>PSALMOS.</strong></span> <span class='ocrx_word' id='word_1_5' title='bbox 2137 354 2205 362; x_wconf 93' lang='lat'><strong>—</strong></span> <span class='ocrx_word' id='word_1_6' title='bbox 2241 318 2780 376; x_wconf 70' lang='lat' dir='ltr'><strong>PBASLIMINARIA.</strong></span> <span class='ocrx_word' id='word_1_7' title='bbox 3527 313 3594 363; x_wconf 65' lang='grc'><strong>54</strong></span> 
     </span>
    </p>
   </div>
   <div class='ocr_carea' id='block_1_2' title="bbox 365 428 1939 512">
    <p class='ocr_par' dir='ltr' id='par_1_2' title="bbox 365 443 1920 512">
     <span class='ocr_line' id='line_1_2' title="bbox 365 443 1920 512; baseline -0.006 -8"><span class='ocrx_word' id='word_1_8' title='bbox 365 447 622 505; x_wconf 69' lang='lat' dir='ltr'><strong>Ecclesiae</strong></span> <span class='ocrx_word' id='word_1_9' title='bbox 647 446 1006 512; x_wconf 77' lang='lat' dir='ltr'><strong>consuetudo,</strong></span> <span class='ocrx_word' id='word_1_10' title='bbox 1034 447 1170 502; x_wconf 90' lang='lat' dir='ltr'><strong>ritus</strong></span> <span class='ocrx_word' id='word_1_11' title='bbox 1193 463 1331 502; x_wconf 92' lang='lat' dir='ltr'><strong>unus</strong></span> <span class='ocrx_word' id='word_1_12' title='bbox 1352 445 1533 509; x_wconf 81' lang='lat' dir='ltr'><strong>fuerit,</strong></span> <span class='ocrx_word' id='word_1_13' title='bbox 1563 445 1618 498; x_wconf 93' lang='lat' dir='ltr'><strong>in</strong></span> <span class='ocrx_word' id='word_1_14' title='bbox 1657 443 1724 496; x_wconf 91' lang='lat' dir='ltr'><strong>iis</strong></span> <span class='ocrx_word' id='word_1_15' title='bbox 1743 449 1920 495; x_wconf 86' lang='lat' dir='ltr'><strong>tamen</strong></span> 
     </span>
    </p>
   </div>
   <div class='ocr_carea' id='block_1_3' title="bbox 2038 428 3596 512">
    <p class='ocr_par' dir='ltr' id='par_1_3' title="bbox 2038 428 3596 511">
     <span class='ocr_line' id='line_1_3' title="bbox 2038 428 3596 511; baseline -0.009 -18"><span class='ocrx_word' id='word_1_16' title='bbox 2038 439 2424 511; x_wconf 71' lang='grc' dir='ltr'>ίεχωρημένωςι</span> <span class='ocrx_word' id='word_1_17' title='bbox 2447 437 2737 500; x_wconf 69' lang='grc' dir='ltr'><strong>ἐδιάζοντας</strong></span> <span class='ocrx_word' id='word_1_18' title='bbox 2762 435 3099 506; x_wconf 74' lang='grc' dir='ltr'><strong>προσκυνεῖν,</strong></span> <span class='ocrx_word' id='word_1_19' title='bbox 3114 431 3224 484; x_wconf 85' lang='grc' dir='ltr'><strong>ἀλλ’</strong></span> <span class='ocrx_word' id='word_1_20' title='bbox 3245 428 3596 491; x_wconf 77' lang='grc' dir='ltr'><strong>ἀπαντῶντας</strong></span> 
     </span>
    </p>
   </div>
   <div class='ocr_carea' id='block_1_4' title="bbox 368 535 1934 613">
    <p class='ocr_par' dir='ltr' id='par_1_4' title="bbox 368 535 1934 613">
     <span class='ocr_line' id='line_1_4' title="bbox 368 535 1934 613; baseline -0.008 -15"><span class='ocrx_word' id='word_1_21' title='bbox 368 558 487 613; x_wconf 72' lang='lat' dir='ltr'><strong>qua:</strong></span> <span class='ocrx_word' id='word_1_22' title='bbox 505 544 574 597; x_wconf 90' lang='lat' dir='ltr'><strong>ad</strong></span> <span class='ocrx_word' id='word_1_23' title='bbox 604 554 884 598; x_wconf 83' lang='lat' dir='ltr'><strong>externum</strong></span> <span class='ocrx_word' id='word_1_24' title='bbox 937 557 1140 596; x_wconf 83' lang='lat' dir='ltr'><strong>morem</strong></span> <span class='ocrx_word' id='word_1_25' title='bbox 1199 541 1542 608; x_wconf 85' lang='lat' dir='ltr'><strong>minoresque</strong></span> <span class='ocrx_word' id='word_1_26' title='bbox 1580 535 1934 591; x_wconf 66' lang='lat' dir='ltr'><strong>cmremonias</strong></span> 
     </span>
    </p>
   </div>
   <div class='ocr_carea' id='block_1_5' title="bbox 368 627 1934 704">
    <p class='ocr_par' dir='ltr' id='par_1_5' title="bbox 368 627 1934 704">
     <span class='ocr_line' id='line_1_5' title="bbox 368 627 1934 704; baseline -0.006 -14"><span class='ocrx_word' id='word_1_27' title='bbox 368 634 657 704; x_wconf 78' lang='lat' dir='ltr'><strong>pertinent,</strong></span> <span class='ocrx_word' id='word_1_28' title='bbox 707 642 762 689; x_wconf 89' lang='lat' dir='ltr'><strong>et</strong></span> <span class='ocrx_word' id='word_1_29' title='bbox 789 642 1092 704; x_wconf 76' lang='lat' dir='ltr'><strong>temporum</strong></span> <span class='ocrx_word' id='word_1_30' title='bbox 1133 641 1186 686; x_wconf 89' lang='lat' dir='ltr'><strong>et</strong></span> <span class='ocrx_word' id='word_1_31' title='bbox 1230 631 1471 685; x_wconf 91' lang='lat' dir='ltr'><strong>locorum</strong></span> <span class='ocrx_word' id='word_1_32' title='bbox 1511 627 1934 683; x_wconf 75' lang='lat' dir='ltr'><strong>consuetudines</strong></span> 
     </span>
    </p>
   </div>
   <div class='ocr_carea' id='block_1_6' title="bbox 367 719 1933 793">
    <p class='ocr_par' dir='ltr' id='par_1_6' title="bbox 367 719 1933 793">
     <span class='ocr_line' id='line_1_6' title="bbox 367 719 1933 793; baseline -0.004 -17"><span class='ocrx_word' id='word_1_33' title='bbox 367 727 531 780; x_wconf 77' lang='lat' dir='ltr'><strong>varia:</strong></span> <span class='ocrx_word' id='word_1_34' title='bbox 576 725 961 788; x_wconf 81' lang='lat' dir='ltr'><strong>observantur,</strong></span> <span class='ocrx_word' id='word_1_35' title='bbox 1001 738 1120 793; x_wconf 71' lang='lat' dir='ltr'><strong>qua:</strong></span> <span class='ocrx_word' id='word_1_36' title='bbox 1170 723 1378 777; x_wconf 74' lang='lat' dir='ltr'><strong>scilicet</strong></span> <span class='ocrx_word' id='word_1_37' title='bbox 1428 727 1684 791; x_wconf 91' lang='lat' dir='ltr'><strong>possunt,</strong></span> <span class='ocrx_word' id='word_1_38' title='bbox 1730 719 1933 772; x_wconf 82' lang='lat' dir='ltr'><strong>illibata</strong></span> 
     </span>
    </p>
   </div>
   <div class='ocr_carea' id='block_1_7' title="bbox 367 817 1231 890">
    <p class='ocr_par' dir='ltr' id='par_1_7' title="bbox 367 817 1231 890">
     <span class='ocr_line' id='line_1_7' title="bbox 367 817 1231 890; baseline -0.009 -14"><span class='ocrx_word' id='word_1_39' title='bbox 367 820 680 876; x_wconf 87' lang='lat' dir='ltr'><strong>Christiana</strong></span> <span class='ocrx_word' id='word_1_40' title='bbox 712 819 993 890; x_wconf 72' lang='lat' dir='ltr'><strong>religione,</strong></span> <span class='ocrx_word' id='word_1_41' title='bbox 1017 817 1231 872; x_wconf 89' lang='lat' dir='ltr'><strong>mutari.</strong></span> 
     </span>
    </p>
   </div>
   <div class='ocr_carea' id='block_1_8' title="bbox 541 930 1756 983">
    <p class='ocr_par' dir='ltr' id='par_1_8' title="bbox 541 930 1756 983">
     <span class='ocr_line' id='line_1_8' title="bbox 541 930 1756 983; baseline -0.007 0"><span class='ocrx_word' id='word_1_42' title='bbox 541 933 603 983; x_wconf 84' lang='lat' dir='ltr'><strong>ll.</strong></span> <span class='ocrx_word' id='word_1_43' title='bbox 629 933 710 983; x_wconf 80' lang='lat' dir='ltr'><strong>De</strong></span> <span class='ocrx_word' id='word_1_44' title='bbox 730 931 1050 983; x_wconf 80' lang='lat' dir='ltr'><strong>conventibus</strong></span> <span class='ocrx_word' id='word_1_45' title='bbox 1079 931 1466 982; x_wconf 88' lang='lat' dir='ltr'><strong>Christianorum</strong></span> <span class='ocrx_word' id='word_1_46' title='bbox 1489 930 1756 978; x_wconf 79' lang='lat' dir='ltr'><strong>matutinis.</strong></span> 
     </span>
    </p>
   </div>
   <div class='ocr_carea' id='block_1_9' title="bbox 439 1032 1932 1108">
    <p class='ocr_par' dir='ltr' id='par_1_9' title="bbox 439 1032 1932 1108">
     <span class='ocr_line' id='line_1_9' title="bbox 439 1032 1932 1108; baseline -0.007 -16"><span class='ocrx_word' id='word_1_47' title='bbox 439 1038 596 1103; x_wconf 78' lang='lat' dir='ltr'><strong>Quod</strong></span> <span class='ocrx_word' id='word_1_48' title='bbox 651 1039 891 1108; x_wconf 87' lang='lat' dir='ltr'><strong>plerique</strong></span> <span class='ocrx_word' id='word_1_49' title='bbox 928 1036 1232 1106; x_wconf 88' lang='lat' dir='ltr'><strong>priscorum</strong></span> <span class='ocrx_word' id='word_1_50' title='bbox 1302 1033 1555 1090; x_wconf 80' lang='lat' dir='ltr'><strong>Ecclesiae</strong></span> <span class='ocrx_word' id='word_1_51' title='bbox 1605 1032 1932 1101; x_wconf 90' lang='lat' dir='ltr'><strong>scriptorum</strong></span> 
     </span>
    </p>
   </div>
   <div class='ocr_carea' id='block_1_10' title="bbox 368 1123 1930 1187">
    <p class='ocr_par' dir='ltr' id='par_1_10' title="bbox 368 1123 1930 1187">
     <span class='ocr_line' id='line_1_10' title="bbox 368 1123 1930 1187; baseline -0.004 -5"><span class='ocrx_word' id='word_1_52' title='bbox 368 1129 598 1183; x_wconf 88' lang='lat' dir='ltr'><strong>tradunt</strong></span> <span class='ocrx_word' id='word_1_53' title='bbox 617 1129 692 1184; x_wconf 83' lang='lat' dir='ltr'><strong>&#39;de</strong></span> <span class='ocrx_word' id='word_1_54' title='bbox 721 1129 1079 1184; x_wconf 81' lang='lat' dir='ltr'><strong>conventibus</strong></span> <span class='ocrx_word' id='word_1_55' title='bbox 1121 1126 1560 1182; x_wconf 87' lang='lat' dir='ltr'><strong>Christianorum</strong></span> <span class='ocrx_word' id='word_1_56' title='bbox 1597 1126 1651 1178; x_wconf 89' lang='lat' dir='ltr'><strong>in</strong></span> <span class='ocrx_word' id='word_1_57' title='bbox 1676 1123 1930 1187; x_wconf 85' lang='lat' dir='ltr'><strong>ecclesia,</strong></span> 
     </span>
    </p>
   </div>
   <div class='ocr_carea' id='block_1_11' title="bbox 371 1215 1934 1286">
    <p class='ocr_par' dir='ltr' id='par_1_11' title="bbox 371 1215 1934 1286">
     <span class='ocr_line' id='line_1_11' title="bbox 371 1215 1934 1286; baseline -0.003 -14"><span class='ocrx_word' id='word_1_58' title='bbox 371 1219 648 1276; x_wconf 84' lang='lat' dir='ltr'><strong>Dominica</strong></span> <span class='ocrx_word' id='word_1_59' title='bbox 679 1221 765 1276; x_wconf 91' lang='lat' dir='ltr'><strong>die</strong></span> <span class='ocrx_word' id='word_1_60' title='bbox 785 1220 1046 1275; x_wconf 89' lang='lat' dir='ltr'><strong>celebrari</strong></span> <span class='ocrx_word' id='word_1_61' title='bbox 1078 1218 1276 1281; x_wconf 84' lang='lat' dir='ltr'><strong>solitis,</strong></span> <span class='ocrx_word' id='word_1_62' title='bbox 1308 1218 1482 1286; x_wconf 83' lang='lat' dir='ltr'><strong>deque</strong></span> <span class='ocrx_word' id='word_1_63' title='bbox 1517 1217 1659 1272; x_wconf 90' lang='lat' dir='ltr'><strong>sacri</strong></span> <span class='ocrx_word' id='word_1_64' title='bbox 1688 1215 1934 1284; x_wconf 90' lang='lat' dir='ltr'><strong>corporis</strong></span> 
     </span>
    </p>
   </div>
   <div class='ocr_carea' id='block_1_12' title="bbox 370 1309 1932 1378">
    <p class='ocr_par' dir='ltr' id='par_1_12' title="bbox 370 1309 1932 1378">
     <span class='ocr_line' id='line_1_12' title="bbox 370 1309 1932 1378; baseline -0.003 -10"><span class='ocrx_word' id='word_1_65' title='bbox 370 1314 572 1368; x_wconf 88' lang='lat' dir='ltr'><strong>Christi</strong></span> <span class='ocrx_word' id='word_1_66' title='bbox 594 1314 794 1369; x_wconf 87' lang='lat' dir='ltr'><strong>ibidem</strong></span> <span class='ocrx_word' id='word_1_67' title='bbox 819 1314 1019 1368; x_wconf 88' lang='lat' dir='ltr'><strong>usitata</strong></span> <span class='ocrx_word' id='word_1_68' title='bbox 1069 1314 1441 1378; x_wconf 88' lang='lat' dir='ltr'><strong>comestione;</strong></span> <span class='ocrx_word' id='word_1_69' title='bbox 1500 1311 1552 1366; x_wconf 94' lang='lat' dir='ltr'><strong>id</strong></span> <span class='ocrx_word' id='word_1_70' title='bbox 1585 1309 1850 1365; x_wconf 84' lang='lat' dir='ltr'><strong>Eusebius</strong></span> <span class='ocrx_word' id='word_1_71' title='bbox 1880 1309 1932 1363; x_wconf 74' lang='lat' dir='ltr'><strong>ii</strong></span> 
     </span>
    </p>
   </div>
   <div class='ocr_carea' id='block_1_13' title="bbox 369 1402 1935 1460">
    <p class='ocr_par' dir='ltr' id='par_1_13' title="bbox 369 1402 1935 1460">
     <span class='ocr_line' id='line_1_13' title="bbox 369 1402 1935 1460; baseline -0.003 0"><span class='ocrx_word' id='word_1_72' title='bbox 369 1405 536 1460; x_wconf 86' lang='lat' dir='ltr'><strong>variis</strong></span> <span class='ocrx_word' id='word_1_73' title='bbox 567 1403 759 1458; x_wconf 91' lang='lat' dir='ltr'><strong>horum</strong></span> <span class='ocrx_word' id='word_1_74' title='bbox 791 1405 1308 1460; x_wconf 86' lang='lat' dir='ltr'><strong>commentariorum</strong></span> <span class='ocrx_word' id='word_1_75' title='bbox 1335 1403 1472 1458; x_wconf 88' lang='lat' dir='ltr'><strong>locis</strong></span> <span class='ocrx_word' id='word_1_76' title='bbox 1505 1417 1604 1456; x_wconf 90' lang='lat' dir='ltr'><strong>nec</strong></span> <span class='ocrx_word' id='word_1_77' title='bbox 1638 1402 1816 1457; x_wconf 85' lang='lat' dir='ltr'><strong>obiter</strong></span> <span class='ocrx_word' id='word_1_78' title='bbox 1841 1416 1935 1456; x_wconf 79' lang='lat' dir='ltr'><strong>ex-</strong></span> 
     </span>
    </p>
   </div>
   <div class='ocr_carea' id='block_1_14' title="bbox 369 1494 1935 1567">
    <p class='ocr_par' dir='ltr' id='par_1_14' title="bbox 369 1494 1935 1567">
     <span class='ocr_line' id='line_1_14' title="bbox 369 1494 1935 1567; baseline 0.001 -19"><span class='ocrx_word' id='word_1_79' title='bbox 369 1496 554 1565; x_wconf 89' lang='lat' dir='ltr'><strong>plicat.</strong></span> <span class='ocrx_word' id='word_1_80' title='bbox 592 1495 650 1551; x_wconf 84' lang='lat' dir='ltr'><strong>in</strong></span> <span class='ocrx_word' id='word_1_81' title='bbox 677 1512 828 1551; x_wconf 87' lang='lat' dir='ltr'><strong>more</strong></span> <span class='ocrx_word' id='word_1_82' title='bbox 877 1496 1078 1567; x_wconf 87' lang='lat' dir='ltr'><strong>quippe</strong></span> <span class='ocrx_word' id='word_1_83' title='bbox 1110 1505 1242 1552; x_wconf 89' lang='lat' dir='ltr'><strong>tunc</strong></span> <span class='ocrx_word' id='word_1_84' title='bbox 1274 1504 1412 1560; x_wconf 88' lang='lat' dir='ltr'><strong>erat,</strong></span> <span class='ocrx_word' id='word_1_85' title='bbox 1447 1505 1505 1551; x_wconf 90' lang='lat' dir='ltr'><strong>ut</strong></span> <span class='ocrx_word' id='word_1_86' title='bbox 1544 1494 1824 1549; x_wconf 89' lang='lat' dir='ltr'><strong>Dominica</strong></span> <span class='ocrx_word' id='word_1_87' title='bbox 1847 1495 1935 1550; x_wconf 85' lang='lat' dir='ltr'><strong>die</strong></span> 
     </span>
    </p>
   </div>
   <div class='ocr_carea' id='block_1_15' title="bbox 367 1587 1932 1646">
    <p class='ocr_par' dir='ltr' id='par_1_15' title="bbox 367 1587 1932 1646">
     <span class='ocr_line' id='line_1_15' title="bbox 367 1587 1932 1646; baseline 0 -5"><span class='ocrx_word' id='word_1_88' title='bbox 367 1587 668 1644; x_wconf 85' lang='lat' dir='ltr'><strong>Christiani</strong></span> <span class='ocrx_word' id='word_1_89' title='bbox 694 1604 884 1646; x_wconf 91' lang='lat' dir='ltr'><strong>omnes</strong></span> <span class='ocrx_word' id='word_1_90' title='bbox 914 1597 1164 1644; x_wconf 82' lang='lat' dir='ltr'><strong>exortum</strong></span> <span class='ocrx_word' id='word_1_91' title='bbox 1193 1588 1324 1645; x_wconf 91' lang='lat' dir='ltr'><strong>solis</strong></span> <span class='ocrx_word' id='word_1_92' title='bbox 1342 1594 1747 1643; x_wconf 89' lang='lat' dir='ltr'><strong>anteverterent</strong></span> <span class='ocrx_word' id='word_1_93' title='bbox 1771 1594 1824 1642; x_wconf 90' lang='lat' dir='ltr'><strong>et</strong></span> <span class='ocrx_word' id='word_1_94' title='bbox 1867 1587 1932 1641; x_wconf 88' lang='lat' dir='ltr'><strong>ad</strong></span> 
     </span>
    </p>
   </div>
   <div class='ocr_carea' id='block_1_16' title="bbox 372 1679 1935 1751">
    <p class='ocr_par' dir='ltr' id='par_1_16' title="bbox 372 1679 1935 1751">
     <span class='ocr_line' id='line_1_16' title="bbox 372 1679 1935 1751; baseline 0 -19"><span class='ocrx_word' id='word_1_95' title='bbox 372 1680 664 1735; x_wconf 83' lang='lat' dir='ltr'><strong>ecclesiam</strong></span> <span class='ocrx_word' id='word_1_96' title='bbox 719 1686 1096 1751; x_wconf 85' lang='lat' dir='ltr'><strong>properarent,</strong></span> <span class='ocrx_word' id='word_1_97' title='bbox 1154 1679 1247 1735; x_wconf 90' lang='lat' dir='ltr'><strong>ubi</strong></span> <span class='ocrx_word' id='word_1_98' title='bbox 1301 1679 1597 1733; x_wconf 85' lang='lat' dir='ltr'><strong>matutinos</strong></span> <span class='ocrx_word' id='word_1_99' title='bbox 1635 1685 1935 1734; x_wconf 86' lang='lat' dir='ltr'><strong>conventus</strong></span> 
     </span>
    </p>
   </div>
   <div class='ocr_carea' id='block_1_17' title="bbox 366 1767 1937 1835">
    <p class='ocr_par' dir='ltr' id='par_1_17' title="bbox 366 1767 1937 1835">
     <span class='ocr_line' id='line_1_17' title="bbox 366 1767 1937 1835; baseline -0.003 -7"><span class='ocrx_word' id='word_1_100' title='bbox 366 1773 648 1828; x_wconf 80' lang='lat' dir='ltr'><strong>exoriente</strong></span> <span class='ocrx_word' id='word_1_101' title='bbox 676 1773 798 1827; x_wconf 90' lang='lat' dir='ltr'><strong>luce</strong></span> <span class='ocrx_word' id='word_1_102' title='bbox 851 1786 960 1826; x_wconf 91' lang='lat' dir='ltr'><strong>una</strong></span> <span class='ocrx_word' id='word_1_103' title='bbox 1015 1772 1190 1826; x_wconf 83' lang='lat' dir='ltr'><strong>coacti</strong></span> <span class='ocrx_word' id='word_1_104' title='bbox 1252 1769 1741 1835; x_wconf 89' lang='lat' dir='ltr'><strong>celebrabant;ut,</strong></span> <span class='ocrx_word' id='word_1_105' title='bbox 1767 1769 1822 1822; x_wconf 92' lang='lat' dir='ltr'><strong>in</strong></span> <span class='ocrx_word' id='word_1_106' title='bbox 1850 1767 1937 1824; x_wconf 85' lang='lat' dir='ltr'><strong>die</strong></span> 
     </span>
    </p>
   </div>
   <div class='ocr_carea' id='block_1_18' title="bbox 367 1859 1936 1925">
    <p class='ocr_par' dir='ltr' id='par_1_18' title="bbox 367 1859 1936 1925">
     <span class='ocr_line' id='line_1_18' title="bbox 367 1859 1936 1925; baseline -0.004 -5"><span class='ocrx_word' id='word_1_107' title='bbox 367 1865 757 1922; x_wconf 88' lang='lat' dir='ltr'><strong>resurrectioni</strong></span> <span class='ocrx_word' id='word_1_108' title='bbox 811 1864 1028 1920; x_wconf 84' lang='lat' dir='ltr'><strong>Domini</strong></span> <span class='ocrx_word' id='word_1_109' title='bbox 1062 1868 1406 1925; x_wconf 88' lang='lat' dir='ltr'><strong>consecrata,</strong></span> <span class='ocrx_word' id='word_1_110' title='bbox 1453 1876 1612 1917; x_wconf 89' lang='lat' dir='ltr'><strong>sacro</strong></span> <span class='ocrx_word' id='word_1_111' title='bbox 1669 1859 1936 1915; x_wconf 89' lang='lat' dir='ltr'><strong>Dominici</strong></span> 
     </span>
    </p>
   </div>
   <div class='ocr_carea' id='block_1_19' title="bbox 364 1951 1938 2030">
    <p class='ocr_par' dir='ltr' id='par_1_19' title="bbox 364 1951 1938 2030">
     <span class='ocr_line' id='line_1_19' title="bbox 364 1951 1938 2030; baseline -0.006 -16"><span class='ocrx_word' id='word_1_112' title='bbox 364 1959 616 2030; x_wconf 84' lang='lat' dir='ltr'><strong>corporis</strong></span> <span class='ocrx_word' id='word_1_113' title='bbox 641 1959 767 2014; x_wconf 91' lang='lat' dir='ltr'><strong>cibo</strong></span> <span class='ocrx_word' id='word_1_114' title='bbox 799 1956 991 2012; x_wconf 78' lang='lat' dir='ltr'><strong>refecti</strong></span> <span class='ocrx_word' id='word_1_115' title='bbox 1016 1997 1030 2021; x_wconf 93' lang='lat'><strong>,</strong></span> <span class='ocrx_word' id='word_1_116' title='bbox 1076 1955 1271 2025; x_wconf 85' lang='lat' dir='ltr'><strong>pignus</strong></span> <span class='ocrx_word' id='word_1_117' title='bbox 1306 1952 1500 2007; x_wconf 79' lang='lat' dir='ltr'><strong>futurae</strong></span> <span class='ocrx_word' id='word_1_118' title='bbox 1514 1961 1568 2008; x_wconf 91' lang='lat' dir='ltr'><strong>et</strong></span> <span class='ocrx_word' id='word_1_119' title='bbox 1605 1952 1856 2024; x_wconf 69' lang='lat' dir='ltr'><strong>gloriosae</strong></span> <span class='ocrx_word' id='word_1_120' title='bbox 1883 1951 1938 2005; x_wconf 91' lang='lat' dir='ltr'><strong>in</strong></span> 
     </span>
    </p>
   </div>
   <div class='ocr_carea' id='block_1_20' title="bbox 368 2047 1940 2115">
    <p class='ocr_par' dir='ltr' id='par_1_20' title="bbox 368 2047 1940 2115">
     <span class='ocr_line' id='line_1_20' title="bbox 368 2047 1940 2115; baseline -0.005 -11"><span class='ocrx_word' id='word_1_121' title='bbox 368 2065 535 2104; x_wconf 84' lang='lat' dir='ltr'><strong>carne</strong></span> <span class='ocrx_word' id='word_1_122' title='bbox 560 2047 985 2104; x_wconf 88' lang='lat' dir='ltr'><strong>resurrectionis</strong></span> <span class='ocrx_word' id='word_1_123' title='bbox 1031 2048 1380 2115; x_wconf 89' lang='lat' dir='ltr'><strong>acciperent:</strong></span> <span class='ocrx_word' id='word_1_124' title='bbox 1429 2059 1642 2114; x_wconf 86' lang='lat' dir='ltr'><strong>unoque</strong></span> <span class='ocrx_word' id='word_1_125' title='bbox 1673 2050 1940 2099; x_wconf 91' lang='lat' dir='ltr'><strong>concentu</strong></span> 
     </span>
    </p>
   </div>
   <div class='ocr_carea' id='block_1_21' title="bbox 374 2138 1940 2208">
    <p class='ocr_par' dir='ltr' id='par_1_21' title="bbox 374 2138 1940 2208">
     <span class='ocr_line' id='line_1_21' title="bbox 374 2138 1940 2208; baseline -0.002 -12"><span class='ocrx_word' id='word_1_126' title='bbox 374 2142 544 2197; x_wconf 88' lang='lat' dir='ltr'><strong>Deum</strong></span> <span class='ocrx_word' id='word_1_127' title='bbox 576 2148 629 2198; x_wconf 90' lang='lat' dir='ltr'><strong>et</strong></span> <span class='ocrx_word' id='word_1_128' title='bbox 655 2141 933 2196; x_wconf 84' lang='lat' dir='ltr'><strong>Christum</strong></span> <span class='ocrx_word' id='word_1_129' title='bbox 985 2140 1344 2200; x_wconf 88' lang='lat' dir='ltr'><strong>celebrarent,</strong></span> <span class='ocrx_word' id='word_1_130' title='bbox 1372 2154 1470 2207; x_wconf 91' lang='lat' dir='ltr'><strong>pro</strong></span> <span class='ocrx_word' id='word_1_131' title='bbox 1504 2138 1662 2192; x_wconf 85' lang='lat' dir='ltr'><strong>bonis</strong></span> <span class='ocrx_word' id='word_1_132' title='bbox 1704 2139 1940 2208; x_wconf 84' lang='lat' dir='ltr'><strong>acceptis</strong></span> 
     </span>
    </p>
   </div>
   <div class='ocr_carea' id='block_1_22' title="bbox 375 2227 1938 2301">
    <p class='ocr_par' dir='ltr' id='par_1_22' title="bbox 375 2227 1938 2301">
     <span class='ocr_line' id='line_1_22' title="bbox 375 2227 1938 2301; baseline -0.001 -17"><span class='ocrx_word' id='word_1_133' title='bbox 375 2231 584 2301; x_wconf 76' lang='lat' dir='ltr'><strong>gratias</strong></span> <span class='ocrx_word' id='word_1_134' title='bbox 640 2237 882 2300; x_wconf 76' lang='lat' dir='ltr'><strong>agerent,</strong></span> <span class='ocrx_word' id='word_1_135' title='bbox 935 2244 1033 2298; x_wconf 93' lang='lat' dir='ltr'><strong>pro</strong></span> <span class='ocrx_word' id='word_1_136' title='bbox 1082 2227 1408 2283; x_wconf 87' lang='lat' dir='ltr'><strong>necessariis</strong></span> <span class='ocrx_word' id='word_1_137' title='bbox 1438 2237 1549 2280; x_wconf 89' lang='lat' dir='ltr'><strong>tum</strong></span> <span class='ocrx_word' id='word_1_138' title='bbox 1595 2227 1789 2282; x_wconf 78' lang='lat' dir='ltr'><strong>animae</strong></span> <span class='ocrx_word' id='word_1_139' title='bbox 1825 2237 1938 2282; x_wconf 90' lang='lat' dir='ltr'><strong>tum</strong></span> 
     </span>
    </p>
   </div>
   <div class='ocr_carea' id='block_1_23' title="bbox 371 2318 1940 2390">
    <p class='ocr_par' dir='ltr' id='par_1_23' title="bbox 371 2318 1940 2390">
     <span class='ocr_line' id='line_1_23' title="bbox 371 2318 1940 2390; baseline -0.001 -14"><span class='ocrx_word' id='word_1_140' title='bbox 371 2322 608 2382; x_wconf 85' lang='lat' dir='ltr'><strong>corpori.</strong></span> <span class='ocrx_word' id='word_1_141' title='bbox 650 2321 819 2375; x_wconf 90' lang='lat' dir='ltr'><strong>Deum</strong></span> <span class='ocrx_word' id='word_1_142' title='bbox 878 2320 1077 2375; x_wconf 79' lang='lat' dir='ltr'><strong>obnixe</strong></span> <span class='ocrx_word' id='word_1_143' title='bbox 1127 2326 1502 2390; x_wconf 85' lang='lat' dir='ltr'><strong>precarentur.</strong></span> <span class='ocrx_word' id='word_1_144' title='bbox 1537 2318 1610 2372; x_wconf 87' lang='lat' dir='ltr'><strong>De</strong></span> <span class='ocrx_word' id='word_1_145' title='bbox 1643 2318 1728 2373; x_wconf 85' lang='lat' dir='ltr'><strong>liis</strong></span> <span class='ocrx_word' id='word_1_146' title='bbox 1759 2319 1940 2389; x_wconf 84' lang='lat' dir='ltr'><strong>itaque</strong></span> 
     </span>
    </p>
   </div>
   <div class='ocr_carea' id='block_1_24' title="bbox 367 2403 1932 2470">
    <p class='ocr_par' dir='ltr' id='par_1_24' title="bbox 367 2403 1932 2470">
     <span class='ocr_line' id='line_1_24' title="bbox 367 2403 1932 2470; baseline -0.008 -4"><span class='ocrx_word' id='word_1_147' title='bbox 367 2414 731 2466; x_wconf 85' lang='lat' dir='ltr'><strong>conventibus</strong></span> <span class='ocrx_word' id='word_1_148' title='bbox 788 2412 900 2464; x_wconf 73' lang='lat' dir='ltr'><strong>haec</strong></span> <span class='ocrx_word' id='word_1_149' title='bbox 952 2409 1114 2462; x_wconf 88' lang='lat' dir='ltr'><strong>habet</strong></span> <span class='ocrx_word' id='word_1_150' title='bbox 1163 2405 1427 2460; x_wconf 85' lang='lat' dir='ltr'><strong>Eusebius</strong></span> <span class='ocrx_word' id='word_1_151' title='bbox 1494 2403 1547 2456; x_wconf 91' lang='lat' dir='ltr'><strong>in</strong></span> <span class='ocrx_word' id='word_1_152' title='bbox 1611 2405 1744 2470; x_wconf 79' lang='lat' dir='ltr'><strong>psal.</strong></span> <span class='ocrx_word' id='word_1_153' title='bbox 1802 2415 1932 2463; x_wconf 72' lang='lat' dir='ltr'><strong>ut,</strong></span> 
     </span>
    </p>
   </div>
   <div class='ocr_carea' id='block_1_25' title="bbox 362 2497 1932 2562">
    <p class='ocr_par' dir='ltr' id='par_1_25' title="bbox 362 2497 1932 2562">
     <span class='ocr_line' id='line_1_25' title="bbox 362 2497 1932 2562; baseline -0.007 -2"><span class='ocrx_word' id='word_1_154' title='bbox 362 2522 506 2562; x_wconf 83' lang='lat' dir='ltr'><strong>vers.</strong></span> <span class='ocrx_word' id='word_1_155' title='bbox 551 2505 620 2560; x_wconf 78' lang='lat'><strong>50</strong></span> <span class='ocrx_word' id='word_1_156' title='bbox 665 2522 730 2558; x_wconf 71' lang='grc' dir='ltr'><strong>τι</strong></span> <span class='ocrx_word' id='word_1_157' title='bbox 779 2501 1229 2555; x_wconf 80' lang='lat' dir='ltr'><strong>Manducaverunt</strong></span> <span class='ocrx_word' id='word_1_158' title='bbox 1272 2507 1321 2551; x_wconf 88' lang='lat' dir='ltr'><strong>et</strong></span> <span class='ocrx_word' id='word_1_159' title='bbox 1361 2497 1709 2550; x_wconf 86' lang='lat' dir='ltr'><strong>adoraverunt</strong></span> <span class='ocrx_word' id='word_1_160' title='bbox 1759 2508 1932 2549; x_wconf 82' lang='lat' dir='ltr'><strong>omnes</strong></span> 
     </span>
    </p>
   </div>
   <div class='ocr_carea' id='block_1_26' title="bbox 363 2581 1935 2667">
    <p class='ocr_par' dir='ltr' id='par_1_26' title="bbox 363 2581 1935 2667">
     <span class='ocr_line' id='line_1_26' title="bbox 363 2581 1935 2667; baseline -0.008 -17"><span class='ocrx_word' id='word_1_161' title='bbox 363 2598 580 2667; x_wconf 82' lang='lat' dir='ltr'><strong>pingues</strong></span> <span class='ocrx_word' id='word_1_162' title='bbox 611 2605 782 2658; x_wconf 72' lang='lat' dir='ltr'><strong>terrm,</strong></span> <span class='ocrx_word' id='word_1_163' title='bbox 810 2603 858 2648; x_wconf 92' lang='lat' dir='ltr'><strong>et</strong></span> <span class='ocrx_word' id='word_1_164' title='bbox 885 2595 939 2648; x_wconf 85' lang='lat' dir='ltr'><strong>in</strong></span> <span class='ocrx_word' id='word_1_165' title='bbox 967 2601 1239 2662; x_wconf 77' lang='lat' dir='ltr'><strong>conspectu</strong></span> <span class='ocrx_word' id='word_1_166' title='bbox 1265 2588 1380 2658; x_wconf 81' lang='lat' dir='ltr'><strong>ejus</strong></span> <span class='ocrx_word' id='word_1_167' title='bbox 1401 2586 1608 2650; x_wconf 77' lang='lat' dir='ltr'><strong>cadent,</strong></span> <span class='ocrx_word' id='word_1_168' title='bbox 1628 2593 1733 2640; x_wconf 90' lang='lat' dir='ltr'><strong>etc.</strong></span> <span class='ocrx_word' id='word_1_169' title='bbox 1764 2603 1782 2636; x_wconf 73' lang='grc' dir='ltr'><strong><em>ι</em></strong></span> <span class='ocrx_word' id='word_1_170' title='bbox 1811 2581 1935 2638; x_wconf 79' lang='lat' dir='ltr'><strong>Sin-</strong></span> 
     </span>
    </p>
   </div>
   <div class='ocr_carea' id='block_1_27' title="bbox 367 2676 1941 2751">
    <p class='ocr_par' dir='ltr' id='par_1_27' title="bbox 367 2676 1941 2751">
     <span class='ocr_line' id='line_1_27' title="bbox 367 2676 1941 2751; baseline -0.001 -17"><span class='ocrx_word' id='word_1_171' title='bbox 367 2681 506 2751; x_wconf 82' lang='lat' dir='ltr'><strong>gulis</strong></span> <span class='ocrx_word' id='word_1_172' title='bbox 550 2680 951 2736; x_wconf 74' lang='lat' dir='ltr'><strong>resurrectionis</strong></span> <span class='ocrx_word' id='word_1_173' title='bbox 1002 2678 1299 2734; x_wconf 89' lang='lat' dir='ltr'><strong>Salvatoris</strong></span> <span class='ocrx_word' id='word_1_174' title='bbox 1347 2678 1515 2732; x_wconf 80' lang='lat' dir='ltr'><strong>nostri</strong></span> <span class='ocrx_word' id='word_1_175' title='bbox 1563 2676 1782 2743; x_wconf 87' lang='lat' dir='ltr'><strong>diebus,</strong></span> <span class='ocrx_word' id='word_1_176' title='bbox 1824 2694 1941 2749; x_wconf 71' lang='lat' dir='ltr'><strong>quia</strong></span> 
     </span>
    </p>
   </div>
   <div class='ocr_carea' id='block_1_28' title="bbox 367 2767 1942 2838">
    <p class='ocr_par' dir='ltr' id='par_1_28' title="bbox 367 2767 1942 2838">
     <span class='ocr_line' id='line_1_28' title="bbox 367 2767 1942 2838; baseline -0.003 -14"><span class='ocrx_word' id='word_1_177' title='bbox 367 2770 660 2826; x_wconf 80' lang='lat' dir='ltr'><strong>Dominicce</strong></span> <span class='ocrx_word' id='word_1_178' title='bbox 681 2781 953 2833; x_wconf 89' lang='lat' dir='ltr'><strong>vocantur,</strong></span> <span class='ocrx_word' id='word_1_179' title='bbox 1002 2770 1131 2838; x_wconf 89' lang='lat' dir='ltr'><strong>ipsis</strong></span> <span class='ocrx_word' id='word_1_180' title='bbox 1167 2768 1332 2823; x_wconf 84' lang='lat' dir='ltr'><strong>oculis</strong></span> <span class='ocrx_word' id='word_1_181' title='bbox 1375 2785 1584 2822; x_wconf 87' lang='lat' dir='ltr'><strong>cernere</strong></span> <span class='ocrx_word' id='word_1_182' title='bbox 1622 2778 1707 2821; x_wconf 84' lang='lat' dir='ltr'><strong>est</strong></span> <span class='ocrx_word' id='word_1_183' title='bbox 1744 2783 1829 2822; x_wconf 89' lang='lat' dir='ltr'><strong>eos</strong></span> <span class='ocrx_word' id='word_1_184' title='bbox 1853 2767 1942 2837; x_wconf 85' lang='lat' dir='ltr'><strong>qui</strong></span> 
     </span>
    </p>
   </div>
   <div class='ocr_carea' id='block_1_29' title="bbox 367 2857 1942 2923">
    <p class='ocr_par' dir='ltr' id='par_1_29' title="bbox 367 2857 1942 2923">
     <span class='ocr_line' id='line_1_29' title="bbox 367 2857 1942 2923; baseline -0.005 -5"><span class='ocrx_word' id='word_1_185' title='bbox 367 2879 578 2918; x_wconf 87' lang='lat' dir='ltr'><strong>sacrum</strong></span> <span class='ocrx_word' id='word_1_186' title='bbox 601 2863 772 2916; x_wconf 85' lang='lat' dir='ltr'><strong>cibum</strong></span> <span class='ocrx_word' id='word_1_187' title='bbox 799 2872 848 2916; x_wconf 89' lang='lat' dir='ltr'><strong>et</strong></span> <span class='ocrx_word' id='word_1_188' title='bbox 871 2859 1142 2922; x_wconf 82' lang='lat' dir='ltr'><strong>Salutare,</strong></span> <span class='ocrx_word' id='word_1_189' title='bbox 1189 2859 1242 2912; x_wconf 90' lang='lat' dir='ltr'><strong>id</strong></span> <span class='ocrx_word' id='word_1_190' title='bbox 1285 2868 1363 2912; x_wconf 89' lang='lat' dir='ltr'><strong>est</strong></span> <span class='ocrx_word' id='word_1_191' title='bbox 1407 2857 1702 2913; x_wconf 78' lang='lat' dir='ltr'><strong>Saluatoris</strong></span> <span class='ocrx_word' id='word_1_192' title='bbox 1753 2871 1942 2923; x_wconf 83' lang='lat' dir='ltr'><strong>corpus</strong></span> 
     </span>
    </p>
   </div>
   <div class='ocr_carea' id='block_1_30' title="bbox 368 2949 1942 3022">
    <p class='ocr_par' dir='ltr' id='par_1_30' title="bbox 368 2949 1942 3022">
     <span class='ocr_line' id='line_1_30' title="bbox 368 2949 1942 3022; baseline -0.004 -15"><span class='ocrx_word' id='word_1_193' title='bbox 368 2954 654 3022; x_wconf 87' lang='lat' dir='ltr'><strong>accipiunt,</strong></span> <span class='ocrx_word' id='word_1_194' title='bbox 679 2961 796 3021; x_wconf 88' lang='lat' dir='ltr'><strong>post</strong></span> <span class='ocrx_word' id='word_1_195' title='bbox 817 2953 986 3020; x_wconf 89' lang='lat' dir='ltr'><strong>ipsum</strong></span> <span class='ocrx_word' id='word_1_196' title='bbox 1007 2968 1152 3005; x_wconf 84' lang='lat' dir='ltr'><strong>esum</strong></span> <span class='ocrx_word' id='word_1_197' title='bbox 1172 2951 1369 3019; x_wconf 76' lang='lat' dir='ltr'><strong>viviﬁci</strong></span> <span class='ocrx_word' id='word_1_198' title='bbox 1383 2949 1618 3003; x_wconf 83' lang='lat' dir='ltr'><strong>alimenti</strong></span> <span class='ocrx_word' id='word_1_199' title='bbox 1641 2949 1942 3019; x_wconf 86' lang='lat' dir='ltr'><strong>largitorem</strong></span> 
     </span>
    </p>
   </div>
   <div class='ocr_carea' id='block_1_31' title="bbox 365 3039 1942 3114">
    <p class='ocr_par' dir='ltr' id='par_1_31' title="bbox 365 3039 1942 3114">
     <span class='ocr_line' id='line_1_31' title="bbox 365 3039 1942 3114; baseline -0.003 -15"><span class='ocrx_word' id='word_1_200' title='bbox 365 3056 416 3100; x_wconf 80' lang='lat' dir='ltr'><strong>et</strong></span> <span class='ocrx_word' id='word_1_201' title='bbox 436 3059 676 3114; x_wconf 84' lang='lat' dir='ltr'><strong>promum</strong></span> <span class='ocrx_word' id='word_1_202' title='bbox 697 3043 941 3109; x_wconf 87' lang='lat' dir='ltr'><strong>adorare,</strong></span> <span class='ocrx_word' id='word_1_203' title='bbox 965 3051 1121 3112; x_wconf 88' lang='lat' dir='ltr'><strong>atque</strong></span> <span class='ocrx_word' id='word_1_204' title='bbox 1139 3043 1324 3096; x_wconf 88' lang='lat' dir='ltr'><strong>mirari</strong></span> <span class='ocrx_word' id='word_1_205' title='bbox 1343 3041 1612 3096; x_wconf 83' lang='lat' dir='ltr'><strong>verborum</strong></span> <span class='ocrx_word' id='word_1_206' title='bbox 1633 3039 1942 3110; x_wconf 85' lang='lat' dir='ltr'><strong>hujusmodi</strong></span> 
     </span>
    </p>
   </div>
   <div class='ocr_carea' id='block_1_32' title="bbox 366 3131 1942 3206">
    <p class='ocr_par' dir='ltr' id='par_1_32' title="bbox 366 3131 1942 3206">
     <span class='ocr_line' id='line_1_32' title="bbox 366 3131 1942 3206; baseline -0.003 -16"><span class='ocrx_word' id='word_1_207' title='bbox 366 3143 716 3202; x_wconf 85' lang='lat' dir='ltr'><strong>eventum,.ac</strong></span> <span class='ocrx_word' id='word_1_208' title='bbox 741 3151 796 3188; x_wconf 88' lang='lat' dir='ltr'><strong>re</strong></span> <span class='ocrx_word' id='word_1_209' title='bbox 819 3145 984 3206; x_wconf 85' lang='lat' dir='ltr'><strong>gesta,</strong></span> <span class='ocrx_word' id='word_1_210' title='bbox 1028 3133 1214 3204; x_wconf 87' lang='lat' dir='ltr'><strong>quoad.</strong></span> <span class='ocrx_word' id='word_1_211' title='bbox 1245 3133 1538 3204; x_wconf 84' lang='lat' dir='ltr'><strong>planiorem</strong></span> <span class='ocrx_word' id='word_1_212' title='bbox 1587 3131 1716 3186; x_wconf 81' lang='lat' dir='ltr'><strong>dicti</strong></span> <span class='ocrx_word' id='word_1_213' title='bbox 1735 3141 1942 3186; x_wconf 87' lang='lat' dir='ltr'><strong>senten-</strong></span> 
     </span>
    </p>
   </div>
   <div class='ocr_carea' id='block_1_33' title="bbox 369 3225 1941 3297">
    <p class='ocr_par' dir='ltr' id='par_1_33' title="bbox 369 3225 1941 3297">
     <span class='ocr_line' id='line_1_33' title="bbox 369 3225 1941 3297; baseline -0.002 -15"><span class='ocrx_word' id='word_1_214' title='bbox 369 3229 810 3297; x_wconf 78' lang='lat' dir='ltr'><strong>tiam,impletum</strong></span> <span class='ocrx_word' id='word_1_215' title='bbox 851 3227 1178 3281; x_wconf 81' lang='lat' dir='ltr'><strong>vaticinium.</strong></span> <span class='ocrx_word' id='word_1_216' title='bbox 1206 3225 1337 3292; x_wconf 65' lang='lat' dir='ltr'><strong>Quae</strong></span> <span class='ocrx_word' id='word_1_217' title='bbox 1369 3235 1550 3281; x_wconf 89' lang='lat' dir='ltr'><strong>autem</strong></span> <span class='ocrx_word' id='word_1_218' title='bbox 1576 3225 1723 3293; x_wconf 92' lang='lat' dir='ltr'><strong>quod</strong></span> <span class='ocrx_word' id='word_1_219' title='bbox 1760 3225 1826 3279; x_wconf 90' lang='lat' dir='ltr'><strong>ad</strong></span> <span class='ocrx_word' id='word_1_220' title='bbox 1868 3225 1941 3279; x_wconf 91' lang='lat' dir='ltr'><strong>ri-</strong></span> 
     </span>
    </p>
   </div>
   <div class='ocr_carea' id='block_1_34' title="bbox 366 3316 1942 3384">
    <p class='ocr_par' dir='ltr' id='par_1_34' title="bbox 366 3316 1942 3384">
     <span class='ocr_line' id='line_1_34' title="bbox 366 3316 1942 3384; baseline -0.003 -11"><span class='ocrx_word' id='word_1_221' title='bbox 366 3328 484 3374; x_wconf 86' lang='lat' dir='ltr'><strong>tum</strong></span> <span class='ocrx_word' id='word_1_222' title='bbox 511 3322 833 3376; x_wconf 80' lang='lat' dir='ltr'><strong>exteriorem</strong></span> <span class='ocrx_word' id='word_1_223' title='bbox 873 3318 964 3372; x_wconf 91' lang='lat' dir='ltr'><strong>illa</strong></span> <span class='ocrx_word' id='word_1_224' title='bbox 1004 3317 1252 3372; x_wconf 87' lang='lat' dir='ltr'><strong>adoratio</strong></span> <span class='ocrx_word' id='word_1_225' title='bbox 1302 3326 1469 3382; x_wconf 88' lang='lat' dir='ltr'><strong>esset,</strong></span> <span class='ocrx_word' id='word_1_226' title='bbox 1507 3317 1607 3384; x_wconf 89' lang='lat' dir='ltr'><strong>sic,</strong></span> <span class='ocrx_word' id='word_1_227' title='bbox 1640 3317 1828 3384; x_wconf 88' lang='lat' dir='ltr'><strong>paucis</strong></span> <span class='ocrx_word' id='word_1_228' title='bbox 1857 3316 1942 3370; x_wconf 84' lang='lat' dir='ltr'><strong>in-</strong></span> 
     </span>
    </p>
   </div>
   <div class='ocr_carea' id='block_1_35' title="bbox 368 3407 1943 3482">
    <p class='ocr_par' dir='ltr' id='par_1_35' title="bbox 368 3407 1943 3482">
     <span class='ocr_line' id='line_1_35' title="bbox 368 3407 1943 3482; baseline -0.004 -16"><span class='ocrx_word' id='word_1_229' title='bbox 368 3411 668 3482; x_wconf 87' lang='lat' dir='ltr'><strong>terpositis,</strong></span> <span class='ocrx_word' id='word_1_230' title='bbox 694 3410 932 3481; x_wconf 77' lang='lat' dir='ltr'><strong>explicat</strong></span> <span class='ocrx_word' id='word_1_231' title='bbox 960 3426 974 3462; x_wconf 86' lang='lat'><strong>:</strong></span> <span class='ocrx_word' id='word_1_232' title='bbox 1005 3427 1022 3460; x_wconf 81' lang='grc'>‹</span> <span class='ocrx_word' id='word_1_233' title='bbox 1074 3407 1139 3462; x_wconf 85' lang='lat' dir='ltr'><strong>In</strong></span> <span class='ocrx_word' id='word_1_234' title='bbox 1163 3419 1440 3478; x_wconf 89' lang='lat' dir='ltr'><strong>conspectu</strong></span> <span class='ocrx_word' id='word_1_235' title='bbox 1464 3409 1576 3478; x_wconf 83' lang='lat' dir='ltr'><strong>ejus</strong></span> <span class='ocrx_word' id='word_1_236' title='bbox 1597 3407 1784 3462; x_wconf 87' lang='lat' dir='ltr'><strong>cadent</strong></span> <span class='ocrx_word' id='word_1_237' title='bbox 1830 3425 1943 3461; x_wconf 90' lang='lat' dir='ltr'><strong>om-</strong></span> 
     </span>
    </p>
   </div>
   <div class='ocr_carea' id='block_1_36' title="bbox 367 3497 1941 3573">
    <p class='ocr_par' dir='ltr' id='par_1_36' title="bbox 367 3497 1941 3573">
     <span class='ocr_line' id='line_1_36' title="bbox 367 3497 1941 3573; baseline -0.003 -17"><span class='ocrx_word' id='word_1_238' title='bbox 367 3519 457 3558; x_wconf 82' lang='lat' dir='ltr'><strong>nes</strong></span> <span class='ocrx_word' id='word_1_239' title='bbox 483 3503 571 3573; x_wconf 89' lang='lat' dir='ltr'><strong>qui</strong></span> <span class='ocrx_word' id='word_1_240' title='bbox 593 3501 908 3556; x_wconf 86' lang='lat' dir='ltr'><strong>descendunt</strong></span> <span class='ocrx_word' id='word_1_241' title='bbox 940 3501 1219 3554; x_wconf 63' lang='lat' dir='ltr'><strong>interram</strong></span> <span class='ocrx_word' id='word_1_242' title='bbox 1242 3519 1259 3556; x_wconf 89' lang='lat'><em>:</em></span> <span class='ocrx_word' id='word_1_243' title='bbox 1291 3521 1310 3551; x_wconf 73' lang='grc' dir='ltr'><strong>ι</strong></span> <span class='ocrx_word' id='word_1_244' title='bbox 1334 3516 1429 3569; x_wconf 86' lang='lat' dir='ltr'><strong>pro</strong></span> <span class='ocrx_word' id='word_1_245' title='bbox 1457 3517 1557 3570; x_wconf 90' lang='lat' dir='ltr'><strong>quo</strong></span> <span class='ocrx_word' id='word_1_246' title='bbox 1578 3500 1793 3570; x_wconf 86' lang='lat' dir='ltr'><strong>Aquila,</strong></span> <span class='ocrx_word' id='word_1_247' title='bbox 1823 3519 1839 3548; x_wconf 84' lang='grc'><strong>‹</strong></span> <span class='ocrx_word' id='word_1_248' title='bbox 1877 3497 1941 3552; x_wconf 86' lang='grc' dir='ltr'><em>1η</em></span> 
     </span>
    </p>
   </div>
   <div class='ocr_carea' id='block_1_37' title="bbox 368 3592 1945 3663">
    <p class='ocr_par' dir='ltr' id='par_1_37' title="bbox 368 3592 1945 3663">
     <span class='ocr_line' id='line_1_37' title="bbox 368 3592 1945 3663; baseline -0.004 -13"><span class='ocrx_word' id='word_1_249' title='bbox 368 3596 576 3651; x_wconf 81' lang='lat' dir='ltr'><strong>uultum</strong></span> <span class='ocrx_word' id='word_1_250' title='bbox 595 3595 712 3663; x_wconf 83' lang='lat' dir='ltr'><strong>ejus</strong></span> <span class='ocrx_word' id='word_1_251' title='bbox 746 3594 953 3663; x_wconf 77' lang='lat' dir='ltr'><strong>ﬂectent</strong></span> <span class='ocrx_word' id='word_1_252' title='bbox 978 3610 1032 3648; x_wconf 85' lang='lat' dir='ltr'><strong>se</strong></span> <span class='ocrx_word' id='word_1_253' title='bbox 1058 3609 1235 3648; x_wconf 88' lang='lat' dir='ltr'><strong>omnes</strong></span> <span class='ocrx_word' id='word_1_254' title='bbox 1264 3594 1352 3663; x_wconf 88' lang='lat' dir='ltr'><strong>qui</strong></span> <span class='ocrx_word' id='word_1_255' title='bbox 1393 3592 1711 3646; x_wconf 85' lang='lat' dir='ltr'><strong>descendunt</strong></span> <span class='ocrx_word' id='word_1_256' title='bbox 1753 3592 1806 3644; x_wconf 88' lang='lat' dir='ltr'><strong>in</strong></span> <span class='ocrx_word' id='word_1_257' title='bbox 1834 3593 1945 3660; x_wconf 86' lang='lat' dir='ltr'><strong>pul-</strong></span> 
     </span>
    </p>
   </div>
   <div class='ocr_carea' id='block_1_38' title="bbox 369 3684 1944 3754">
    <p class='ocr_par' dir='ltr' id='par_1_38' title="bbox 369 3684 1944 3754">
     <span class='ocr_line' id='line_1_38' title="bbox 369 3684 1944 3754; baseline -0.003 -12"><span class='ocrx_word' id='word_1_258' title='bbox 369 3703 560 3742; x_wconf 76' lang='lat' dir='ltr'><strong>verem.</strong></span> <span class='ocrx_word' id='word_1_259' title='bbox 592 3685 798 3752; x_wconf 66' lang='lat' dir='ltr'><strong>rQueis</strong></span> <span class='ocrx_word' id='word_1_260' title='bbox 825 3686 1101 3753; x_wconf 70' lang='lat' dir='ltr'><strong>manifeste</strong></span> <span class='ocrx_word' id='word_1_261' title='bbox 1133 3701 1334 3752; x_wconf 86' lang='lat' dir='ltr'><strong>eorum,</strong></span> <span class='ocrx_word' id='word_1_262' title='bbox 1387 3685 1474 3754; x_wconf 86' lang='lat' dir='ltr'><strong>qui</strong></span> <span class='ocrx_word' id='word_1_263' title='bbox 1499 3685 1552 3737; x_wconf 89' lang='lat' dir='ltr'><strong>in</strong></span> <span class='ocrx_word' id='word_1_264' title='bbox 1595 3685 1816 3737; x_wconf 83' lang='lat' dir='ltr'><strong>ecclesia</strong></span> <span class='ocrx_word' id='word_1_265' title='bbox 1851 3684 1944 3738; x_wconf 84' lang='lat' dir='ltr'><strong>Dei</strong></span> 
     </span>
    </p>
   </div>
   <div class='ocr_carea' id='block_1_39' title="bbox 368 3775 1945 3851">
    <p class='ocr_par' dir='ltr' id='par_1_39' title="bbox 368 3775 1945 3851">
     <span class='ocr_line' id='line_1_39' title="bbox 368 3775 1945 3851; baseline -0.004 -15"><span class='ocrx_word' id='word_1_266' title='bbox 368 3796 538 3851; x_wconf 86' lang='lat' dir='ltr'><strong>genua</strong></span> <span class='ocrx_word' id='word_1_267' title='bbox 560 3779 795 3847; x_wconf 80' lang='lat' dir='ltr'><strong>flectunt,</strong></span> <span class='ocrx_word' id='word_1_268' title='bbox 821 3793 1016 3830; x_wconf 88' lang='lat' dir='ltr'><strong>morem</strong></span> <span class='ocrx_word' id='word_1_269' title='bbox 1040 3775 1317 3829; x_wconf 90' lang='lat' dir='ltr'><strong>declarat:</strong></span> <span class='ocrx_word' id='word_1_270' title='bbox 1366 3775 1437 3829; x_wconf 86' lang='lat' dir='ltr'><strong>ibi</strong></span> <span class='ocrx_word' id='word_1_271' title='bbox 1467 3777 1605 3828; x_wconf 87' lang='lat' dir='ltr'><strong>enim</strong></span> <span class='ocrx_word' id='word_1_272' title='bbox 1649 3792 1816 3846; x_wconf 88' lang='lat' dir='ltr'><strong>genua</strong></span> <span class='ocrx_word' id='word_1_273' title='bbox 1850 3777 1945 3845; x_wconf 84' lang='lat' dir='ltr'><strong>ﬂe—</strong></span> 
     </span>
    </p>
   </div>
   <div class='ocr_carea' id='block_1_40' title="bbox 368 3867 1946 3942">
    <p class='ocr_par' dir='ltr' id='par_1_40' title="bbox 368 3867 1946 3942">
     <span class='ocr_line' id='line_1_40' title="bbox 368 3867 1946 3942; baseline -0.005 -12"><span class='ocrx_word' id='word_1_274' title='bbox 368 3883 588 3938; x_wconf 83' lang='lat' dir='ltr'><strong>ctentes,</strong></span> <span class='ocrx_word' id='word_1_275' title='bbox 618 3881 773 3942; x_wconf 89' lang='lat' dir='ltr'><strong>atque</strong></span> <span class='ocrx_word' id='word_1_276' title='bbox 799 3870 1063 3940; x_wconf 78' lang='lat' dir='ltr'><strong>frontibus</strong></span> <span class='ocrx_word' id='word_1_277' title='bbox 1089 3871 1199 3923; x_wconf 84' lang='lat' dir='ltr'><strong>suis</strong></span> <span class='ocrx_word' id='word_1_278' title='bbox 1230 3877 1383 3922; x_wconf 79' lang='lat' dir='ltr'><strong>terra:</strong></span> <span class='ocrx_word' id='word_1_279' title='bbox 1406 3867 1782 3932; x_wconf 85' lang='lat' dir='ltr'><strong>incumbentes,</strong></span> <span class='ocrx_word' id='word_1_280' title='bbox 1810 3868 1946 3922; x_wconf 86' lang='lat' dir='ltr'><strong>hunc</strong></span> 
     </span>
    </p>
   </div>
   <div class='ocr_carea' id='block_1_41' title="bbox 368 3953 1946 4033">
    <p class='ocr_par' dir='ltr' id='par_1_41' title="bbox 368 3953 1946 4033">
     <span class='ocr_line' id='line_1_41' title="bbox 368 3953 1946 4033; baseline -0.006 -13"><span class='ocrx_word' id='word_1_281' title='bbox 368 3962 629 4020; x_wconf 85' lang='lat' dir='ltr'><strong>adorandi</strong></span> <span class='ocrx_word' id='word_1_282' title='bbox 661 3964 822 4016; x_wconf 88' lang='lat' dir='ltr'><strong>ritum</strong></span> <span class='ocrx_word' id='word_1_283' title='bbox 845 3970 1072 4016; x_wconf 85' lang='lat' dir='ltr'><strong>servant.</strong></span> <span class='ocrx_word' id='word_1_284' title='bbox 1117 3960 1204 4012; x_wconf 90' lang='grc' dir='ltr'>Ἐν</span> <span class='ocrx_word' id='word_1_285' title='bbox 1300 3960 1499 4028; x_wconf 74' lang='grc' dir='ltr'>γόνατα</span> <span class='ocrx_word' id='word_1_286' title='bbox 1525 3958 1821 4023; x_wconf 82' lang='grc' dir='ltr'><strong>κλίναντες,</strong></span> <span class='ocrx_word' id='word_1_287' title='bbox 1853 3959 1946 4013; x_wconf 75' lang='grc' dir='ltr'>καὶ</span> 
     </span>
    </p>
   </div>
   <div class='ocr_carea' id='block_1_42' title="bbox 366 4048 1949 4125">
    <p class='ocr_par' dir='ltr' id='par_1_42' title="bbox 366 4048 1949 4125">
     <span class='ocr_line' id='line_1_42' title="bbox 366 4048 1949 4125; baseline -0.003 -19"><span class='ocrx_word' id='word_1_288' title='bbox 366 4053 435 4106; x_wconf 82' lang='grc' dir='ltr'><strong>τὰ</strong></span> <span class='ocrx_word' id='word_1_289' title='bbox 459 4053 681 4125; x_wconf 82' lang='grc' dir='ltr'><strong>μέτωπα</strong></span> <span class='ocrx_word' id='word_1_290' title='bbox 711 4053 789 4115; x_wconf 82' lang='grc' dir='ltr'><strong>εἰς</strong></span> <span class='ocrx_word' id='word_1_291' title='bbox 808 4052 910 4122; x_wconf 82' lang='grc' dir='ltr'><strong>γῆν</strong></span> <span class='ocrx_word' id='word_1_292' title='bbox 929 4049 1255 4120; x_wconf 79' lang='grc' dir='ltr'>ἐρείσαντες,</span> <span class='ocrx_word' id='word_1_293' title='bbox 1273 4049 1458 4102; x_wconf 76' lang='grc' dir='ltr'>τοῦτον</span> <span class='ocrx_word' id='word_1_294' title='bbox 1481 4052 1802 4122; x_wconf 80' lang='grc' dir='ltr'>προσκυνεῖν</span> <span class='ocrx_word' id='word_1_295' title='bbox 1831 4048 1949 4102; x_wconf 84' lang='grc' dir='ltr'><strong>εἰώ-</strong></span> 
     </span>
    </p>
   </div>
   <div class='ocr_carea' id='block_1_43' title="bbox 369 4140 1944 4214">
    <p class='ocr_par' dir='ltr' id='par_1_43' title="bbox 369 4140 1944 4214">
     <span class='ocr_line' id='line_1_43' title="bbox 369 4140 1944 4214; baseline -0.001 -14"><span class='ocrx_word' id='word_1_296' title='bbox 369 4146 494 4200; x_wconf 81' lang='grc' dir='ltr'>θασι</span> <span class='ocrx_word' id='word_1_297' title='bbox 524 4144 615 4197; x_wconf 75' lang='grc' dir='ltr'>τὸν</span> <span class='ocrx_word' id='word_1_298' title='bbox 637 4143 853 4214; x_wconf 86' lang='grc' dir='ltr'><strong>τρόπον.</strong></span> <span class='ocrx_word' id='word_1_299' title='bbox 884 4140 958 4196; x_wconf 90' lang='lat' dir='ltr'><strong>De</strong></span> <span class='ocrx_word' id='word_1_300' title='bbox 986 4140 1268 4195; x_wconf 89' lang='lat' dir='ltr'><strong>matutinis</strong></span> <span class='ocrx_word' id='word_1_301' title='bbox 1292 4141 1422 4194; x_wconf 89' lang='lat' dir='ltr'><strong>item</strong></span> <span class='ocrx_word' id='word_1_302' title='bbox 1442 4140 1797 4196; x_wconf 78' lang='lat' dir='ltr'><strong>conventibus</strong></span> <span class='ocrx_word' id='word_1_303' title='bbox 1813 4145 1944 4212; x_wconf 81' lang='lat' dir='ltr'><strong>agit,</strong></span> 
     </span>
    </p>
   </div>
   <div class='ocr_carea' id='block_1_44' title="bbox 369 4232 1944 4310">
    <p class='ocr_par' dir='ltr' id='par_1_44' title="bbox 369 4232 1944 4310">
     <span class='ocr_line' id='line_1_44' title="bbox 369 4232 1944 4310; baseline -0.003 -16"><span class='ocrx_word' id='word_1_304' title='bbox 369 4238 507 4310; x_wconf 86' lang='lat' dir='ltr'><strong>psal.</strong></span> <span class='ocrx_word' id='word_1_305' title='bbox 527 4251 799 4301; x_wconf 76' lang='lat' dir='ltr'><strong>XLV,Vel&#39;S.</strong></span> <span class='ocrx_word' id='word_1_306' title='bbox 823 4232 938 4298; x_wconf 85' lang='lat' dir='ltr'><strong>6,et</strong></span> <span class='ocrx_word' id='word_1_307' title='bbox 965 4249 1116 4296; x_wconf 85' lang='lat' dir='ltr'><strong>Lvm,</strong></span> <span class='ocrx_word' id='word_1_308' title='bbox 1144 4234 1234 4287; x_wconf 93' lang='lat' dir='ltr'><strong>ubi</strong></span> <span class='ocrx_word' id='word_1_309' title='bbox 1264 4247 1436 4302; x_wconf 80' lang='lat' dir='ltr'><strong>genua</strong></span> <span class='ocrx_word' id='word_1_310' title='bbox 1463 4232 1710 4288; x_wconf 80' lang='lat' dir='ltr'><strong>ﬂectendi</strong></span> <span class='ocrx_word' id='word_1_311' title='bbox 1741 4250 1944 4289; x_wconf 87' lang='lat' dir='ltr'><strong>morem</strong></span> 
     </span>
    </p>
   </div>
   <div class='ocr_carea' id='block_1_45' title="bbox 370 4325 1944 4399">
    <p class='ocr_par' dir='ltr' id='par_1_45' title="bbox 370 4325 1944 4399">
     <span class='ocr_line' id='line_1_45' title="bbox 370 4325 1944 4399; baseline -0.001 -15"><span class='ocrx_word' id='word_1_312' title='bbox 370 4329 816 4399; x_wconf 86' lang='lat' dir='ltr'><strong>antiquissimum</strong></span> <span class='ocrx_word' id='word_1_313' title='bbox 877 4327 1116 4380; x_wconf 87' lang='lat' dir='ltr'><strong>declarat</strong></span> <span class='ocrx_word' id='word_1_314' title='bbox 1150 4342 1161 4377; x_wconf 90' lang='lat'>:</span> <span class='ocrx_word' id='word_1_315' title='bbox 1190 4325 1584 4395; x_wconf 89' lang='lat' dir='ltr'><strong>procumbendi</strong></span> <span class='ocrx_word' id='word_1_316' title='bbox 1633 4326 1762 4381; x_wconf 88' lang='lat' dir='ltr'><strong>item</strong></span> <span class='ocrx_word' id='word_1_317' title='bbox 1810 4343 1944 4382; x_wconf 90' lang='lat' dir='ltr'><strong>con-</strong></span> 
     </span>
    </p>
   </div>
   <div class='ocr_carea' id='block_1_46' title="bbox 370 4417 1942 4488">
    <p class='ocr_par' dir='ltr' id='par_1_46' title="bbox 370 4417 1942 4488">
     <span class='ocr_line' id='line_1_46' title="bbox 370 4417 1942 4488; baseline -0.003 -10"><span class='ocrx_word' id='word_1_318' title='bbox 370 4420 739 4486; x_wconf 85' lang='lat' dir='ltr'><strong>suetudinem,</strong></span> <span class='ocrx_word' id='word_1_319' title='bbox 762 4419 846 4473; x_wconf 87' lang='lat' dir='ltr'><strong>vel</strong></span> <span class='ocrx_word' id='word_1_320' title='bbox 873 4418 1066 4488; x_wconf 84' lang='lat' dir='ltr'><strong>primis</strong></span> <span class='ocrx_word' id='word_1_321' title='bbox 1096 4417 1356 4476; x_wconf 84' lang='lat' dir='ltr'><strong>Ecclesiae</strong></span> <span class='ocrx_word' id='word_1_322' title='bbox 1397 4418 1614 4474; x_wconf 70' lang='lat' dir='ltr'><strong>sazculis</strong></span> <span class='ocrx_word' id='word_1_323' title='bbox 1659 4426 1942 4484; x_wconf 88' lang='lat' dir='ltr'><strong>statutam,</strong></span> 
     </span>
    </p>
   </div>
   <div class='ocr_carea' id='block_1_47' title="bbox 368 4507 1943 4580">
    <p class='ocr_par' dir='ltr' id='par_1_47' title="bbox 368 4507 1943 4580">
     <span class='ocr_line' id='line_1_47' title="bbox 368 4507 1943 4580; baseline -0.004 -12"><span class='ocrx_word' id='word_1_324' title='bbox 368 4513 570 4568; x_wconf 85' lang='lat' dir='ltr'><strong>diserte</strong></span> <span class='ocrx_word' id='word_1_325' title='bbox 595 4511 848 4580; x_wconf 85' lang='lat' dir='ltr'><strong>explicat.</strong></span> <span class='ocrx_word' id='word_1_326' title='bbox 873 4507 954 4562; x_wconf 86' lang='lat' dir='ltr'><strong>Ad</strong></span> <span class='ocrx_word' id='word_1_327' title='bbox 981 4509 1246 4578; x_wconf 89' lang='lat' dir='ltr'><strong>psalmum</strong></span> <span class='ocrx_word' id='word_1_328' title='bbox 1270 4523 1400 4564; x_wconf 89' lang='lat' dir='ltr'><strong>vero</strong></span> <span class='ocrx_word' id='word_1_329' title='bbox 1452 4525 1560 4573; x_wconf 81' lang='lat' dir='ltr'><strong>xei,</strong></span> <span class='ocrx_word' id='word_1_330' title='bbox 1589 4507 1763 4563; x_wconf 82' lang='lat' dir='ltr'><strong>fusius</strong></span> <span class='ocrx_word' id='word_1_331' title='bbox 1783 4523 1943 4563; x_wconf 87' lang='lat' dir='ltr'><strong>enar-</strong></span> 
     </span>
    </p>
   </div>
   <div class='ocr_carea' id='block_1_48' title="bbox 368 4599 1941 4662">
    <p class='ocr_par' dir='ltr' id='par_1_48' title="bbox 368 4599 1941 4662">
     <span class='ocr_line' id='line_1_48' title="bbox 368 4599 1941 4662; baseline -0.006 0"><span class='ocrx_word' id='word_1_332' title='bbox 368 4614 575 4662; x_wconf 83' lang='lat' dir='ltr'><strong>ratcur</strong></span> <span class='ocrx_word' id='word_1_333' title='bbox 599 4603 898 4660; x_wconf 87' lang='lat' dir='ltr'><strong>Christiani</strong></span> <span class='ocrx_word' id='word_1_334' title='bbox 923 4601 1222 4656; x_wconf 84' lang='lat' dir='ltr'><strong>Sabbatum</strong></span> <span class='ocrx_word' id='word_1_335' title='bbox 1243 4600 1297 4653; x_wconf 90' lang='lat' dir='ltr'><strong>in</strong></span> <span class='ocrx_word' id='word_1_336' title='bbox 1329 4599 1665 4656; x_wconf 87' lang='lat' dir='ltr'><strong>Dominicam</strong></span> <span class='ocrx_word' id='word_1_337' title='bbox 1702 4606 1941 4654; x_wconf 90' lang='lat' dir='ltr'><strong>transtu-</strong></span> 
     </span>
    </p>
   </div>
   <div class='ocr_carea' id='block_1_49' title="bbox 367 4691 1940 4768">
    <p class='ocr_par' dir='ltr' id='par_1_49' title="bbox 367 4691 1940 4768">
     <span class='ocr_line' id='line_1_49' title="bbox 367 4691 1940 4768; baseline -0.006 -16"><span class='ocrx_word' id='word_1_338' title='bbox 367 4698 530 4753; x_wconf 90' lang='lat' dir='ltr'><strong>lerint</strong></span> <span class='ocrx_word' id='word_1_339' title='bbox 556 4714 569 4748; x_wconf 92' lang='lat'>:</span> <span class='ocrx_word' id='word_1_340' title='bbox 601 4711 707 4768; x_wconf 88' lang='lat' dir='ltr'><strong>qua</strong></span> <span class='ocrx_word' id='word_1_341' title='bbox 733 4701 944 4749; x_wconf 85' lang='lat' dir='ltr'><strong>ratione</strong></span> <span class='ocrx_word' id='word_1_342' title='bbox 966 4693 1141 4763; x_wconf 91' lang='lat' dir='ltr'><strong>primo</strong></span> <span class='ocrx_word' id='word_1_343' title='bbox 1165 4691 1406 4746; x_wconf 90' lang='lat' dir='ltr'><strong>diluculo</strong></span> <span class='ocrx_word' id='word_1_344' title='bbox 1433 4699 1736 4746; x_wconf 85' lang='lat' dir='ltr'><strong>conventus</strong></span> <span class='ocrx_word' id='word_1_345' title='bbox 1760 4698 1940 4760; x_wconf 80' lang='lat' dir='ltr'><strong>agant,</strong></span> 
     </span>
    </p>
   </div>
   <div class='ocr_carea' id='block_1_50' title="bbox 367 4781 1945 4861">
    <p class='ocr_par' dir='ltr' id='par_1_50' title="bbox 367 4781 1945 4861">
     <span class='ocr_line' id='line_1_50' title="bbox 367 4781 1945 4861; baseline -0.004 -18"><span class='ocrx_word' id='word_1_346' title='bbox 367 4806 536 4861; x_wconf 81' lang='lat' dir='ltr'><strong>panes</strong></span> <span class='ocrx_word' id='word_1_347' title='bbox 566 4786 953 4860; x_wconf 80' lang='lat' dir='ltr'><strong>propositionis</strong></span> <span class='ocrx_word' id='word_1_348' title='bbox 975 4783 1224 4847; x_wconf 76' lang='lat' dir='ltr'><strong>olierant,</strong></span> <span class='ocrx_word' id='word_1_349' title='bbox 1241 4783 1306 4838; x_wconf 89' lang='lat' dir='ltr'><strong>ad</strong></span> <span class='ocrx_word' id='word_1_350' title='bbox 1337 4781 1612 4838; x_wconf 85' lang='lat' dir='ltr'><strong>Orientem</strong></span> <span class='ocrx_word' id='word_1_351' title='bbox 1637 4782 1776 4836; x_wconf 85' lang='lat' dir='ltr'><strong>versi</strong></span> <span class='ocrx_word' id='word_1_352' title='bbox 1820 4797 1945 4852; x_wconf 88' lang='lat' dir='ltr'><strong>pre-</strong></span> 
     </span>
    </p>
   </div>
   <div class='ocr_carea' id='block_1_51' title="bbox 370 4872 1934 4950">
    <p class='ocr_par' dir='ltr' id='par_1_51' title="bbox 370 4872 1934 4950">
     <span class='ocr_line' id='line_1_51' title="bbox 370 4872 1934 4950; baseline -0.007 -16"><span class='ocrx_word' id='word_1_353' title='bbox 370 4890 584 4944; x_wconf 85' lang='lat' dir='ltr'><strong>centur,</strong></span> <span class='ocrx_word' id='word_1_354' title='bbox 612 4881 855 4950; x_wconf 89' lang='lat' dir='ltr'><strong>psalmos</strong></span> <span class='ocrx_word' id='word_1_355' title='bbox 886 4892 994 4930; x_wconf 89' lang='lat' dir='ltr'><strong>una</strong></span> <span class='ocrx_word' id='word_1_356' title='bbox 1048 4873 1416 4928; x_wconf 83' lang='lat' dir='ltr'><strong>multitudinis</strong></span> <span class='ocrx_word' id='word_1_357' title='bbox 1446 4887 1580 4928; x_wconf 87' lang='lat' dir='ltr'><strong>voce</strong></span> <span class='ocrx_word' id='word_1_358' title='bbox 1615 4872 1934 4935; x_wconf 88' lang='lat' dir='ltr'><strong>concinanl,</strong></span> 
     </span>
    </p>
   </div>
   <div class='ocr_carea' id='block_1_52' title="bbox 369 4964 1939 5041">
    <p class='ocr_par' dir='ltr' id='par_1_52' title="bbox 369 4964 1939 5041">
     <span class='ocr_line' id='line_1_52' title="bbox 369 4964 1939 5041; baseline -0.007 -14"><span class='ocrx_word' id='word_1_359' title='bbox 369 4981 424 5027; x_wconf 86' lang='lat' dir='ltr'><strong>et</strong></span> <span class='ocrx_word' id='word_1_360' title='bbox 486 4981 699 5036; x_wconf 49' lang='lat' dir='ltr'><strong>caetera,</strong></span> <span class='ocrx_word' id='word_1_361' title='bbox 749 4987 868 5041; x_wconf 80' lang='lat' dir='ltr'><strong>quae</strong></span> <span class='ocrx_word' id='word_1_362' title='bbox 902 4966 1346 5040; x_wconf 63' lang='grc' dir='ltr'><strong>⁸,μνσδ-ςικωτέρως</strong></span> <span class='ocrx_word' id='word_1_363' title='bbox 1421 4965 1512 5019; x_wconf 92' lang='lat' dir='ltr'><strong>ille</strong></span> <span class='ocrx_word' id='word_1_364' title='bbox 1573 4964 1939 5034; x_wconf 83' lang='lat' dir='ltr'><strong>prosequitur.</strong></span> 
     </span>
    </p>
   </div>
   <div class='ocr_carea' id='block_1_53' title="bbox 370 5055 1944 5116">
    <p class='ocr_par' dir='ltr' id='par_1_53' title="bbox 370 5055 1944 5116">
     <span class='ocr_line' id='line_1_53' title="bbox 370 5055 1944 5116; baseline -0.004 -3"><span class='ocrx_word' id='word_1_365' title='bbox 370 5059 709 5116; x_wconf 85' lang='lat' dir='ltr'><strong>Psalmorum</strong></span> <span class='ocrx_word' id='word_1_366' title='bbox 745 5067 924 5113; x_wconf 89' lang='lat' dir='ltr'><strong>autem</strong></span> <span class='ocrx_word' id='word_1_367' title='bbox 959 5067 1180 5111; x_wconf 87' lang='lat' dir='ltr'><strong>cantum</strong></span> <span class='ocrx_word' id='word_1_368' title='bbox 1230 5057 1285 5110; x_wconf 90' lang='lat' dir='ltr'><strong>in</strong></span> <span class='ocrx_word' id='word_1_369' title='bbox 1315 5055 1570 5109; x_wconf 91' lang='lat' dir='ltr'><strong>omnibus</strong></span> <span class='ocrx_word' id='word_1_370' title='bbox 1589 5055 1828 5109; x_wconf 86' lang='lat' dir='ltr'><strong>universi</strong></span> <span class='ocrx_word' id='word_1_371' title='bbox 1857 5070 1944 5109; x_wconf 92' lang='lat' dir='ltr'><strong>or-</strong></span> 
     </span>
    </p>
   </div>
   <div class='ocr_carea' id='block_1_54' title="bbox 367 5141 1944 5218">
    <p class='ocr_par' dir='ltr' id='par_1_54' title="bbox 367 5141 1944 5218">
     <span class='ocr_line' id='line_1_54' title="bbox 367 5141 1944 5218; baseline -0.004 -11"><span class='ocrx_word' id='word_1_372' title='bbox 367 5153 454 5208; x_wconf 89' lang='lat' dir='ltr'><strong>bis</strong></span> <span class='ocrx_word' id='word_1_373' title='bbox 480 5141 589 5205; x_wconf 85' lang='lat' dir='ltr'><strong>tam</strong></span> <span class='ocrx_word' id='word_1_374' title='bbox 636 5149 946 5204; x_wconf 76' lang='lat' dir='ltr'><strong>Graecorum</strong></span> <span class='ocrx_word' id='word_1_375' title='bbox 979 5163 1141 5218; x_wconf 89' lang='lat' dir='ltr'><strong>quam</strong></span> <span class='ocrx_word' id='word_1_376' title='bbox 1172 5147 1551 5210; x_wconf 88' lang='lat' dir='ltr'><strong>barbarorum,</strong></span> <span class='ocrx_word' id='word_1_377' title='bbox 1585 5146 1832 5202; x_wconf 87' lang='lat' dir='ltr'><strong>ecclesiis</strong></span> <span class='ocrx_word' id='word_1_378' title='bbox 1853 5147 1944 5201; x_wconf 87' lang='lat' dir='ltr'><strong>ob—</strong></span> 
     </span>
    </p>
   </div>
   <div class='ocr_carea' id='block_1_55' title="bbox 369 5237 1410 5307">
    <p class='ocr_par' dir='ltr' id='par_1_55' title="bbox 369 5237 1410 5307">
     <span class='ocr_line' id='line_1_55' title="bbox 369 5237 1410 5307; baseline -0.005 -10"><span class='ocrx_word' id='word_1_379' title='bbox 369 5241 580 5299; x_wconf 86' lang='lat' dir='ltr'><strong>servari</strong></span> <span class='ocrx_word' id='word_1_380' title='bbox 609 5239 939 5295; x_wconf 79' lang='lat' dir='ltr'><strong>testiﬁcatur</strong></span> <span class='ocrx_word' id='word_1_381' title='bbox 973 5238 1084 5301; x_wconf 90' lang='lat' dir='ltr'><strong>ille,</strong></span> <span class='ocrx_word' id='word_1_382' title='bbox 1115 5237 1253 5307; x_wconf 90' lang='lat' dir='ltr'><strong>psal.</strong></span> <span class='ocrx_word' id='word_1_383' title='bbox 1285 5253 1410 5292; x_wconf 76' lang='lat' dir='ltr'><strong>va.</strong></span> 
     </span>
    </p>
   </div>
   <div class='ocr_carea' id='block_1_56' title="bbox 430 5350 1899 5414">
    <p class='ocr_par' dir='ltr' id='par_1_56' title="bbox 430 5350 1899 5414">
     <span class='ocr_line' id='line_1_56' title="bbox 430 5350 1899 5414; baseline -0.004 -6"><span class='ocrx_word' id='word_1_384' title='bbox 430 5358 516 5408; x_wconf 84' lang='lat' dir='ltr'><strong>lli.</strong></span> <span class='ocrx_word' id='word_1_385' title='bbox 541 5359 617 5408; x_wconf 86' lang='lat' dir='ltr'><strong>De</strong></span> <span class='ocrx_word' id='word_1_386' title='bbox 637 5356 870 5406; x_wconf 82' lang='lat' dir='ltr'><strong>adorandi</strong></span> <span class='ocrx_word' id='word_1_387' title='bbox 893 5355 990 5403; x_wconf 88' lang='lat' dir='ltr'><strong>ritu</strong></span> <span class='ocrx_word' id='word_1_388' title='bbox 1014 5353 1064 5402; x_wconf 88' lang='lat' dir='ltr'><strong>in</strong></span> <span class='ocrx_word' id='word_1_389' title='bbox 1087 5354 1299 5402; x_wconf 89' lang='lat' dir='ltr'><strong>ecclesia</strong></span> <span class='ocrx_word' id='word_1_390' title='bbox 1319 5351 1582 5414; x_wconf 79' lang='lat' dir='ltr'><strong>singularis</strong></span> <span class='ocrx_word' id='word_1_391' title='bbox 1603 5350 1804 5401; x_wconf 87' lang='lat' dir='ltr'><strong>Eusebii</strong></span> <span class='ocrx_word' id='word_1_392' title='bbox 1829 5357 1899 5402; x_wconf 78' lang='lat' dir='ltr'><strong>et.</strong></span> 
     </span>
    </p>
   </div>
   <div class='ocr_carea' id='block_1_57' title="bbox 761 5414 1546 5476">
    <p class='ocr_par' dir='ltr' id='par_1_57' title="bbox 761 5414 1546 5476">
     <span class='ocr_line' id='line_1_57' title="bbox 761 5414 1546 5476; baseline -0.004 -11"><span class='ocrx_word' id='word_1_393' title='bbox 761 5414 928 5466; x_wconf 87' lang='lat' dir='ltr'><strong>Basilii</strong></span> <span class='ocrx_word' id='word_1_394' title='bbox 961 5417 1210 5464; x_wconf 87' lang='lat' dir='ltr'><strong>sententia</strong></span> <span class='ocrx_word' id='word_1_395' title='bbox 1237 5415 1546 5476; x_wconf 82' lang='lat' dir='ltr'><strong>explanatur.</strong></span> 
     </span>
    </p>
   </div>
   <div class='ocr_carea' id='block_1_58' title="bbox 441 5496 1942 5572">
    <p class='ocr_par' dir='ltr' id='par_1_58' title="bbox 441 5496 1942 5572">
     <span class='ocr_line' id='line_1_58' title="bbox 441 5496 1942 5572; baseline -0.005 -16"><span class='ocrx_word' id='word_1_396' title='bbox 441 5501 730 5572; x_wconf 85' lang='lat' dir='ltr'><strong>Singulare</strong></span> <span class='ocrx_word' id='word_1_397' title='bbox 753 5514 980 5572; x_wconf 89' lang='lat' dir='ltr'><strong>prorsus</strong></span> <span class='ocrx_word' id='word_1_398' title='bbox 1017 5514 1080 5551; x_wconf 89' lang='lat' dir='ltr'><strong>ac</strong></span> <span class='ocrx_word' id='word_1_399' title='bbox 1103 5496 1512 5566; x_wconf 87' lang='lat' dir='ltr'><strong>ponderandum</strong></span> <span class='ocrx_word' id='word_1_400' title='bbox 1545 5507 1628 5552; x_wconf 90' lang='lat' dir='ltr'><strong>est</strong></span> <span class='ocrx_word' id='word_1_401' title='bbox 1673 5498 1839 5566; x_wconf 79' lang='lat' dir='ltr'><strong>quod</strong></span> <span class='ocrx_word' id='word_1_402' title='bbox 1867 5496 1942 5549; x_wconf 88' lang='lat' dir='ltr'><strong>ait</strong></span> 
     </span>
    </p>
   </div>
   <div class='ocr_carea' id='block_1_59' title="bbox 369 5589 1941 5658">
    <p class='ocr_par' dir='ltr' id='par_1_59' title="bbox 369 5589 1941 5658">
     <span class='ocr_line' id='line_1_59' title="bbox 369 5589 1941 5658; baseline -0.004 -10"><span class='ocrx_word' id='word_1_403' title='bbox 369 5593 661 5658; x_wconf 88' lang='lat' dir='ltr'><strong>Eusebius,</strong></span> <span class='ocrx_word' id='word_1_404' title='bbox 714 5609 820 5647; x_wconf 93' lang='lat' dir='ltr'><strong>non</strong></span> <span class='ocrx_word' id='word_1_405' title='bbox 855 5592 1018 5646; x_wconf 88' lang='lat' dir='ltr'><strong>licere</strong></span> <span class='ocrx_word' id='word_1_406' title='bbox 1059 5597 1212 5644; x_wconf 75' lang='lat' dir='ltr'><strong>extra</strong></span> <span class='ocrx_word' id='word_1_407' title='bbox 1264 5589 1549 5644; x_wconf 85' lang='lat' dir='ltr'><strong>ecclesiam</strong></span> <span class='ocrx_word' id='word_1_408' title='bbox 1592 5590 1762 5645; x_wconf 91' lang='lat' dir='ltr'><strong>Deum</strong></span> <span class='ocrx_word' id='word_1_409' title='bbox 1809 5589 1941 5643; x_wconf 79' lang='lat' dir='ltr'><strong>adu-</strong></span> 
     </span>
    </p>
   </div>
   <div class='ocr_carea' id='block_1_60' title="bbox 371 5681 1941 5756">
    <p class='ocr_par' dir='ltr' id='par_1_60' title="bbox 371 5681 1941 5756">
     <span class='ocr_line' id='line_1_60' title="bbox 371 5681 1941 5756; baseline -0.012 -16"><span class='ocrx_word' id='word_1_410' title='bbox 371 5702 491 5740; x_wconf 86' lang='lat' dir='ltr'><strong>rare</strong></span> <span class='ocrx_word' id='word_1_411' title='bbox 523 5703 535 5737; x_wconf 91' lang='lat'>:</span> <span class='ocrx_word' id='word_1_412' title='bbox 567 5693 624 5739; x_wconf 89' lang='lat' dir='ltr'><strong>ut</strong></span> <span class='ocrx_word' id='word_1_413' title='bbox 650 5685 766 5756; x_wconf 88' lang='lat' dir='ltr'><strong>ipse</strong></span> <span class='ocrx_word' id='word_1_414' title='bbox 789 5683 852 5737; x_wconf 90' lang='lat' dir='ltr'><strong>ad</strong></span> <span class='ocrx_word' id='word_1_415' title='bbox 879 5683 1145 5754; x_wconf 84' lang='lat' dir='ltr'><strong>psalmum</strong></span> <span class='ocrx_word' id='word_1_416' title='bbox 1196 5695 1384 5739; x_wconf 73' lang='lat' dir='ltr'><strong>xxviii.</strong></span> <span class='ocrx_word' id='word_1_417' title='bbox 1419 5681 1505 5736; x_wconf 84' lang='lat' dir='ltr'><strong>liis</strong></span> <span class='ocrx_word' id='word_1_418' title='bbox 1542 5683 1723 5737; x_wconf 86' lang='lat' dir='ltr'><strong>verbis</strong></span> <span class='ocrx_word' id='word_1_419' title='bbox 1764 5698 1941 5737; x_wconf 83' lang='lat' dir='ltr'><strong>enim-</strong></span> 
     </span>
    </p>
   </div>
   <div class='ocr_carea' id='block_1_61' title="bbox 371 5770 1940 5850">
    <p class='ocr_par' dir='ltr' id='par_1_61' title="bbox 371 5770 1940 5850">
     <span class='ocr_line' id='line_1_61' title="bbox 371 5770 1940 5850; baseline -0.003 -18"><span class='ocrx_word' id='word_1_420' title='bbox 371 5779 470 5832; x_wconf 78' lang='lat' dir='ltr'><strong>tiat</strong></span> <span class='ocrx_word' id='word_1_421' title='bbox 503 5801 514 5834; x_wconf 87' lang='lat'>:</span> <span class='ocrx_word' id='word_1_422' title='bbox 549 5778 624 5832; x_wconf 82' lang='grc' dir='ltr'><strong>Οὺ</strong></span> <span class='ocrx_word' id='word_1_423' title='bbox 655 5777 761 5850; x_wconf 75' lang='grc' dir='ltr'>γὰρ</span> <span class='ocrx_word' id='word_1_424' title='bbox 786 5775 890 5843; x_wconf 76' lang='grc' dir='ltr'><strong>ἔξω</strong></span> <span class='ocrx_word' id='word_1_425' title='bbox 913 5775 1008 5846; x_wconf 74' lang='grc' dir='ltr'><strong>τῆς</strong></span> <span class='ocrx_word' id='word_1_426' title='bbox 1036 5770 1331 5843; x_wconf 73' lang='grc' dir='ltr'>ἐκκλησίας</span> <span class='ocrx_word' id='word_1_427' title='bbox 1364 5771 1628 5843; x_wconf 77' lang='grc' dir='ltr'>βούλεται,</span> <span class='ocrx_word' id='word_1_428' title='bbox 1662 5774 1783 5827; x_wconf 71' lang='grc' dir='ltr'>οὐδὲ</span> <span class='ocrx_word' id='word_1_429' title='bbox 1813 5775 1940 5828; x_wconf 80' lang='grc' dir='ltr'>ἁνα-</span> 
     </span>
    </p>
   </div>
   <div class='ocr_carea' id='block_1_62' title="bbox 2036 522 3599 603">
    <p class='ocr_par' dir='ltr' id='par_1_62' title="bbox 2036 522 3599 603">
     <span class='ocr_line' id='line_1_62' title="bbox 2036 522 3599 603; baseline -0.007 -19"><span class='ocrx_word' id='word_1_430' title='bbox 2036 535 2116 594; x_wconf 82' lang='grc' dir='ltr'><strong>εῐς</strong></span> <span class='ocrx_word' id='word_1_431' title='bbox 2135 533 2231 603; x_wconf 75' lang='grc' dir='ltr'><strong>τὴν</strong></span> <span class='ocrx_word' id='word_1_432' title='bbox 2250 531 2540 602; x_wconf 67' lang='grc' dir='ltr'>ἐκκλησίαν</span> <span class='ocrx_word' id='word_1_433' title='bbox 2566 528 2752 594; x_wconf 77' lang='grc' dir='ltr'>αὑτοῦ,</span> <span class='ocrx_word' id='word_1_434' title='bbox 2784 527 2833 582; x_wconf 87' lang='lat' dir='ltr'><strong>id</strong></span> <span class='ocrx_word' id='word_1_435' title='bbox 2856 535 2938 582; x_wconf 81' lang='lat' dir='ltr'><strong>est</strong></span> <span class='ocrx_word' id='word_1_436' title='bbox 2961 545 2973 579; x_wconf 91' lang='lat'>:</span> <span class='ocrx_word' id='word_1_437' title='bbox 3004 523 3121 579; x_wconf 87' lang='lat' dir='ltr'><strong>Non</strong></span> <span class='ocrx_word' id='word_1_438' title='bbox 3146 522 3254 578; x_wconf 79' lang='lat' dir='ltr'><strong>vult</strong></span> <span class='ocrx_word' id='word_1_439' title='bbox 3290 523 3426 576; x_wconf 83' lang='lat' dir='ltr'><strong>enim</strong></span> <span class='ocrx_word' id='word_1_440' title='bbox 3448 532 3599 575; x_wconf 73' lang='lat' dir='ltr'><strong>extra</strong></span> 
     </span>
    </p>
   </div>
   <div class='ocr_carea' id='block_1_63' title="bbox 2034 615 3596 692">
    <p class='ocr_par' dir='ltr' id='par_1_63' title="bbox 2034 615 3596 692">
     <span class='ocr_line' id='line_1_63' title="bbox 2034 615 3596 692; baseline -0.008 -16"><span class='ocrx_word' id='word_1_441' title='bbox 2034 623 2328 685; x_wconf 83' lang='lat' dir='ltr'><strong>ecclesiam,</strong></span> <span class='ocrx_word' id='word_1_442' title='bbox 2349 639 2508 692; x_wconf 89' lang='lat' dir='ltr'><strong>neque</strong></span> <span class='ocrx_word' id='word_1_443' title='bbox 2532 623 2585 675; x_wconf 88' lang='lat' dir='ltr'><strong>in</strong></span> <span class='ocrx_word' id='word_1_444' title='bbox 2627 636 2830 675; x_wconf 86' lang='lat' dir='ltr'><strong>secessu</strong></span> <span class='ocrx_word' id='word_1_445' title='bbox 2872 626 3096 672; x_wconf 83' lang='lat' dir='ltr'><strong>semotas</strong></span> <span class='ocrx_word' id='word_1_446' title='bbox 3143 615 3366 670; x_wconf 89' lang='lat' dir='ltr'><strong>adorare</strong></span> <span class='ocrx_word' id='word_1_447' title='bbox 3393 616 3596 682; x_wconf 81' lang='lat' dir='ltr'><strong>ipsum;</strong></span> 
     </span>
    </p>
   </div>
   <div class='ocr_carea' id='block_1_64' title="bbox 2036 705 3600 782">
    <p class='ocr_par' dir='ltr' id='par_1_64' title="bbox 2036 705 3600 782">
     <span class='ocr_line' id='line_1_64' title="bbox 2036 705 3600 782; baseline -0.008 -14"><span class='ocrx_word' id='word_1_448' title='bbox 2036 715 2125 768; x_wconf 88' lang='lat' dir='ltr'><strong>sed</strong></span> <span class='ocrx_word' id='word_1_449' title='bbox 2147 713 2387 768; x_wconf 79' lang='lat' dir='ltr'><strong>accedere</strong></span> <span class='ocrx_word' id='word_1_450' title='bbox 2399 713 2548 782; x_wconf 87' lang='lat' dir='ltr'><strong>jubet</strong></span> <span class='ocrx_word' id='word_1_451' title='bbox 2601 711 2669 765; x_wconf 87' lang='lat' dir='ltr'><strong>ad</strong></span> <span class='ocrx_word' id='word_1_452' title='bbox 2712 710 2986 765; x_wconf 80' lang='lat' dir='ltr'><strong>ecclesiam</strong></span> <span class='ocrx_word' id='word_1_453' title='bbox 3034 725 3210 762; x_wconf 81' lang='lat' dir='ltr'><strong>suam.</strong></span> <span class='ocrx_word' id='word_1_454' title='bbox 3245 705 3600 774; x_wconf 83' lang='lat' dir='ltr'><strong>ldipsumque</strong></span> 
     </span>
    </p>
   </div>
   <div class='ocr_carea' id='block_1_65' title="bbox 2035 793 3596 869">
    <p class='ocr_par' dir='ltr' id='par_1_65' title="bbox 2035 793 3596 869">
     <span class='ocr_line' id='line_1_65' title="bbox 2035 793 3596 869; baseline -0.006 -9"><span class='ocrx_word' id='word_1_455' title='bbox 2035 807 2480 862; x_wconf 85' lang='lat' dir='ltr'><strong>Basiliushabet</strong></span> <span class='ocrx_word' id='word_1_456' title='bbox 2532 806 2585 858; x_wconf 89' lang='lat' dir='ltr'><strong>in</strong></span> <span class='ocrx_word' id='word_1_457' title='bbox 2653 802 2900 857; x_wconf 87' lang='lat' dir='ltr'><strong>eumdem</strong></span> <span class='ocrx_word' id='word_1_458' title='bbox 2968 801 3256 869; x_wconf 81' lang='lat' dir='ltr'><strong>psalmum,</strong></span> <span class='ocrx_word' id='word_1_459' title='bbox 3287 796 3458 850; x_wconf 89' lang='lat' dir='ltr'><strong>.hom.</strong></span> <span class='ocrx_word' id='word_1_460' title='bbox 3507 793 3596 851; x_wconf 74' lang='lat'><strong>28.</strong></span> 
     </span>
    </p>
   </div>
   <div class='ocr_carea' id='block_1_66' title="bbox 2034 882 3602 969">
    <p class='ocr_par' dir='ltr' id='par_1_66' title="bbox 2034 882 3602 969">
     <span class='ocr_line' id='line_1_66' title="bbox 2034 882 3602 969; baseline -0.013 -15"><span class='ocrx_word' id='word_1_461' title='bbox 2034 916 2087 969; x_wconf 91' lang='lat' dir='ltr'><strong>p.</strong></span> <span class='ocrx_word' id='word_1_462' title='bbox 2113 901 2203 953; x_wconf 74' lang='grc'><strong>181</strong></span> <span class='ocrx_word' id='word_1_463' title='bbox 2243 919 2254 953; x_wconf 90' lang='lat'>:</span> <span class='ocrx_word' id='word_1_464' title='bbox 2292 897 2434 962; x_wconf 82' lang='grc' dir='ltr'><strong>’Έξω</strong></span> <span class='ocrx_word' id='word_1_465' title='bbox 2452 894 2728 963; x_wconf 74' lang='grc' dir='ltr'><strong>τῆςάγίας</strong></span> <span class='ocrx_word' id='word_1_466' title='bbox 2758 892 2924 960; x_wconf 72' lang='grc' dir='ltr'>αὐλῆς</span> <span class='ocrx_word' id='word_1_467' title='bbox 2960 891 3019 943; x_wconf 74' lang='grc' dir='ltr'><strong>οὐ</strong></span> <span class='ocrx_word' id='word_1_468' title='bbox 3047 888 3151 962; x_wconf 72' lang='grc' dir='ltr'><strong>χρὴ</strong></span> <span class='ocrx_word' id='word_1_469' title='bbox 3184 887 3502 959; x_wconf 79' lang='grc' dir='ltr'>προσκυνεῖν</span> <span class='ocrx_word' id='word_1_470' title='bbox 3526 882 3602 953; x_wconf 82' lang='grc' dir='ltr'><strong>τῷ</strong></span> 
     </span>
    </p>
   </div>
   <div class='ocr_carea' id='block_1_67' title="bbox 2034 977 3602 1061">
    <p class='ocr_par' dir='ltr' id='par_1_67' title="bbox 2034 977 3602 1061">
     <span class='ocr_line' id='line_1_67' title="bbox 2034 977 3602 1061; baseline -0.011 -18"><span class='ocrx_word' id='word_1_471' title='bbox 2034 991 2240 1061; x_wconf 78' lang='grc' dir='ltr'>Κυρίῳ,</span> <span class='ocrx_word' id='word_1_472' title='bbox 2284 988 2394 1042; x_wconf 79' lang='grc' dir='ltr'>ἀλλ’</span> <span class='ocrx_word' id='word_1_473' title='bbox 2423 987 2568 1039; x_wconf 77' lang='grc' dir='ltr'>ἔνδον</span> <span class='ocrx_word' id='word_1_474' title='bbox 2615 984 2900 1054; x_wconf 81' lang='grc' dir='ltr'>γενόμενον</span> <span class='ocrx_word' id='word_1_475' title='bbox 2927 998 2939 1032; x_wconf 92' lang='lat'>:</span> <span class='ocrx_word' id='word_1_476' title='bbox 2969 981 3022 1035; x_wconf 88' lang='lat' dir='ltr'><strong>id</strong></span> <span class='ocrx_word' id='word_1_477' title='bbox 3059 987 3142 1034; x_wconf 85' lang='lat' dir='ltr'><strong>est</strong></span> <span class='ocrx_word' id='word_1_478' title='bbox 3186 997 3200 1032; x_wconf 87' lang='lat'><strong>:</strong></span> <span class='ocrx_word' id='word_1_479' title='bbox 3236 977 3357 1030; x_wconf 85' lang='lat' dir='ltr'><strong>Non</strong></span> <span class='ocrx_word' id='word_1_480' title='bbox 3402 983 3602 1043; x_wconf 82' lang='lat' dir='ltr'><strong>oportet</strong></span> 
     </span>
    </p>
   </div>
   <div class='ocr_carea' id='block_1_68' title="bbox 2033 1065 3598 1150">
    <p class='ocr_par' dir='ltr' id='par_1_68' title="bbox 2033 1065 3598 1150">
     <span class='ocr_line' id='line_1_68' title="bbox 2033 1065 3598 1150; baseline -0.012 -17"><span class='ocrx_word' id='word_1_481' title='bbox 2033 1079 2325 1150; x_wconf 86' lang='lat' dir='ltr'><strong>quempiam</strong></span> <span class='ocrx_word' id='word_1_482' title='bbox 2353 1087 2506 1130; x_wconf 78' lang='lat' dir='ltr'><strong>extra</strong></span> <span class='ocrx_word' id='word_1_483' title='bbox 2553 1089 2762 1128; x_wconf 88' lang='lat' dir='ltr'><strong>sacram</strong></span> <span class='ocrx_word' id='word_1_484' title='bbox 2805 1071 2983 1125; x_wconf 88' lang='lat' dir='ltr'><strong>aulam</strong></span> <span class='ocrx_word' id='word_1_485' title='bbox 3031 1067 3254 1122; x_wconf 80' lang='lat' dir='ltr'><strong>adorare</strong></span> <span class='ocrx_word' id='word_1_486' title='bbox 3297 1065 3598 1126; x_wconf 87' lang='lat' dir='ltr'><strong>Dominum,</strong></span> 
     </span>
    </p>
   </div>
   <div class='ocr_carea' id='block_1_69' title="bbox 2034 1159 3606 1239">
    <p class='ocr_par' dir='ltr' id='par_1_69' title="bbox 2034 1159 3606 1239">
     <span class='ocr_line' id='line_1_69' title="bbox 2034 1159 3606 1239; baseline -0.011 -10"><span class='ocrx_word' id='word_1_487' title='bbox 2034 1173 2123 1228; x_wconf 86' lang='lat' dir='ltr'><strong>sed</strong></span> <span class='ocrx_word' id='word_1_488' title='bbox 2153 1173 2293 1224; x_wconf 89' lang='lat' dir='ltr'><strong>intus</strong></span> <span class='ocrx_word' id='word_1_489' title='bbox 2316 1169 2563 1239; x_wconf 83' lang='lat' dir='ltr'><strong>positum.</strong></span> <span class='ocrx_word' id='word_1_490' title='bbox 2590 1166 2658 1219; x_wconf 82' lang='lat' dir='ltr'><strong>At</strong></span> <span class='ocrx_word' id='word_1_491' title='bbox 2687 1181 2847 1220; x_wconf 92' lang='lat' dir='ltr'><strong>nemo</strong></span> <span class='ocrx_word' id='word_1_492' title='bbox 2862 1179 3042 1219; x_wconf 89' lang='lat' dir='ltr'><strong>rerum</strong></span> <span class='ocrx_word' id='word_1_493' title='bbox 3069 1177 3360 1218; x_wconf 84' lang='lat' dir='ltr'><strong>sacrarum</strong></span> <span class='ocrx_word' id='word_1_494' title='bbox 3375 1159 3461 1213; x_wconf 89' lang='lat' dir='ltr'><strong>vel</strong></span> <span class='ocrx_word' id='word_1_495' title='bbox 3490 1173 3606 1212; x_wconf 83' lang='lat' dir='ltr'><strong>me-</strong></span> 
     </span>
    </p>
   </div>
   <div class='ocr_carea' id='block_1_70' title="bbox 2034 1250 3605 1332">
    <p class='ocr_par' dir='ltr' id='par_1_70' title="bbox 2034 1250 3605 1332">
     <span class='ocr_line' id='line_1_70' title="bbox 2034 1250 3605 1332; baseline -0.011 -10"><span class='ocrx_word' id='word_1_496' title='bbox 2034 1264 2292 1322; x_wconf 90' lang='lat' dir='ltr'><strong>diocriter</strong></span> <span class='ocrx_word' id='word_1_497' title='bbox 2321 1262 2526 1332; x_wconf 91' lang='lat' dir='ltr'><strong>peritus</strong></span> <span class='ocrx_word' id='word_1_498' title='bbox 2558 1260 2791 1330; x_wconf 82' lang='lat' dir='ltr'><strong>ignorat,</strong></span> <span class='ocrx_word' id='word_1_499' title='bbox 2819 1259 2958 1311; x_wconf 87' lang='lat' dir='ltr'><strong>hanc</strong></span> <span class='ocrx_word' id='word_1_500' title='bbox 2981 1254 3249 1325; x_wconf 86' lang='lat' dir='ltr'><strong>praecipue</strong></span> <span class='ocrx_word' id='word_1_501' title='bbox 3295 1266 3448 1306; x_wconf 87' lang='lat' dir='ltr'><strong>novae</strong></span> <span class='ocrx_word' id='word_1_502' title='bbox 3469 1250 3605 1318; x_wconf 81' lang='lat' dir='ltr'><strong>legis</strong></span> 
     </span>
    </p>
   </div>
   <div class='ocr_carea' id='block_1_71' title="bbox 2034 1338 3604 1419">
    <p class='ocr_par' dir='ltr' id='par_1_71' title="bbox 2034 1338 3604 1419">
     <span class='ocr_line' id='line_1_71' title="bbox 2034 1338 3604 1419; baseline -0.013 -7"><span class='ocrx_word' id='word_1_503' title='bbox 2034 1366 2319 1419; x_wconf 87' lang='lat' dir='ltr'><strong>tesseram,</strong></span> <span class='ocrx_word' id='word_1_504' title='bbox 2369 1354 2472 1408; x_wconf 90' lang='lat' dir='ltr'><strong>hoc</strong></span> <span class='ocrx_word' id='word_1_505' title='bbox 2527 1352 2858 1413; x_wconf 90' lang='lat' dir='ltr'><strong>institutum,</strong></span> <span class='ocrx_word' id='word_1_506' title='bbox 2895 1347 3039 1400; x_wconf 88' lang='lat' dir='ltr'><strong>hanc</strong></span> <span class='ocrx_word' id='word_1_507' title='bbox 3076 1345 3371 1399; x_wconf 84' lang='lat' dir='ltr'><strong>solemnem</strong></span> <span class='ocrx_word' id='word_1_508' title='bbox 3399 1338 3604 1394; x_wconf 90' lang='lat' dir='ltr'><strong>Christi</strong></span> 
     </span>
    </p>
   </div>
   <div class='ocr_carea' id='block_1_72' title="bbox 2033 1431 3607 1515">
    <p class='ocr_par' dir='ltr' id='par_1_72' title="bbox 2033 1431 3607 1515">
     <span class='ocr_line' id='line_1_72' title="bbox 2033 1431 3607 1515; baseline -0.015 -8"><span class='ocrx_word' id='word_1_509' title='bbox 2033 1449 2335 1507; x_wconf 92' lang='lat' dir='ltr'><strong>doctrinam</strong></span> <span class='ocrx_word' id='word_1_510' title='bbox 2381 1461 2527 1510; x_wconf 88' lang='lat' dir='ltr'><strong>esse,</strong></span> <span class='ocrx_word' id='word_1_511' title='bbox 2568 1443 2712 1515; x_wconf 91' lang='lat' dir='ltr'><strong>quod</strong></span> <span class='ocrx_word' id='word_1_512' title='bbox 2754 1441 2896 1496; x_wconf 91' lang='lat' dir='ltr'><strong>Deus</strong></span> <span class='ocrx_word' id='word_1_513' title='bbox 2944 1440 3142 1509; x_wconf 88' lang='lat' dir='ltr'><strong>ubique</strong></span> <span class='ocrx_word' id='word_1_514' title='bbox 3181 1433 3492 1490; x_wconf 89' lang='lat' dir='ltr'><strong>adorandus</strong></span> <span class='ocrx_word' id='word_1_515' title='bbox 3534 1431 3607 1485; x_wconf 90' lang='lat' dir='ltr'><strong>sit</strong></span> 
     </span>
    </p>
   </div>
   <div class='ocr_carea' id='block_1_73' title="bbox 2035 1521 3608 1610">
    <p class='ocr_par' dir='ltr' id='par_1_73' title="bbox 2035 1521 3608 1610">
     <span class='ocr_line' id='line_1_73' title="bbox 2035 1521 3608 1610; baseline -0.011 -16"><span class='ocrx_word' id='word_1_516' title='bbox 2035 1542 2087 1594; x_wconf 88' lang='lat' dir='ltr'><strong>in</strong></span> <span class='ocrx_word' id='word_1_517' title='bbox 2110 1541 2300 1610; x_wconf 88' lang='lat' dir='ltr'><strong>spiritu</strong></span> <span class='ocrx_word' id='word_1_518' title='bbox 2320 1549 2366 1593; x_wconf 87' lang='lat' dir='ltr'><strong>et</strong></span> <span class='ocrx_word' id='word_1_519' title='bbox 2391 1538 2609 1593; x_wconf 86' lang='lat' dir='ltr'><strong>veritate</strong></span> <span class='ocrx_word' id='word_1_520' title='bbox 2636 1550 2653 1589; x_wconf 89' lang='lat'><strong><em>:</em></strong></span> <span class='ocrx_word' id='word_1_521' title='bbox 2684 1548 2859 1604; x_wconf 87' lang='lat' dir='ltr'><strong>neque</strong></span> <span class='ocrx_word' id='word_1_522' title='bbox 2894 1531 2959 1587; x_wconf 84' lang='lat' dir='ltr'><strong>ad</strong></span> <span class='ocrx_word' id='word_1_523' title='bbox 2989 1545 3106 1586; x_wconf 87' lang='lat' dir='ltr'><strong>eam</strong></span> <span class='ocrx_word' id='word_1_524' title='bbox 3132 1543 3248 1584; x_wconf 88' lang='lat' dir='ltr'><strong>rem</strong></span> <span class='ocrx_word' id='word_1_525' title='bbox 3279 1538 3505 1582; x_wconf 82' lang='lat' dir='ltr'><strong>necesse</strong></span> <span class='ocrx_word' id='word_1_526' title='bbox 3535 1521 3608 1578; x_wconf 84' lang='lat' dir='ltr'><strong>sit</strong></span> 
     </span>
    </p>
   </div>
   <div class='ocr_carea' id='block_1_74' title="bbox 2036 1619 3609 1703">
    <p class='ocr_par' dir='ltr' id='par_1_74' title="bbox 2036 1619 3609 1703">
     <span class='ocr_line' id='line_1_74' title="bbox 2036 1619 3609 1703; baseline -0.011 -16"><span class='ocrx_word' id='word_1_527' title='bbox 2036 1633 2372 1703; x_wconf 83' lang='lat' dir='ltr'><strong>assignatum</strong></span> <span class='ocrx_word' id='word_1_528' title='bbox 2423 1630 2732 1701; x_wconf 87' lang='lat' dir='ltr'><strong>quempiam</strong></span> <span class='ocrx_word' id='word_1_529' title='bbox 2764 1626 2916 1680; x_wconf 89' lang='lat' dir='ltr'><strong>adire.</strong></span> <span class='ocrx_word' id='word_1_530' title='bbox 2955 1625 3174 1690; x_wconf 89' lang='lat' dir='ltr'><strong>locum;</strong></span> <span class='ocrx_word' id='word_1_531' title='bbox 3228 1621 3321 1677; x_wconf 92' lang='lat' dir='ltr'><strong>sed</strong></span> <span class='ocrx_word' id='word_1_532' title='bbox 3373 1619 3609 1689; x_wconf 88' lang='lat' dir='ltr'><strong>quisque</strong></span> 
     </span>
    </p>
   </div>
   <div class='ocr_carea' id='block_1_75' title="bbox 2039 1711 3604 1797">
    <p class='ocr_par' dir='ltr' id='par_1_75' title="bbox 2039 1711 3604 1797">
     <span class='ocr_line' id='line_1_75' title="bbox 2039 1711 3604 1797; baseline -0.012 -17"><span class='ocrx_word' id='word_1_533' title='bbox 2039 1726 2288 1797; x_wconf 90' lang='lat' dir='ltr'><strong>privatim</strong></span> <span class='ocrx_word' id='word_1_534' title='bbox 2311 1727 2458 1779; x_wconf 89' lang='lat' dir='ltr'><strong>hunc</strong></span> <span class='ocrx_word' id='word_1_535' title='bbox 2481 1723 2685 1778; x_wconf 90' lang='lat' dir='ltr'><strong>cultum</strong></span> <span class='ocrx_word' id='word_1_536' title='bbox 2732 1720 3040 1791; x_wconf 89' lang='lat' dir='ltr'><strong>persolvere</strong></span> <span class='ocrx_word' id='word_1_537' title='bbox 3069 1717 3242 1788; x_wconf 90' lang='lat' dir='ltr'><strong>possit</strong></span> <span class='ocrx_word' id='word_1_538' title='bbox 3291 1729 3352 1767; x_wconf 89' lang='lat' dir='ltr'><strong>ac</strong></span> <span class='ocrx_word' id='word_1_539' title='bbox 3392 1711 3604 1766; x_wconf 88' lang='lat' dir='ltr'><strong>debeat.</strong></span> 
     </span>
    </p>
   </div>
   <div class='ocr_carea' id='block_1_76' title="bbox 1969 1803 3611 1887">
    <p class='ocr_par' dir='ltr' id='par_1_76' title="bbox 1969 1803 3611 1887">
     <span class='ocr_line' id='line_1_76' title="bbox 1969 1803 3611 1887; baseline -0.012 -14"><span class='ocrx_word' id='word_1_540' title='bbox 1969 1805 2008 1860; x_wconf 80' lang='grc' dir='ltr'><strong>Β</strong></span> <span class='ocrx_word' id='word_1_541' title='bbox 2037 1816 2149 1872; x_wconf 91' lang='lat' dir='ltr'><strong>Cur</strong></span> <span class='ocrx_word' id='word_1_542' title='bbox 2163 1832 2293 1887; x_wconf 85' lang='lat' dir='ltr'><strong>ergo</strong></span> <span class='ocrx_word' id='word_1_543' title='bbox 2313 1816 2415 1869; x_wconf 87' lang='lat' dir='ltr'><strong>viri</strong></span> <span class='ocrx_word' id='word_1_544' title='bbox 2441 1814 2690 1869; x_wconf 85' lang='lat' dir='ltr'><strong>doctrina</strong></span> <span class='ocrx_word' id='word_1_545' title='bbox 2723 1813 2985 1882; x_wconf 79' lang='lat' dir='ltr'><strong>insignes,</strong></span> <span class='ocrx_word' id='word_1_546' title='bbox 3024 1808 3254 1864; x_wconf 89' lang='lat' dir='ltr'><strong>Basilius</strong></span> <span class='ocrx_word' id='word_1_547' title='bbox 3296 1803 3524 1873; x_wconf 83' lang='lat' dir='ltr'><strong>Magnus</strong></span> <span class='ocrx_word' id='word_1_548' title='bbox 3553 1806 3611 1854; x_wconf 91' lang='lat' dir='ltr'><strong>et</strong></span> 
     </span>
    </p>
   </div>
   <div class='ocr_carea' id='block_1_77' title="bbox 2040 1893 3609 1974">
    <p class='ocr_par' dir='ltr' id='par_1_77' title="bbox 2040 1893 3609 1974">
     <span class='ocr_line' id='line_1_77' title="bbox 2040 1893 3609 1974; baseline -0.01 -12"><span class='ocrx_word' id='word_1_549' title='bbox 2040 1907 2333 1970; x_wconf 86' lang='lat' dir='ltr'><strong>Eusebius,</strong></span> <span class='ocrx_word' id='word_1_550' title='bbox 2361 1906 2430 1960; x_wconf 87' lang='lat' dir='ltr'><strong>ab</strong></span> <span class='ocrx_word' id='word_1_551' title='bbox 2457 1903 2768 1974; x_wconf 87' lang='lat' dir='ltr'><strong>hujusmodi</strong></span> <span class='ocrx_word' id='word_1_552' title='bbox 2796 1903 2968 1962; x_wconf 90' lang='lat' dir='ltr'><strong>cultu,</strong></span> <span class='ocrx_word' id='word_1_553' title='bbox 3013 1901 3109 1967; x_wconf 90' lang='lat' dir='ltr'><strong>qui</strong></span> <span class='ocrx_word' id='word_1_554' title='bbox 3139 1899 3207 1953; x_wconf 90' lang='lat' dir='ltr'><strong>ab</strong></span> <span class='ocrx_word' id='word_1_555' title='bbox 3240 1899 3359 1968; x_wconf 90' lang='lat' dir='ltr'><strong>ipso</strong></span> <span class='ocrx_word' id='word_1_556' title='bbox 3388 1893 3609 1949; x_wconf 89' lang='lat' dir='ltr'><strong>Christo</strong></span> 
     </span>
    </p>
   </div>
   <div class='ocr_carea' id='block_1_78' title="bbox 2040 1982 3611 2057">
    <p class='ocr_par' dir='ltr' id='par_1_78' title="bbox 2040 1982 3611 2057">
     <span class='ocr_line' id='line_1_78' title="bbox 2040 1982 3611 2057; baseline -0.01 -4"><span class='ocrx_word' id='word_1_557' title='bbox 2040 1997 2278 2054; x_wconf 89' lang='lat' dir='ltr'><strong>traditus</strong></span> <span class='ocrx_word' id='word_1_558' title='bbox 2308 2005 2361 2052; x_wconf 91' lang='lat' dir='ltr'><strong>et</strong></span> <span class='ocrx_word' id='word_1_559' title='bbox 2390 1997 2636 2051; x_wconf 89' lang='lat' dir='ltr'><strong>sancitus</strong></span> <span class='ocrx_word' id='word_1_560' title='bbox 2686 2001 2790 2057; x_wconf 89' lang='lat' dir='ltr'><strong>est,</strong></span> <span class='ocrx_word' id='word_1_561' title='bbox 2844 1990 3092 2046; x_wconf 87' lang='lat' dir='ltr'><strong>homines</strong></span> <span class='ocrx_word' id='word_1_562' title='bbox 3139 1982 3611 2042; x_wconf 60' lang='lat' dir='ltr'><strong>absterreant?!“</strong></span> 
     </span>
    </p>
   </div>
   <div class='ocr_carea' id='block_1_79' title="bbox 2040 2083 3617 2158">
    <p class='ocr_par' dir='ltr' id='par_1_79' title="bbox 2040 2083 3617 2158">
     <span class='ocr_line' id='line_1_79' title="bbox 2040 2083 3617 2158; baseline -0.013 -8"><span class='ocrx_word' id='word_1_563' title='bbox 2040 2093 2184 2150; x_wconf 89' lang='lat' dir='ltr'><strong>enim</strong></span> <span class='ocrx_word' id='word_1_564' title='bbox 2215 2106 2316 2146; x_wconf 89' lang='lat' dir='ltr'><strong>nec</strong></span> <span class='ocrx_word' id='word_1_565' title='bbox 2337 2091 2391 2144; x_wconf 94' lang='lat' dir='ltr'><strong>in</strong></span> <span class='ocrx_word' id='word_1_566' title='bbox 2437 2087 2620 2144; x_wconf 81' lang='lat' dir='ltr'><strong>Veteri</strong></span> <span class='ocrx_word' id='word_1_567' title='bbox 2666 2085 2883 2158; x_wconf 90' lang='lat' dir='ltr'><strong>quidem</strong></span> <span class='ocrx_word' id='word_1_568' title='bbox 2915 2083 3292 2143; x_wconf 79' lang='lat' dir='ltr'><strong>Testamento,</strong></span> <span class='ocrx_word' id='word_1_569' title='bbox 3318 2093 3440 2133; x_wconf 91' lang='lat' dir='ltr'><strong>cum</strong></span> <span class='ocrx_word' id='word_1_570' title='bbox 3487 2083 3617 2146; x_wconf 82' lang='lat' dir='ltr'><strong>post.</strong></span> 
     </span>
    </p>
   </div>
   <div class='ocr_carea' id='block_1_80' title="bbox 2041 2176 3610 2254">
    <p class='ocr_par' dir='ltr' id='par_1_80' title="bbox 2041 2176 3610 2254">
     <span class='ocr_line' id='line_1_80' title="bbox 2041 2176 3610 2254; baseline -0.01 -16"><span class='ocrx_word' id='word_1_571' title='bbox 2041 2184 2224 2254; x_wconf 91' lang='lat' dir='ltr'><strong>templi</strong></span> <span class='ocrx_word' id='word_1_572' title='bbox 2249 2183 2551 2246; x_wconf 91' lang='lat' dir='ltr'><strong>conditum,</strong></span> <span class='ocrx_word' id='word_1_573' title='bbox 2575 2195 2684 2235; x_wconf 93' lang='lat' dir='ltr'><strong>non</strong></span> <span class='ocrx_word' id='word_1_574' title='bbox 2731 2176 3000 2235; x_wconf 87' lang='lat' dir='ltr'><strong>sacriﬁcia</strong></span> <span class='ocrx_word' id='word_1_575' title='bbox 3021 2217 3036 2242; x_wconf 92' lang='lat'><strong>,</strong></span> <span class='ocrx_word' id='word_1_576' title='bbox 3065 2191 3174 2230; x_wconf 93' lang='lat' dir='ltr'><strong>non</strong></span> <span class='ocrx_word' id='word_1_577' title='bbox 3193 2179 3371 2228; x_wconf 84' lang='lat' dir='ltr'><strong>certas</strong></span> <span class='ocrx_word' id='word_1_578' title='bbox 3409 2178 3610 2225; x_wconf 78' lang='lat' dir='ltr'><strong>statas-</strong></span> 
     </span>
    </p>
   </div>
   <div class='ocr_carea' id='block_1_81' title="bbox 2040 2266 3607 2347">
    <p class='ocr_par' dir='ltr' id='par_1_81' title="bbox 2040 2266 3607 2347">
     <span class='ocr_line' id='line_1_81' title="bbox 2040 2266 3607 2347; baseline -0.012 -16"><span class='ocrx_word' id='word_1_579' title='bbox 2040 2290 2146 2347; x_wconf 88' lang='lat' dir='ltr'><strong>que</strong></span> <span class='ocrx_word' id='word_1_580' title='bbox 2173 2274 2527 2330; x_wconf 84' lang='lat' dir='ltr'><strong>caeremonias</strong></span> <span class='ocrx_word' id='word_1_581' title='bbox 2575 2271 2704 2326; x_wconf 88' lang='lat' dir='ltr'><strong>alibi</strong></span> <span class='ocrx_word' id='word_1_582' title='bbox 2733 2270 3044 2341; x_wconf 81' lang='lat' dir='ltr'><strong>persolvere</strong></span> <span class='ocrx_word' id='word_1_583' title='bbox 3074 2266 3281 2320; x_wconf 90' lang='lat' dir='ltr'><strong>licitum</strong></span> <span class='ocrx_word' id='word_1_584' title='bbox 3314 2269 3481 2325; x_wconf 90' lang='lat' dir='ltr'><strong>esset,</strong></span> <span class='ocrx_word' id='word_1_585' title='bbox 3517 2274 3607 2313; x_wconf 87' lang='lat' dir='ltr'><strong>ve-</strong></span> 
     </span>
    </p>
   </div>
   <div class='ocr_carea' id='block_1_82' title="bbox 2039 2359 3610 2439">
    <p class='ocr_par' dir='ltr' id='par_1_82' title="bbox 2039 2359 3610 2439">
     <span class='ocr_line' id='line_1_82' title="bbox 2039 2359 3610 2439; baseline -0.011 -16"><span class='ocrx_word' id='word_1_586' title='bbox 2039 2369 2200 2423; x_wconf 88' lang='lat' dir='ltr'><strong>titum</strong></span> <span class='ocrx_word' id='word_1_587' title='bbox 2225 2382 2462 2438; x_wconf 91' lang='lat' dir='ltr'><strong>usquam</strong></span> <span class='ocrx_word' id='word_1_588' title='bbox 2507 2365 2739 2439; x_wconf 85' lang='lat' dir='ltr'><strong>legimus</strong></span> <span class='ocrx_word' id='word_1_589' title='bbox 2773 2376 3045 2434; x_wconf 90' lang='lat' dir='ltr'><strong>quemque</strong></span> <span class='ocrx_word' id='word_1_590' title='bbox 3094 2373 3260 2430; x_wconf 86' lang='lat' dir='ltr'><strong>penes</strong></span> <span class='ocrx_word' id='word_1_591' title='bbox 3292 2372 3351 2412; x_wconf 89' lang='lat' dir='ltr'><strong>se</strong></span> <span class='ocrx_word' id='word_1_592' title='bbox 3376 2370 3533 2410; x_wconf 87' lang='lat' dir='ltr'><strong>orare</strong></span> <span class='ocrx_word' id='word_1_593' title='bbox 3555 2359 3610 2408; x_wconf 91' lang='lat' dir='ltr'><strong>ct</strong></span> 
     </span>
    </p>
   </div>
   <div class='ocr_carea' id='block_1_83' title="bbox 2041 2444 3610 2522">
    <p class='ocr_par' dir='ltr' id='par_1_83' title="bbox 2041 2444 3610 2522">
     <span class='ocr_line' id='line_1_83' title="bbox 2041 2444 3610 2522; baseline -0.01 -9"><span class='ocrx_word' id='word_1_594' title='bbox 2041 2459 2273 2514; x_wconf 87' lang='lat' dir='ltr'><strong>adorare</strong></span> <span class='ocrx_word' id='word_1_595' title='bbox 2303 2457 2494 2522; x_wconf 88' lang='lat' dir='ltr'><strong>Deum,</strong></span> <span class='ocrx_word' id='word_1_596' title='bbox 2544 2457 2590 2512; x_wconf 91' lang='lat' dir='ltr'><strong>si</strong></span> <span class='ocrx_word' id='word_1_597' title='bbox 2614 2456 2824 2512; x_wconf 87' lang='lat' dir='ltr'><strong>liberet.</strong></span> <span class='ocrx_word' id='word_1_598' title='bbox 2873 2453 2988 2508; x_wconf 88' lang='lat' dir='ltr'><strong>imo</strong></span> <span class='ocrx_word' id='word_1_599' title='bbox 3034 2467 3165 2508; x_wconf 90' lang='lat' dir='ltr'><strong>vero</strong></span> <span class='ocrx_word' id='word_1_600' title='bbox 3197 2448 3406 2511; x_wconf 89' lang='lat' dir='ltr'><strong>Daniel,</strong></span> <span class='ocrx_word' id='word_1_601' title='bbox 3433 2447 3486 2501; x_wconf 91' lang='lat' dir='ltr'><strong>in</strong></span> <span class='ocrx_word' id='word_1_602' title='bbox 3509 2444 3610 2498; x_wconf 83' lang='lat' dir='ltr'><strong>Ba-</strong></span> 
     </span>
    </p>
   </div>
   <div class='ocr_carea' id='block_1_84' title="bbox 2043 2540 3611 2624">
    <p class='ocr_par' dir='ltr' id='par_1_84' title="bbox 2043 2540 3611 2624">
     <span class='ocr_line' id='line_1_84' title="bbox 2043 2540 3611 2624; baseline -0.009 -18"><span class='ocrx_word' id='word_1_603' title='bbox 2043 2551 2238 2624; x_wconf 82' lang='lat' dir='ltr'><strong>bylone</strong></span> <span class='ocrx_word' id='word_1_604' title='bbox 2261 2565 2508 2615; x_wconf 81' lang='lat' dir='ltr'><strong>versans,</strong></span> <span class='ocrx_word' id='word_1_605' title='bbox 2531 2549 2848 2620; x_wconf 67' lang='lat' dir='ltr'><strong>frequenter</strong></span> <span class='ocrx_word' id='word_1_606' title='bbox 2873 2546 3041 2604; x_wconf 90' lang='lat' dir='ltr'><strong>Deum</strong></span> <span class='ocrx_word' id='word_1_607' title='bbox 3073 2543 3377 2601; x_wconf 86' lang='lat' dir='ltr'><strong>adorabat:</strong></span> <span class='ocrx_word' id='word_1_608' title='bbox 3412 2540 3611 2610; x_wconf 83' lang='lat' dir='ltr'><strong>aliique</strong></span> 
     </span>
    </p>
   </div>
   <div class='ocr_carea' id='block_1_85' title="bbox 2041 2631 3611 2706">
    <p class='ocr_par' dir='ltr' id='par_1_85' title="bbox 2041 2631 3611 2706">
     <span class='ocr_line' id='line_1_85' title="bbox 2041 2631 3611 2706; baseline -0.01 -6"><span class='ocrx_word' id='word_1_609' title='bbox 2041 2646 2181 2700; x_wconf 90' lang='lat' dir='ltr'><strong>bene</strong></span> <span class='ocrx_word' id='word_1_610' title='bbox 2209 2643 2361 2699; x_wconf 91' lang='lat' dir='ltr'><strong>multi</strong></span> <span class='ocrx_word' id='word_1_611' title='bbox 2391 2643 2572 2700; x_wconf 86' lang='lat' dir='ltr'><strong>sancti</strong></span> <span class='ocrx_word' id='word_1_612' title='bbox 2621 2642 2725 2696; x_wconf 88' lang='lat' dir='ltr'><strong>viri</strong></span> <span class='ocrx_word' id='word_1_613' title='bbox 2761 2640 2930 2695; x_wconf 89' lang='lat' dir='ltr'><strong>Deum</strong></span> <span class='ocrx_word' id='word_1_614' title='bbox 2979 2648 3132 2694; x_wconf 84' lang='lat' dir='ltr'><strong>extra</strong></span> <span class='ocrx_word' id='word_1_615' title='bbox 3173 2635 3454 2706; x_wconf 80' lang='lat' dir='ltr'><strong>templum.</strong></span> <span class='ocrx_word' id='word_1_616' title='bbox 3480 2631 3611 2686; x_wconf 85' lang='lat' dir='ltr'><strong>ado-</strong></span> 
     </span>
    </p>
   </div>
   <div class='ocr_carea' id='block_1_86' title="bbox 2042 2723 3607 2806">
    <p class='ocr_par' dir='ltr' id='par_1_86' title="bbox 2042 2723 3607 2806">
     <span class='ocr_line' id='line_1_86' title="bbox 2042 2723 3607 2806; baseline -0.009 -16"><span class='ocrx_word' id='word_1_617' title='bbox 2042 2751 2198 2792; x_wconf 89' lang='lat' dir='ltr'><strong>rasse</strong></span> <span class='ocrx_word' id='word_1_618' title='bbox 2224 2734 2726 2806; x_wconf 86' lang='lat' dir='ltr'><strong>deprehenduntur.</strong></span> <span class='ocrx_word' id='word_1_619' title='bbox 2759 2727 3324 2799; x_wconf 16' lang='lat' dir='ltr'><strong>Hmc-itaqoeyBasilii</strong></span> <span class='ocrx_word' id='word_1_620' title='bbox 3362 2733 3415 2781; x_wconf 90' lang='lat' dir='ltr'><strong>et</strong></span> <span class='ocrx_word' id='word_1_621' title='bbox 3442 2723 3607 2777; x_wconf 89' lang='lat' dir='ltr'><strong>Euse-</strong></span> 
     </span>
    </p>
   </div>
   <div class='ocr_carea' id='block_1_87' title="bbox 2041 2815 3613 2898">
    <p class='ocr_par' dir='ltr' id='par_1_87' title="bbox 2041 2815 3613 2898">
     <span class='ocr_line' id='line_1_87' title="bbox 2041 2815 3613 2898; baseline -0.01 -15"><span class='ocrx_word' id='word_1_622' title='bbox 2041 2829 2120 2884; x_wconf 92' lang='lat' dir='ltr'><strong>bii</strong></span> <span class='ocrx_word' id='word_1_623' title='bbox 2145 2830 2264 2883; x_wconf 89' lang='lat' dir='ltr'><strong>loea</strong></span> <span class='ocrx_word' id='word_1_624' title='bbox 2291 2844 2358 2883; x_wconf 76' lang='lat' dir='ltr'><strong>ex</strong></span> <span class='ocrx_word' id='word_1_625' title='bbox 2394 2827 2646 2898; x_wconf 89' lang='lat' dir='ltr'><strong>superius</strong></span> <span class='ocrx_word' id='word_1_626' title='bbox 2694 2825 2858 2878; x_wconf 90' lang='lat' dir='ltr'><strong>allato</strong></span> <span class='ocrx_word' id='word_1_627' title='bbox 2890 2821 3111 2878; x_wconf 90' lang='lat' dir='ltr'><strong>Eusebii</strong></span> <span class='ocrx_word' id='word_1_628' title='bbox 3144 2821 3263 2875; x_wconf 90' lang='lat' dir='ltr'><strong>loco</strong></span> <span class='ocrx_word' id='word_1_629' title='bbox 3291 2825 3418 2874; x_wconf 91' lang='lat' dir='ltr'><strong>sunt</strong></span> <span class='ocrx_word' id='word_1_630' title='bbox 3440 2815 3613 2885; x_wconf 81' lang='lat' dir='ltr'><strong>expli-</strong></span> 
     </span>
    </p>
   </div>
   <div class='ocr_carea' id='block_1_88' title="bbox 2043 2904 3617 2984">
    <p class='ocr_par' dir='ltr' id='par_1_88' title="bbox 2043 2904 3617 2984">
     <span class='ocr_line' id='line_1_88' title="bbox 2043 2904 3617 2984; baseline -0.011 -11"><span class='ocrx_word' id='word_1_631' title='bbox 2043 2919 2240 2983; x_wconf 86' lang='lat' dir='ltr'><strong>cauda,</strong></span> <span class='ocrx_word' id='word_1_632' title='bbox 2267 2919 2357 2971; x_wconf 88' lang='lat' dir='ltr'><strong>ubi</strong></span> <span class='ocrx_word' id='word_1_633' title='bbox 2394 2918 2618 2972; x_wconf 89' lang='lat' dir='ltr'><strong>recitata</strong></span> <span class='ocrx_word' id='word_1_634' title='bbox 2658 2915 2866 2984; x_wconf 87' lang='lat' dir='ltr'><strong>Aquilae</strong></span> <span class='ocrx_word' id='word_1_635' title='bbox 2895 2910 3144 2968; x_wconf 88' lang='lat' dir='ltr'><strong>versione</strong></span> <span class='ocrx_word' id='word_1_636' title='bbox 3175 2913 3254 2964; x_wconf 88' lang='lat' dir='ltr'><strong>sic</strong></span> <span class='ocrx_word' id='word_1_637' title='bbox 3286 2909 3446 2961; x_wconf 90' lang='lat' dir='ltr'><strong>habet</strong></span> <span class='ocrx_word' id='word_1_638' title='bbox 3475 2904 3564 2959; x_wconf 93' lang='lat' dir='ltr'><strong>ille</strong></span> <span class='ocrx_word' id='word_1_639' title='bbox 3592 2915 3617 2956; x_wconf 86' lang='lat'><strong>:&#39;</strong></span> 
     </span>
    </p>
   </div>
   <div class='ocr_carea' id='block_1_89' title="bbox 2044 2999 3612 3078">
    <p class='ocr_par' dir='ltr' id='par_1_89' title="bbox 2044 2999 3612 3078">
     <span class='ocr_line' id='line_1_89' title="bbox 2044 2999 3612 3078; baseline -0.009 -16"><span class='ocrx_word' id='word_1_640' title='bbox 2044 3010 2205 3078; x_wconf 79' lang='lat' dir='ltr'><strong>Queis</strong></span> <span class='ocrx_word' id='word_1_641' title='bbox 2256 3009 2531 3077; x_wconf 81' lang='lat' dir='ltr'><strong>manifeste</strong></span> <span class='ocrx_word' id='word_1_642' title='bbox 2569 3023 2770 3070; x_wconf 84' lang='lat' dir='ltr'><strong>eorum,</strong></span> <span class='ocrx_word' id='word_1_643' title='bbox 2800 3006 2887 3076; x_wconf 88' lang='lat' dir='ltr'><strong>qui</strong></span> <span class='ocrx_word' id='word_1_644' title='bbox 2935 3005 2987 3056; x_wconf 90' lang='lat' dir='ltr'><strong>in</strong></span> <span class='ocrx_word' id='word_1_645' title='bbox 3043 3000 3258 3055; x_wconf 85' lang='lat' dir='ltr'><strong>ecclesia</strong></span> <span class='ocrx_word' id='word_1_646' title='bbox 3304 2999 3399 3052; x_wconf 86' lang='lat' dir='ltr'><strong>Dei</strong></span> <span class='ocrx_word' id='word_1_647' title='bbox 3445 3012 3612 3068; x_wconf 77' lang='lat' dir='ltr'><strong>genua</strong></span> 
     </span>
    </p>
   </div>
   <div class='ocr_carea' id='block_1_90' title="bbox 2044 3091 3610 3172">
    <p class='ocr_par' dir='ltr' id='par_1_90' title="bbox 2044 3091 3610 3172">
     <span class='ocr_line' id='line_1_90' title="bbox 2044 3091 3610 3172; baseline -0.01 -16"><span class='ocrx_word' id='word_1_648' title='bbox 2044 3103 2280 3172; x_wconf 77' lang='lat' dir='ltr'><strong>ﬂectunt,</strong></span> <span class='ocrx_word' id='word_1_649' title='bbox 2311 3116 2508 3154; x_wconf 82' lang='lat' dir='ltr'><strong>morem</strong></span> <span class='ocrx_word' id='word_1_650' title='bbox 2539 3098 2778 3152; x_wconf 85' lang='lat' dir='ltr'><strong>declarat</strong></span> <span class='ocrx_word' id='word_1_651' title='bbox 2806 3096 2919 3150; x_wconf 85' lang='lat' dir='ltr'><strong>:ibi</strong></span> <span class='ocrx_word' id='word_1_652' title='bbox 2944 3095 3080 3150; x_wconf 88' lang='lat' dir='ltr'><strong>enim</strong></span> <span class='ocrx_word' id='word_1_653' title='bbox 3117 3109 3286 3164; x_wconf 85' lang='lat' dir='ltr'><strong>genua</strong></span> <span class='ocrx_word' id='word_1_654' title='bbox 3327 3091 3610 3161; x_wconf 88' lang='lat' dir='ltr'><strong>flectentes,</strong></span> 
     </span>
    </p>
   </div>
   <div class='ocr_carea' id='block_1_91' title="bbox 2045 3179 3616 3268">
    <p class='ocr_par' dir='ltr' id='par_1_91' title="bbox 2045 3179 3616 3268">
     <span class='ocr_line' id='line_1_91' title="bbox 2045 3179 3616 3268; baseline -0.011 -18"><span class='ocrx_word' id='word_1_655' title='bbox 2045 3208 2200 3268; x_wconf 86' lang='lat' dir='ltr'><strong>atque</strong></span> <span class='ocrx_word' id='word_1_656' title='bbox 2213 3195 2476 3262; x_wconf 84' lang='lat' dir='ltr'><strong>frontibus</strong></span> <span class='ocrx_word' id='word_1_657' title='bbox 2499 3195 2607 3248; x_wconf 82' lang='lat' dir='ltr'><strong>suis</strong></span> <span class='ocrx_word' id='word_1_658' title='bbox 2632 3203 2784 3247; x_wconf 75' lang='lat' dir='ltr'><strong>terrae</strong></span> <span class='ocrx_word' id='word_1_659' title='bbox 2804 3188 3178 3252; x_wconf 88' lang='lat' dir='ltr'><strong>incumbentes,</strong></span> <span class='ocrx_word' id='word_1_660' title='bbox 3203 3187 3338 3239; x_wconf 83' lang='lat' dir='ltr'><strong>hunc</strong></span> <span class='ocrx_word' id='word_1_661' title='bbox 3354 3179 3616 3236; x_wconf 86' lang='lat' dir='ltr'><strong>adorandi</strong></span> 
     </span>
    </p>
   </div>
   <div class='ocr_carea' id='block_1_92' title="bbox 2042 3277 3610 3357">
    <p class='ocr_par' dir='ltr' id='par_1_92' title="bbox 2042 3277 3610 3357">
     <span class='ocr_line' id='line_1_92' title="bbox 2042 3277 3610 3357; baseline -0.01 -14"><span class='ocrx_word' id='word_1_662' title='bbox 2042 3289 2204 3343; x_wconf 86' lang='lat' dir='ltr'><strong>ritum</strong></span> <span class='ocrx_word' id='word_1_663' title='bbox 2238 3297 2466 3342; x_wconf 86' lang='lat' dir='ltr'><strong>servant.</strong></span> <span class='ocrx_word' id='word_1_664' title='bbox 2502 3287 2706 3357; x_wconf 85' lang='lat' dir='ltr'><strong>Opinor</strong></span> <span class='ocrx_word' id='word_1_665' title='bbox 2739 3283 2901 3354; x_wconf 87' lang='lat' dir='ltr'><strong>igitur</strong></span> <span class='ocrx_word' id='word_1_666' title='bbox 2923 3281 3067 3336; x_wconf 86' lang='lat' dir='ltr'><strong>hunc</strong></span> <span class='ocrx_word' id='word_1_667' title='bbox 3094 3277 3353 3334; x_wconf 90' lang='lat' dir='ltr'><strong>adorandi</strong></span> <span class='ocrx_word' id='word_1_668' title='bbox 3384 3288 3610 3337; x_wconf 87' lang='lat' dir='ltr'><strong>morem,</strong></span> 
     </span>
    </p>
   </div>
   <div class='ocr_carea' id='block_1_93' title="bbox 2043 3365 3612 3453">
    <p class='ocr_par' dir='ltr' id='par_1_93' title="bbox 2043 3365 3612 3453">
     <span class='ocr_line' id='line_1_93' title="bbox 2043 3365 3612 3453; baseline -0.011 -17"><span class='ocrx_word' id='word_1_669' title='bbox 2043 3390 2231 3452; x_wconf 90' lang='lat' dir='ltr'><strong>utpote</strong></span> <span class='ocrx_word' id='word_1_670' title='bbox 2255 3380 2659 3453; x_wconf 88' lang='lat' dir='ltr'><strong>quodammodo</strong></span> <span class='ocrx_word' id='word_1_671' title='bbox 2707 3383 3114 3440; x_wconf 87' lang='lat' dir='ltr'><strong>consecratum,</strong></span> <span class='ocrx_word' id='word_1_672' title='bbox 3145 3379 3295 3430; x_wconf 77' lang='lat' dir='ltr'><strong>extra</strong></span> <span class='ocrx_word' id='word_1_673' title='bbox 3323 3365 3612 3425; x_wconf 89' lang='lat' dir='ltr'><strong>ecclesiam</strong></span> 
     </span>
    </p>
   </div>
   <div class='ocr_carea' id='block_1_94' title="bbox 2042 3461 3614 3543">
    <p class='ocr_par' dir='ltr' id='par_1_94' title="bbox 2042 3461 3614 3543">
     <span class='ocr_line' id='line_1_94' title="bbox 2042 3461 3614 3543; baseline -0.01 -16"><span class='ocrx_word' id='word_1_674' title='bbox 2042 3475 2268 3530; x_wconf 86' lang='lat' dir='ltr'><strong>vetitum</strong></span> <span class='ocrx_word' id='word_1_675' title='bbox 2294 3473 2465 3529; x_wconf 78' lang='lat' dir='ltr'><strong>fuisse</strong></span> <span class='ocrx_word' id='word_1_676' title='bbox 2498 3488 2598 3528; x_wconf 89' lang='lat' dir='ltr'><strong>:ca</strong></span> <span class='ocrx_word' id='word_1_677' title='bbox 2642 3486 2871 3543; x_wconf 91' lang='lat' dir='ltr'><strong>prorsus</strong></span> <span class='ocrx_word' id='word_1_678' title='bbox 2913 3468 3123 3524; x_wconf 90' lang='lat' dir='ltr'><strong>ratione</strong></span> <span class='ocrx_word' id='word_1_679' title='bbox 3143 3479 3250 3536; x_wconf 90' lang='lat' dir='ltr'><strong>qua</strong></span> <span class='ocrx_word' id='word_1_680' title='bbox 3300 3461 3463 3516; x_wconf 90' lang='lat' dir='ltr'><strong>hodie</strong></span> <span class='ocrx_word' id='word_1_681' title='bbox 3504 3473 3614 3514; x_wconf 91' lang='lat' dir='ltr'><strong>non</strong></span> 
     </span>
    </p>
   </div>
   <div class='ocr_carea' id='block_1_95' title="bbox 2043 3553 3614 3635">
    <p class='ocr_par' dir='ltr' id='par_1_95' title="bbox 2043 3553 3614 3635">
     <span class='ocr_line' id='line_1_95' title="bbox 2043 3553 3614 3635; baseline -0.011 -14"><span class='ocrx_word' id='word_1_682' title='bbox 2043 3568 2169 3622; x_wconf 90' lang='lat' dir='ltr'><strong>licet</strong></span> <span class='ocrx_word' id='word_1_683' title='bbox 2189 3566 2386 3635; x_wconf 86' lang='lat' dir='ltr'><strong>cuique</strong></span> <span class='ocrx_word' id='word_1_684' title='bbox 2413 3564 2641 3618; x_wconf 89' lang='lat' dir='ltr'><strong>arbitrio</strong></span> <span class='ocrx_word' id='word_1_685' title='bbox 2697 3578 2817 3623; x_wconf 85' lang='lat' dir='ltr'><strong>suo,</strong></span> <span class='ocrx_word' id='word_1_686' title='bbox 2869 3557 3102 3629; x_wconf 81' lang='lat' dir='ltr'><strong>exempli</strong></span> <span class='ocrx_word' id='word_1_687' title='bbox 3133 3571 3299 3611; x_wconf 88' lang='lat' dir='ltr'><strong>causa</strong></span> <span class='ocrx_word' id='word_1_688' title='bbox 3330 3553 3614 3607; x_wconf 89' lang='lat' dir='ltr'><strong>incensum</strong></span> 
     </span>
    </p>
   </div>
   <div class='ocr_carea' id='block_1_96' title="bbox 2044 3646 3611 3731">
    <p class='ocr_par' dir='ltr' id='par_1_96' title="bbox 2044 3646 3611 3731">
     <span class='ocr_line' id='line_1_96' title="bbox 2044 3646 3611 3731; baseline -0.01 -17"><span class='ocrx_word' id='word_1_689' title='bbox 2044 3668 2097 3715; x_wconf 92' lang='lat' dir='ltr'><strong>et</strong></span> <span class='ocrx_word' id='word_1_690' title='bbox 2130 3659 2484 3731; x_wconf 87' lang='lat' dir='ltr'><strong>thymiamata</strong></span> <span class='ocrx_word' id='word_1_691' title='bbox 2514 3659 2570 3711; x_wconf 91' lang='lat' dir='ltr'><strong>in</strong></span> <span class='ocrx_word' id='word_1_692' title='bbox 2604 3657 2738 3711; x_wconf 85' lang='lat' dir='ltr'><strong>vicis</strong></span> <span class='ocrx_word' id='word_1_693' title='bbox 2766 3665 2818 3710; x_wconf 87' lang='lat' dir='ltr'><strong>et</strong></span> <span class='ocrx_word' id='word_1_694' title='bbox 2843 3652 3034 3725; x_wconf 91' lang='lat' dir='ltr'><strong>plateis</strong></span> <span class='ocrx_word' id='word_1_695' title='bbox 3059 3650 3368 3724; x_wconf 91' lang='lat' dir='ltr'><strong>promiscue</strong></span> <span class='ocrx_word' id='word_1_696' title='bbox 3397 3646 3611 3706; x_wconf 86' lang='lat' dir='ltr'><strong>oﬁ&#39;erre,</strong></span> 
     </span>
    </p>
   </div>
   <div class='ocr_carea' id='block_1_97' title="bbox 2047 3744 3614 3820">
    <p class='ocr_par' dir='ltr' id='par_1_97' title="bbox 2047 3744 3614 3820">
     <span class='ocr_line' id='line_1_97' title="bbox 2047 3744 3614 3820; baseline -0.011 -16"><span class='ocrx_word' id='word_1_697' title='bbox 2047 3751 2171 3820; x_wconf 90' lang='lat' dir='ltr'><strong>quia</strong></span> <span class='ocrx_word' id='word_1_698' title='bbox 2208 3749 2322 3803; x_wconf 68' lang='lat' dir='ltr'><strong>haec</strong></span> <span class='ocrx_word' id='word_1_699' title='bbox 2353 3748 2577 3819; x_wconf 86' lang='lat' dir='ltr'><strong>speciali</strong></span> <span class='ocrx_word' id='word_1_700' title='bbox 2624 3747 2729 3800; x_wconf 73' lang='lat' dir='ltr'><strong>nitu</strong></span> <span class='ocrx_word' id='word_1_701' title='bbox 2758 3751 3081 3800; x_wconf 87' lang='lat' dir='ltr'><strong>consecrata</strong></span> <span class='ocrx_word' id='word_1_702' title='bbox 3126 3748 3180 3797; x_wconf 91' lang='lat' dir='ltr'><strong>et</strong></span> <span class='ocrx_word' id='word_1_703' title='bbox 3220 3746 3423 3795; x_wconf 89' lang='lat' dir='ltr'><strong>statuta</strong></span> <span class='ocrx_word' id='word_1_704' title='bbox 3450 3744 3614 3797; x_wconf 90' lang='lat' dir='ltr'><strong>sunt;</strong></span> 
     </span>
    </p>
   </div>
   <div class='ocr_carea' id='block_1_98' title="bbox 2047 3827 3615 3910">
    <p class='ocr_par' dir='ltr' id='par_1_98' title="bbox 2047 3827 3615 3910">
     <span class='ocr_line' id='line_1_98' title="bbox 2047 3827 3615 3910; baseline -0.01 -15"><span class='ocrx_word' id='word_1_705' title='bbox 2047 3842 2120 3896; x_wconf 88' lang='lat' dir='ltr'><strong>ita</strong></span> <span class='ocrx_word' id='word_1_706' title='bbox 2143 3841 2252 3896; x_wconf 90' lang='lat' dir='ltr'><strong>illis</strong></span> <span class='ocrx_word' id='word_1_707' title='bbox 2279 3840 2640 3910; x_wconf 87' lang='lat' dir='ltr'><strong>temporibus,</strong></span> <span class='ocrx_word' id='word_1_708' title='bbox 2663 3839 2767 3893; x_wconf 91' lang='lat' dir='ltr'><strong>etsi</strong></span> <span class='ocrx_word' id='word_1_709' title='bbox 2799 3837 3005 3890; x_wconf 89' lang='lat' dir='ltr'><strong>licitum</strong></span> <span class='ocrx_word' id='word_1_710' title='bbox 3026 3833 3222 3903; x_wconf 91' lang='lat' dir='ltr'><strong>cuique</strong></span> <span class='ocrx_word' id='word_1_711' title='bbox 3264 3837 3412 3886; x_wconf 89' lang='lat' dir='ltr'><strong>esset</strong></span> <span class='ocrx_word' id='word_1_712' title='bbox 3443 3827 3615 3882; x_wconf 90' lang='lat' dir='ltr'><strong>Deum</strong></span> 
     </span>
    </p>
   </div>
   <div class='ocr_carea' id='block_1_99' title="bbox 2048 3919 3616 4002">
    <p class='ocr_par' dir='ltr' id='par_1_99' title="bbox 2048 3919 3616 4002">
     <span class='ocr_line' id='line_1_99' title="bbox 2048 3919 3616 4002; baseline -0.011 -15"><span class='ocrx_word' id='word_1_713' title='bbox 2048 3947 2213 4001; x_wconf 89' lang='lat' dir='ltr'><strong>penes</strong></span> <span class='ocrx_word' id='word_1_714' title='bbox 2242 3947 2300 3986; x_wconf 91' lang='lat' dir='ltr'><strong>se</strong></span> <span class='ocrx_word' id='word_1_715' title='bbox 2318 3930 2528 4002; x_wconf 90' lang='lat' dir='ltr'><strong>precari</strong></span> <span class='ocrx_word' id='word_1_716' title='bbox 2557 3938 2610 3985; x_wconf 91' lang='lat' dir='ltr'><strong>et</strong></span> <span class='ocrx_word' id='word_1_717' title='bbox 2631 3928 2862 3983; x_wconf 87' lang='lat' dir='ltr'><strong>adorare</strong></span> <span class='ocrx_word' id='word_1_718' title='bbox 2882 3965 2897 3990; x_wconf 93' lang='lat'><strong>,</strong></span> <span class='ocrx_word' id='word_1_719' title='bbox 2935 3925 3027 3978; x_wconf 93' lang='lat' dir='ltr'><strong>illo</strong></span> <span class='ocrx_word' id='word_1_720' title='bbox 3052 3931 3230 3978; x_wconf 85' lang='lat' dir='ltr'><strong>tamen</strong></span> <span class='ocrx_word' id='word_1_721' title='bbox 3273 3919 3438 3974; x_wconf 87' lang='lat' dir='ltr'><strong>modo</strong></span> <span class='ocrx_word' id='word_1_722' title='bbox 3473 3931 3616 3990; x_wconf 84' lang='lat' dir='ltr'><strong>genu</strong></span> 
     </span>
    </p>
   </div>
   <div class='ocr_carea' id='block_1_100' title="bbox 2048 4009 3618 4091">
    <p class='ocr_par' dir='ltr' id='par_1_100' title="bbox 2048 4009 3618 4091">
     <span class='ocr_line' id='line_1_100' title="bbox 2048 4009 3618 4091; baseline -0.011 -10"><span class='ocrx_word' id='word_1_723' title='bbox 2048 4025 2298 4081; x_wconf 81' lang='lat' dir='ltr'><strong>ﬂectendi</strong></span> <span class='ocrx_word' id='word_1_724' title='bbox 2328 4039 2392 4079; x_wconf 84' lang='lat' dir='ltr'><strong>ac</strong></span> <span class='ocrx_word' id='word_1_725' title='bbox 2437 4024 2491 4077; x_wconf 92' lang='lat' dir='ltr'><strong>in</strong></span> <span class='ocrx_word' id='word_1_726' title='bbox 2525 4022 2757 4078; x_wconf 84' lang='lat' dir='ltr'><strong>frontem</strong></span> <span class='ocrx_word' id='word_1_727' title='bbox 2802 4015 3196 4091; x_wconf 91' lang='lat' dir='ltr'><strong>procumbcndi</strong></span> <span class='ocrx_word' id='word_1_728' title='bbox 3236 4023 3389 4068; x_wconf 85' lang='lat' dir='ltr'><strong>extra</strong></span> <span class='ocrx_word' id='word_1_729' title='bbox 3441 4009 3618 4067; x_wconf 89' lang='lat' dir='ltr'><strong>eccle-</strong></span> 
     </span>
    </p>
   </div>
   <div class='ocr_carea' id='block_1_101' title="bbox 2048 4103 3618 4178">
    <p class='ocr_par' dir='ltr' id='par_1_101' title="bbox 2048 4103 3618 4178">
     <span class='ocr_line' id='line_1_101' title="bbox 2048 4103 3618 4178; baseline -0.011 -6"><span class='ocrx_word' id='word_1_730' title='bbox 2048 4118 2185 4172; x_wconf 86' lang='lat' dir='ltr'><strong>siam</strong></span> <span class='ocrx_word' id='word_1_731' title='bbox 2235 4115 2464 4171; x_wconf 89' lang='lat' dir='ltr'><strong>adorare</strong></span> <span class='ocrx_word' id='word_1_732' title='bbox 2483 4114 2709 4170; x_wconf 87' lang='lat' dir='ltr'><strong>vetitum</strong></span> <span class='ocrx_word' id='word_1_733' title='bbox 2743 4118 2896 4167; x_wconf 90' lang='lat' dir='ltr'><strong>erat:</strong></span> <span class='ocrx_word' id='word_1_734' title='bbox 2935 4115 3158 4178; x_wconf 87' lang='lat' dir='ltr'><strong>eratque</strong></span> <span class='ocrx_word' id='word_1_735' title='bbox 3208 4105 3334 4159; x_wconf 84' lang='lat' dir='ltr'><strong>huic</strong></span> <span class='ocrx_word' id='word_1_736' title='bbox 3368 4104 3441 4158; x_wconf 88' lang='lat' dir='ltr'><strong>rei</strong></span> <span class='ocrx_word' id='word_1_737' title='bbox 3463 4103 3618 4158; x_wconf 90' lang='lat' dir='ltr'><strong>locus</strong></span> 
     </span>
    </p>
   </div>
   <div class='ocr_carea' id='block_1_102' title="bbox 2048 4198 3618 4277">
    <p class='ocr_par' dir='ltr' id='par_1_102' title="bbox 2048 4198 3618 4277">
     <span class='ocr_line' id='line_1_102' title="bbox 2048 4198 3618 4277; baseline -0.009 -17"><span class='ocrx_word' id='word_1_738' title='bbox 2048 4214 2209 4277; x_wconf 89' lang='lat' dir='ltr'><strong>atque</strong></span> <span class='ocrx_word' id='word_1_739' title='bbox 2241 4213 2455 4275; x_wconf 88' lang='lat' dir='ltr'><strong>tempus</strong></span> <span class='ocrx_word' id='word_1_740' title='bbox 2477 4203 2852 4260; x_wconf 90' lang='lat' dir='ltr'><strong>ecclesiastico</strong></span> <span class='ocrx_word' id='word_1_741' title='bbox 2885 4214 3094 4254; x_wconf 90' lang='lat' dir='ltr'><strong>canone</strong></span> <span class='ocrx_word' id='word_1_742' title='bbox 3131 4198 3486 4273; x_wconf 82' lang='lat' dir='ltr'><strong>constitutum</strong></span> <span class='ocrx_word' id='word_1_743' title='bbox 3513 4207 3618 4246; x_wconf 89' lang='lat' dir='ltr'><strong>:ne</strong></span> 
     </span>
    </p>
   </div>
   <div class='ocr_carea' id='block_1_103' title="bbox 2047 4282 3616 4366">
    <p class='ocr_par' dir='ltr' id='par_1_103' title="bbox 2047 4282 3616 4366">
     <span class='ocr_line' id='line_1_103' title="bbox 2047 4282 3616 4366; baseline -0.011 -14"><span class='ocrx_word' id='word_1_744' title='bbox 2047 4296 2302 4352; x_wconf 80' lang='lat' dir='ltr'><strong>fortassis</strong></span> <span class='ocrx_word' id='word_1_745' title='bbox 2329 4296 2455 4350; x_wconf 90' lang='lat' dir='ltr'><strong>hinc</strong></span> <span class='ocrx_word' id='word_1_746' title='bbox 2477 4295 2622 4350; x_wconf 91' lang='lat' dir='ltr'><strong>risus</strong></span> <span class='ocrx_word' id='word_1_747' title='bbox 2645 4301 2702 4366; x_wconf 83' lang='lat' dir='ltr'><strong>et</strong></span> <span class='ocrx_word' id='word_1_748' title='bbox 2730 4291 3122 4346; x_wconf 87' lang='lat' dir='ltr'><strong>cachinnorum</strong></span> <span class='ocrx_word' id='word_1_749' title='bbox 3163 4285 3389 4341; x_wconf 89' lang='lat' dir='ltr'><strong>materia</strong></span> <span class='ocrx_word' id='word_1_750' title='bbox 3413 4282 3616 4338; x_wconf 60' lang='lat' dir='ltr'><strong>ludatis</strong></span> 
     </span>
    </p>
   </div>
   <div class='ocr_carea' id='block_1_104' title="bbox 2047 4373 3614 4457">
    <p class='ocr_par' dir='ltr' id='par_1_104' title="bbox 2047 4373 3614 4457">
     <span class='ocr_line' id='line_1_104' title="bbox 2047 4373 3614 4457; baseline -0.012 -13"><span class='ocrx_word' id='word_1_751' title='bbox 2047 4396 2102 4444; x_wconf 87' lang='lat' dir='ltr'><strong>et</strong></span> <span class='ocrx_word' id='word_1_752' title='bbox 2150 4387 2405 4453; x_wconf 85' lang='lat' dir='ltr'><strong>ethnicis,</strong></span> <span class='ocrx_word' id='word_1_753' title='bbox 2438 4402 2671 4457; x_wconf 86' lang='lat' dir='ltr'><strong>quorum</strong></span> <span class='ocrx_word' id='word_1_754' title='bbox 2718 4393 2831 4439; x_wconf 92' lang='lat' dir='ltr'><strong>tum</strong></span> <span class='ocrx_word' id='word_1_755' title='bbox 2887 4385 3080 4453; x_wconf 87' lang='lat' dir='ltr'><strong>ingens</strong></span> <span class='ocrx_word' id='word_1_756' title='bbox 3125 4386 3242 4435; x_wconf 88' lang='lat' dir='ltr'><strong>erat</strong></span> <span class='ocrx_word' id='word_1_757' title='bbox 3300 4373 3614 4437; x_wconf 89' lang='lat' dir='ltr'><strong>multitudo,</strong></span> 
     </span>
    </p>
   </div>
   <div class='ocr_carea' id='block_1_105' title="bbox 1973 4469 3618 4560">
    <p class='ocr_par' dir='ltr' id='par_1_105' title="bbox 1973 4469 3618 4560">
     <span class='ocr_line' id='line_1_105' title="bbox 1973 4469 3618 4560; baseline -0.013 -21"><span class='ocrx_word' id='word_1_758' title='bbox 1973 4506 2018 4560; x_wconf 76' lang='grc' dir='ltr'>υ</span> <span class='ocrx_word' id='word_1_759' title='bbox 2050 4480 2593 4545; x_wconf 89' lang='lat' dir='ltr'><strong>subministraretur;</strong></span> <span class='ocrx_word' id='word_1_760' title='bbox 2648 4493 2783 4533; x_wconf 88' lang='lat' dir='ltr'><strong>neve</strong></span> <span class='ocrx_word' id='word_1_761' title='bbox 2836 4477 2964 4530; x_wconf 90' lang='lat' dir='ltr'><strong>hinc</strong></span> <span class='ocrx_word' id='word_1_762' title='bbox 2989 4475 3208 4546; x_wconf 91' lang='lat' dir='ltr'><strong>quidam</strong></span> <span class='ocrx_word' id='word_1_763' title='bbox 3259 4486 3326 4526; x_wconf 83' lang='lat' dir='ltr'><strong>ex</strong></span> <span class='ocrx_word' id='word_1_764' title='bbox 3363 4469 3618 4536; x_wconf 81' lang='lat' dir='ltr'><strong>frequen-</strong></span> 
     </span>
    </p>
   </div>
   <div class='ocr_carea' id='block_1_106' title="bbox 2044 4567 3617 4631">
    <p class='ocr_par' dir='ltr' id='par_1_106' title="bbox 2044 4567 3617 4631">
     <span class='ocr_line' id='line_1_106' title="bbox 2044 4567 3617 4631; baseline -0.013 -2"><span class='ocrx_word' id='word_1_765' title='bbox 2044 4573 2530 4631; x_wconf 88' lang='lat' dir='ltr'><strong>tioriadorationis</strong></span> <span class='ocrx_word' id='word_1_766' title='bbox 2563 4588 2663 4626; x_wconf 91' lang='lat' dir='ltr'><strong>usu</strong></span> <span class='ocrx_word' id='word_1_767' title='bbox 2718 4569 3017 4625; x_wconf 88' lang='lat' dir='ltr'><strong>inﬁdelium</strong></span> <span class='ocrx_word' id='word_1_768' title='bbox 3069 4567 3281 4621; x_wconf 91' lang='lat' dir='ltr'><strong>animos</strong></span> <span class='ocrx_word' id='word_1_769' title='bbox 3328 4572 3617 4628; x_wconf 80' lang='lat' dir='ltr'><strong>exaspera-</strong></span> 
     </span>
    </p>
   </div>
   <div class='ocr_carea' id='block_1_107' title="bbox 2044 4646 3616 4726">
    <p class='ocr_par' dir='ltr' id='par_1_107' title="bbox 2044 4646 3616 4726">
     <span class='ocr_line' id='line_1_107' title="bbox 2044 4646 3616 4726; baseline -0.012 -7"><span class='ocrx_word' id='word_1_770' title='bbox 2044 4672 2164 4722; x_wconf 88' lang='lat' dir='ltr'><strong>rcnt</strong></span> <span class='ocrx_word' id='word_1_771' title='bbox 2190 4665 2245 4718; x_wconf 87' lang='lat' dir='ltr'><strong>in</strong></span> <span class='ocrx_word' id='word_1_772' title='bbox 2274 4663 2660 4726; x_wconf 87' lang='lat' dir='ltr'><strong>Christianos;</strong></span> <span class='ocrx_word' id='word_1_773' title='bbox 2695 4674 2802 4714; x_wconf 90' lang='lat' dir='ltr'><strong>neu</strong></span> <span class='ocrx_word' id='word_1_774' title='bbox 2853 4659 3070 4713; x_wconf 89' lang='lat' dir='ltr'><strong>demum</strong></span> <span class='ocrx_word' id='word_1_775' title='bbox 3103 4652 3364 4709; x_wconf 89' lang='lat' dir='ltr'><strong>ementita</strong></span> <span class='ocrx_word' id='word_1_776' title='bbox 3398 4646 3616 4719; x_wconf 88' lang='lat' dir='ltr'><strong>pietatis</strong></span> 
     </span>
    </p>
   </div>
   <div class='ocr_carea' id='block_1_108' title="bbox 2044 4745 3614 4825">
    <p class='ocr_par' dir='ltr' id='par_1_108' title="bbox 2044 4745 3614 4825">
     <span class='ocr_line' id='line_1_108' title="bbox 2044 4745 3614 4825; baseline -0.013 -15"><span class='ocrx_word' id='word_1_777' title='bbox 2044 4755 2224 4825; x_wconf 88' lang='lat' dir='ltr'><strong>specie</strong></span> <span class='ocrx_word' id='word_1_778' title='bbox 2258 4753 2483 4825; x_wconf 87' lang='lat' dir='ltr'><strong>gloriam</strong></span> <span class='ocrx_word' id='word_1_779' title='bbox 2508 4761 2562 4806; x_wconf 88' lang='lat' dir='ltr'><strong>et</strong></span> <span class='ocrx_word' id='word_1_780' title='bbox 2585 4751 2798 4805; x_wconf 89' lang='lat' dir='ltr'><strong>laudem</strong></span> <span class='ocrx_word' id='word_1_781' title='bbox 2847 4748 3141 4802; x_wconf 85' lang='lat' dir='ltr'><strong>humanam</strong></span> <span class='ocrx_word' id='word_1_782' title='bbox 3187 4745 3614 4811; x_wconf 90' lang='lat' dir='ltr'><strong>aucuparentur,</strong></span> 
     </span>
    </p>
   </div>
   <div class='ocr_carea' id='block_1_109' title="bbox 2045 4829 3618 4914">
    <p class='ocr_par' dir='ltr' id='par_1_109' title="bbox 2045 4829 3618 4914">
     <span class='ocr_line' id='line_1_109' title="bbox 2045 4829 3618 4914; baseline -0.011 -13"><span class='ocrx_word' id='word_1_783' title='bbox 2045 4858 2138 4901; x_wconf 82' lang='lat' dir='ltr'><strong>aut</strong></span> <span class='ocrx_word' id='word_1_784' title='bbox 2167 4847 2273 4901; x_wconf 91' lang='lat' dir='ltr'><strong>alia</strong></span> <span class='ocrx_word' id='word_1_785' title='bbox 2321 4845 2480 4900; x_wconf 92' lang='lat' dir='ltr'><strong>nobis</strong></span> <span class='ocrx_word' id='word_1_786' title='bbox 2510 4843 2690 4914; x_wconf 84' lang='lat' dir='ltr'><strong>ignota</strong></span> <span class='ocrx_word' id='word_1_787' title='bbox 2729 4841 2796 4898; x_wconf 88' lang='lat' dir='ltr'><strong>de</strong></span> <span class='ocrx_word' id='word_1_788' title='bbox 2838 4855 3026 4896; x_wconf 87' lang='lat' dir='ltr'><strong>causa.</strong></span> <span class='ocrx_word' id='word_1_789' title='bbox 3071 4837 3225 4892; x_wconf 85' lang='lat' dir='ltr'><strong>Hunc</strong></span> <span class='ocrx_word' id='word_1_790' title='bbox 3271 4836 3455 4904; x_wconf 89' lang='lat' dir='ltr'><strong>itaque</strong></span> <span class='ocrx_word' id='word_1_791' title='bbox 3484 4829 3618 4885; x_wconf 89' lang='lat' dir='ltr'><strong>ado-</strong></span> 
     </span>
    </p>
   </div>
   <div class='ocr_carea' id='block_1_110' title="bbox 2043 4927 3616 4994">
    <p class='ocr_par' dir='ltr' id='par_1_110' title="bbox 2043 4927 3616 4994">
     <span class='ocr_line' id='line_1_110' title="bbox 2043 4927 3616 4994; baseline -0.012 0"><span class='ocrx_word' id='word_1_792' title='bbox 2043 4939 2202 4994; x_wconf 92' lang='lat' dir='ltr'><strong>randi</strong></span> <span class='ocrx_word' id='word_1_793' title='bbox 2252 4952 2459 4992; x_wconf 90' lang='lat' dir='ltr'><strong>morem</strong></span> <span class='ocrx_word' id='word_1_794' title='bbox 2514 4943 2700 4992; x_wconf 89' lang='lat' dir='ltr'><strong>vetant</strong></span> <span class='ocrx_word' id='word_1_795' title='bbox 2759 4933 2995 4990; x_wconf 86' lang='lat' dir='ltr'><strong>Basilius</strong></span> <span class='ocrx_word' id='word_1_796' title='bbox 3035 4939 3090 4988; x_wconf 91' lang='lat' dir='ltr'><strong>et</strong></span> <span class='ocrx_word' id='word_1_797' title='bbox 3139 4927 3406 4984; x_wconf 86' lang='lat' dir='ltr'><strong>Eusebius</strong></span> <span class='ocrx_word' id='word_1_798' title='bbox 3460 4931 3616 4979; x_wconf 83' lang='lat' dir='ltr'><strong>extra</strong></span> 
     </span>
    </p>
   </div>
   <div class='ocr_carea' id='block_1_111' title="bbox 2043 5018 3619 5100">
    <p class='ocr_par' dir='ltr' id='par_1_111' title="bbox 2043 5018 3619 5100">
     <span class='ocr_line' id='line_1_111' title="bbox 2043 5018 3619 5100; baseline -0.011 -13"><span class='ocrx_word' id='word_1_799' title='bbox 2043 5030 2332 5087; x_wconf 89' lang='lat' dir='ltr'><strong>ecclesiam</strong></span> <span class='ocrx_word' id='word_1_800' title='bbox 2365 5044 2624 5100; x_wconf 81' lang='lat' dir='ltr'><strong>peragere</strong></span> <span class='ocrx_word' id='word_1_801' title='bbox 2656 5043 2670 5078; x_wconf 90' lang='lat'><strong>:</strong></span> <span class='ocrx_word' id='word_1_802' title='bbox 2713 5041 2888 5098; x_wconf 87' lang='lat' dir='ltr'><strong>neque</strong></span> <span class='ocrx_word' id='word_1_803' title='bbox 2931 5025 3119 5081; x_wconf 90' lang='lat' dir='ltr'><strong>volunt</strong></span> <span class='ocrx_word' id='word_1_804' title='bbox 3147 5024 3267 5078; x_wconf 86' lang='lat' dir='ltr'><strong>ideo</strong></span> <span class='ocrx_word' id='word_1_805' title='bbox 3301 5018 3619 5074; x_wconf 90' lang='lat' dir='ltr'><strong>adoratione</strong></span> 
     </span>
    </p>
   </div>
   <div class='ocr_carea' id='block_1_112' title="bbox 2043 5107 3618 5193">
    <p class='ocr_par' dir='ltr' id='par_1_112' title="bbox 2043 5107 3618 5193">
     <span class='ocr_line' id='line_1_112' title="bbox 2043 5107 3618 5193; baseline -0.01 -16"><span class='ocrx_word' id='word_1_806' title='bbox 2043 5123 2133 5177; x_wconf 90' lang='lat' dir='ltr'><strong>illa</strong></span> <span class='ocrx_word' id='word_1_807' title='bbox 2159 5121 2392 5184; x_wconf 90' lang='lat' dir='ltr'><strong>interna,</strong></span> <span class='ocrx_word' id='word_1_808' title='bbox 2445 5120 2663 5193; x_wconf 34' lang='lat' dir='ltr'><strong>ubiquei</strong></span> <span class='ocrx_word' id='word_1_809' title='bbox 2687 5117 2906 5173; x_wconf 81' lang='lat' dir='ltr'><strong>Numini</strong></span> <span class='ocrx_word' id='word_1_810' title='bbox 2953 5114 3283 5188; x_wconf 66' lang='lat' dir='ltr'><strong>praestanda,</strong></span> <span class='ocrx_word' id='word_1_811' title='bbox 3313 5113 3414 5183; x_wconf 91' lang='lat' dir='ltr'><strong>piis</strong></span> <span class='ocrx_word' id='word_1_812' title='bbox 3442 5107 3618 5165; x_wconf 88' lang='lat' dir='ltr'><strong>homi-</strong></span> 
     </span>
    </p>
   </div>
   <div class='ocr_carea' id='block_1_113' title="bbox 2044 5201 3617 5282">
    <p class='ocr_par' dir='ltr' id='par_1_113' title="bbox 2044 5201 3617 5282">
     <span class='ocr_line' id='line_1_113' title="bbox 2044 5201 3617 5282; baseline -0.008 -16"><span class='ocrx_word' id='word_1_813' title='bbox 2044 5215 2206 5268; x_wconf 90' lang='lat' dir='ltr'><strong>nibus</strong></span> <span class='ocrx_word' id='word_1_814' title='bbox 2260 5211 2550 5267; x_wconf 88' lang='lat' dir='ltr'><strong>interdici:</strong></span> <span class='ocrx_word' id='word_1_815' title='bbox 2582 5208 2727 5282; x_wconf 91' lang='lat' dir='ltr'><strong>quod</strong></span> <span class='ocrx_word' id='word_1_816' title='bbox 2762 5209 3031 5264; x_wconf 89' lang='lat' dir='ltr'><strong>neminem</strong></span> <span class='ocrx_word' id='word_1_817' title='bbox 3087 5215 3217 5278; x_wconf 90' lang='lat' dir='ltr'><strong>puto</strong></span> <span class='ocrx_word' id='word_1_818' title='bbox 3265 5203 3475 5260; x_wconf 87' lang='lat' dir='ltr'><strong>inﬁcias</strong></span> <span class='ocrx_word' id='word_1_819' title='bbox 3510 5201 3617 5254; x_wconf 85' lang='lat' dir='ltr'><strong>itu-</strong></span> 
     </span>
    </p>
   </div>
   <div class='ocr_carea' id='block_1_114' title="bbox 2042 5293 3615 5364">
    <p class='ocr_par' dir='ltr' id='par_1_114' title="bbox 2042 5293 3615 5364">
     <span class='ocr_line' id='line_1_114' title="bbox 2042 5293 3615 5364; baseline -0.011 -2"><span class='ocrx_word' id='word_1_820' title='bbox 2042 5323 2186 5362; x_wconf 90' lang='lat' dir='ltr'><strong>rum.</strong></span> <span class='ocrx_word' id='word_1_821' title='bbox 2223 5305 2373 5358; x_wconf 84' lang='lat' dir='ltr'><strong>Alias</strong></span> <span class='ocrx_word' id='word_1_822' title='bbox 2404 5304 2550 5358; x_wconf 91' lang='lat' dir='ltr'><strong>enim</strong></span> <span class='ocrx_word' id='word_1_823' title='bbox 2575 5301 2737 5357; x_wconf 90' lang='lat' dir='ltr'><strong>iidem</strong></span> <span class='ocrx_word' id='word_1_824' title='bbox 2761 5300 2995 5355; x_wconf 85' lang='lat' dir='ltr'><strong>Basilius</strong></span> <span class='ocrx_word' id='word_1_825' title='bbox 3036 5307 3090 5356; x_wconf 91' lang='lat' dir='ltr'><strong>et</strong></span> <span class='ocrx_word' id='word_1_826' title='bbox 3128 5298 3415 5364; x_wconf 87' lang='lat' dir='ltr'><strong>Eusebius,</strong></span> <span class='ocrx_word' id='word_1_827' title='bbox 3445 5293 3615 5346; x_wconf 87' lang='lat' dir='ltr'><strong>Deum</strong></span> 
     </span>
    </p>
   </div>
   <div class='ocr_carea' id='block_1_115' title="bbox 2043 5385 3618 5471">
    <p class='ocr_par' dir='ltr' id='par_1_115' title="bbox 2043 5385 3618 5471">
     <span class='ocr_line' id='line_1_115' title="bbox 2043 5385 3618 5471; baseline -0.01 -19"><span class='ocrx_word' id='word_1_828' title='bbox 2043 5415 2142 5471; x_wconf 85' lang='lat' dir='ltr'><strong>pro</strong></span> <span class='ocrx_word' id='word_1_829' title='bbox 2165 5398 2335 5452; x_wconf 92' lang='lat' dir='ltr'><strong>lubito</strong></span> <span class='ocrx_word' id='word_1_830' title='bbox 2363 5397 2629 5466; x_wconf 90' lang='lat' dir='ltr'><strong>cujusque</strong></span> <span class='ocrx_word' id='word_1_831' title='bbox 2673 5393 3006 5448; x_wconf 83' lang='lat' dir='ltr'><strong>adorandum</strong></span> <span class='ocrx_word' id='word_1_832' title='bbox 3053 5399 3343 5448; x_wconf 90' lang='lat' dir='ltr'><strong>statuunt:</strong></span> <span class='ocrx_word' id='word_1_833' title='bbox 3377 5385 3519 5459; x_wconf 90' lang='lat' dir='ltr'><strong>quod</strong></span> <span class='ocrx_word' id='word_1_834' title='bbox 3562 5385 3618 5438; x_wconf 90' lang='lat' dir='ltr'><strong>in</strong></span> 
     </span>
    </p>
   </div>
   <div class='ocr_carea' id='block_1_116' title="bbox 2045 5477 3616 5560">
    <p class='ocr_par' dir='ltr' id='par_1_116' title="bbox 2045 5477 3616 5560">
     <span class='ocr_line' id='line_1_116' title="bbox 2045 5477 3616 5560; baseline -0.012 -14"><span class='ocrx_word' id='word_1_835' title='bbox 2045 5490 2267 5560; x_wconf 86' lang='lat' dir='ltr'><strong>scriptis</strong></span> <span class='ocrx_word' id='word_1_836' title='bbox 2299 5489 2483 5544; x_wconf 87' lang='lat' dir='ltr'><strong>Basilii</strong></span> <span class='ocrx_word' id='word_1_837' title='bbox 2518 5489 2829 5557; x_wconf 82' lang='lat' dir='ltr'><strong>frequenter</strong></span> <span class='ocrx_word' id='word_1_838' title='bbox 2849 5485 3174 5555; x_wconf 87' lang='lat' dir='ltr'><strong>comperias,</strong></span> <span class='ocrx_word' id='word_1_839' title='bbox 3207 5497 3270 5536; x_wconf 91' lang='lat' dir='ltr'><strong>ac</strong></span> <span class='ocrx_word' id='word_1_840' title='bbox 3297 5481 3350 5534; x_wconf 91' lang='lat' dir='ltr'><strong>in</strong></span> <span class='ocrx_word' id='word_1_841' title='bbox 3388 5477 3616 5532; x_wconf 83' lang='lat' dir='ltr'><strong>hisitein</strong></span> 
     </span>
    </p>
   </div>
   <div class='ocr_carea' id='block_1_117' title="bbox 2043 5567 3621 5639">
    <p class='ocr_par' dir='ltr' id='par_1_117' title="bbox 2043 5567 3621 5639">
     <span class='ocr_line' id='line_1_117' title="bbox 2043 5567 3621 5639; baseline -0.013 0"><span class='ocrx_word' id='word_1_842' title='bbox 2043 5583 2454 5639; x_wconf 85' lang='lat' dir='ltr'><strong>commentariis</strong></span> <span class='ocrx_word' id='word_1_843' title='bbox 2488 5581 2753 5637; x_wconf 85' lang='lat' dir='ltr'><strong>Eusebius</strong></span> <span class='ocrx_word' id='word_1_844' title='bbox 2803 5593 2903 5633; x_wconf 88' lang='lat' dir='ltr'><strong>nec</strong></span> <span class='ocrx_word' id='word_1_845' title='bbox 2941 5576 3108 5632; x_wconf 90' lang='lat' dir='ltr'><strong>semel</strong></span> <span class='ocrx_word' id='word_1_846' title='bbox 3136 5569 3469 5627; x_wconf 89' lang='lat' dir='ltr'><strong>adorandum</strong></span> <span class='ocrx_word' id='word_1_847' title='bbox 3499 5567 3621 5620; x_wconf 88' lang='lat' dir='ltr'><strong>nbi-</strong></span> 
     </span>
    </p>
   </div>
   <div class='ocr_carea' id='block_1_118' title="bbox 2044 5665 3619 5749">
    <p class='ocr_par' dir='ltr' id='par_1_118' title="bbox 2044 5665 3619 5749">
     <span class='ocr_line' id='line_1_118' title="bbox 2044 5665 3619 5749; baseline -0.009 -19"><span class='ocrx_word' id='word_1_848' title='bbox 2044 5694 2149 5749; x_wconf 90' lang='lat' dir='ltr'><strong>que</strong></span> <span class='ocrx_word' id='word_1_849' title='bbox 2178 5678 2344 5733; x_wconf 90' lang='lat' dir='ltr'><strong>Deum</strong></span> <span class='ocrx_word' id='word_1_850' title='bbox 2374 5691 2497 5731; x_wconf 84' lang='lat' dir='ltr'><strong>esse</strong></span> <span class='ocrx_word' id='word_1_851' title='bbox 2519 5675 2700 5730; x_wconf 89' lang='lat' dir='ltr'><strong>docet.</strong></span> <span class='ocrx_word' id='word_1_852' title='bbox 2738 5674 2798 5727; x_wconf 89' lang='lat' dir='ltr'><strong>In</strong></span> <span class='ocrx_word' id='word_1_853' title='bbox 2849 5676 3212 5743; x_wconf 86' lang='lat' dir='ltr'><strong>promptuque</strong></span> <span class='ocrx_word' id='word_1_854' title='bbox 3255 5672 3420 5730; x_wconf 84' lang='lat' dir='ltr'><strong>esset,</strong></span> <span class='ocrx_word' id='word_1_855' title='bbox 3449 5665 3619 5718; x_wconf 89' lang='lat' dir='ltr'><strong>multa</strong></span> 
     </span>
    </p>
   </div>
   <div class='ocr_carea' id='block_1_119' title="bbox 2044 5767 3649 5840">
    <p class='ocr_par' dir='ltr' id='par_1_119' title="bbox 2044 5767 3649 5840">
     <span class='ocr_line' id='line_1_119' title="bbox 2044 5767 3649 5840; baseline -0.009 -13"><span class='ocrx_word' id='word_1_856' title='bbox 2044 5769 2111 5826; x_wconf 92' lang='lat' dir='ltr'><strong>ad</strong></span> <span class='ocrx_word' id='word_1_857' title='bbox 2136 5771 2211 5827; x_wconf 85' lang='lat' dir='ltr'><strong>id</strong></span> <span class='ocrx_word' id='word_1_858' title='bbox 2244 5767 2706 5840; x_wconf 83' lang='lat' dir='ltr'><strong>comprobandum</strong></span> <span class='ocrx_word' id='word_1_859' title='bbox 2756 5768 2874 5822; x_wconf 91' lang='lat' dir='ltr'><strong>loca</strong></span> <span class='ocrx_word' id='word_1_860' title='bbox 2917 5777 3208 5834; x_wconf 86' lang='lat' dir='ltr'><strong>congerere</strong></span> <span class='ocrx_word' id='word_1_861' title='bbox 3235 5776 3247 5812; x_wconf 92' lang='lat'>:</span> <span class='ocrx_word' id='word_1_862' title='bbox 3274 5775 3461 5816; x_wconf 81' lang='lat' dir='ltr'><strong>verum</strong></span> <span class='ocrx_word' id='word_1_863' title='bbox 3489 5776 3649 5814; x_wconf 73' lang='lat' dir='ltr'><strong>ctua.</strong></span> 
     </span>
    </p>
   </div>
  </div>
