4086 6548
492 345 562 400 55
1149 330 1417 391 EUSEBII
1453 330 1924 386 CESARIENSIS
1961 330 2110 387 ΟΡΡ.
2145 326 2319 384 PARS
2358 327 2445 383 lll.
2481 357 2550 367 —
2588 325 2995 384 EXEGETICA.
3647 328 3715 384 56

492 468 675 524 nullus
706 468 806 519 hac
847 462 913 518 de
942 478 1001 515 re
1042 458 1426 515 controversia:
1452 457 1607 514 locus
1630 472 1750 513 esse
1775 456 1971 521 valeat,
1998 456 2063 513 iis
2091 459 2136 515 Α
2163 453 2517 519 servabatur;
2552 450 2836 507 Matthazus
2863 466 2994 506 sane
3028 448 3242 520 propria
3269 448 3717 519 interpretatione

490 558 779 615 afferendis
809 555 1247 627 supersedemus.

551 692 634 744 IV.
661 690 854 740 Intinita
892 693 1017 740 dona
1044 691 1271 739 ecclesiis
1302 689 1506 739 Eusebii
1553 695 1773 751 tempore
1797 688 1990 740 collata.

560 816 617 870 ln
649 817 911 887 psalmum
938 832 1088 882 uxr,
1118 818 1255 872 Deus
1275 818 1536 886 judicium
1565 826 1709 869 tuum
1740 817 1848 886 regi
1876 814 1967 881 da,
1989 815 2055 869 ad

490 910 637 964 hunc
663 923 900 972 versum,
927 907 995 962 Et
1025 910 1152 964 viret
1184 920 1231 963 et
1255 908 1470 962 dabitur
1500 909 1548 962 ei
1565 907 1629 961 de
1667 924 1797 961 auro
1819 906 2052 971 Arabica,

489 1000 565 1052 ait
591 996 857 1054 Eusebius
886 1018 899 1053 :
930 997 999 1052 Et
1023 1000 1159 1052 alias
1214 1015 1415 1069 quoque
1465 999 1520 1053 in
1559 998 1787 1052 ecclesiis
1833 996 2051 1062 Christi,

488 1092 615 1161 ipsis
640 1091 806 1146 oculis
837 1089 1071 1145 videmus
1104 1089 1318 1159 inﬁnita
1373 1106 1437 1143 ex
1497 1107 1628 1144 auro
1662 1106 1794 1160 puro
1823 1090 2051 1155 cimelia,

487 1186 544 1239 in
576 1186 687 1255 ejus
711 1184 961 1239 honorem
983 1192 1308 1238 consecrata.
1331 1181 1448 1249 Quo
1478 1182 1664 1238 videas
1690 1198 1798 1237 non
1830 1198 2051 1248 novum,

488 1292 664 1347 neque
687 1291 880 1332 recens
908 1275 1186 1331 inductum
1210 1289 1416 1330 morem
1450 1290 1591 1339 esse,
1625 1273 1768 1329 dona
1792 1283 1847 1329 et
1890 1274 2055 1329 cime-

488 1370 559 1423 lia
592 1370 647 1423 in
704 1367 954 1424 ecclesiis
994 1366 1200 1422 Christi
1262 1365 1621 1422 consecrandi
1656 1384 1668 1420 :
1701 1366 1833 1435 quin
1872 1366 2054 1436 potius

486 1461 632 1531 quod
657 1459 922 1516 Eusebius
953 1458 1448 1528 frequentissimum
1473 1456 1697 1521 indicat,
1718 1458 1829 1527 jam
1864 1472 2055 1527 perra-

487 1570 611 1608 rum
653 1570 777 1610 esse
818 1552 1441 1623 comprobaturmeque
1492 1550 1634 1605 enim
1670 1550 1743 1604 ita
1793 1550 1960 1604 multa
1988 1565 2053 1605 ex

488 1662 623 1703 auro
664 1662 803 1717 puro
843 1644 1059 1701 cimelia
1097 1644 1152 1696 in
1187 1642 1403 1711 templis
1444 1641 1604 1697 hodie
1656 1640 2050 1712 deprehendas.

487 1737 683 1793 Narrat
727 1753 855 1793 vero
904 1736 1047 1791 idem
1098 1734 1365 1791 Eusebius
1398 1732 1840 1797 Constantinum,
1878 1733 2055 1789 eccle-

489 1832 628 1887 siam
660 1831 774 1886 sive
795 1828 1116 1901 martyrium
1141 1826 1442 1883 Salvatoris
1464 1866 1478 1889 ,
1504 1824 1647 1895 quod
1684 1824 1799 1895 ipse
1841 1824 2053 1894 magni-
2084 1831 2125 1886 Β

486 1920 900 1976 licentissimum
931 1926 1295 1983 exstruxerat,
1352 1917 1578 1973 infinitis
1624 1915 1868 1972 donariis
1902 1916 2053 1971 locu-

486 2014 745 2084 pletasse,
787 2009 983 2081 partim
1010 2025 1075 2065 ex
1135 2023 1270 2063 auro
1329 2017 1384 2063 et
1435 2016 1680 2077 argento,
1732 2006 1926 2077 partim
1985 2021 2049 2061 ex

487 2104 717 2175 geminis
750 2113 802 2159 et
835 2103 955 2158 aliis
1004 2100 1260 2172 pretiosis
1316 2099 1569 2155 cimeliis.
1625 2098 1727 2165 Qui
1759 2099 2054 2169 imperator

487 2197 612 2250 aliis
640 2196 874 2250 fortasse
901 2194 1152 2265 exemplo
1193 2206 1260 2247 ac
1295 2190 1517 2246 stimulo
1551 2189 1733 2252 fuerit,
1770 2198 1828 2242 ut
1856 2189 2054 2243 similia

487 2287 632 2341 dona
675 2285 922 2341 certatim
971 2285 1026 2338 in
1085 2282 1333 2339 ecclesiis
1374 2286 1780 2337 consecrarent.
1815 2277 2053 2349 ldipsum

486 2378 678 2448 paucis
708 2376 902 2447 repetit
932 2376 997 2429 ad
1034 2375 1305 2446 psalmum
1343 2387 1510 2437 cxvn,
1555 2370 1813 2441 additque
1861 2369 2053 2425 diebus

485 2470 786 2541 praesertim
819 2467 1224 2524 solemnitatum
1269 2464 1559 2521 ecclesiam
1602 2462 1761 2518 donis
1784 2475 2055 2517 exornan-

486 2564 613 2618 dam
633 2577 773 2618 esse.
808 2560 911 2617 Ubi
939 2560 1007 2617 ad
1038 2561 1150 2616 haec
1174 2558 1486 2631 Symmachi
1515 2556 1711 2621 verba,
1753 2553 2055 2626 Συνδήσατε

486 2658 546 2709 ὲν
594 2655 896 2725 πανηγύρει
953 2651 1305 2724 πυκάσματα,
1356 2650 1463 2712 ἕως
1508 2647 1618 2702 τῶν
1662 2647 1907 2715 κεράτων
1959 2643 2055 2698 τοῦ

487 2748 891 2820 Θυσιαστηρίου,
917 2746 971 2800 id
998 2755 1102 2809 est,
1139 2743 1401 2814 Colligate
1421 2744 1475 2797 in
1504 2741 1803 2796 celebritate
1828 2737 2057 2792 densita-

462 2853 562 2905 ,tes
592 2857 753 2912 usque
777 2838 845 2893 ad
871 2855 1069 2892 cornua
1100 2837 1292 2890 altaris
1314 2855 1333 2899 ;
1380 2836 1496 2890 hinc
1520 2834 1682 2889 habet
1711 2854 1721 2886 :
1754 2830 1852 2885 llis
1881 2837 2057 2883 autem

486 2934 748 3002 prwcipit,
778 2930 958 2986 multis
988 2928 1209 2984 cimeliis
1260 2927 1475 2981 domum
1526 2925 1624 2979 Dei
1653 2924 1870 2994 replere,
1905 2931 2059 2993 atque

488 3026 725 3082 donariis
756 3023 1110 3095 frequentibus
1140 3021 1307 3091 Igsam
1325 3019 1640 3090 temporibus
1664 3016 2057 3073 solemnitatum

582 3132 761 3171 onore.

1085 3266 1317 3325 CAPUT
1365 3267 1456 3320 IX.

633 3399 997 3441 IISCELLANEA
1046 3397 1277 3445 QUI-EDA}!
1330 3396 1671 3436 OBSERVANDA
1725 3394 1777 3432 ιη

1062 3466 1482 3508 (ΞΟΙΒΕΝτΔΒΙΙΒ.

1830 3394 1917 3433 IIIS

492 3608 547 3666 1.
583 3607 797 3664 Eusebii
828 3608 890 3662 de
916 3606 1159 3661 Matthwi
1183 3604 1463 3676 Evangelia
1487 3601 1817 3676 sententia.)
1827 3600 1873 3655 1.
1891 3600 2061 3656 ,Ιοαη-

554 3692 651 3734 nes
691 3677 951 3732 IIebraico
992 3676 1280 3745 exemplari
1315 3670 1449 3745 usus
1470 3686 1585 3745 est,
1618 3670 1846 3745 Paulus
1886 3681 2059 3725 autem

569 3749 749 3803 Gi‘wco
801 3747 956 3802 LXX
986 3742 1357 3816 Interpretum.
1421 3743 1541 3816 III.
1592 3742 1833 3816 Apostoli
1882 3759 2058 3816 omnes

562 3821 822 3889 martyrio
857 3821 1115 3889 coronati,
1133 3813 1207 3889 ea:
1240 3834 1345 3885 qua
1379 3814 1522 3889 tribu
1542 3813 1736 3883 singuli
1758 3813 2060 3889 fueriutde-

564 3884 815 3959 prehéndi
843 3901 1035 3959 potest.
1087 3888 1190 3942 1V.
1239 3884 1322 3940 An
1372 3885 1747 3959 prophetarum
1799 3884 2058 3959 successio

566 3953 636 4015 ad
681 3953 941 4015 Joannem
984 3959 1284 4028 Baptistam
1328 3957 1635 4028 pervenerit.
1685 3953 1746 4006 V.
1801 3953 2057 4028 Eusebius

566 4032 766 4084 labitur
788 4029 913 4083 dum
944 4026 1222 4083 monac/tos
1256 4046 1286 4082 a
1318 4026 1633 4095 Symmacho
1660 4026 2059 4095 memoraripu-

568 4112 667 4157 tat.
713 4099 811 4155 VI.
844 4100 1090 4154 Monachi
1137 4093 1877 4166 perraritemporeAEusebii.
1922 4093 2055 4166 YI_I.

568 4171 869 4242 Martyrum
899 4163 1178 4242 cruciatus
1209 4163 1529 4242 singulares:
1576 4164 1945 4242 VIII.-.[_ud_t_ei
1966 4163 2060 4242 Je-

566 4234 951 4313 rosolymorum
981 4239 1143 4313 aditu
1163 4234 1455 4313 interclusi.
1493 4236 1695 4313 Quare._
1728 4234 1833 4289 IX.
1863 4234 2057 4313 Tradi.

570 4306 733 4367 tiones
763 4312 1007 4375 qua'dam
1035 4308 1365 4362 Judworum.
1395 4306 1464 4362 X.
1498 4306 1924 4361 Christianorum
1960 4306 2060 4373 fre-

569 4384 781 4445 quentia
824 4383 879 4434 in
940 4379 1255 4445 Moabitide,
1308 4376 1661 4431 Ammonitide
1694 4385 1743 4430 et
1791 4376 2052 4431 Idumam.

627 4452 677 4507 I.
712 4452 967 4505 Eusebius
1003 4453 1077 4504 ait
1121 4449 1371 4503 mundum
1403 4448 1662 4516 sphwrica
1696 4448 1870 4513 {arma
1916 4462 2057 4509 esse;

568 4533 768 4578 montes
792 4531 840 4579 et
864 4534 1039 4592 petras
1073 4521 1263 4574 sensim
1292 4535 1541 4577 crescere.

697 4659 735 4707 1.
762 4656 957 4707 Eusebii
978 4657 1040 4705 de
1065 4655 1277 4705 Mattbmi
1302 4654 1572 4716 Evangelio
1594 4654 1862 4702 sententia.

568 4807 654 4863 Ait
674 4805 942 4862 Eusebius
970 4805 1300 4869 Matthaaum,
1335 4802 1593 4859 Hebrazus
1618 4816 1742 4856 cum
1772 4806 1936 4865 esset,
1971 4800 2066 4852 ubi

499 4898 712 4954 Veteris
736 4896 1067 4954 Testamenti
1088 4898 1268 4953 locum
1292 4896 1491 4958 attulit,
1520 4893 1736 4963 propria
1758 4907 1914 4946 usum
1943 4905 2066 4945 esse

499 4991 989 5062 interpretatione:
1036 5006 1162 5045 nam
1197 4989 1354 5057 illud,
1395 4994 1651 5073 D‘TP":D
1688 4990 1853 5044 m‘t’i't
1890 4990 2067 5044 natas

496 5082 644 5152 quod
665 5083 739 5137 ita
761 5099 791 5136 a
820 5080 1172 5153 Septuaginta
1192 5079 1585 5151 lnterpretibus
1605 5076 1873 5138 redditur,
1897 5073 2067 5141 Φοέγ-

498 5172 662 5243 ξομαι
696 5172 1051 5245 προϐλήματα
1066 5169 1597 5243 ἀπ’ἀρχῆς,ιοᾳιιατ
1638 5166 1965 5237 problemata
1999 5165 2067 5218 ab

499 5264 650 5317 initio
673 5264 849 5335 (Psal.
885 5281 1090 5329 Lxxvn,
1119 5266 1199 5333 9.),
1237 5266 1288 5318 in
1313 5262 1501 5317 Graeco
1527 5259 1762 5314 Mattbati
1808 5265 1954 5312 textu
1984 5258 2065 5312 bis

498 5357 680 5411 verbis
695 5359 942 5423 vertitur,
961 5358 1277 5430 Ἐρεύξομαι
1290 5352 1645 5425 κεκρυμμένα
1655 5351 1760 5405 ἀπὸ
1769 5348 2069 5419 καταϐολῆς

499 5449 727 5520 κόσμου,
764 5449 1033 5505 Eructabo
1062 5448 1371 5504 abscondita
1410 5464 1441 5500 a
1473 5445 1847 5500 constitutione
1866 5440 2068 5494 mundi.

500 5542 569 5596 At
598 5559 724 5598 cum
763 5542 1073 5607 Matthaaus,
1105 5541 1328 5603 Irenaeo,
1372 5539 1635 5609 Origene,
1670 5536 1905 5591 Eusebio
1950 5534 2068 5603 ipso

498 5644 551 5689 et
600 5635 933 5708 llierouymo
961 5635 1215 5697 testibus,
1251 5632 1606 5702 Evangelium
1638 5628 1902 5684 Hebraice
1932 5628 2067 5683 scri-

502 5733 694 5799 pserit,
757 5730 917 5798 cujus
966 5729 1245 5796 exemplar
1276 5740 1390 5779 :evo
1424 5722 1735 5793 Hieronymi
1786 5722 1839 5775 in
1873 5721 2069 5777 biblio-

502 5821 655 5877 theca
699 5820 1060 5887 Czesariensi,
1113 5837 1139 5873 a
1200 5816 1495 5894 Pamphilo.
1528 5814 1763 5887 Martyre
1815 5814 2064 5896 collecta,

2157 546 2343 600 Graeca
2368 560 2501 600 usus
2536 559 2643 598 non
2673 551 2776 608 est,
2824 542 2918 598 sed
2950 541 3068 612 ipsa
3109 540 3378 595 Hebraica
3416 539 3581 595 verba
3612 537 3714 611 Sy—

2154 637 2540 693 ro-Chaldaico
2586 650 2858 702 sermone,
2903 634 3082 705 qualis
3127 642 3258 690 tunc
3306 633 3449 705 apud
3499 632 3716 690 Iudaeos

2156 744 2258 784 usu
2292 728 2563 793 veniebat,
2594 728 2882 797 expressit,
2916 733 2974 779 ut
3021 726 3079 779 in
3122 740 3258 781 voce
3292 724 3516 780 Lamma
3545 724 3717 782 Saba-

2154 819 2331 874 cthani
2365 818 2762 889 deprehendas,
2799 818 2855 871 in
2906 817 3137 887 aliisque
3181 832 3289 872 non
3319 818 3530 888 paucis,
3558 816 3715 888 queis

2153 909 2329 980 palam
2379 916 2465 964 est
2511 908 2819 962 Mattharum
2871 908 2927 961 in
2980 907 3272 979 Evangelia
3320 924 3420 964 suo
3454 908 3715 965 Hebraice

2153 1000 2486 1070 conscripto,
2522 998 2698 1057 sicubi
2732 999 2849 1053 loca
2891 1013 2958 1054 ex
3010 997 3192 1054 Veteri
3241 998 3589 1056 Testamento
3621 1015 3715 1056 oc-

2153 1093 2467 1158 currebant,
2498 1108 2560 1148 ea
2593 1090 3041 1163 Syro-Chaldaico
3063 1107 3312 1148 sermone
3340 1094 3711 1164 expressisse:

2153 1199 2223 1239 an
2252 1199 2383 1241 vero
2415 1185 2631 1255 propria
2666 1183 2754 1239 ille
2775 1184 3218 1254 interpretatione
3252 1184 3324 1241 sit
3361 1200 3514 1253 usus,
3548 1199 3617 1239 an
3648 1202 3713 1241 ex

2154 1278 2260 1332 alia
2304 1277 2456 1347 prius
2512 1276 2775 1333 adornata
2827 1278 3077 1335 versione
3125 1278 3243 1333 loca
3291 1277 3363 1333 sit
3412 1287 3712 1343 mutuatus,

2155 1370 2298 1424 haud
2351 1370 2484 1425 levis
2532 1370 2760 1441 quaestio
2810 1380 2918 1427 est.
2966 1369 3163 1425 Postea
3211 1378 3389 1424 autem
3447 1369 3715 1440 interpres

2154 1460 2393 1527 Graecus,
2417 1462 2542 1533 quis
2567 1463 2657 1518 ille
2685 1462 2849 1518 fuerit
2880 1462 3148 1518 incertum
3168 1477 3291 1518 esse
3324 1468 3507 1516 narrat
3534 1460 3717 1518 Hiero-

2156 1570 2373 1625 nymus,
2428 1555 2544 1610 haec
2599 1554 2821 1627 propria
2868 1554 3314 1625 interpretatione
3346 1551 3585 1618 donavit,
3616 1568 3717 1609 nee

2155 1644 2292 1700 LXX
2324 1646 2770 1717 interpretatione
2792 1651 2875 1702 est
2903 1662 3058 1702 usus.

2155 1797 2218 1849 II.
2249 1799 2462 1849 Joannes
2499 1797 2740 1849 Hebraico
2762 1800 3033 1862 exemplari
3075 1812 3190 1848 usus
3212 1804 3307 1858 est,
3334 1799 3514 1850 Paulus
3552 1802 3717 1848 autem

2599 1862 2766 1913 Greco
2787 1860 3277 1924 LXX‘Interpretum.

2219 1980 2482 2040 Joannem
2511 1985 2780 2054 similiter,
2820 1993 3006 2057 utpote
3054 1983 3338 2040 Hebraaum
3394 1992 3447 2041 et
3493 2000 3559 2040 ex
3612 1982 3719 2038 He-

2149 2075 2310 2131 braeis
2335 2085 2537 2141 ortum,
2583 2079 2658 2131 ait
2684 2078 2949 2134 Eusebius
2980 2077 3047 2133 ad
3078 2080 3347 2151 psalmum
3382 2093 3472 2145 χι,
3499 2077 3719 2149 propria

2151 2166 2599 2238 interpretatione
2631 2186 2790 2226 usum
2821 2185 2945 2225 esse
2965 2171 3057 2225 ubi
3089 2171 3349 2243 πτέρναν,
3383 2170 3519 2236 sive,
3550 2170 3722 2226 calca-

2152 2275 2305 2313 neum
2327 2260 2512 2325 vertit,
2549 2275 2658 2331 quo
2688 2260 2809 2315 loco
2833 2258 2973 2314 LXX
3002 2262 3353 2334 πτερνισμόν,
3385 2260 3439 2316 id
3466 2268 3570 2325 est,
3594 2274 3721 2328 sup-

2150 2349 2567 2418 plantationem,
2624 2360 2939 2422 posuerant.
2992 2351 3195 2408 Contra
3254 2367 3386 2408 vero
3438 2353 3719 2422 apostolus

2153 2440 2379 2506 Paulus,
2402 2442 2481 2498 sic
2510 2442 2795 2512 Eusebius,
2816 2458 2900 2513 ps.
2921 2444 3064 2510 111,7,
3087 2444 3409 2515 legisperitus
3428 2460 3546 2498 eum
3564 2453 3718 2509 esset,

2154 2532 2211 2588 in
2242 2531 2485 2604 Epistula
2531 2533 2599 2589 ad
2644 2531 2899 2590 Hebrmos
2947 2532 3300 2606 Septuaginta
3360 2533 3716 2603 lnterpretum

2155 2622 2404 2677 versione
2424 2629 2504 2678 est
2537 2638 2690 2678 usus.
2727 2621 2851 2679 Haec
2878 2639 3008 2679 vero
3038 2625 3286 2695 pluribus
3317 2624 3370 2679 in
3399 2623 3721 2678 collectione

2158 2711 2549 2783 Hexaplorum,
2588 2728 2619 2769 a
2642 2714 2803 2771 nobis
2831 2716 3145 2786 propediem
3168 2714 3507 2783 adornanda,
3534 2715 3721 2786 explo-

2156 2804 2326 2859 randa
2348 2806 2583 2861 venient.

2229 2930 2320 2982 Ill.
2341 2931 2569 2998 Apostoli
2586 2946 2760 2998 omnes
2782 2935 3016 2998 martyrio
3035 2936 3267 2998 coronati.
3297 2934 3370 2985 Ex
3388 2947 3488 2998 qua
3508 2933 3641 2984 tribu

2479 2996 2660 3057 singuli
2681 2996 2866 3045 fuerint
2888 2996 3196 3059 deprehendi
3214 3003 3391 3059 potest.

2233 3148 2289 3202 lu
2320 3146 2470 3201 illum
2493 3146 2682 3216 psalmi
2707 3162 2831 3201 uxr
2856 3161 3095 3213 versum,
3118 3146 3187 3201 Et
3214 3146 3520 3202 honorabile
3539 3164 3723 3203 nomen

2159 3255 2341 3295 eorum
2373 3255 2553 3301 coram
2586 3237 2719 3305 illo;
2754 3239 2869 3294 sive
2891 3238 3189 3293 secundum
3215 3237 3617 3310 Symmachum,
3657 3238 3726 3292 Et

2157 3332 2425 3399 pretiosus
2448 3332 2548 3386 erit
2584 3331 2805 3401 sanguis
2845 3346 3027 3384 eorum
3059 3346 3238 3384 coram
3272 3330 3388 3397 illa,
3420 3331 3535 3386 haec
3563 3332 3727 3388 habet

2157 3421 2426 3479 Eusebius
2484 3439 2500 3477 :
2558 3422 2718 3490 Quels
2784 3432 2957 3491 aperte
3010 3439 3181 3477 necem
3234 3422 3449 3476 illorum
3489 3424 3725 3493 (aposto-

2161 3513 2357 3585 lorum)
2419 3514 2789 3578 subindicavit,
2856 3531 2959 3585 qua
3029 3514 3224 3584 singuli
3286 3512 3432 3568 vario
3480 3515 3729 3585 martyrii

2158 3621 2342 3675 genere
2378 3605 2556 3674 a/fecti
2592 3619 2738 3672 sunt,
2781 3621 2842 3659 ac
2885 3605 3023 3659 alius
3052 3605 3158 3659 alio
3184 3603 3359 3669 modo,
3391 3603 3453 3660 ob
3491 3606 3728 3659 testimo-

2160 3698 2307 3751 nium
2338 3697 2401 3751 de
2433 3697 2528 3753 illo
2570 3699 2778 3764 datum,
2825 3695 3098 3768 sanguinis
3142 3712 3361 3766 agonem
3408 3696 3591 3751 subiit.
3648 3696 3728 3752 Ex

2160 3789 2526 3844 monumentis
2555 3799 2732 3843 autem
2750 3789 2935 3854 certis,
2956 3804 3074 3857 quae
3099 3789 3211 3856 jam
3241 3798 3557 3857 supersunt,
3583 3788 3727 3843 haud

2164 3879 2316 3934 facile
2344 3888 2427 3934 est
2465 3878 2805 3949 singulorum
2830 3878 3199 3947 apostolorum
3232 3878 3554 3945 martyrium
3580 3892 3729 3932 com-

2162 3973 2411 4042 probare.
2448 3970 2648 4025 Verum
2698 3969 2988 4031 Eusebius,
3025 3977 3082 4020 ut
3122 3970 3439 4037 apostolicis
3473 3971 3730 4039 tempori-

2160 4067 2264 4122 bus
2298 4065 2547 4127 vicinior,
2592 4062 2770 4134 potuit
2802 4060 3031 4115 forsitan
3063 4060 3130 4114 de
3178 4062 3449 4133 cujusque
3497 4064 3729 4135 apostoli

2159 4156 2420 4227 martyrio
2448 4155 2712 4209 Certiores
2747 4161 2902 4207 notas
2933 4152 3196 4208 invenire.
3233 4152 3329 4211 Est
3350 4170 3478 4210 vero
3511 4156 3600 4210 illa
3616 4155 3729 4224 jam

2159 4264 2259 4303 usu
2294 4262 2428 4318 pene
2459 4255 2671 4315 recepta
2697 4244 2880 4311 Opinio
2908 4246 3184 4314 apostolos
3214 4262 3404 4302 omnes
3438 4263 3536 4318 pro
3570 4246 3731 4302 Chri-

2162 4348 2248 4393 sto
2273 4353 2466 4408 psssos
2493 4352 2636 4401 esse,
2669 4336 2771 4391 etsi
2799 4351 2911 4393 non
2942 4336 3124 4391 desint
3151 4339 3243 4407 qui
3275 4355 3435 4394 secus
3460 4340 3729 4395 arbitren-

2161 4442 2270 4487 tur.
2299 4430 2498 4485 Yerum
2529 4444 2591 4484 ea
2631 4430 2685 4483 in
2716 4444 2774 4483 re
2821 4444 3081 4500 perquam
3111 4430 3327 4486 difﬁcile
3356 4441 3439 4487 est
3464 4431 3731 4503 explorati

2096 4543 2138 4597 ι)
2164 4523 2438 4595 quidpiam
2464 4522 2658 4577 afferre
2691 4542 2704 4577 :
2740 4537 2862 4576 nam
2894 4524 3193 4593 apostolica
3223 4534 3461 4595 tempora
3500 4534 3549 4580 et
3582 4531 3731 4596 gesta

2172 4620 2340 4673 tantis
2368 4625 2495 4673 sunt
2526 4618 2771 4673 tenebris
2794 4617 2987 4681 offusa,
3023 4626 3082 4671 ut
3108 4633 3207 4673 nec
3232 4617 3322 4673 ubi
3343 4625 3568 4673 mortem
3591 4616 3737 4670 obie-

2169 4717 2278 4765 rint
2307 4712 2561 4782 apostoli,
2613 4712 2804 4781 paucis
2853 4712 3119 4782 exceptis,
3155 4726 3253 4765 nec
3302 4725 3438 4780 quas
3465 4707 3615 4763 orbis
3647 4723 3734 4763 re-

2166 4804 2353 4872 giones
2375 4803 2733 4873 peragrarint,
2759 4803 2831 4858 ita
2854 4803 3141 4874 perspicue
3165 4802 3374 4857 narrari
3400 4801 3589 4871 possit.
3622 4798 3737 4854 Nec

2167 4895 2328 4949 modo
2360 4896 2611 4965 quzejam
2640 4896 2930 4950 traduntur
2950 4896 3155 4949 incerta
3185 4903 3345 4960 sunt;
3371 4893 3464 4947 sed
3496 4892 3656 4945 etiam
3688 4890 3735 4944 si

2165 5003 2270 5059 qua
2284 4988 2350 5041 ab
2361 4988 2614 5051 Eusebio,
2631 4996 2684 5042 et
2704 5004 2735 5041 a
2762 4990 2957 5043 comvis
2979 4995 3072 5042 aut
3095 4986 3422 5057 supparibus
3453 4982 3737 5053 scriptori-

2169 5077 2270 5132 bus
2293 5078 2521 5149 carptim
2536 5078 2603 5133 de
2620 5078 2727 5132 illis
2744 5077 3117 5148 proferantur,
3137 5093 3243 5131 non
3271 5079 3343 5130 ita
3377 5076 3522 5130 clare
3546 5089 3738 5130 receno

2167 5178 2375 5225 senlur.
2403 5168 2557 5235 Quod
2587 5176 2766 5222 autem
2798 5168 2874 5219 ait
2903 5164 3194 5229 Eusebius,
3220 5167 3273 5220 in
3293 5166 3432 5236 psal.
3458 5179 3627 5225 van,
3659 5162 3734 5215 28-

2168 5263 2233 5317 ad
2268 5263 2425 5316 linem
2449 5281 2461 5315 :
2486 5259 2545 5314 Si
2558 5260 2673 5328 quis
2686 5275 2801 5312 vero
2823 5274 2912 5325 per
2935 5258 3096 5311 otium
3118 5266 3363 5311 accurate
3386 5253 3735 5325 perquisierit,

2169 5355 2423 5423 cujusque
2443 5350 2668 5419 apostoli
2720 5349 2912 5402 tribum
2948 5350 3165 5417 reperiet
3205 5363 3221 5400 :
3263 5364 3385 5401 nam
3414 5347 3580 5401 cuit-is
3604 5357 3747 5413 quae-

2168 5446 2306 5499 renti
2327 5444 2489 5496 datur
2519 5459 2550 5494 a
2578 5441 2852 5495 Servatore
2884 5440 3178 5494 inveniendi
3214 5438 3530 5507 promissio;
3562 5437 3638 5498 id,
3658 5436 3741 5489 in-

2170 5552 2358 5607 quam,
2389 5533 2608 5588 Eusebii
2637 5548 2752 5587 azvo
2788 5532 3020 5588 fortasse
3060 5538 3273 5603 poterat
3307 5546 3373 5585 ex
3419 5543 3741 5583 monumen-

2172 5630 2241 5683 tis
2271 5633 2513 5681 vctcrum
2562 5625 2853 5696 explorari.
2901 5623 3020 5678 iam
3066 5639 3195 5679 vero
3226 5637 3346 5677 cum
3383 5636 3573 5675 eorum
3604 5620 3744 5673 bene

2172 5719 2340 5771 multa
2374 5716 2574 5772 fuerint
2604 5723 2872 5771 vetustate
2895 5714 3184 5769 obliterata
3213 5718 3268 5767 et
3292 5710 3590 5774 exstincta;
3627 5708 3742 5762 fru-

2174 5822 2309 5882 stra,
2359 5821 2416 5868 ut
2464 5814 2721 5876 arbitror,
2756 5816 3033 5881 quatratur
3086 5822 3151 5861 ex
3206 5821 3310 5874 qua
3368 5805 3511 5860 tribu
3544 5800 3745 5874 singuli
