4086 6540
354 369 419 425 57
1143 380 1641 439 COMMENTARIA
1678 384 1746 440 ΙΝ
1776 386 2110 448 PSALMOS.
2150 424 2219 433 —-
2240 391 2794 457 ΡΒᾹΞῌΜΙΝΑΒΙΑΪ
3515 412 3587 473 58

356 490 586 557 apostoli
617 492 921 561 prodierint
957 515 969 550 :
1001 499 1145 567 quod
1170 501 1333 553 etiam
1367 501 1414 557 si
1447 501 1780 573 deprehendi
1806 521 1927 577 pos-
1950 516 1996 570 Α
2026 510 2232 578 sebius,
2267 512 2483 569 Hilario
2515 526 2569 571 ct
2600 517 2836 574 fortasse
2883 521 2972 576 alii
3008 521 3215 592 perrari
3265 526 3319 581 in
3352 526 3584 587 desertis

356 590 456 643 set,
494 599 601 637 non
624 601 817 657 magno
848 603 1026 657 operte
1048 590 1218 659 pretio
1254 592 1424 649 fieret.

354 672 536 725 IV.An
578 678 933 740 prophetarum
981 684 1326 794 sucressiqitad
1367 686 1607 736 Joannem
1650 688 1918 751 Baptistam

989 755 1205 794 Dervene
1275 780 1288 793 .

989 755 1288 804 pervenerit.

422 817 606 889 Neque
641 823 769 877 item
793 824 1018 893 probatu
1048 824 1204 882 facile
1224 838 1309 883 est
1335 830 1483 899 quod
1514 831 1590 885 ait
1620 832 1912 899 Eusebius,

356 910 495 977 psal.
525 927 717 977 Lxxut,
750 916 801 980 8,
828 914 984 978 9,10,
1004 917 1385 987 prophetarum
1402 922 1802 977 successionem
1823 938 1916 978 us-

354 1014 460 1067 que
484 1002 549 1054 ad
581 1000 838 1059 Joannem
867 1005 1156 1077 Baptistam
1181 1011 1467 1068 devenisse
1494 1033 1509 1067 :
1537 1028 1661 1066 nam
1691 1030 1756 1069 ex
1789 1016 1913 1070 libri

356 1087 782 1151 Maebabaaorum
843 1104 897 1151 et
959 1095 1127 1153 Flavii
1150 1097 1369 1170 Iosephi
1403 1102 1736 1169 testimonio,
1782 1102 1912 1159 Per-

354 1194 539 1234 sarum
572 1190 809 1253 tempore
823 1186 982 1242 desiit
1012 1189 1102 1243 illa
1133 1192 1515 1261 pr0phetarum
1540 1196 1739 1261 series;
1765 1202 1822 1249 ut
1845 1212 1912 1251 ne

354 1271 439 1324 vel
455 1288 616 1326 unum
635 1290 664 1327 a
679 1273 945 1333 Nehemiae
956 1282 1286 1351 temporibus
1300 1284 1615 1353 prophetam
1631 1287 1912 1357 assignare

352 1361 553 1417 valeas.
572 1363 748 1429 Quare
768 1369 978 1423 testimo
995 1370 1215 1428 Eusebii
1234 1374 1437 1428 dictum
1455 1390 1563 1430 non
1581 1377 1647 1432 ad
1673 1378 1907 1435 litteram

351 1452 465 1505 acei
474 1453 726 1522 piendum
747 1474 900 1526 esse;
928 1462 1021 1516 sed
1049 1463 1291 1519 indicare
1317 1467 1493 1521 solum
1516 1467 1686 1539 legem
1707 1480 1760 1526 et
1780 1487 1909 1541 pro-

349 1540 539 1609 phetas
574 1544 628 1598 in
661 1545 923 1603 Joannem
951 1551 1250 1623 Baptistam
1273 1555 1545 1621 desinere,
1575 1561 1707 1629 quin
1746 1540 1905 1634 neget

346 1630 712 1692 intermissam
741 1641 1034 1712 aliquando
1060 1645 1227 1703 fuisse
1257 1649 1643 1719 prOphetarum
1683 1669 1907 1711 succes-

344 1740 575 1782 Stoncm.

345 1812 382 1863 ν
404 1816 672 1891 Eusebius
693 1819 878 1891 labitur
896 1826 1010 1891 dum
1041 1829 1303 1891 monachos
1326 1844 1351 1878 a
1378 1830 1666 1891 Symmacho
1717 1848 1905 1883 memo-

403 1879 502 1925 rari
537 1888 694 1940 putat.
720 1910 781 1919 —
809 1885 889 1933 Vl.
913 1887 1134 1936 Monaebi
1160 1893 1349 1949 perrari
1378 1879 1842 1954 tempore'iius‘ebii:

410 1958 493 2012 Ad
520 1960 667 2018 hunc
694 1980 913 2023 versum
941 1969 1136 2038 psalmi
1169 1986 1339 2035 vau,
1367 1975 1471 2039 Qui
1500 1975 1798 2030 inhabitare
1821 1978 1903 2045 fa-

337 2047 409 2099 cit
464 2051 621 2106 unius
676 2056 841 2110 moris
907 2058 961 2111 in
1013 2058 1191 2123 domo,
1250 2070 1492 2116 veterum
1546 2064 1901 2135 interpretum

336 2140 628 2197 lectionem
693 2146 847 2199 affert
894 2146 1179 2213 Eusebius,
1262 2151 1353 2206 ubi
1414 2152 1724 2223 Symmachi
1782 2172 1903 2211 ver-

339 2229 424 2283 sio
479 2231 560 2285 sic
612 2234 773 2291 habet
801 2255 814 2291 :
846 2238 1068 2293 Δίδωσιν
1116 2243 1282 2296 οἰκεῖν
1313 2246 1564 2313 μοναχοῖς
1590 2245 1765 2298 οὶκίαν
1795 2264 1809 2277 ο
1846 2248 1899 2302 id

335 2328 421 2372 est
446 2339 461 2376 :
491 2321 594 2375 Dat
635 2323 1033 2380 inhabitandam
1068 2332 1338 2386 monachis
1366 2332 1579 2385 domum
1607 2348 1629 2397 ;
1665 2350 1788 2388 nam
1825 2336 1897 2390 ita

334 2425 437 2467 nos
471 2415 731 2470 vertimus
763 2419 890 2487 quia
940 2419 1207 2478 Eusebius
1252 2423 1322 2477 de
1375 2425 1657 2493 monachis
1717 2426 1895 2481 locum

331 2501 570 2570 explicat
604 2522 618 2558 :
668 2506 792 2569 etsi,
822 2522 942 2563 mea
978 2511 1196 2580 quidem
1240 2515 1531 2580 sententia,
1561 2530 1669 2570 non
1701 2532 1894 2571 mona-

329 2592 558 2647 chorum
590 2594 901 2651 institutum
935 2599 1023 2654 hic
1054 2599 1411 2673 Symmachus
1450 2605 1744 2675 respiciat,
1796 2608 1894 2662 sed

330 2682 608 2739 solitarios
636 2690 934 2756 generatim
960 2692 1252 2761 quoslibet.
1277 2694 1492 2749 Atenim
1517 2713 1626 2765 quo
1646 2704 1889 2766 tempore

331 2771 694 2844 Symmachus
722 2781 1027 2836 versionem
1057 2799 1212 2838 suam
1273 2788 1638 2853 concinnavit,
1682 2791 1891 2845 scilicet

329 2862 592 2934 Septimio
611 2867 900 2935 Severo,ut
915 2873 1092 2928 verior
1107 2873 1209 2929 fert
1224 2877 1428 2946 Opinio,
1448 2878 1767 2949 imperante,
1784 2896 1896 2935 mo-

325 2958 626 3013 nachorum
653 2977 721 3016 ne
738 2978 935 3019 nomen
955 2967 1171 3036 quidem
1190 2976 1375 3022 notum
1397 2979 1534 3036 erat,
1552 2987 1729 3041 neque
1749 2973 1892 3030 ullus

326 3050 530 3105 tuncin
554 3053 686 3109 orbe
716 3056 1041 3119 monachus,
1065 3059 1169 3114 nisi
1191 3060 1422 3117 fortasse
1445 3062 1500 3115 in
1532 3063 1890 3132 penitioribus

2024 607 2080 654 et
2110 600 2349 657 latibulis
2381 607 2632 675 agebant.
2666 607 2780 663 Sub
2812 610 2926 665 haec
2951 622 3130 669 autem
3164 614 3368 673 Hilario
3397 620 3451 673 in
3484 621 3587 674 Pa-

2024 692 2234 746 laestina
2268 704 2322 750 ct
2357 695 2513 768 Syria
2555 700 2751 755 mirum
2804 703 2861 757 in
2915 704 3135 759 modum
3191 711 3583 767 monachorum

2024 784 2333 842 institutum
2365 790 2537 857 anxit,
2593 800 2647 847 et
2694 802 2825 849 tunc
2871 799 3206 854 monasteria
3250 802 3388 859 bene
3417 806 3582 860 multa

2021 878 2237 933 condita
2270 886 2418 934 sunt.

2294 995 2400 1045 VII.
2428 996 2695 1061 Martyrum
2733 1003 2978 1052 cruciatus
3012 1004 3307 1069 singulares.

2089 1095 2385 1168 Martyrum
2397 1102 2479 1154 sui
2495 1103 2752 1172 temporis
2767 1109 3125 1173 crueiatus,in
3138 1109 3251 1165 haec
3262 1110 3422 1164 verba
3439 1112 3585 1181 psal.

2017 1184 2090 1239 mi
2111 1186 2283 1254 (Psal.
2298 1189 2815 1258 va,10):Quoniam
2831 1196 3579 1270 probastinos,Deus,ignenos

2014 1280 2331 1334 examinasti
2378 1283 2514 1336 sicut
2560 1286 2896 1340 examinatur
2939 1299 3231 1358 argentum,
3265 1306 3371 1345 non
3404 1292 3579 1349 obiter

2013 1368 2273 1425 describit
2292 1371 2578 1430 Eusebius.
2596 1374 2674 1430 Ac
2701 1377 2827 1432 licet
2848 1379 2903 1432 in
2918 1378 3161 1436 Historia
3202 1384 3577 1449 ecclesiastica,

2012 1458 2079 1513 de
2103 1458 2377 1515 Maximini
2408 1466 2721 1522 carnificina
2751 1483 2937 1538 agens,
2967 1472 3259 1527 multorum
3282 1481 3576 1545 martyrum

2011 1564 2211 1620 agones
2244 1552 2609 1623 descripserit,
2650 1558 2738 1613 hic
2770 1567 2949 1615 tamen
2981 1564 3241 1617 nonnulla
3271 1565 3435 1635 tangit
3465 1567 3571 1621 sin-

2010 1643 2237 1712 gularia,
2270 1660 2372 1701 nec
2404 1647 2542 1704 forte
2599 1650 2728 1705 alibi
2779 1652 3084 1715 enuntiata,
3142 1671 3196 1709 v.
3234 1655 3411 1725 g.:Et
3458 1674 3579 1711 vero

2007 1732 2312 1803 plerumque
2341 1736 2419 1788 rel
2462 1738 2693 1806 pupillas
2747 1740 3018 1795 oculorum
3065 1743 3425 1809 verberabant,
3450 1746 3577 1801 dum

1936 1866 1978 1921 Β
2006 1820 2183 1888 capita
2209 1821 2526 1876 athletarum
2565 1825 2663 1879 Dei
2711 1828 2879 1899 plagis
2916 1830 3192 1888 crederent.
3223 1834 3575 1890 Atrocitatem

2006 1925 2135 1963 vero
2187 1911 2573 1980 suppliciorum
2633 1918 2855 1986 subjicit
2914 1921 3000 1976 his
3057 1925 3289 1981 verbis:
3346 1926 3575 1980 Ferrum

2005 2001 2210 2070 quippe,
2238 2012 2288 2056 et
2321 2003 2463 2073 ferro
2507 2005 2662 2060 illata
2686 2011 2945 2079 supplicia
2966 2052 2980 2078 ,
3027 2014 3237 2086 aliaque
3264 2019 3448 2072 mortis
3486 2036 3575 2089 ge-

2004 2110 2278 2164 nera,quaz
2308 2099 2541 2152 maxima
2566 2115 2691 2168 pars
2724 2114 2961 2158 nostrum
2984 2109 3254 2173 sustinuit,
3286 2126 3380 2178 pro
3407 2112 3573 2168 nihilo

2001 2195 2373 2253 computantur
2407 2203 2472 2241 ea:
2509 2188 2826 2246 deteriorum
2867 2202 3279 2265 comparatione.
3337 2202 3572 2269 Quamo-

2000 2273 2140 2329 brem
2171 2276 2281 2331 lucc
2305 2279 2512 2348 quidem
2555 2289 2808 2337 tacemus.
2857 2285 2998 2351 Quia
3026 2305 3142 2343 vero
3172 2292 3306 2345 inter
3338 2295 3566 2360 atrocia,

1999 2367 2135 2422 nihil
2197 2369 2465 2428 crudelius
2527 2391 2647 2429 nece
2697 2392 2787 2445 per
2834 2379 3004 2447 ignem
3060 2390 3110 2434 et
3166 2398 3358 2453 aquam
3411 2386 3568 2441 illata

1995 2460 2351 2529 existimatur,
2390 2464 2500 2518 lucc
2556 2484 2650 2520 nos
2697 2484 2967 2538 perpessos
3010 2472 3258 2529 dicimus.
3284 2474 3428 2530 Nam
3468 2478 3566 2532 alii

1995 2560 2234 2604 nostrum
2265 2554 2319 2608 in
2354 2557 2490 2609 mari
2518 2567 2567 2611 et
2598 2558 2651 2613 in
2678 2560 2986 2628 [luminibus
3020 2562 3243 2619 demersi
3290 2579 3433 2632 sunt,
3469 2571 3564 2624 alii

1994 2637 2127 2708 ignis
2152 2644 2463 2711 supplicium
2483 2648 2713 2704 luerunt.
2735 2651 2799 2705 Et
2815 2666 3007 2710 czetera
3028 2674 3147 2727 qua:
3174 2660 3351 2716 fusius
3378 2662 3452 2717 ibi
3477 2662 3566 2718 ille

1992 2731 2362 2800 prosequitur.

2074 2838 2201 2891 Vill.
2224 2842 2381 2894 Judaei
2400 2846 2820 2909 Jerosolymorum
2843 2853 2978 2902 aditu
3000 2853 3274 2918 interclusi,
3292 2870 3466 2920 quare.

2061 2968 2213 3025 Trita
2237 2988 2325 3026 res
2357 2981 2410 3029 et
2430 2975 2562 3029 nulli
2598 2993 2706 3031 non
2740 2987 2866 3033 nota
2894 2989 2998 3043 est,
3028 2980 3232 3038 Iudaeis
3270 2996 3557 3056 postquam

1990 3061 2371 3120 Barchocheba
2420 3066 2557 3122 duce
2585 3108 2600 3133 ,
2642 3070 2909 3126 seditione
2947 3072 3123 3138 facta,
3179 3075 3283 3130 sub
3320 3076 3558 3136 Adriano

327 3139 545 3212 Egypti
579 3145 908 3211 recessibus,
940 3146 1111 3205 fuisse
1154 3160 1394 3221 putatur.
1450 3154 1630 3220 Quare
1664 3154 1752 3209 hic
1784 3170 1889 3210 vox
1915 3195 1956 3252 Ο
1990 3156 2233 3227 principe
2279 3160 2446 3214 armis
2479 3163 2692 3217 subacti
2724 3178 2787 3218 ac
2818 3181 2953 3235 pene
2982 3168 3353 3227 internecione
3396 3172 3557 3230 deleti

327 3232 555 3301 μοναχός
587 3249 687 3303 pro
721 3236 966 3291 solitario
1018 3242 1259 3310 quolibet
1299 3242 1356 3298 in
1404 3258 1639 3319 secessu
1667 3246 1886 3315 degenti

323 3322 677 3392 accipienda;
714 3342 823 3382 non
860 3344 959 3399 pro
992 3334 1295 3399 monachis,
1349 3352 1580 3407 quorum
1628 3352 1658 3391 a
1689 3347 1886 3410 quarto

321 3416 524 3470 saeculo
576 3417 886 3476 institutum
927 3422 1129 3479 ﬂoruit.
1180 3424 1315 3480 Nam
1366 3429 1495 3499 quia
1542 3430 1693 3486 solus
1741 3432 1886 3488 vivat

318 3516 529 3574 oportet
558 3510 650 3578 qui
682 3512 810 3566 velit
837 3513 1029 3569 abesse
1050 3530 1079 3567 a
1110 3517 1375 3571 malorum
1400 3520 1700 3585 consortio,
1731 3529 1886 3591 quot-

318 3602 452 3664 quot
484 3596 822 3655 declinandee
857 3601 1174 3672 frequentiae
1227 3620 1394 3661 causa
1444 3607 1500 3661 in
1534 3624 1758 3666 secessu
1788 3611 1883 3667 de-

318 3687 539 3755 gebant,
575 3691 794 3762 μοναχοί
826 3690 1011 3748 Graece
1037 3695 1440 3751 vocitabantur.
1475 3699 1725 3755 Attamen
1764 3717 1884 3772 qua:

316 3777 387 3833 de
417 3779 705 3836 monachis
732 3783 821 3837 hic
870 3784 1037 3839 habet
1089 3785 1358 3843 Eusebius
1410 3806 1519 3844 non
1562 3796 1885 3859 pt'mtermit-

314 3869 479 3922 tenda
514 3888 527 3925 :
560 3870 777 3928 Primus
810 3875 1005 3944 itaque,
1038 3876 1134 3941 ait,
1169 3876 1298 3932 ordo
1325 3894 1507 3933 eorum
1533 3880 1623 3949 qui
1654 3881 1706 3933 in
1728 3880 1884 3936 Chri‘

316 3972 397 4015 sto
431 3963 736 4032 proﬁciunt,
779 3976 855 4020 est
890 3967 1287 4024 monachorum.
1325 3968 1429 4023 Sed
1463 3969 1577 4023 rari
1622 3982 1743 4024 sunt
1775 3972 1877 4037 illi,

313 4070 477 4123 quare
504 4055 789 4110 secundum
818 4057 1091 4128 Aquilam,
1123 4057 1387 4131 Unigeniti
1420 4060 1519 4114 Dei
1544 4061 1713 4113 vocati
1734 4071 1877 4127 sunt,

311 4147 510 4201 similes
544 4148 673 4215 [acti
704 4151 969 4221 unigenito
1006 4150 1150 4206 Filio
1180 4151 1279 4207 Dei
1305 4171 1322 4208 :
1346 4155 1631 4209 secundum
1657 4154 1877 4226 Septua-

309 4240 458 4308 ginta
493 4237 807 4309 Interpretes
844 4244 1252 4309 autem,'unius,
1310 4261 1414 4299 non
1470 4246 1661 4301 diversi
1716 4248 1877 4301 moris

310 4338 455 4393 sunt,
493 4347 654 4400 neque
681 4332 901 4387 subinde
932 4349 1126 4386 morem
1178 4335 1425 4399 variant;
1454 4338 1544 4392 sed
1592 4356 1753 4391 unum
1783 4356 1875 4394 co-

1989 3254 2136 3313 sunt,
2167 3247 2626 3322 Jerosolymorum
2677 3254 2883 3309 aditum
2943 3257 3297 3315 interclusum
3348 3262 3555 3332 fuisse;

1985 3353 2305 3395 concessum
2359 3350 2539 3397 tamen
2596 3350 2653 3398 ut
2697 3348 2993 3414 quotannis
3031 3350 3095 3405 ad
3135 3361 3315 3411 certos
3354 3356 3554 3414 limites

1985 3430 2203 3502 lugendi
2266 3448 2433 3489 causa
2490 3436 2734 3505 proxime
2796 3441 2985 3495 urbem
3052 3445 3396 3503 accederent.
3452 3448 3547 3505 Ve-

1984 3537 2105 3576 rum
2168 3522 2434 3582 Eusebius
2494 3528 2570 3591 ad
2637 3546 2796 3584 suum
2868 3548 3041 3601 usque
3118 3545 3329 3607 tempus
3407 3538 3553 3596 hunc

1983 3629 2189 3670 morem
2252 3617 2433 3688 vigere
2489 3621 2744 3689 graphice
2802 3634 2989 3677 narrat
3044 3625 3130 3682 his
3189 3630 3421 3685 verbis:
3464 3630 3552 3684 Ir-

1983 3715 2188 3760 ruentes
2217 3706 2461 3772 Romani,
2508 3707 2662 3763 dictis
2708 3713 3016 3780 propheticis
3050 3718 3549 3785 ﬁnemintulerunt:

1982 3790 2237 3861 siquidem
2277 3793 2529 3846 victorum
2594 3796 2721 3866 lege,
2789 3800 3041 3855 universa:
3097 3802 3342 3859 Iudaica:
3407 3810 3550 3877 genti

1983 3879 2132 3931 aditu
2184 3880 2415 3934 locorum
2462 3884 2795 3938 interdictum
2828 3897 2905 3940 est
2938 3904 2958 3941 :
2998 3889 3312 3945 inevitabilis
3365 3894 3551 3963 quippe

1984 3970 2107 4039 legis
2136 3974 2609 4043 transgressoribus
2639 3976 2895 4045 impendet
2927 3979 3078 4033 ultio.
3106 3981 3456 4047 Quamobrem
3480 3985 3547 4037 ad

1980 4061 2116 4116 hanc
2142 4079 2298 4135 usque
2327 4064 2483 4129 diem,
2509 4067 2577 4119 ad
2606 4079 2773 4123 certos
2805 4072 3049 4125 terminos
3088 4073 3142 4125 in
3193 4074 3418 4128 circuitu
3458 4092 3547 4129 ac-

1979 4151 2234 4219 cedentes,
2260 4157 2444 4223 procul
2463 4159 2756 4212 consistunt
2783 4173 2801 4212 :
2831 4177 2992 4232 neque
3025 4163 3195 4215 solum
3224 4164 3379 4229 illud,
3409 4166 3545 4234 quod

1978 4262 2189 4300 sacrum
2232 4248 2358 4301 olim
2385 4249 2749 4317 reputabatur,
2772 4254 2850 4305 vel
2880 4255 3065 4321 procul
3096 4258 3389 4324 conspicere
3416 4259 3544 4327 ipsis

1977 4337 2305 4401 conceditur;
2338 4340 2427 4392 sed
2447 4340 2592 4407 foras
2609 4342 3006 4412 circumeuntes,
3033 4345 3343 4415 Scriptum,
3360 4349 3424 4402 de
3439 4368 3543 4419 qua

310 4422 443 4487 lunt,
477 4424 566 4492 qui
594 4424 662 4477 ad
690 4426 899 4479 virtutis
932 4443 1178 4482 cacumen
1232 4428 1459 4484 advenit.
1503 4429 1656 4500 Ipsos
1697 4443 1873 4487 autent

1988 4425 2085 4479 iam
2118 4428 2313 4497 agitur,
2344 4428 2499 4498 ﬁdem
2532 4431 2832 4496 conciliant,
2864 4433 3098 4489 dicenti:
3125 4455 3143 4486 ε
3170 4435 3546 4493 Convertentur

308 4519 467 4570 unius
498 4534 663 4585 sonte,
686 4518 1058 4585 Quintaeditio
1089 4522 1310 4586 vocavit,
1330 4534 1384 4575 ut
1422 4534 1540 4593 pote
1563 4525 1652 4594 qui
1685 4526 1873 4580 solita-

1988 4516 2042 4570 zd
2069 4532 2349 4585 vesperam,
2374 4528 2422 4571 et
2453 4518 2648 4586 [amem
2676 4521 2943 4589 patientur
2978 4532 3035 4575 ut
3068 4540 3244 4590 canes,
3267 4535 3317 4577 et
3358 4527 3544 4579 circui-

307 4609 374 4659 rii
396 4618 443 4660 et
462 4611 733 4677 prwcincti
748 4612 872 4666 sint.
890 4611 954 4665 Et
972 4613 1025 4666 in
1045 4614 1181 4685 psal.
1201 4630 1429 4681 Lxxxut,
1452 4616 1486 4669 4
1521 4636 1534 4671 :
1560 4616 1605 4670 E
1621 4634 1674 4671 re
1697 4629 1872 4673 autem

303 4697 524 4765 dixeris,
558 4703 823 4770 expeditos
856 4704 974 4758 illos
994 4706 1207 4771 milites,
1234 4708 1324 4777 qui
1344 4711 1688 4775 monasticam
1711 4713 1870 4767 vitam

304 4798 534 4865 amplexi
555 4807 700 4860 sunt,
734 4816 829 4868 pro
849 4801 1149 4867 passeribus
1178 4802 1449 4859 habendos
1483 4821 1628 4871 esse;
1667 4823 1754 4862 eos
1781 4825 1871 4863 au-

304 4895 405 4940 tem
434 4889 523 4957 qui
553 4888 727 4943 liberis
751 4890 881 4945 dant
915 4907 1147 4960 operam,
1173 4910 1234 4947 ac
1252 4894 1466 4965 reliquis
1498 4897 1620 4952 vita:
1645 4899 1867 4968 negotiis

298 4987 349 5031 et
381 4980 520 5033 curis
568 4997 623 5034 se
665 4980 882 5047 dedunt,
914 4986 1137 5039 turturis
1178 4987 1338 5040 vicem
1370 5003 1544 5058 agere.
1583 4989 1702 5054 Quo
1730 4997 1868 5044 tem-

298 5085 432 5139 pore
481 5071 646 5142 igitur
686 5073 957 5130 Eusebius
1010 5076 1125 5132 haec
1172 5078 1440 5133 scriberet
1496 5081 1753 5150 perpauci
1808 5083 1864 5137 in

296 5162 427 5216 orbe
456 5163 709 5219 monachi
738 5176 915 5230 erant,
945 5182 1009 5221 ac
1038 5169 1260 5223 nonnisi
1297 5169 1349 5223 in
1394 5169 1634 5242 Aﬂgypto
1671 5188 1864 5227 moria-

294 5252 492 5306 Sticum
526 5270 700 5324 genus
738 5254 1204 5324 frequentabatur,
1236 5264 1557 5319 auctoribus
1595 5264 1857 5327 Antonio,

293 5345 410 5413 qui,
446 5360 590 5399 anno
623 5346 751 5413 2⁵11,
801 5349 1053 5403 monachi
1095 5359 1302 5408 statum
1358 5358 1663 5426 amplexus,
1702 5358 1863 5410 innu-

291 5451 474 5492 meros
504 5440 753 5510 exemplo
790 5456 891 5495 suo
942 5442 1160 5511 pellexit
1199 5447 1266 5499 ad
1300 5462 1484 5516 parem
1512 5450 1637 5503 vita:
1666 5450 1859 5505 condi-

292 5530 493 5584 tionem
524 5533 989 5604 amplectendam;
1025 5534 1341 5604 Pachomio,
1367 5541 1460 5611 qui
1501 5541 1555 5596 in
1581 5542 1860 5600 Thebaide

284 5623 651 5677 monasticum
691 5641 863 5695 genus
907 5628 1106 5682 mirum
1153 5629 1209 5685 in
1257 5630 1475 5685 modum
1527 5633 1769 5697 adauxit,
1804 5641 1859 5689 et

289 5710 501 5768 Amune
530 5704 813 5782 Nitriensi,
841 5718 1203 5788 complurium
1237 5721 1696 5775 monasteriorum
1730 5722 1855 5777 fun-

283 5802 501 5863 datore.
540 5805 599 5865 In
630 5805 919 5866 Palaestina
958 5826 1110 5876 vero,
1164 5810 1254 5865 ubi
1287 5810 1445 5871 sedes
1482 5810 1713 5870 habebat
1745 5813 1853 5870 Eu-

1975 4606 2100 4661 bunt
2130 4609 2410 4663 civitatem.
2450 4629 2468 4660 ι
2503 4608 2675 4681 (Psal.
2707 4625 2860 4675 LVIII,
2938 4613 3026 4682 7.)
3066 4612 3305 4683 ldipsum
3344 4616 3543 4684 repetit

1971 4695 2026 4749 in
2042 4697 2341 4766 psal.I.XIx,
2376 4697 2468 4763 26,
2496 4699 2796 4770 adjicitque
2838 4702 3046 4755 nullum
3077 4700 3539 4774 JerosolymisJu-

1969 4790 2206 4847 datortnn
2224 4791 2554 4846 domicilium
2574 4809 2876 4863 superesse,
2896 4795 2950 4847 in
2967 4810 3074 4863 quo
3100 4793 3269 4849 Grmci
3299 4795 3541 4853 habitare

1966 4875 2198 4945 possint,
2229 4893 2415 4931 verum
2439 4878 2620 4933 excisa
2647 4881 2827 4933 omnia
2849 4896 2912 4935 ac
2946 4880 3189 4938 funditus
3208 4884 3383 4940 deleta
3415 4886 3540 4940 uni-

1968 4983 2231 5039 versaque
2259 4984 2483 5039 prorsus
2513 4970 2645 5040 ipsis
2670 4972 2879 5027 sublata
2923 4972 3133 5044 fuisse;
3160 4976 3233 5029 ita
3262 4984 3320 5031 ut
3354 4992 3539 5032 sacer-

1965 5057 2177 5125 dotum,
2207 5058 2627 5116 Sadduczeorum
2674 5072 2727 5118 et
2782 5063 3183 5123 Pharisa‘orutn
3227 5083 3297 5123 ne
3338 5083 3535 5124 nomen

1963 5150 2181 5222 quidem
2206 5162 2536 5238 superesset.

2239 5243 2319 5294 IX.
2343 5245 2653 5297 Traditiones
2689 5250 2912 5311 quaedam
2947 5250 3247 5300 Iudaeorum.

2031 5348 2381 5405 Hebrteorum
2427 5350 2770 5407 traditionem
2802 5352 2879 5405 ait
2906 5368 3060 5420 esse,
3105 5368 3254 5408 mare
3286 5351 3531 5406 Rubrum

1960 5443 2015 5498 in
2043 5444 2319 5500 duodecim
2362 5446 2617 5500 sectiones
2649 5446 2875 5500 divisum
2918 5446 3084 5515 fuisse
3118 5445 3400 5501 secundum
3432 5462 3535 5499 nu-

1960 5557 2161 5595 merum
2184 5540 2457 5596 duodecim
2488 5540 2750 5606 tribuum,
2785 5540 2859 5594 ita
2892 5550 2951 5594 ut
2987 5539 3215 5609 singulae
3271 5537 3447 5592 tribus
3475 5538 3529 5593 in

1959 5627 2240 5698 assignato
2279 5628 2383 5684 sibi
2428 5636 2611 5683 meatu
2658 5629 3083 5699 pertransirent;
3132 5643 3252 5698 quae
3289 5628 3532 5683 narratio

1959 5734 2067 5774 non
2091 5722 2306 5775 videtur
2335 5736 2459 5774 cum
2489 5721 2673 5775 divina
2699 5721 2980 5790 Scriptura
3003 5735 3327 5782 consonare,
3366 5729 3532 5791 atque

1962 5814 2083 5871 ideo
2124 5814 2265 5870 inter
2302 5814 2629 5871 Rabbinicas
2683 5814 2894 5871 fabulas
2950 5815 3086 5871 forte
3142 5817 3524 5888 computanda.
