4086 6524
542 336 613 391 59
1220 324 1491 383 EUSEBII
1531 320 2010 379 CAESARIENSIS
2045 317 2198 374 OPP.
2234 312 2417 369 PARS
2447 312 2539 368 Ill.
2577 344 2645 355 ——
2676 309 3087 366 EXEGETICA.
3720 303 3789 357 (il)

546 450 690 506 Inter
717 448 1064 503 Hebrzeorum
1113 444 1434 498 traditiones
1470 442 1675 513 pariter
1723 437 2112 494 recensendum
2144 440 2187 494 Α
2215 438 2364 497 runt,
2411 443 2643 500 quorum
2682 428 2764 482 vis
2796 434 2848 481 et
2898 423 3167 480 sententia
3205 420 3444 475 nondum
3479 418 3788 484 observata,

545 551 629 598 est
656 542 797 612 quod
828 541 990 594 habet
1015 538 1302 599 Eusebius,
1330 534 1550 589 Azotios
1573 532 1696 586 ideo
1721 531 1773 584 in
1797 527 2118 600 posteriori-

547 635 650 688 bus
680 641 731 686 et
783 632 1071 702 podicibus
1098 642 1392 699 percussos
1421 640 1565 688 esse,
1598 621 1745 694 quod
1798 622 1864 675 iis
1898 620 1952 672 in
1996 632 2121 687 par-

546 726 691 780 tibus
722 718 1059 795 peccaSsent,
1097 729 1147 776 et
1182 722 1556 793 ἀῤῥενοκοῖται
1608 722 1817 776 essent,
1849 712 1953 767 nisi
2010 710 2121 764 lor-

547 828 694 872 tasse
722 834 785 873 ea
818 816 1034 871 Eusebii
1064 813 1259 884 ipsius,
1284 826 1384 866 nec
1434 810 1502 864 ab
1555 808 1677 863 aliis
1709 816 1927 875 accepta
1960 801 2121 856 fuerit

546 926 750 979 opimo.

548 1025 604 1074 Χ.
631 1023 1010 1073 Christianomm
1038 1019 1312 1128 frequerlittiia
1338 1016 1400 1125 ig
1412 1012 1693 1071 Moabitide,
1718 1009 2046 1060 Ammonitide
2071 1013 2123 1057 et

1278 1092 1355 1125 um
1403 1091 1449 1125 a.

1278 1091 1449 1125 umrea.

617 1189 673 1244 In
715 1190 828 1243 haec
874 1186 1038 1241 verba
1104 1184 1241 1254 psal.
1293 1195 1424 1247 cvn,
1481 1178 1567 1237 10,
1618 1174 1779 1229 Moab
1830 1173 1963 1229 lebes
2012 1174 2122 1243 spei

548 1301 696 1345 mete,
728 1285 779 1336 in
820 1281 1109 1334 Idumteam
1162 1273 1441 1328 extendam
1494 1270 1901 1324 calceamentum
1930 1283 2119 1330 meum,

547 1376 657 1431 duo
704 1374 860 1428 nobis
891 1369 1063 1441 aperit
1095 1366 1383 1425 Eusebius,
1419 1352 1673 1417 nimirum
1701 1358 2041 1413 Ammonitas
2069 1364 2123 1412 et

552 1466 816 1521 M’oabitas
872 1465 1017 1517 inter
1074 1459 1282 1512 Arabas
1333 1469 1449 1509 τργο
1478 1468 1578 1509 suo
1613 1452 1768 1507 sedes
1826 1450 2119 1515 habuisse;

548 1562 785 1630 itemque
835 1571 1002 1628 penes
1053 1553 1411 1617 Ammonitas,
1462 1548 1725 1603 Moabitas
1756 1556 1809 1600 et
1859 1544 2123 1598 Idummos

550 1653 814 1707 inﬁnitam
880 1665 1001 1704 esse
1053 1646 1488 1702 Christianorum
1548 1638 1971 1700 multitudinem,
2012 1636 2125 1691 inec

548 1746 668 1815 ejus
709 1744 872 1798 verba
903 1748 1029 1795 sunt
1066 1760 1079 1793 :
1113 1738 1181 1791 Et
1213 1738 1323 1790 ha'c
1356 1751 1505 1805 opere
1539 1732 1797 1802 completa
1840 1730 1957 1783 licet
1997 1728 2123 1797 ipsis

550 1836 713 1890 oculis
748 1833 1005 1902 percipere
1032 1832 1118 1893 iis,
1176 1830 1266 1900 qui
1302 1829 1355 1880 in
1384 1827 1621 1880 Arabum
1664 1825 1868 1894 regione
1896 1820 2126 1891 peregri-

550 1933 765 1985 nantur,
826 1940 940 1976 cum
982 1920 1187 1975 videant
1247 1915 1514 1970 Moabitas
1546 1925 1593 1969 et
1638 1914 1992 1973 Ammon’itas,
2042 1909 2129 1978 qui

549 2032 700 2084 penes
733 2014 853 2068 illos
888 2030 1075 2084 magno
1113 2025 1327 2064 numero
1382 2018 1525 2068 sunt,
1584 2006 1847 2059 Ecclesias
1903 2001 2000 2055 Dei
2036 2001 2132 2053 im-

550 2111 708 2175 plere.
747 2107 1121 2174 Similiterque,
1159 2122 1177 2153 ι
1217 2103 1271 2154 in
1308 2099 1627 2159 Iduma’am,
1661 2096 1858 2165 inquit,
1892 2106 2131 2146 conscen-

551 2201 676 2253 dam
726 2200 1073 2253 calceamento
1134 2210 1277 2254 meo,
1344 2212 1363 2244 ›
1403 2189 1689 2245 secundum
1731 2184 2127 2257 Symmachum.

554 2294 726 2360 Quam
772 2293 894 2344 item
932 2287 1320 2358 praedictionem
1341 2284 1393 2336 in
1417 2289 1659 2350 promptu
1692 2288 1767 2332 est
1816 2276 2131 2345 completam

554 2384 723 2439 videre
773 2383 839 2436 iis
865 2383 952 2450 qui
987 2383 1038 2432 in
1065 2378 1356 2432 [dammam
1408 2371 1713 2433 concedunt,
1752 2378 1799 2423 et
1833 2365 2132 2421 multitudi-

553 2492 667 2529 nem
706 2473 1064 2527 Ecclesiarum
1105 2468 1202 2522 Dei
1242 2466 1314 2521 ibi
1352 2464 1716 2533 conspiciunt.
1750 2469 1808 2512 ut
1862 2466 2131 2511 cunctetur

554 2580 701 2617 nemo
727 2561 985 2629 confiteri,
1019 2574 1131 2612 rere
1164 2559 1219 2611 in
1271 2558 1385 2610 loca
1412 2553 1509 2606 illa
1564 2565 1899 2606 conscensum
1930 2548 2132 2617 factum

550 2673 681 2711 8888.

557 2766 619 2816 Xl
664 2763 908 2815 Eusebius
928 2764 998 2813 ait
1020 2759 1254 2809 mundum
1276 2756 1512 2829 sphaerlca
1535 2754 1683 2802 forma
1708 2766 1837 2802 esse.
1867 2751 2060 2801 Montes
2080 2753 2133 2799 et

1020 2829 1186 2885 petras
1209 2832 1393 2868 sensun
1421 2829 1672 2866 crescere.

626 2930 891 2985 Eusebius
941 2926 1059 2997 qui,
1090 2924 1168 2979 uti
1202 2925 1440 2979 diximus
1463 2964 1478 2990 ,
1523 2917 1984 2989 descriptionibus
2018 2915 2132 2986 ple-

555 3037 782 3093 rumque
814 3020 1029 3092 gaudet,
1050 3018 1115 3072 ad
1142 3018 1416 3088 physicam
1449 3012 1679 3068 subinde
1709 3009 2133 3081 speculationem

2223 521 2609 592 interpretibus
2641 518 2861 575 errandi
2893 517 3112 571 occasio
3152 530 3275 570 esse
3304 511 3538 581 possint.
3582 508 3788 577 Hujus-

2221 616 2364 671 modi
2391 623 2568 669 autem
2592 627 2762 683 pauca
2783 612 2866 665 his
2884 611 2939 663 in
2963 605 3371 662 commentariis
3389 610 3629 662 exstant,
3655 614 3793 670 quo-

2222 724 2341 762 rum
2375 706 2643 777 praecipua
2674 704 2765 756 hic
2808 700 3133 770 consignare
3167 704 3221 752 et
3250 695 3540 764 explanare
3573 693 3787 747 visum:

2222 814 2346 855 nam
2371 797 2663 853 minutiora
2693 794 2758 848 ad
2782 792 3017 847 indicem
3049 803 3232 845 rerum
3263 787 3579 852 allegamus.

2617 907 2655 957 ι.
2681 908 2826 956 Vocis
2861 920 2939 966 tuo;
2966 916 3084 952 usus
3107 899 3391 961 singularis.

2294 1014 2599 1085 Singularis
2622 1021 2704 1067 est
2728 1008 2869 1079 apud
2895 1005 3188 1061 Eusebium
3213 1001 3363 1057 vocis
3388 1000 3498 1070 βίος
3529 995 3793 1067 signiﬁea-

2218 1109 2297 1162 tio
2323 1124 2335 1159 :
2373 1103 2574 1175 passim
2603 1104 2800 1172 quippe
2820 1114 2919 1169 pro
2945 1111 3142 1167 genere
3178 1094 3455 1147 hominum
3484 1090 3747 1157 accipitur
3774 1105 3787 1140 :

2224 1199 2303 1252 sic
2326 1198 2463 1267 psal.
2487 1212 2541 1259 ν,
2562 1195 2596 1247 2
2616 1213 2629 1247 :
2653 1192 2901 1254 Τοιοῦτος
2936 1188 3033 1260 μὲν
3054 1182 3144 1240 οὖν
3167 1185 3457 1254 ἐτύγχανεν
3482 1183 3590 1242 πᾶς
3622 1180 3649 1230 ὁ
3689 1177 3793 1249 πρὸ

2222 1291 2320 1360 τῆς
2345 1288 2437 1341 τοῦ
2458 1287 2703 1357 Σωτῆρος
2728 1282 2880 1356 ἡμῶν
2902 1278 3198 1353 παρουσίας
3223 1276 3352 1346 βίος,
3383 1274 3435 1327 id
3465 1283 3571 1338 est,
3603 1270 3797 1338 Hujus-

2224 1381 2367 1436 modi
2380 1380 2611 1449 profecto
2643 1384 2890 1433 eratante
2910 1373 3205 1429 Saluatoris
3231 1368 3505 1423 adventum
3524 1373 3687 1418 totum
3710 1361 3796 1413 ho-

2224 1474 2423 1527 minum
2452 1488 2611 1542 genus
2638 1487 2656 1525 :
2684 1477 2737 1525 et
2753 1468 2889 1539 psal.
2912 1482 3077 1530 vau,
3101 1480 3242 1519 vers.
3266 1463 3299 1517 ὅ
3327 1462 3471 1516 ε’Ίνα
3502 1457 3609 1528 γὰρ
3629 1453 3793 1523 ἐπιϐῇ

2228 1572 2255 1623 ὁ
2278 1568 2408 1631 Θεὸς
2432 1567 2508 1636 τῷ
2536 1567 2644 1619 τῶν
2668 1562 2964 1636 ἀνθρώπων
2996 1560 3113 1631 βίῳ,
3144 1561 3243 1612 hoc
3270 1568 3370 1623 est,
3405 1555 3540 1608 Nam
3574 1565 3627 1605 ut
3658 1553 3794 1606 Dens

2233 1662 2301 1714 ad
2333 1660 2601 1713 hominum
2630 1672 2789 1726 genus
2823 1653 3103 1717 accederet,
3137 1660 3188 1703 et
3215 1648 3412 1717 passim
3442 1647 3577 1700 alios
3605 1662 3617 1697 :
3647 1646 3803 1698 item-

2222 1764 2337 1825 que
2372 1750 2422 1802 in
2453 1748 2557 1802 l‘me
2585 1763 2637 1799 vi
2673 1745 2791 1798 libri
2824 1740 3231 1810 Prwparationis
3259 1738 3585 1808 evangelica},
3609 1738 3636 1788 6
3660 1736 3799 1805 σύμ-

2233 1858 2344 1904 πας
2376 1839 2482 1892 τῶν
2513 1838 2809 1908 ἀνθρώπων
2845 1835 2974 1906 βίος,
3000 1834 3293 1887 universum
3324 1832 3589 1884 hominum
3616 1844 3794 1898 genus.

2236 1932 2498 1987 Similiter
2550 1931 2911 1992 Athanasius,
2960 1938 3000 1981 t.
3034 1926 3085 1992 Ι,
3141 1941 3265 1996 pag.
3305 1925 3462 1986 1255,
3498 1919 3799 1983 καταλαζο-

2233 2024 2513 2094 νευόμενοι
2552 2023 2645 2076 τοῦ
2690 2022 2795 2075 τῶν
2840 2018 3137 2091 ἀνθρώπων
3167 2018 3303 2088 βίου,
3345 2013 3558 2083 superbe
3591 2024 3801 2083 agentes

2236 2115 2513 2168 aduersum
2545 2129 2703 2183 genus
2747 2112 3055 2164 humanum.
3096 2109 3213 2175 Quo
3251 2109 3412 2162 etiam
3456 2120 3556 2159 usu
3597 2108 3645 2156 in
3681 2102 3801 2155 aliis

2233 2207 2363 2261 item
2397 2205 2758 2273 scriptoribus
2796 2203 3052 2266 occurrit,
3098 2212 3148 2256 et
3185 2202 3237 2253 in
3287 2198 3555 2253 lleliodori
3586 2194 3803 2248 Ethio-

2239 2300 2377 2370 picis
2403 2314 2508 2353 non
2541 2297 2707 2352 semel
2737 2296 3075 2350 observatur.

2720 2400 2791 2449 Il.‘
2816 2398 3039 2458 Itemque
3065 2411 3128 2445 τοῦ
3153 2402 3272 2444 δοκιιν

2300 2480 2419 2538 A'lia
2440 2498 2553 2537 *vos
2574 2487 2679 2543 est,
2700 2480 2753 2533 in
2774 2494 2880 2548 qua
2911 2478 3036 2531 item
3068 2475 3259 2527 Latine
3287 2466 3799 2525 transferendanon

2231 2575 2389 2645 pauci
2422 2575 2745 2644 interpretes
2794 2570 3072 2630 labuntur,
3118 2566 3325 2622 scilicet
3363 2562 3559 2623 δοκεῖν,
3613 2556 3803 2617 uideri,

2230 2664 2409 2728 δοκεῖ,
2463 2665 2708 2720 videtur:
2755 2660 2899 2729 quod
2946 2658 3169 2711 verbum
3208 2654 3369 2723 vulgo
3402 2657 3696 2719 usurpatur
3737 2644 3802 2696 ad

2232 2753 2582 2809 minuendam
2599 2751 3009 2805 aﬁirmationem
3031 2765 3045 2814 ;
3065 2746 3138 2800 ita
3168 2752 3228 2798 ut
3254 2744 3323 2807 si,
3354 2739 3502 2795 verbi
3526 2750 3713 2795 causa.
3739 2732 3808 2787 de

2234 2846 2487 2916 quopiam
2508 2844 2742 2906 dicatur,
2765 2842 2911 2895 δοκεῖ
2942 2835 3078 2892 εἶναι
3114 2835 3296 2904 σοφός,
3337 2832 3549 2887 videtur.
3579 2842 3690 2881 esse
3714 2842 3806 2879 sa-

2233 2940 2401 3009 piens,
2433 2938 2487 2991 id
2513 2944 2571 2990 ut
2607 2939 2982 2992 asseveranter
3011 2931 3216 2986 dictum
3255 2940 3364 2980 non
3398 2925 3680 2987 habeatur,
3713 2918 3810 2975 sed

2235 3031 2630 3086 dubitationem
2673 3026 2963 3099 quamdam
3004 3024 3275 3095 praeferat.
3318 3020 3518 3073 Verum
3556 3016 3809 3085 frequen-

557 3115 804 3168 παίων·
843 3112 929 3165 Ait
956 3126 1083 3165 vero
1115 3126 1222 3165 "0“
1270 3123 1378 3162 “"0
1410 3106 1529 3160 ¹⁰⁰⁰
1578 3103 1840 3157 mundum
1867 3099 2134 3171 sphmica
2162 3128 2205 3184 C
2238 3124 2447 3179 tissime
2479 3120 2619 3191 apud
2650 3118 2948 3188 scriptores
2977 3116 3114 3169 bene
3147 3114 3350 3169 multos
3378 3110 3525 3163 δοκεῖ
3549 3108 3683 3163 nihil
3710 3104 3813 3159 mi-

557 3207 732 3261 forma
786 3220 908 3259 esse
966 3223 980 3258 :
1049 3217 1167 3273 quae
1218 3201 1403 3270 opinio
1449 3199 1579 3253 olim
1625 3196 1933 3267 agitabatur
1990 3194 2136 3248 inter

559 3299 892 3367 scriptores;
941 3295 1064 3350 aliis
1111 3295 1349 3364 planam,
1385 3290 1664 3345 montibus
1707 3297 1886 3341 tamen
1937 3285 2137 3340 distin-

559 3403 724 3451 cram,
750 3396 907 3442 terrae
935 3384 1276 3455 superﬁciem
1334 3380 1778 3453 praedicantibus,
1823 3394 1853 3432 e
1906 3391 2137 3447 quorum

561 3495 790 3534 numero
832 3479 1170 3548 Augustinus
1222 3483 1274 3531 et
1322 3473 1552 3530 Cosmas
1601 3470 1891 3541 Egyptius
1949 3484 2140 3523 mona-

562 3572 720 3634 chus,
776 3571 867 3641 qui
918 3570 1113 3623 librum
1169 3584 1231 3623 ea
1288 3566 1355 3621 de
1405 3580 1465 3619 re
1517 3563 1685 3618 edidit
1721 3559 2139 3631 Topographiam

564 3662 929 3718 Christianam
961 3660 1313 3729 inscriptum,
1356 3656 1449 3709 ubi
1495 3654 1762 3724 sphaeram
1822 3652 1995 3707 sacris
2028 3649 2141 3703 Lit-

561 3755 696 3809 teris
746 3760 930 3822 aperte
958 3765 1262 3822 repugnare
1287 3746 1568 3803 contendit
1604 3745 1730 3812 ille;
1758 3744 1881 3797 aliis
1930 3758 2135 3805 veram,

565 3855 617 3900 et
644 3846 1012 3917 experimento
1055 3845 1271 3897 domum
1303 3851 1569 3895 assertam
1599 3878 1614 3901 ,
1644 3837 1954 3907 opinionem
1985 3846 2140 3891 tuen-

566 3940 733 4004 tibus,
792 3938 968 4008 qualis
1016 3934 1303 3997 Eusebius,
1355 3932 1447 4002 qui
1498 3932 1758 3985 mundum
1816 3929 2138 3999 sphaericum

565 4046 687 4085 esse
741 4046 848 4084 non
904 4028 1067 4083 semel
1098 4026 1378 4080 indicavit.
1415 4024 1545 4078 Eam
1578 4030 1758 4077 tamen
1791 4020 2135 4083 sententiam,

570 4138 675 4176 non
704 4128 763 4175 ut
793 4136 946 4175 suam
981 4120 1091 4183 ille,
1123 4116 1219 4173 sed
1250 4124 1310 4170 ut
1342 4117 1574 4170 alienam
1609 4113 1781 4169 alTert.
1829 4111 2139 4167 Verisimile

569 4213 695 4267 item
730 4212 1025 4266 arbitratur
1054 4218 1265 4264 montes
1325 4216 1378 4264 et
1411 4216 1590 4278 petras
1625 4205 1827 4261 sensim
1870 4219 2139 4264 crescere,

570 4314 733 4375 atque
763 4303 993 4360 occultis
1023 4304 1340 4372 intimisque
1374 4298 1722 4354 incrementis
1753 4297 1987 4363 majores
2016 4311 2142 4349 eva-

568 4399 730 4463 dere;
758 4412 879 4467 quin
907 4394 1287 4465 quorumdam,
1316 4394 1491 4463 inquit
1514 4392 1623 4453 ille,
1642 4390 1725 4445 sui
1747 4386 1844 4443 aevi
1873 4387 2140 4458 physiolo-

570 4506 759 4562 gorum
788 4499 903 4545 erat
924 4488 1138 4557 opinio;
1156 4496 1215 4541 ut
1238 4487 1349 4555 jam
1367 4502 1397 4540 e
1418 4484 1621 4539 nostris
1639 4492 1765 4538 sunt
1787 4482 1879 4551 qui
1906 4481 2138 4549 idipsum
2174 4468 2217 4521 1)

571 4586 931 4651 propugnent,
960 4578 1453 4648 experimentisque
1484 4573 1790 4630 manifestis
1835 4587 1945 4627 rem
1992 4587 2139 4625 com-

572 4674 789 4744 probari
816 4672 1104 4726 allirment.

1190 4780 1419 4837 CAPUT
1459 4778 1527 4835 Χ.
1923 4771 1952 4801 ⁹
2042 4806 2053 4817 ·

574 4913 640 4952 DE
692 4913 983 4952 ιοιοτιεκις
1030 4913 1234 4952 ευεεκιι
1276 4912 1327 4950 IN
1362 4912 1448 4950 1115
1484 4907 1919 4953 εοιωεκτλιιιιε,
1973 4906 2040 4944 ΕΤ
2077 4906 2141 4943 DE

743 4983 1017 5024 SlNGULARl
1049 4983 1375 5030 QUARUMOAI
1411 4981 1585 5021 τοςυιι
1618 4979 1971 5020 SIGNIFICATU.

573 5076 615 5137 Ι.
660 5080 811 5134 Vocis
832 5079 972 5145 βίος
999 5097 1125 5134 usus
1168 5080 1471 5147 singularis.
1520 5077 1549 5132 1
1558 5076 1604 5131 1.
1640 5076 1871 5147 Itemque
1909 5072 2014 5147 τοῦ
2048 5072 2145 5147 ῥο-

643 5151 788 5207 κεῖν.
826 5142 1406 5221 ΙΙΙξἘντυγχᾶνειν
1436 5149 1559 5217 quid
1580 5142 1847 5221 signiﬁcat
1868 5143 2012 5221 gpud
2030 5142 2148 5221 _Eu-

644 5222 862 5276 sebium.
892 5220 995 5275 IV.
1019 5216 1379 5288 Περίᾶἐιισις
1397 5236 1489 5287 pro
1506 5216 1830 5271 calamitate.
1868 5216 1925 5269 V.
1977 5216 2147 5266 Ὑπα-

646 5293 847 5346 κούειν
873 5292 1204 5362 respondere.
1250 5289 1346 5345 VI.
1384 5288 1678 5358 Σωττῇριος
1698 5289 1843 5358 quid,
1870 5297 1967 5340 etc.

646 5405 761 5462 Etsi
790 5423 818 5461 a
845 5407 1030 5460 multis
1067 5407 1362 5473 Graeceque
1391 5401 1737 5471 peritissimis
1760 5401 1913 5462 viris,
1954 5400 2006 5453 in
2035 5400 2147 5452 col-

574 5498 789 5568 ligenda
836 5499 1145 5552 Graecarum
1201 5494 1442 5548 omnium
1507 5508 1703 5548 vocum
1757 5490 2149 5562 signiﬁcatione

573 5598 725 5643 tanta
756 5592 828 5644 sit
864 5587 1132 5642 industria
1164 5584 1512 5647 desudatum,
1542 5592 1600 5637 ut
1631 5598 1901 5652 perpauca
1939 5583 2050 5651 jam
2081 5582 2147 5637 ad

577 5682 873 5748 perlectam
908 5678 1217 5733 Grzccorum
1256 5674 1585 5742 scriptorum
1617 5671 2023 5741 intelligentiam
2055 5669 2150 5724 de-

579 5771 877 5827 eidCl‘Clillll
908 5788 921 5839 ;
959 5767 1189 5826 subinde
1210 5775 1390 5822 tamen
1421 5763 1641 5819 nomina
1664 5762 1933 5834 verbaque
1955 5778 2148 5817 occurv

2240 3217 2359 3271 nuit
2392 3214 2825 3275 allirmationem,
2868 3217 2927 3264 ut
2967 3207 3200 3276 exempli
3237 3206 3411 3276 gratia
3454 3204 3506 3257 in
3544 3202 3630 3256 bis
3662 3213 3815 3252 com-

2240 3306 2520 3363 mentariis
2557 3305 2622 3359 ad
2644 3304 2908 3374 psalmum
2936 3314 3125 3363 cxviu,
3158 3296 3458 3360 vers-156,
3489 3295 3555 3349 de
3591 3292 3699 3346 Deo
3724 3289 3812 3343 di-

2240 3406 2381 3459 citur
2419 3400 2755 3462 δικαιότατος
2789 3393 2925 3450 εἶναι
2966 3396 3130 3457 δοκεῖ,
3166 3392 3257 3447 ubi
3316 3389 3636 3445 vertendum
3697 3386 3815 3440 sine

2240 3498 2425 3561 dubio,
2464 3494 2793 3563 justissimus
2837 3502 2933 3544 est.
2994 3481 3541 3554 lnnumeraprol‘erri
3593 3486 3817 3550 possent

2241 3602 2362 3641 cum
2390 3602 2457 3640 ex
2482 3585 2737 3643 Eusebio,
2778 3592 2889 3635 tum
2917 3595 2983 3635 ex
3010 3578 3129 3633 aliis
3159 3574 3521 3645 scriptoribus
3545 3569 3812 3638 exempla.

2243 3677 2333 3732 Sic
2362 3677 2503 3747 apud
2533 3675 2913 3736 Athanasium,
2978 3672 3063 3724 ἵνα
3100 3670 3275 3724 τοίνυν
3303 3669 3394 3721 καὶ
3421 3659 3495 3719 ὧν
3532 3662 3817 3732 ἐπιθυμεῖς

2240 3770 2593 3841 τετυχηκέναι
2634 3768 2865 3838 δοκοίης,
2912 3773 2970 3817 ut
3014 3764 3173 3833 igitur
3218 3770 3399 3831 optata
3455 3752 3813 3824 consequaris.

2244 3861 2348 3917 Sed
2373 3865 2483 3927 jam
2523 3862 2624 3915 hac
2652 3860 2720 3915 de
2752 3876 2810 3913 re
2841 3864 3131 3911 tractatum
3156 3870 3185 3908 a
3210 3854 3367 3908 nobis
3406 3858 3523 3905 est.

2427 3974 2507 4022 Ill.
2532 3977 2767 4035 ἑνωτιάνιιν
2784 3971 2899 4031 quid
2918 3967 3168 4030 signiﬁcet
3188 3964 3315 4025 apud
3340 3961 3627 4012 Eusebium;

2312 4080 2369 4133 ln
2396 4076 2748 4132 Onomastico
2777 4074 2842 4127 ad
2868 4071 3149 4125 Athanasii
3177 4068 3351 4139 Opera
3385 4069 3697 4123 monuimus
3721 4082 3817 4119 vo-

2242 4190 2357 4229 cem
2390 4169 2733 4239 ἐντυγχάνειν
2769 4166 3086 4237 plerumque
3118 4160 3445 4233 signiﬁcare,
3481 4159 3723 4229 conqueri
3753 4156 3819 4209 de

2244 4266 2456 4335 aliqua,
2505 4275 2785 4321 accusare,
2842 4257 3142 4325 petitionem
3211 4253 3459 4307 adversus
3519 4249 3814 4321 quempiam

2242 4354 2464 4425 principi
2511 4351 2587 4406 vel
2626 4347 2966 4419 magistratui
3004 4347 3230 4415 o/Ierre:
3272 4353 3326 4398 et
3361 4360 3545 4398 vocem
3574 4340 3815 4409 ὲντυχίοι,

2241 4448 2541 4517 petitionem
2572 4442 2837 4496 adversus
2861 4440 3120 4510 aliquem,
3153 4437 3266 4493 sive
3297 4436 3685 4489 accusationem
3717 4446 3840 4485 εχ·-

2239 4540 2494 4610 primere.
2554 4534 2757 4589 Eodem
2792 4548 2896 4586 usu
2948 4529 3399 4599 κατεντυγχάνειν
3440 4528 3493 4579 in
3537 4526 3622 4579 his
3670 4539 3821 4577 com-

2239 4630 2521 4686 mentariis
2541 4626 2801 4688 occurrit,
2826 4640 2907 4695 ps.
2936 4624 3117 4688 nm?
3138 4642 3149 4675 :
3174 4619 3418 4691 ’Ήρμοζε
3438 4618 3494 4669 δὲ
3516 4616 3582 4669 τὰ
3602 4614 3821 4687 προκείσ-

2244 4736 2377 4789 μενα
2402 4718 2495 4769 καὶ
2539 4715 2614 4785 τῷ
2654 4715 2906 4787 προφήτῃ
2951 4713 3127 4782 Ἠλίᾳ,
3163 4712 3220 4773 ὃς
3266 4710 3418 4777 ἔλεγε
3459 4706 3819 4775 γατεντυγχά-

2239 4826 2346 4863 νων
2398 4808 2488 4861 τοῦ
2531 4806 2693 4860 λαοῧ’
2745 4806 2955 4873 Κύριε,
3007 4802 3149 4867 τοὺς
3192 4797 3502 4868 προφήτας
3548 4814 3664 4849 σου
3712 4798 3822 4850 ἀπ·

2241 4902 2530 4963 ἐπίτεινον,
2575 4900 2670 4953 καὶ
2706 4898 2776 4951 τὰ
2808 4892 3204 4960 θυσιαστήριά
3248 4907 3361 4944 σου
3409 4886 3819 4956 κατέσκαψαν,

2244 4994 2296 5048 id
2332 5002 2413 5047 est
2454 5009 2467 5044 :
2512 4991 2637 5045 Harc
2658 5006 2815 5058 porro
2850 4987 3019 5041 Helia:
3047 4983 3310 5053 propheta:
3325 4980 3701 5052 congruebant,
3732 4982 3821 5048 qui

2246 5084 2469 5137 Domino
2512 5091 2695 5137 contra
2734 5078 2984 5149 populum
3026 5075 3331 5143 supplicans
3369 5074 3445 5126 ita
3490 5071 3818 5142 loquebatur,

2252 5195 2270 5227 ι
2311 5176 2553 5237 Domine,
2604 5172 2882 5242 prophetas
2923 5176 3037 5223 tuos
3068 5166 3388 5231 occiderunt,
3417 5176 3463 5220 et
3490 5164 3685 5218 altaria
3731 5172 3821 5213 tua

2261 5272 2645 5328 subrerterunt,
2674 5274 2782 5319 etc.
2845 5282 2863 5314 ι

2672 5376 2751 5427 1V.
2785 5390 3004 5439 σιρισωσις
3034 5388 3121 5437 pro
3144 5375 3440 5425 calamitate.

2319 5484 2645 5555 Περίστασις
2720 5483 2862 5538 idem
2913 5482 3016 5538 sibi
3054 5480 3169 5535 vult
3211 5479 3354 5549 quod
3400 5474 3821 5536 circumstantia,

2250 5576 2388 5646 apud
2418 5575 2838 5641 Quintilianum,
2876 5573 3136 5630 Senecam
3178 5580 3230 5627 et
3258 5570 3321 5623 Α.
3343 5567 3595 5627 Gellium.
3625 5565 3821 5622 Veru'u

2249 5668 2541 5739 aliquando
2583 5667 2852 5737 signiﬁcat
2897 5681 3218 5727 mrumnam,
3264 5662 3559 5717 infaustum
3610 5675 3821 5717 casum,

2249 5761 2634 5817 calamitatem.
2663 5758 2782 5825 Quo
2810 5773 2974 5813 sensu
3002 5754 3286 5826 semper-in
3312 5753 3395 5807 his
3421 5747 3847 5807 commentariis.
