4086 6540
308 379 370 433 61
1123 363 1626 425 ΕΟΜΜΕΝΤΑΒΙΑ
1667 365 1731 420 ΙΝ
1771 365 1870 420 ΡΒ]

1967 363 2108 418 lIOS.
2140 395 2209 404 —
2242 359 2709 418 PRELIMINARI
2724 361 2751 402 Α
2766 401 2778 414 .
3479 357 3548 413 62

309 500 618 564 usurpatur.
639 491 729 546 Sic
743 505 826 561 ps.
849 504 924 554 tv,
941 487 998 552 9,
1019 488 1085 542 ιο
1111 506 1123 542 :
1157 485 1360 541 Μαθὼν
1373 487 1481 558 γὰρ
1499 487 1647 559 παρὰ
1663 487 1754 540 τοῦ
1771 487 1870 539 Σω-

1984 481 2140 534 tenda
2171 490 2254 535 est
2282 481 2396 535 :sic
2447 482 2480 551 ὴ
2518 482 2778 552 σωτήριος
2802 449 3133 540 διδασκαλία,
3157 474 3413 530 salutaris
3444 473 3545 524 do-

305 591 468 661 τῆρος
499 585 717 640 καὶτῶν
747 584 854 638 σῶν
881 579 1242 649 ἐπαγγελιῶν,
1261 581 1362 642 ὅτι,
1379 581 1426 632 εί
1445 580 1537 633 καὶ
1565 580 1630 633 τὰ
1651 579 1880 650 μάλιστα

306 678 445 732 κατὰ
477 677 566 730 τδν
616 673 885 729 ἐνεστῶτα
931 673 1042 744 βίον
1079 671 1246 724 λύπαι
1287 688 1374 741 μοι
1419 672 1513 723 καὶ
1547 669 1751 740 Θλίψεις
1789 671 1881 728 καὶ

307 771 602 842 πειρασμοὶ
647 770 740 822 καὶ
791 767 1140 838 περιστάσεις
1195 765 1255 818 οὐ
1306 763 1702 826 διαλείπουσιν,
1763 763 1879 816 ἀλλ’

305 861 457 916 ἔσται
487 880 573 934 μοι
596 861 785 933 καιρδς
812 860 840 912 ὁ
871 859 969 929 τῆς
991 856 1312 926 ἀπαλλαγῆς
1341 854 1436 909 τοῦ
1466 854 1733 925 σώματος,
1758 854 1880 908 καθ’

302 953 361 1007 ὃν
393 956 450 1006 ὲν
482 954 673 1026 εἰρήνῃ
699 953 992 1022 ποιήσομαι
1013 948 1109 1020 τὴν
1143 948 1398 1019 κοίμησιν
1419 965 1432 977 ·
1467 947 1570 1001 hoc
1590 955 1672 1002 est
1700 965 1712 1000 :
1747 945 1879 1000 Cum

303 1045 443 1098 enim
477 1063 508 1097 a
540 1043 836 1106 Saluatore,
873 1057 1038 1111 exque
1076 1042 1352 1110 promissis
1401 1041 1510 1094 tuis
1556 1038 1876 1106 edidicerim,

302 1137 515 1190 etiamsi
542 1136 670 1189 mihi
698 1134 925 1203 dolores,
953 1150 1223 1198 wrumnce,
1251 1134 1583 1196 tentationes,
1608 1131 1879 1186 calamita-

304 1237 382 1281 tes
429 1229 482 1280 in
517 1228 762 1297 prtesenti
805 1228 912 1282 vita
959 1243 1063 1281 non
1106 1225 1378 1295 deﬁciant,
1428 1224 1666 1294 futurum
1704 1234 1877 1277 tamen

305 1319 440 1372 mihi
470 1329 666 1387 tempus
709 1328 806 1381 est,
845 1335 948 1387 quo
987 1335 1019 1372 a
1051 1333 1268 1386 corpore
1307 1315 1553 1370 decedam
1583 1333 1645 1370 ac
1675 1316 1728 1369 iu
1752 1331 1882 1384 pace

302 1411 582 1464 dormiam.
623 1407 739 1465 Etsi
769 1417 949 1464 autem
998 1409 1084 1465 his
1140 1406 1548 1464 commentariis
1586 1422 1690 1461 vox
1719 1408 1877 1478 περί-

305 1517 491 1564 στασις
519 1502 720 1571 passim
754 1507 1031 1565 occurrat,
1065 1501 1154 1556 vix
1185 1499 1396 1570 uspiam
1427 1499 1535 1553 alio
1576 1513 1742 1554 sensu
1771 1513 1876 1552 usu

300 1593 466 1656 venit,
497 1607 659 1663 quam
695 1608 793 1662 pro
837 1591 1150 1646 calamitate
1179 1609 1193 1644 :
1235 1589 1545 1659 frequenter
1584 1588 1710 1642 item
1740 1587 1876 1642 dici-

299 1692 391 1738 tur
425 1685 806 1756 περιστατικὺς
851 1684 1070 1755 καιρός,
1118 1699 1213 1754 pro
1257 1691 1486 1748 tempore
1531 1680 1873 1745 calamitosa,

297 1783 353 1827 et
380 1775 640 1831 aerumnis
675 1776 854 1846 pleno.

777 1907 835 1958 V.
863 1909 1060 1960 ῒκιιοεην
1084 1906 1408 1969 respondere.

367 2052 670 2110 Observata
720 2055 847 2109 item
878 2053 1076 2123 dignus
1109 2063 1195 2108 est
1229 2052 1380 2108 vocis
1416 2051 1708 2106 ὑπακούειν
1737 2066 1878 2106 usus

295 2159 397 2216 pro
430 2144 784 2213 respondere:
820 2144 979 2213 cujus
1033 2144 1145 2213 jam
1195 2144 1438 2212 exempla
1469 2143 1752 2198 attulimus
1781 2141 1867 2196 t.[

293 2252 521 2306 operum
547 2235 827 2290 Athanasii
847 2251 899 2306 p.
919 2235 1042 2291 534.
1069 2234 1191 2288 Fuit
1207 2242 1384 2288 autem
1400 2250 1505 2288 vox
1526 2234 1714 2289 isthmc
1731 2235 1870 2288 mul-

291 2333 472 2380 torum
510 2333 619 2380 tam
643 2334 907 2391 veterum,
935 2340 1096 2396 quam
1129 2325 1492 2379 recentiorum
1512 2324 1864 2394 interpretum

292 2418 574 2487 SCOpulus,
599 2419 692 2491 qui
717 2419 901 2471 audire
916 2415 1300 2473 velsubaudire
1325 2423 1602 2471 verterunt
1624 2435 1636 2470 :
1670 2431 1865 2486 quam--

288 2509 476 2564 obrem
507 2523 613 2563 non
633 2509 731 2564 abs
745 2525 804 2564 re
821 2508 983 2564 fuerit
998 2509 1242 2578 exempla
1259 2507 1506 2579 quaedam
1521 2524 1586 2564 ex
1609 2507 1692 2563 his
1715 2522 1865 2562 com-

290 2601 575 2660 mentariis
598 2600 862 2670 proferre.
878 2600 934 2655 ln
950 2600 1268 2672 praefatione
1281 2600 1501 2659 Eusebii
1524 2601 1577 2654 in
1595 2599 1868 2663 Psalmos,

291 2691 479 2762 (infra,
506 2692 614 2747 col.
654 2691 744 2761 81)
783 2711 796 2747 :
827 2693 1017 2746 Ἡνίκα
1068 2693 1246 2746 τοίνυν
1282 2692 1511 2764 ἐσκίρτα
1558 2691 1617 2744 τὸ
1640 2689 1865 2760 Πνεῦμα

287 2785 380 2844 ὲπί
412 2801 533 2838 τινα
556 2784 664 2838 τῶν
698 2785 970 2863 ἁρχὺντων
997 2784 1106 2838 τῶν
1134 2784 1446 2855 ψαλτῳδῶν,
1465 2785 1514 2837 οἱ
1542 2783 1715 2837 λοιποὶ
1741 2784 1866 2854 ἠσυ-

284 2876 406 2946 χίαν
434 2871 568 2954 ἦγον
585 2875 930 2948 παρεστῶτες
949 2877 1043 2930 καὶ
1065 2877 1430 2939 ὑπακούοντες
1455 2873 1757 2946 συμφώνως
1785 2873 1864 2944 τῷ

284 2967 559 3037 ψάλλοντι,
595 2967 929 3040 Ἀλληλούῖα,
965 2969 1017 3023 id
1047 2977 1133 3025 est
1154 2989 1166 3024 :
1191 2969 1320 3022 Cum
1339 2969 1517 3038 itaque
1544 2965 1776 3034 Spiritus
1807 2966 1861 3018 in

286 3060 585 3132 quempiam
606 3061 900 3130 principum
923 3070 1198 3115 cantorum
1221 3059 1469 3122 insiliret,
1501 3059 1676 3113 cceteri
1693 3057 1862 3127 quiete

287 3149 509 3220 agebant
524 3159 781 3213 astantes.
801 3167 862 3204 ac
894 3167 1012 3204 voce
1037 3166 1265 3205 consona
1286 3149 1861 3219 psullentiresponden-
1887 3173 1930 3230 ρ

290 3251 384 3305 tes,
404 3242 655 3298 Alleluia.
681 3243 935 3313 Apertius
957 3259 1083 3298 vero
1115 3242 1264 3299 Psal.
1297 3258 1446 3307 uxr,
1478 3255 1602 3297 vers
1630 3241 1729 3294 i9:
1753 3239 1863 3292 Καὶ

287 3335 584 3408 ἐπειδήπερ
609 3335 780 3390 ταῦτα
795 3336 856 3389 τὸ
872 3333 1095 3407 Πνεῦμα
1113 3336 1173 3388 τὸ
1191 3336 1344 3405 ἅγιον
1362 3332 1713 3406 προφητικῶς
1737 3331 1866 3404 μὲλ-

286 3422 444 3478 λοντα
467 3425 684 3480 ἔσεσθαι
721 3427 1112 3499 πνροανειρώνει,
1145 3427 1304 3499 χορὸς
1335 3425 1578 3495 ἀγγέλων
1602 3423 1864 3478 ὑπακούει

287 3516 676 3586 συνευχόμενος
703 3520 770 3588 τῇ
810 3517 916 3571 τῶν
947 3518 1286 3591 πραγμάτων
1325 3513 1616 3578 τελειώσει,
1652 3513 1868 3567 πιστούς

287 3607 448 3676 μενός
479 3624 538 3660 τε
571 3607 711 3660 αὑτὰ
731 3609 825 3661 καὶ
849 3609 1021 3678 λέγων
1041 3627 1053 3639 ·
1089 3608 1320 3671 Γένοιτο,
1351 3606 1588 3675 γένοιτο-ί
1614 3605 1719 3660 hoc
1745 3613 1860 3659 est:

285 3697 358 3750 Et
385 3699 510 3764 quia
539 3698 649 3753 haec
682 3698 915 3768 Spiritus
954 3708 1169 3754 sanctus
1198 3697 1701 3768 propltetieevfutura
1728 3713 1864 3765 prte—

283 3790 517 3855 slixerat,
545 3791 736 3845 chorus
789 3793 1095 3863 angelorum
1137 3792 1410 3861 respondet
1440 3809 1547 3844 una
1580 3791 1863 3860 deprecans

283 3900 379 3951 pro
403 3885 480 3939 rei
505 3889 976 3952 consummatione,
1002 3887 1199 3957 illaque
1213 3885 1534 3953 conﬁrmans
1561 3900 1622 3937 ac
1647 3884 1822 3936 dicens
1843 3898 1861 3935 :

287 3972 436 4040 Fiat,
474 3976 602 4045 ﬁat!
629 3976 830 4032 Eodem
863 3992 1082 4048 quoque
1126 3975 1433 4048 signiﬁcatu
1473 3989 1573 4029 vox
1615 3991 1862 4046 προσυπ-

287 4065 506 4119 ακοὺειν
545 4070 668 4126 alibi
707 4068 960 4137 occurrit,
991 4068 1045 4123 id
1071 4077 1175 4130 est,
1202 4066 1270 4120 ad
1296 4063 1497 4136 aliquid
1531 4063 1860 4133 respondere.

286 4156 461 4227 Hujus
493 4160 667 4224 vocis,
715 4159 817 4214 hac
860 4159 1128 4214 sententia
1174 4167 1430 4229 acceptae,
1484 4155 1865 4228 frequentissi-

285 4263 409 4304 mus
456 4262 540 4306 est
587 4251 729 4322 apud
760 4252 1058 4323 scriptores
1106 4251 1407 4321 praesertim
1457 4248 1874 4305 ecclesiasticos-

285 4357 440 4396 usus.

853 4476 935 4530 VI.
960 4491 1137 4541 ιυιιεραος
1162 4477 1298 4540 quid,
1323 4482 1426 4528 etc.

354 4600 555 4656 Parem.
586 4603 854 4656 cautelam
888 4603 1147 4659 adhibeas
1190 4603 1246 4656 in
1300 4617 1431 4657 voce
1466 4602 1728 4674 σωτήριος
1758 4613 1870 4670 pro,

285 4699 516 4763 Utroque
541 4708 738 4764 genere
767 4693 1067 4749 masculino
1099 4703 1154 4750 et
1182 4693 1442 4749 feminino
1483 4691 1735 4761 usurpari
1767 4707 1858 4746 so-

284 4783 405 4849 lita,
443 4784 602 4853 cujus
635 4785 782 4853 prior
827 4784 1151 4855 signiﬁcatio
1177 4797 1259 4840 est
1287 4785 1578 4850 salutaris;
1616 4785 1708 4840 sed
1742 4784 1866 4839 [τεο.

284 4877 556 4945 quentiori
609 4893 709 4932 usu
756 4877 897 4954 apud
942 4877 1374 4944 ecclesiasticos,
1419 4877 1695 4936 salvatoris
1729 4892 1852 4930 vcr-

1985 570 2193 634 ctriua;
2235 570 2412 638 aptius
2449 579 2626 623 autem
2677 579 2882 633 vertas,
2919 566 3212 622 Saluatoris
3267 563 3544 624 doctrina;

1983 662 2172 717 eodem
2215 661 2375 716 modo
2420 662 2561 732 apud
2591 660 2976 724 Athanasium,
3011 657 3074 710 τὸ
3105 657 3367 725 σωτήριον
3406 669 3544 724 μαρ-

1984 754 2167 828 τύριον
2190 797 2206 821 ,
2248 757 2560 826 martyrium
2598 755 2712 810 sive
2755 752 2976 806 ecclesia
3021 748 3336 804 Servatoris.
3374 745 3430 800 In
3462 745 3548 800 his

1985 863 2113 903 vero
2141 848 2544 903 commentariis
2577 847 2658 901 sic
2687 845 2798 900 fere
2829 859 3042 913 semper
3072 840 3358 909 intelligas.

2048 939 2106 992 In
2139 938 2225 992 his
2253 937 2666 992 commentariis
2695 934 2894 1005 passim
2923 933 3209 992 observes,
3227 942 3411 982 vocem
3435 925 3551 978 ἀλλ’

1981 1033 2035 1103 ἦ,
2067 1046 2187 1101 quae
2215 1030 2505 1100 signiﬁcat,
2542 1029 2663 1092 nisi,
2697 1027 2785 1082 ubi
2809 1025 3054 1094 sequitur
3090 1019 3317 1081 vocalis.
3348 1017 3552 1072 omissa

1980 1122 2284 1193 particula,
2337 1118 2405 1188 ἡ.
2484 1118 2734 1192 exprimi.
2818 1114 2908 1168 Sic
2964 1113 3058 1166 lib.
3149 1128 3206 1165 ιιι
3241 1131 3254 1165 :
3291 1109 3555 1178 Κληρονο-

1981 1213 2076 1283 μία
2108 1213 2163 1266 δὲ
2206 1211 2370 1264 αὐτοῦ
2399 1209 2485 1272 τίς
2523 1205 2590 1279 ἦν
2620 1207 2756 1278 μετὰ
2791 1205 2882 1258 τὸν
2915 1205 3174 1275 πρότερον
3215 1201 3340 1254 λαὸν
3369 1199 3481 1253 ἀλλ’
3518 1199 3552 1269 ή

1978 1305 2037 1369 ἐξ
2063 1303 2230 1357 ἐθνῶν
2268 1300 2580 1372 Ἐκκλησία,
2612 1299 2664 1352 id
2695 1306 2777 1354 est
2813 1317 2826 1352 :
2870 1296 3163 1350 ereditas
3202 1309 3359 1364 porro
3383 1292 3550 1350 illius.

1975 1411 2218 1465 quamam
2248 1401 2361 1446 erat
2385 1401 2500 1461 post
2523 1391 2750 1460 priorem
2769 1388 2921 1442 illum
2941 1387 3212 1456 populum,
3245 1385 3347 1438 nisi
3370 1382 3550 1436 Eccle-

1977 1483 2058 1537 sia
2083 1483 2361 1553 gentium?
2386 1480 2477 1534 ubi
2521 1479 2634 1533 ἀλλ’
2668 1481 2700 1550 ἡ
2730 1495 2828 1548 pro
2861 1477 2975 1531 ἀλλ’
3007 1477 3041 1547 ἢ
3069 1479 3101 1547 ἠ
3143 1475 3381 1546 ponitur.
3417 1469 3552 1526 Sex-

1976 1579 2136 1626 centa
2164 1579 2321 1626 notes
2348 1571 2549 1626 similia
2591 1571 2645 1625 in
2677 1570 2764 1624 his
2788 1568 3217 1624 commentariis.
3250 1564 3339 1618 ubi
3369 1563 3551 1617 hiatus

1973 1665 2181 1718 vitandi
2205 1679 2370 1720 causa
2395 1665 2430 1735 ἦ
2458 1672 2584 1719 ante
2609 1661 2851 1717 vocalem
2875 1661 3162 1716 omittitur.
3192 1657 3256 1714 Et
3283 1655 3551 1728 principio

1976 1759 2192 1827 quidem
2250 1762 2506 1828 putabam
2557 1771 2656 1826 ego
2702 1755 3114 1809 amanuensium
3156 1754 3288 1808 vitio
3338 1752 3372 1822 ἡ
3418 1750 3550 1804 illud

1973 1849 2279 1916 excidisse;
2325 1864 2514 1903 verum
2547 1847 2674 1916 quia
2719 1847 2779 1898 in
2813 1846 3088 1910 omnibus,
3119 1845 3270 1898 nullo
3296 1851 3546 1912 excepto,

1974 1942 2256 1997 codicibus
2288 1943 2451 1995 etiam
2502 1939 2923 2009 antiquissimis,
2972 1940 3046 1994 ita
3085 1939 3288 2010 passim
3325 1937 3544 2007 legitur,

1972 2041 2181 2091 certum
2236 2033 2410 2087 habeo
2459 2032 2528 2086 ab
2561 2032 2679 2100 ipso
2724 2038 2947 2085 auctore
2988 2044 3338 2099 suppressam
3369 2029 3547 2095 εὑιρω-

1971 2125 2089 2188 νίας
2114 2140 2242 2193 ergo
2294 2124 2616 2193 particulam
2653 2123 2841 2178 fuisse.
2879 2121 3070 2176 Parem
3118 2121 3360 2175 omnium
3396 2119 3547 2176 codi-

1970 2231 2094 2269 cum
2129 2228 2458 2269 consensum
2507 2213 2761 2267 advertas
2791 2214 2845 2266 in
2881 2227 3012 2266 voce
3053 2209 3420 2266 ἀποκλείεσθαι
3447 2223 3546 2280 pro

1968 2304 2383 2368 ἀποκλαίεσθαι,
2401 2305 2528 2372 flere
2543 2319 2562 2365 ;
2577 2319 2699 2372 quae
2712 2301 3154 2371 frequentissime
3172 2301 3274 2356 hoc
3306 2303 3359 2355 in
3382 2317 3545 2372 opere

1966 2403 2264 2464 comparet,
2296 2400 2349 2448 et
2393 2392 2638 2457 ὲξέκαον,
2669 2406 2768 2462 pro
2803 2391 3067 2458 ἐξέκαιον.
3100 2389 3202 2446 Ubi
3239 2405 3426 2444 eorum
3451 2391 3543 2461 qui

1966 2483 2198 2538 antehac
2223 2481 2536 2536 Graecorum
2577 2482 2905 2552 scriptorum
2936 2495 3100 2550 opera
3150 2479 3366 2550 publica
3404 2477 3546 2535 fece-

1965 2587 2113 2640 runt,
2146 2589 2355 2629 morem
2377 2582 2672 2631 sectamur.
2699 2574 2737 2628 li
2768 2573 2936 2636 enim,
2965 2572 3091 2643 quia
3115 2571 3400 2642 euphonia:
3421 2586 3544 2642 gra-

1965 2672 2040 2725 tia
2067 2672 2292 2741 ταμεῖον
2320 2682 2420 2738 pro
2448 2669 2716 2738 ταμιεῖον,
2741 2664 2898 2734 ὑγεία
2931 2680 3028 2733 pro
3058 2663 3237 2732 ὑγίεια
3270 2663 3546 2733 legebatur

1964 2763 2020 2816 in
2050 2761 2352 2818 codicibus.
2375 2759 2582 2814 omisso
2618 2759 2796 2828 primo
2833 2774 2871 2820 ι,
2911 2757 3136 2827 ταμεῖον
3167 2766 3220 2810 ει
3253 2755 3410 2823 ὑγεία
3433 2755 3544 2824 ple-

1963 2868 2193 2922 rumque
2227 2851 2536 2907 ediderunt.
2577 2849 2899 2918 Quanquam
2951 2849 3067 2902 leve
3107 2847 3340 2902 fortasse
3360 2849 3546 2904 videa-

1963 2953 2071 3009 tur,
2102 2959 2322 3000 monere
2357 2958 2428 2998 ne
2454 2942 2653 3012 pigeat,
2688 2955 2873 2995 vocem
2912 2940 3098 3002 Δαυῖδ,
3145 2954 3265 3009 quae
3302 2940 3463 3010 vulgo
3489 2940 3544 2994 in

1963 3036 2245 3091 codicibus
2292 3035 2396 3090 Δᾶδ
2443 3033 2672 3102 legitur;
2719 3031 2895 3086 sicubi
2945 3038 3057 3085 tota
3106 3031 3452 3086 describatur
3488 3033 3542 3086 in

1963 3123 2353 3180 vetustioribus
2379 3119 2792 3188 manuscriptis,
2819 3133 2914 3187 per
2947 3136 2978 3170 υ
3008 3116 3184 3173 efferri
3219 3116 3402 3181 Δαυῒδ,
3436 3132 3542 3172 non

1966 3228 2143 3274 autem
2179 3215 2364 3279 Δαϐίδ,
2414 3220 2474 3268 ιιι
2524 3212 2579 3266 in
2617 3209 2782 3266 editis
2816 3208 3112 3264 Bibliorum
3167 3209 3381 3279 legitur.
3416 3209 3544 3278 quia

1963 3325 2156 3380 nempe
2182 3309 2238 3362 in
2267 3304 2552 3361 Hebraicis
2575 3301 3002 3372 exemplaribus,
3030 3316 3124 3371 per
3156 3318 3256 3355 vau
3287 3311 3380 3362 ττι»
3421 3303 3545 3358 des-

1965 3398 2212 3456 cribitur.
2243 3395 2360 3462 Qua
2401 3398 2454 3452 in
2493 3413 2554 3452 re
2583 3403 2830 3451 veterum
2860 3397 3103 3448 omnium
3152 3393 3400 3447 codicum
3435 3407 3546 3445 mo-

1962 3509 2076 3549 rem
2100 3491 2264 3562 sequi
2285 3491 2459 3546 visum
2481 3493 2584 3544 est.

2032 3584 2324 3656 Ceterum,
2359 3591 2419 3636 ut
2446 3597 2733 3651 speramus
2765 3594 2876 3636 non
2911 3578 3180 3647 ingratum
3215 3573 3401 3628 lectori
3428 3572 3543 3627 fore

1963 3676 2258 3731 Eusebium
2291 3682 2538 3728 nostrum
2561 3712 2576 3736 ,
2611 3673 2686 3724 ita
2714 3671 2768 3724 in
2800 3678 3008 3740 partem
3045 3667 3232 3737 gratiae
3264 3664 3542 3720 vocandos

1963 3782 2251 3824 censemus
2300 3780 2418 3826 eos,
2462 3764 2554 3832 qui
2589 3763 2748 3816 nobis
2796 3761 2878 3814 vel
2931 3759 3150 3812 codices
3192 3757 3276 3810 vel
3318 3769 3539 3825 operam

1963 3859 2246 3914 contulere
2277 3869 2453 3911 suam.
2480 3853 2560 3907 Ex
2588 3852 2757 3922 Regia
2778 3859 2927 3905 certe
2949 3847 3298 3907 bibliotheca,
3316 3847 3542 3915 jubente

1963 3949 2334 4007 illustrissimo
2359 3947 2550 4002 abbate
2589 3961 2657 4001 nc
2691 3944 2947 4008 Louvors,
2980 3940 3225 4010 ejusdem
3264 3938 3538 4008 praefecto.

1963 4044 2181 4099 codices
2221 4040 2379 4096 nobis
2409 4055 2508 4110 pro
2541 4046 2690 4102 voto,
2727 4037 2888 4106 idque
2923 4036 2987 4090 ad
3025 4035 3344 4087 diuturnum
3381 4047 3539 4088 usum

1961 4136 2146 4191 traditi
2169 4146 2297 4190 sunt
2328 4147 2357 4186 a
2397 4130 2733 4187 doctissimis
2776 4136 2830 4183 et
2873 4125 3226 4182 amicissimis
3254 4125 3390 4178 viris
3418 4122 3537 4178 Cle-

1963 4236 2130 4282 mente
2153 4234 2208 4278 et
2236 4223 2496 4288 Boiuinio,
2531 4220 2873 4276 custodibus.
2907 4217 3098 4272 Parem
3129 4216 3538 4271 beneﬁcentiam

1960 4317 2165 4389 experti
2221 4331 2412 4372 sumus
2459 4330 2629 4385 penes
2675 4311 3169 4367 eminentissimum
3210 4305 3539 4360 cardinalem

1961 4428 2028 4466 ne
2059 4412 2302 4473 COISLIN,
2337 4409 2430 4478 qui
2463 4407 2620 4462 nobis
2660 4407 2870 4460 codicis
2902 4400 3340 4475 prastantissimi
3375 4413 3537 4468 supra

1891 4516 1936 4574 ι)
1965 4502 2247 4558 memorati
2290 4501 2502 4569 copiam
2539 4497 2684 4552 fecit.
2734 4495 2799 4550 Et
2849 4493 3278 4548 illustrissimum
3324 4489 3527 4543 archie-

1962 4598 2246 4668 piscopum
2287 4592 2804 4661 Rotbomagcnsem,
2836 4588 2995 4656 cujus
3019 4584 3360 4640 bibliotheca:
3383 4578 3534 4634 codi-

1963 4692 2121 4745 cibus
2144 4689 2211 4744 ad
2243 4695 2432 4742 nutum
2457 4684 2561 4738 frui
2596 4684 2740 4744 licet,
2776 4688 3003 4734 curante
3025 4677 3176 4732 Dom.
3202 4675 3274 4732 du
3300 4675 3535 4736 Chesne,

1964 4780 2400 4843 bibliothecario.
2430 4778 2611 4842 Salve,
2648 4775 2860 4830 erudite
2894 4773 3084 4828 lector.
