4086 6540
1987 267 2046 278 ’.η

544 392 613 447 63
1243 387 1512 445 EUSEBII
1550 383 2032 444 CASSARIENSIS
2071 383 2222 441 OPP.
2255 384 2456 440 PARS.
2501 384 2588 441 Ill.
2629 418 2698 425 —
2738 383 3146 440 EXEGETICA.
3715 384 3780 439 (il

1766 707 1872 767 DE
1916 703 2576 768 CONTINUATIONE

859 883 2018 983 COMMENTARIORUM
2100 882 2578 972 EUSEBII
2668 882 3471 974 CIESARIENSIS

1179 1081 1236 1142 Δ
1287 1076 1622 1142 PSALMO
1654 1077 1853 1141 CXIX
1901 1075 2164 1152 USQUE
2216 1074 2332 1136 ΑΒ
2377 1073 2836 1137 PSALTERII
2883 1075 3170 1140 FINEM

1623 1252 2110 1332 EDITORIS
2187 1251 2713 1330 MONITUM.

1029 1437 1259 1510 (Angela
1287 1434 1416 1502 Bisi,
1454 1432 1784 1489 Bibliotheca
1813 1449 1946 1487 nova
1977 1430 2227 1498 Patrum,
2259 1437 2301 1485 t.
2337 1428 2428 1495 IV,
2475 1447 2532 1502 p.
2585 1429 2642 1486 6ἒ

1660 1432 1784 1487 heca
1813 1449 1946 1487 nova
1977 1430 2227 1498 Patrum,
2259 1437 2301 1485 ι.
2337 1428 2428 1495 1V,
2475 1447 2532 1502 p.
2585 1429 2678 1486 65.
2709 1431 2894 1484 Romae
2927 1429 3081 1494 1847,
3119 1431 3273 1503 in-l.)

612 1682 706 1738 Vir
740 1683 1096 1749 doctissimus,
1130 1695 1177 1738 et
1211 1684 1274 1739 de
1320 1683 1486 1738 sacris
1520 1683 1738 1738 Litteris
1768 1685 2140 1741 immortaliter
2183 1687 2420 1749 meritus,
2465 1702 2526 1738 ac
2565 1683 2831 1740 Maurina:
2875 1686 3096 1756 familia:
3145 1703 3404 1741 summum
3443 1687 3620 1752 decus,
3659 1688 3791 1742 Ber-

535 1778 734 1831 nardns
780 1778 1211 1848 Montfauconius
1245 1781 1296 1832 in
1338 1779 1649 1848 praefatione
1683 1779 1755 1831 ad
1794 1779 2007 1834 Eusebii
2036 1779 2378 1834 Ccesariensis
2408 1795 2537 1849 quos
2581 1778 2742 1832 edidit
2779 1778 3197 1834 Commentarios
3236 1781 3304 1833 ad
3329 1778 3676 1844 Psalterium,
3711 1783 3788 1833 ait

533 1887 586 1939 p.
619 1886 678 1923 ιιι
716 1888 728 1923 :
769 1888 787 1919 ι
831 1867 1012 1939 Neque
1054 1878 1227 1922 tamen
1258 1869 1310 1922 id
1341 1869 1585 1940 consequi
1614 1871 1902 1937 potuimus,
1939 1881 1993 1923 ut
2029 1880 2194 1924 totum
2222 1869 2652 1924 commentarium
2683 1870 2752 1922 ad
2774 1869 3017 1924 ultimum
3048 1887 3210 1941 usque
3243 1872 3508 1940 psalmum
3532 1887 3596 1926 ει.
3624 1874 3676 1925 in
3704 1871 3788 1925 lu-

534 1979 640 2014 cem
667 1962 902 2032 proferre
929 1961 1107 2015 liceret
1133 1978 1151 2014 :
1183 1962 1235 2014 in
1282 1962 1427 2016 nullo
1459 1963 1596 2016 enim
1632 1977 1697 2016 ea:
1735 1963 2038 2015 memoratis
2067 1961 2333 2015 codicibus
2363 1961 2505 2013 ultra
2531 1975 2694 2015 cxvm
2744 1963 3007 2031 psalmum
3035 1961 3303 2033 quidpiam
3336 1963 3575 2032 offertur.
3609 1961 3790 2030 Quod-

533 2073 630 2126 que
658 2073 749 2126 per
781 2056 908 2108 mihi
935 2056 1128 2109 mirum
1169 2055 1334 2110 visum
1354 2063 1454 2119 est,
1491 2055 1701 2110 Catena:
1731 2055 1842 2108 illa!
1867 2052 2038 2124 Regia:
2066 2051 2405 2124 (Parisiacce)
2434 2067 2550 2122 qua:
2580 2068 2743 2121 usque
2771 2053 2840 2107 ad
2861 2069 3025 2107 cxvm
3055 2054 3316 2122 psalmum
3345 2056 3790 2126 interpretationi-

536 2151 630 2205 bus
675 2151 883 2204 Eusebii
906 2160 1149 2211 utuntur,
1187 2149 1262 2202 ita
1292 2157 1347 2201 ut
1372 2148 1548 2202 nullus
1574 2157 1798 2202 veterum
1828 2149 2167 2214 interpretum
2197 2144 2328 2199 adeo
2357 2145 2712 2215 frequentatus
2750 2155 3014 2209 occurrat.
3042 2148 3095 2200 in
3120 2163 3284 2204 cxvm
3312 2149 3516 2217 psalmo
3539 2151 3614 2203 ita
3634 2151 3795 2220 ﬁnem

533 2247 736 2314 faciunt
768 2245 1049 2299 Eusebium
1075 2247 1127 2298 in
1163 2244 1388 2298 medium
1417 2244 1694 2312 a/forendi,
1723 2252 1779 2296 ut
1810 2260 1872 2297 ne
1893 2243 2103 2296 verbum
2119 2240 2325 2310 quidem
2359 2240 2579 2295 ulterius
2606 2239 2817 2295 Eusebii
2835 2252 3155 2310 compareat.
3182 2242 3327 2297 Unde
3342 2244 3634 2314 conjectare
3657 2245 3790 2314 forte

536 2341 710 2402 liceat,
736 2358 767 2394 a
789 2340 968 2394 multis
977 2341 1093 2410 jam
1120 2340 1330 2396 swcuh's
1354 2339 1570 2394 Eusebii
1585 2337 2003 2393 Commentarios
2020 2336 2117 2390 hac
2133 2336 2418 2405 posteriore
2442 2336 2686 2402 suiparte
2706 2343 2973 2390 truncatas
2993 2336 3329 2391 librariorum
3353 2338 3556 2392 incuria
3572 2338 3748 2408 fuisse.
3765 2356 3792 2388 ι

535 2432 604 2486 Et
633 2433 839 2504 quidem
881 2433 1312 2504 Montfauconius
1366 2441 1501 2486 recte
1541 2447 1634 2485 nos
1683 2445 1878 2496 monet,
1910 2428 2196 2483 Eusebium
2236 2429 2291 2481 in
2326 2437 2492 2481 totum
2527 2443 2706 2495 reapse
2754 2427 3074 2482 Psalterium
3108 2430 3399 2499 scripsisse,
3437 2439 3561 2483 teste
3602 2429 3791 2484 Hiero-

535 2542 689 2598 ttynto
728 2525 801 2581 De
833 2527 1022 2596 script.
1049 2527 1211 2588 eccl.,
1245 2540 1362 2592 cap.
1392 2523 1495 2577 81':
1528 2542 1546 2575 i
1590 2521 1847 2577 Eusebius
1883 2522 1940 2574 in
1965 2537 2029 2574 οι,
2052 2520 2285 2589 psalmos
2325 2518 2714 2574 eruditissimos
2749 2517 3165 2575 Commentarios
3201 2520 3384 2574 edidit.
3425 2541 3444 2573 ι
3482 2519 3550 2573 Et
3582 2522 3635 2574 in
3681 2521 3790 2588 epi-

533 2619 675 2674 stola
719 2620 806 2683 75,
837 2620 905 2674 ad
945 2620 1346 2690 Augustinum:
1387 2635 1412 2668 ι
1446 2615 1689 2670 Psalmos
1736 2615 2070 2684 interpretati
2100 2623 2221 2668 sunt
2269 2611 2408 2677 apud
2454 2610 2662 2667 Gra'cos
2706 2613 2910 2675 primus
2941 2613 3212 2695 Origenes;
3248 2613 3503 2672 secundus
3537 2613 3790 2674 Eusebius

535 2711 902 2780 Caesariensis,
946 2752 960 2768 .
1005 2755 1019 2770 .
1064 2752 1080 2768 .
1119 2711 1184 2768 de
1206 2713 1405 2785 ὶτιεθῃτο
1434 2709 1776 2768 Ρεαῑιιιονιιιῆ
1814 2730 2032 2784 corpore
2050 2707 2294 2770 dicimus.
2335 2734 2365 2768 λ

606 2828 708 2884 llis
735 2847 828 2901 ego
869 2831 1010 2900 apud
1044 2829 1505 2899 Montfauconium
1552 2830 1722 2893 lectis,
1753 2840 1946 2886 etcum
1989 2849 2061 2887 ne
2085 2833 2225 2901 apud
2281 2831 2522 2888 Corderii
2553 2832 2757 2903 quidem
2806 2833 3062 2889 Catenam
3109 2833 3391 2888 Eusebium
3445 2834 3649 2902 uspiam
3677 2844 3792 2904 post

534 2922 733 2978 dictant
784 2925 1064 2979 terminum
1115 2923 1326 2977 laudari
1355 2923 1602 2986 viderem,
1635 2925 1852 2993 quwsivi
1879 2923 2062 2978 sedulo
2096 2926 2150 2978 in
2191 2925 2461 2980 Vaticanis
2501 2927 2769 2980 codicibus
2801 2929 3035 2999 nunquid
3065 2928 3200 2998 forte
3240 2927 3449 2990 lateret,
3485 2925 3622 2996 quod
3651 2927 3792 2982 ultra

535 3019 844 3087 prwdictam
869 3019 984 3088 ejus
1011 3017 1290 3073 editionem
1323 3027 1642 3072 excurreret.
1689 3017 1758 3071 Et
1786 3019 2022 3072 continui
2052 3019 2262 3089 quidem
2292 3021 2679 3082 commentarii,
2706 3020 2880 3091 qualis
2909 3020 3058 3091 apud
3084 3020 3541 3090 Montfauconium
3567 3028 3664 3082 est,
3689 3027 3790 3073 tres

535 3112 642 3166 vidi
668 3111 868 3166 codices
908 3112 1209 3174 Vaticanos,
1249 3127 1471 3181 quorum
1501 3121 1677 3164 tamen
1725 3110 1902 3165 nullus
1935 3111 2080 3166 ultra
2116 3113 2380 3182 psalmum
2419 3129 2552 3178 exn,
2595 3125 2786 3183 praeter
2828 3115 3126 3184 interjectas
3166 3115 3406 3178 lacunas,
3458 3113 3788 3183 procedebat.

539 3207 680 3278 Ergo
710 3209 778 3262 ad
807 3207 1038 3262 Catenas
1084 3206 1370 3260 Vaticanas
1412 3221 1718 3271 conversus,
1750 3205 1805 3259 in
1832 3206 2020 3276 quibus
2053 3205 2273 3261 Eusebii
2295 3206 2568 3261 abundant
2595 3217 2865 3277 excerpta,
2895 3208 2950 3261 in
2989 3208 3247 3278 plerisque
3274 3207 3450 3277 utique
3489 3206 3673 3276 agnoui
3702 3203 3791 3258 de-

537 3305 691 3374 [icere
729 3304 938 3357 omnino
979 3301 1263 3356 Eusebium
1302 3310 1418 3371 post
1452 3300 1716 3369 psalmum
1747 3315 1937 3359 cxvm,
1971 3315 2086 3369 qua:
2116 3316 2197 3354 res
2237 3316 2354 3352 cum
2391 3297 2780 3370 Montfauconii
2817 3299 2880 3353 de
2927 3299 3217 3354 Parisiacis
3247 3299 3460 3354 Catenis
3487 3298 3790 3350 narratione

538 3396 798 3466 congruit.
835 3395 936 3450 Sed
987 3403 1159 3448 tamen
1199 3393 1339 3464 quod
1365 3393 1486 3446 huic
1529 3391 1682 3446 docto
1725 3390 1916 3446 editori
1947 3408 2048 3445 non
2081 3391 2287 3463 obtigit,
2319 3402 2376 3445 ut
2423 3392 2568 3446 ultra
2605 3409 2724 3447 eum
2775 3392 3054 3446 terminum
3089 3389 3392 3462 pra’tervehi
3438 3398 3631 3458 posset,
3665 3387 3791 3440 mihi

539 3489 808 3543 commode
835 3505 896 3542 ac
941 3489 1164 3558 feliciter
1207 3486 1410 3541 obvenit
1439 3503 1456 3541 :
1487 3487 1674 3540 etenim
1704 3486 1842 3539 inter
1889 3494 1962 3538 tot
2007 3484 2316 3549 Vaticanus,
2355 3494 2460 3539 tres
2493 3485 2664 3539 inveni
2696 3483 2948 3549 Catenas,
2972 3484 3042 3537 'in
3077 3483 3264 3554 quibus
3302 3481 3514 3536 Eusebii
3547 3488 3791 3547 excerpta

541 3598 642 3635 non
667 3579 1042 3634 contemnenda
1077 3596 1239 3648 usque
1283 3580 1352 3632 ad
1382 3576 1638 3632 Psalterii
1669 3577 1824 3647 ﬁnem
1853 3576 2113 3647 leguntur.
2163 3576 2350 3630 Prima
2378 3586 2456 3632 est
2498 3587 2684 3632 catena
2711 3577 2993 3646 pervetusti
3031 3575 3348 3631 membranei
3371 3572 3586 3637 codicis,
3611 3572 3792 3626 steculi

541 3673 703 3742 ferme
725 3689 777 3726 XI
803 3689 952 3744 quem
982 3673 1035 3726 in
1061 3671 1248 3741 Cyrilli
1272 3670 1500 3725 editione
1523 3671 1596 3742 (in
1621 3686 1725 3739 qua
1760 3669 2048 3723 Vaticanas
2072 3669 2141 3721 ad
2172 3669 2495 3723 Psalterium
2527 3668 2755 3725 Catenas
2787 3670 3064 3739 descripsi)
3095 3668 3362 3738 designavi
3385 3667 3564 3721 littera
3593 3663 3661 3719 D.
3695 3664 3790 3719 Se-

539 3770 713 3820 cunda
739 3776 817 3820 est
849 3765 1044 3821 codicis
1080 3767 1202 3820 item
1232 3765 1444 3836 egregii,
1477 3763 1790 3834 bombycini,
1816 3763 1996 3816 steculi
2016 3763 2228 3818 circiter
2256 3777 2380 3828 xm,
2404 3780 2556 3834 quem
2586 3763 2828 3818 denotavi
2869 3763 3046 3818 littera
3084 3761 3146 3818 C.
3188 3761 3368 3815 Tertia
3400 3768 3478 3813 est
3501 3756 3696 3812 codicis
3723 3754 3787 3820 C.

540 3859 824 3914 chartacei.
862 3858 1091 3929 Denique
1128 3859 1287 3911 etiam
1321 3858 1378 3910 in
1411 3855 1676 3910 codicibus
1707 3854 1753 3908 E
1773 3865 1821 3908 et
1854 3854 1919 3919 L,
1953 3855 2208 3910 nonnulla
2239 3854 2450 3911 Eusebii
2474 3865 2591 3926 post
2631 3872 2796 3911 cxvm
2827 3857 3089 3924 psalmum
3117 3854 3314 3908 scholia
3333 3860 3631 3920 supersunt.
3659 3848 3790 3915 Qntu

541 3968 658 4003 cum
691 3954 765 4004 ita
797 3967 850 4005 se
876 3950 1144 4013 haberent,
1187 3949 1333 4003 nolui
1365 3948 1603 4018 equidem
1643 3947 1879 4002 oblatam
1919 3948 2228 4016 facultatem
2270 3949 2508 4004 omittere
2548 3949 2822 4018 supplendi
2850 3949 3127 4019 egregiam,
3157 3955 3414 4015 quantum
3458 3943 3584 3996 mihi
3613 3943 3808 4005 licuit,.

543 4041 934 4109 Montfauconii
984 4043 1295 4108 editionem,
1327 4049 1377 4094 et
1413 4041 1459 4093 si
1489 4056 1591 4093 non
1615 4041 1875 4110 integrum
1917 4039 2126 4095 Eusebii
2150 4041 2633 4108 Commentarium,.
2654 4041 2842 4096 saltem
2883 4041 2997 4109 ejus
3032 4047 3273 4106 excerpta
3311 4048 3360 4092 et
3393 4035 3642 4102 reliquias
3674 4044 3789 4088 stu-

541 4136 686 4189 diose
714 4152 740 4190 e
770 4135 1036 4190 codicibus
1060 4144 1318 4205 sumptas,
1351 4133 1641 4188 Latinitate
1671 4135 1851 4198 etiam,
1885 4136 2184 4188 imminente
2215 4137 2381 4204 prelo,
2417 4152 2449 4188 a
2483 4150 2561 4188 me
2589 4133 2840 4194 donatas,
2875 4131 2943 4185 ad
2967 4130 3215 4184 Ecclesia:
3247 4145 3405 4183 usum
3421 4125 3717 4198 perducere.

615 4249 780 4303 Porro
813 4249 954 4302 haud
992 4251 1296 4304 continuum
1324 4249 1457 4304 hunc
1479 4266 1589 4304 esse
1619 4248 2088 4314 Comittentarium,
2114 4250 2231 4319 jam
2261 4249 2397 4313 dixi,
2434 4250 2557 4320 quia
2599 4248 2808 4302 nonnisi
2843 4264 2871 4302 e
2897 4247 3096 4301 catenis
3127 4255 3396 4316 excerptus
3418 4260 3450 4296 a
3481 4240 3627 4296 nobis
3665 4239 3786 4307 fuit.

542 4341 682 4404 Quid
708 4345 864 4396 vero?
897 4339 1086 4394 Nonne
1108 4351 1156 4394 et
1186 4341 1465 4396 Athanasii
1495 4341 1547 4396 in
1579 4340 1847 4404 Psalmos,
1885 4357 2056 4394 nonne
2078 4342 2235 4395 etiam
2271 4320 2580 4394 Theodoreti
2615 4342 2666 4393 in
2713 4339 2916 4394 Isaiam
2940 4339 3222 4409 deperdita!
3247 4337 3613 4407 expositiones,
3647 4331 3789 4398 prio-

541 4433 616 4486 ris
642 4432 848 4502 quidem
875 4450 906 4486 a
950 4431 1004 4487 Μ
1014 4433 1375 4502 ontfauconio,
1413 4434 1723 4503 posterioris
1759 4450 1790 4486 a
1819 4432 2104 4488 Sirmondo
2126 4449 2152 4488 e
2180 4431 2395 4488 Catenis
2426 4433 2788 4489 tantummodo
2821 4434 3068 4490 delibata:
3093 4435 3347 4503 fuerunt?
3378 4430 3443 4484 Et
3475 4427 3679 4500 quidem
3694 4426 3788 4494 ju—

537 4524 717 4578 dicare
742 4542 798 4580 se
832 4525 960 4579 dicit
991 4524 1329 4589 Sirmondus,
1363 4525 1649 4580 medullam
1677 4526 1820 4581 haud
1859 4525 2012 4580 dubie
2041 4537 2354 4598 succumque
2385 4525 2632 4596 cujusque
2650 4527 2829 4595 scripti
2851 4529 3105 4581 contineri
3137 4528 3188 4579 in
3218 4524 3429 4580 Catenis
3455 4521 3641 4577 solere.
3673 4517 3790 4570 Etsi

539 4628 713 4673 autem
745 4619 854 4674 ha'c
888 4618 1100 4672 Eusebii
1128 4619 1334 4673 scholia
1363 4620 1416 4674 in
1437 4620 1698 4690 plerisque
1734 4620 1955 4688 psalmis
1987 4620 2228 4674 tenuiora
2267 4629 2411 4683 sunt,
2445 4628 2678 4673 attamen
2710 4621 2761 4672 in
2801 4619 2998 4689 aliquot
3024 4619 3098 4671 ita
3136 4616 3427 4678 abundant,
3468 4621 3524 4664 ut
3547 4626 3703 4680 prope
3725 4626 3796 4663 ea:-

540 4714 742 4782 inteqro
782 4727 931 4781 opere
979 4729 1248 4782 superesse
1274 4712 1568 4776 videantur,
1611 4715 1657 4767 si
1679 4721 1815 4766 certe
1844 4713 2040 4781 partim
2087 4711 2414 4780 psalmorum
2461 4711 2811 4782 quorumdam
2863 4711 3184 4770 brevitatem.
3225 4710 3418 4777 partim
3468 4705 3791 4759 scholiorum

540 4805 745 4872 copiam
766 4813 1075 4873 spectemus,
1099 4803 1257 4858 veluti
1286 4803 1354 4856 ad
1393 4803 1624 4873 psalmos
1645 4820 1807 4866 cxxv,
1833 4817 2039 4866 cxxvu,
2068 4817 2274 4866 cxxxu,
2305 4818 2524 4868 cxxxlv,
2542 4819 2627 4868 CL,
2665 4813 2713 4858 et
2744 4803 2812 4856 ad
2839 4817 2996 4868 θην,
3029 4817 3175 4865 cus,
3210 4815 3332 4854 cu.
3362 4797 3608 4850 Jamvero
3649 4796 3797 4849 theo-

541 4896 738 4966 logicus
763 4898 816 4950 in
843 4896 942 4951 hac
971 4913 1103 4951 nova
1125 4895 1338 4950 Eusebii
1362 4906 1516 4965 parte
1553 4899 1618 4950 de
1653 4894 1853 4951 Christi
1875 4894 2150 4948 divinitate
2181 4911 2362 4947 sensus
2395 4912 2556 4950 sanus
2591 4894 3012 4963 orthodoxusque
3045 4893 3231 4961 ubique
3251 4900 3348 4954 est,
3376 4887 3590 4943 moralis
3618 4897 3790 4939 autem

537 4997 586 5043 et
621 4987 932 5044 doctrinalis
973 4991 1122 5045 valde
1145 4992 1262 5061 pius
1299 5001 1346 5045 et
1378 4990 1547 5056 utilis,
1571 4989 1635 5043 de
1665 4998 1799 5043 recte
1833 4987 2035 5058 agenda
2067 4989 2194 5051 vita,
2229 4987 2294 5041 de
2326 4989 2517 5042 orandi
2554 5005 2673 5052 usu,
2717 4988 2782 5041 de
2823 4988 3016 5040 anima:
3055 4983 3475 5047 immortalitate,
3517 4980 3788 5050 defutura

538 5083 668 5145 vita,
702 5082 765 5135 de
789 5082 1152 5137 luereticorum
1198 5083 1756 5153 reprehensione,-ctc.
1793 5081 1873 5134 Ad
1902 5097 2112 5134 sacram
2144 5080 2378 5134 criticem
2405 5089 2453 5134 et
2500 5079 2843 5150 philologiam
2875 5075 3016 5147 quod
3063 5075 3270 5140 attinet,
3307 5073 3491 5128 laudat
3531 5070 3792 5125 Eusebius

540 5189 644 5226 non
680 5174 838 5229 semel
867 5175 1131 5244 Aquilam,
1163 5175 1356 5244 scepius
1397 5173 1790 5244 Symmachum,
1822 5171 2131 5242 quandoque
2162 5172 2323 5226 etiam
2351 5171 2778 5234 Theodotionem,
2814 5168 3160 5238 Septuaginta
3190 5165 3524 5235 Interpretes,
3552 5163 3788 5234 quintam

538 5267 836 5331 editionem,
863 5277 911 5322 et
951 5269 1122 5322 varios
1151 5267 1414 5322 interdum
1438 5265 1662 5330 codices,
1687 5265 1904 5336 denique
1936 5263 2276 5318 llebrworum
2301 5272 2501 5317 textum
2545 5273 2698 5331 atque
2728 5262 3046 5315 idiotismos.
3080 5259 3258 5326 Quare
3284 5269 3334 5313 et
3366 5273 3498 5312 nova
3521 5251 3788 5320 hexapla-

541 5359 685 5414 ribus
713 5359 1052 5416 varietatibus
1085 5361 1312 5414 accessio
1344 5360 1464 5413 hinc
1489 5359 1606 5428 ﬁeri
1630 5357 1903 5412 videbitur.
1938 5355 2020 5410 Ad
2041 5356 2304 5424 psalmum
2335 5368 2556 5419 cxxxlv,
2590 5355 2824 5424 loquitur
2867 5353 3059 5406 diserte
3093 5349 3348 5406 Eusebius
3380 5348 3443 5401 de
3464 5345 3787 5401 ethnicorum

539 5469 636 5504 sua
675 5463 829 5507 (etate
879 5453 1232 5516 conversione,
1264 5468 1394 5522 quos
1442 5467 1643 5520 reapse,
1677 5451 1947 5518 regnantis
1980 5448 2312 5518 potissimum
2341 5447 2578 5516 exemplo
2619 5445 2978 5509 Constantini,
3021 5444 3278 5512 plurimos
3329 5439 3397 5492 ad
3433 5437 3786 5493 Christianam

542 5546 696 5614 ﬁdem
719 5547 1001 5602 accessisse
1020 5546 1233 5600 scimus.
1263 5543 1654 5614 Qualiscunque
1693 5543 1899 5597 demum
1928 5543 1996 5598 sit
2033 5542 2220 5596 horum
2250 5541 2570 5596 scholiorttm
2603 5557 2750 5607 usus,
2795 5553 2930 5595 certe
2970 5549 3078 5592 tant
3114 5536 3274 5608 prisci
3303 5525 3536 5601 clariq'ue
3564 5528 3798 5584 hominis

540 5639 701 5693 nulla:
732 5656 764 5693 a
799 5655 878 5692 me
901 5636 1364 5708 prcetermittendw
1396 5635 1629 5706 reliquiae
1667 5645 1842 5689 erant.

2132 5765 2210 5796 π
