4086 6550
281 378 355 438 65
1405 366 1829 426 ΩΟΜΜΕΝΤΑΒ

1927 364 2006 438 E‘IN
2046 364 2388 422 PSAIMOS.
3457 367 3522 416 tu:

291 519 3491 564 ww

856 700 1616 861 EUSEBII
1676 695 2955 853 CXESARIENSIS

1040 982 1925 1123 COMMENTARIA
2002 982 2122 1071 IN
2206 978 2771 1072 PSALMOS.

279 1296 585 1357 EL'SEBII
617 1295 706 1350 IN
735 1292 1188 1351 PSALMORUM
1220 1286 1835 1348 INSCRIPTIONES.
1870 1294 1913 1351 Α

350 1366 814 1424 INTERPRETA
828 1366 953 1421 T10
988 1362 1459 1431 QUARUMDAM
1493 1357 1837 1419 COMPEN—

344 1439 461 1495 DII
497 1437 705 1494 MORE
732 1435 1171 1492 DESCRIPTA.

335 1556 561 1611 Centum
587 1560 639 1606 et
674 1551 1065 1622 quinquaginta
1100 1550 1291 1621 psalmi
1318 1557 1445 1605 sunt
1480 1556 1569 1604 :et
1588 1563 1717 1604 sane
1747 1564 1838 1604 sa-

265 1666 357 1705 cer
399 1657 485 1705 est
535 1644 1041 1717 quinquagenarius
1099 1658 1394 1708 numerus,
1432 1642 1527 1697 illo
1571 1642 1839 1712 siquidem

265 1741 475 1796 dierum
511 1739 788 1794 curricqu
812 1739 1121 1794 instituitur
1151 1737 1495 1801 Pentecoste,
1521 1750 1585 1789 ac
1612 1734 1839 1789 totidem

262 1848 531 1889 annorum
556 1847 785 1889 numero
812 1832 1097 1895 Jubilzeus,
1133 1838 1193 1885 ut
1219 1839 1416 1885 vocant
1445 1828 1677 1893 Hebraei,
1700 1827 1842 1882 cele-

264 1926 475 1981 bratur.
515 1925 686 1981 Nabla
724 1925 867 1995 apud
916 1923 1173 1978 llebrzeos
1212 1929 1438 1976 vocatur
1479 1918 1840 1990 psalterium;

258 2017 409 2088 quod
442 2032 511 2072 ex
558 2015 789 2071 musicis
823 2012 1208 2068 instrumentis
1258 2011 1435 2066 solum
1474 2008 1842 2064 rectissimum

255 2118 367 2169 est,
392 2124 571 2178 neque
594 2108 663 2162 ab
693 2107 897 2161 inlimis
929 2104 1176 2177 partibus
1203 2102 1269 2156 ad
1304 2116 1496 2157 sonum
1532 2099 1841 2164 adhibetur,

260 2199 361 2255 sed
391 2215 423 2253 a
462 2198 718 2269 supernis
747 2197 962 2253 sonanti
1003 2212 1108 2251 :ere
1142 2195 1455 2249 instruitur.
1496 2192 1701 2247 Psalmi
1748 2194 1845 2246 ita-

258 2308 369 2362 que
406 2300 670 2346 vocantur
690 2298 961 2361 quotquot
994 2290 1109 2344 sola
1138 2289 1631 2342 instrumentorum
1653 2286 1843 2355 pulsa-

256 2384 598 2446 tione,nullis
615 2382 864 2437 admistis
878 2380 1536 2451 vocibus,pcrsolvuntur.
1554 2378 1841 2433 Canticum

258 2474 460 2528 dicitur
486 2473 630 2545 quod
654 2475 807 2528 suavi
837 2473 1201 2543 aequabilique
1230 2486 1363 2527 voce
1393 2472 1642 2538 canitur;
1667 2472 1841 2526 canti-

1942 1279 2311 1337 ΕΥΣΕΒΙΟΥ
2351 1278 2471 1330 ΕΙΣ
2519 1276 2651 1329 ΤΑΣ
2695 1272 3103 1326 ΕΠΙΓΡΑΦΑΣ
3150 1270 3288 1323 ΤΩΝ
3332 1272 3512 1324 ΨΑΛ·

1996 1352 2170 1406 ΜΩΝ.
2221 1348 2600 1403 ΕΡΜΗΝΕΙΑ
2640 1344 2858 1398 ΤΙΝΩΝ
2888 1341 3048 1396 ΚΑΤ
3076 1339 3476 1394 ΕΠΙΤΟΜΗΝ.

2025 1570 2246 1626 Ἑκατὸν
2280 1566 2614 1636 πεντήκοντα
2642 1561 2995 1631 τυγχάνουσιν
3028 1558 3076 1610 oi
3106 1556 3328 1628 ψαλμοὶ,
3364 1554 3511 1628 ἱεροῦ

1940 1664 2033 1719 τοῦ
2072 1671 2114 1716 ν’
2146 1661 2502 1731 τυγχάνοντος
2542 1653 2799 1725 ἀριθμοῦ·
2848 1654 2905 1703 ἐν
2950 1650 3047 1721 μὲν
3077 1650 3311 1721 ἡμέραις
3344 1647 3510 1701 ποιῶν

1942 1758 2040 1827 τὴν
2073 1748 2474 1823 Πεντηκοστὴν,
2500 1748 2557 1799 ἐν
2585 1746 2641 1798 δέ
2673 1746 2935 1805 ἐνιαυτοῖς
2965 1743 3055 1795 τὸν
3083 1743 3211 1813 παρ’
3243 1741 3511 1813 Ἑϐραίοις

1944 1845 2270 1916 καλούμενον
2285 1841 2459 1911 Ἰωήλ.
2484 1836 2669 1891 Νάϐλα
2697 1836 2751 1888 δὲ
2773 1835 2899 1905 παρ’
2916 1833 3180 1901 Ἑϐραίοις
3207 1832 3421 1902 λέγεται
3451 1831 3512 1884 τὸ

1942 1937 2256 2007 ψαλτήριον,
2276 1933 2304 1985 ὃ
2319 1932 2381 2002 δὴ
2402 1930 2556 2001 μόνον
2573 1927 2680 1978 τῶν
2711 1924 2986 1996 μουσικῶν
3020 1924 3264 1994 ὀργάνων
3285 1922 3508 1994 ὀρθότα-

1944 2047 2054 2092 τον,
2075 2028 2168 2081 καὶ
2193 2026 2266 2097 μὴ
2294 2022 2721 2098 συνεργούμενον
2753 2021 2832 2082 είς
2850 2013 2980 2089 ἦχον
3003 2019 3068 2070 ὲκ
3096 2016 3203 2068 τῶν
3219 2014 3513 2068 κατωτάτω

1948 2118 2145 2193 μερῶν,
2194 2116 2307 2169 ἀλλ’
2354 2114 2557 2168 ἄνωθεν
2602 2112 2744 2183 ἔχειν
2789 2110 2881 2163 τὸν
2933 2106 3243 2178 ύπηχοῦντα
3291 2105 3505 2177 χαλκόν.

1944 2210 2161 2281 Ψαλμοὶ
2183 2210 2280 2280 μὲν
2302 2203 2392 2261 οὖν
2413 2208 2463 2260 οί
2486 2206 2572 2259 διὰ
2594 2205 2755 2276 μόνου
2777 2202 2870 2255 τοῦ
2889 2200 3116 2272 ὀργάνου
3140 2198 3306 2269 χωρὶς
3328 2195 3510 2266 φωνῆς

1942 2299 2383 2372 ἀνακρουόμενον
2416 2296 2527 2367 ᾠδὴ
2565 2294 2623 2347 δὲ
2660 2295 2710 2346 οἱ
2736 2292 2825 2344 διὰ
2855 2291 3036 2361 φωνῆς
3074 2284 3362 2358 ἐμμελοῦς·

1941 2391 1996 2443 δὲ
2028 2389 2239 2461 ψαλμοῦ
2276 2388 2337 2441 τὸ
2368 2386 2445 2456 τῷ
2480 2384 2695 2457 ὀργάνῳ
2728 2382 3013 2453 σύμφωνον
3048 2379 3271 2447 ἐπάγειν
3300 2377 3501 2447 φωνήν·

1940 2482 2150 2554 ψαλμὸς
2183 2481 2239 2534 δὲ
2272 2480 2413 2551 ᾠδῆς
2458 2476 2746 2541 ἀνάπαλιν,
2793 2471 3209 2549 προηγουμένης
3250 2470 3348 2541 τῆς
3398 2469 3506 2522 τῶν

257 2579 383 2618 cum
406 2563 625 2634 psalmi,
650 2562 796 2634 quod
827 2577 937 2617 una
976 2578 1103 2617 cum
1136 2562 1522 2617 instrumentis
1558 2576 1829 2618 consonas

1944 2573 2301 2648 κρουσμάτων
2342 2570 2542 2641 φωνῆς.
2601 2565 2950 2638 ’Λλληγορίας
2988 2565 3044 2619 δὲ
3086 2564 3253 2634 νόμῳ,
3294 2560 3505 2632 ψαλμὸς

258 2656 496 2710 admittit
510 2671 703 2723 voces;
728 2655 974 2725 psalmus
992 2655 1193 2710 cantici
1211 2670 1454 2720 rursum,
1477 2670 1603 2709 cum
1630 2654 1829 2709 instru-

1939 2636 2035 2738 μέν
2061 2636 2308 2735 σώματος
2328 2636 2539 2731 κίνησις
2562 2636 2875 2729 ἐναρμόνιος
2894 2658 2972 2717 είς
2992 2653 3252 2725 ἐργασίαν
3273 2649 3503 2720 ἀγαθὴν,

260 2753 567 2800 mentorum
603 2746 941 2801 musicorum
972 2760 1142 2801 sonus
1169 2747 1397 2802 vocibus
1415 2746 1591 2816 praeit.
1623 2746 1679 2800 Si
1711 2746 1837 2800 alle-

257 2836 442 2907 gorice
466 2853 556 2893 res
588 2837 911 2908 accipiatur,
936 2838 1182 2909 psalmus
1213 2846 1297 2893 est
1318 2839 1622 2894 concinnus
1646 2852 1835 2908 corpo-

257 2929 335 2983 ris
380 2936 562 2985 motus
601 2928 670 2983 ad
712 2943 851 3000 Opus
876 2930 1081 2985 bonum
1130 2928 1576 3000 exsequendum,
1616 2929 1833 2984 etiamsi

257 3019 645 3091 contemplatio
699 3035 867 3090 parva
920 3022 1307 3092 subsequatur.
1361 3021 1648 3076 Canticum
1682 3021 1834 3075 nullo

256 3130 422 3185 opere
444 3114 740 3169 admistum
774 3120 859 3170 est
890 3114 1143 3169 veritatis
1179 3114 1626 3184 comprehensio,
1652 3121 1833 3171 mente

254 3206 325 3261 ad
354 3205 446 3260 Dei
465 3205 695 3275 ejusque
721 3220 1034 3261 sermonum
1057 3204 1573 3275 contemplationem
1598 3205 1833 3261 illustra-

255 3306 331 3351 ta.
365 3296 653 3352 Canticum
710 3295 907 3366 psalmi
951 3295 1156 3351 dicitur
1203 3310 1327 3351 cum
1371 3297 1609 3367 cognitio
1647 3308 1829 3352 actum

258 3388 543 3459 prmeedit,
602 3387 757 3457 juxta
802 3387 935 3441 illud
976 3405 990 3443 :
1036 3387 1420 3457 Concupiscens
1474 3390 1825 3459 sapientiam,

253 3496 406 3534 serva
450 3477 727 3542 mandata,
770 3490 821 3533 et
866 3478 1124 3535 Dominus
1168 3480 1416 3549 praebebit
1460 3481 1611 3536 illam
1654 3483 1749 3537 tibi
1783 3484 1823 3541 ¹.

251 3567 504 3625 Psalmus
520 3567 718 3621 cantici
742 3575 827 3623 est
855 3576 1011 3624 actus
1040 3569 1275 3625 ducente
1291 3572 1598 3641 cognitione
1623 3572 1825 3629 admis-

254 3676 372 3723 sus,
417 3660 646 3714 docente
678 3659 888 3714 scilicet
917 3676 1026 3730 quo
1058 3669 1220 3731 pacto
1253 3678 1429 3733 quove
1459 3671 1703 3734 tempore
1753 3667 1825 3723 sit

254 3748 529 3822 agendum
564 3766 578 3802 :
612 3758 944 3819 quapropter
988 3750 1045 3804 in
1089 3750 1444 3822 inscriptione
1488 3755 1823 3823 psalmorum

253 3856 359 3896 vox
393 3838 628 3894 canticis
655 3837 848 3908 praeit;
878 3851 988 3892 non
1020 3836 1165 3893 enim
1197 3852 1228 3891 a
1252 3840 1707 3909 contemplatione
1740 3841 1826 3896 vir

250 3940 476 3987 sanctus
516 3929 765 3994 orditur,
797 3929 893 3985 sed
938 3928 1041 3985 lide
1085 3930 1309 3985 omnino
1338 3930 1405 3984 ad
1454 3946 1618 4002 opera
1662 3948 1821 3989 exse-

1935 2759 2038 2814 κᾶν
2080 2758 2153 2829 μὴ
2178 2756 2317 2809 πάνυ
2353 2772 2435 2818 τις
2460 2750 2793 2822 ἐπακολουθῇ
2838 2747 3054 2819 θεωρία·
3091 2746 3198 2817 ᾠδὴ
3240 2743 3295 2796 δὲ
3335 2742 3503 2813 χωρὶς

1935 2848 2183 2921 πράξεως
2227 2846 2484 2918 ἀληθείας
2530 2842 2851 2912 κατάληψις,
2902 2837 3281 2908 φωτιζομένης
3324 2832 3502 2904 ψυχῆς

1933 2941 2062 3012 περὶ
2094 2938 2226 2992 Θεοῦ
2267 2939 2360 2991 καὶ
2400 2936 2508 2988 τῶν
2546 2934 2741 3003 λογίων
2772 2930 2956 2985 αὑτοῦ.
3019 2929 3137 2999 ’ῼδὴ
3170 2927 3226 2979 δὲ
3262 2922 3502 2994 ψαλμοῦ,

1933 3031 2277 3104 προαγούσης
2301 3026 2549 3099 πράξεως
2566 3022 2835 3094 γνώσεως·
2854 3018 2992 3074 κατὰ
3004 3018 3081 3070 τό·
3101 3012 3502 3104 Ἐπιθυμήσιις

1930 3101 2148 3190 σοφίας
2180 3116 2545 3185 διατήρησΟν
2568 3111 2837 3176 ἐντολὰς,
2870 3108 2967 3162 καὶ
3005 3108 3218 3176 Κύριος
3242 3101 3499 3173 χορηγῇ-

1929 3228 2024 3268 σει
2053 3227 2151 3267 σοι
2178 3212 2391 3280 αὐτήν.
2412 3208 2639 3279 Ψαλμὸς
2657 3207 2712 3260 δὲ
2733 3205 2875 3276 ᾠδῆς
2899 3202 3094 3273 πρᾶξις
3117 3200 3221 3252 ὑπὸ
3245 3194 3500 3267 γνώσεως

1926 3305 2287 3377 ὀδηγουμένη,
2320 3320 2387 3356 πε
2398 3301 2448 3374 pi
2474 3299 2566 3354 τοῦ
2587 3299 2703 3362 πῶς
2723 3298 2814 3350 καὶ
2836 3297 2964 3349 ποτε
2988 3294 3275 3365 πρακτέον·
3304 3293 3382 3347 διὸ
3404 3292 3499 3345 καὶ

1928 3395 2141 3467 πρῶται
2171 3394 2279 3448 τῶν
2306 3390 2536 3464 ψαλμῶν
2561 3392 2617 3445 αἱ
2644 3386 2963 3459 ἐπιγραφαί⁹
2999 3387 3057 3438 ού
3092 3385 3199 3455 γὰρ
3229 3384 3335 3437 ἀπὸ
3364 3383 3499 3437 θεω-

1929 3486 2049 3561 ρίας
2074 3486 2102 3538 ὁ
2129 3485 2280 3553 ἆγιος
2298 3484 2544 3555 ἄρχεται,
2569 3479 2682 3534 ἀλλ’
2710 3478 2854 3531 ἅπαν
2888 3476 3069 3528 πίστει
3089 3478 3208 3537 ταῖς
3234 3472 3497 3543 πράξεσιν

1924 3574 2221 3647 ἐπιτρέχει.
2266 3573 2388 3625 Ἐπὶ
2415 3571 2471 3624 δὲ
2498 3569 2575 3641 τῷ
2603 3568 2745 3621 ’ἑέλει
2776 3564 2965 3618 πολλαὶ
2989 3565 3046 3616 αἱ
3070 3561 3220 3633 ᾠδαί·
3246 3562 3338 3614 καὶ
3359 3561 3496 3613 ὅπου

1924 3663 2248 3733 άναϐαθμοὶ,
2281 3659 2515 3731 οὐδαμοῦ
2554 3657 2786 3728 ψαλμὺς,
2815 3654 2937 3708 οὕτε
2972 3654 3091 3707 καθ’
3116 3653 3326 3715 ἑαυτὸν,
3369 3650 3491 3704 οὔτε

1928 3757 2044 3826 μετ’
2075 3753 2395 3823 ἐπιπλοκῆς.
2440 3749 2583 3820 ’ῼδαὶ
2618 3748 2676 3801 δέ
2703 3747 2879 3799 πάντα
2918 3745 3038 3798 καθ’
3073 3744 3349 3814 ἐαυτάς·ή
3384 3742 3495 3812 γὰρ

1923 3846 2182 3909 ἀνάϐασις
2208 3843 2345 3915 πρὸς
2370 3841 2534 3912 μόνην
2555 3842 2656 3913 ὁρᾷ
2675 3837 2924 3907 θεωρίαν.
2946 3834 3234 3905 Διάψαλμα
3261 3835 3318 3886 δὲ
3342 3832 3492 3903 παρά

1886 3996 1892 4002 _
1928 3940 2024 4009 μὲν
2069 3936 2269 4006 Ἀκύλᾳ
2301 3935 2394 3987 καὶ
2422 3932 2500 4006 τῷ
2536 3928 2809 4004 Ἐϐραῖκῷ
2836 3928 2896 3981 οὐ
2933 3930 3127 3981 κεῖται·
3158 3926 3279 3980 ἀντὶ
3310 3925 3366 3978 δὲ
3392 3925 3490 3977 αύ-

249 4022 465 4093 quenda
491 4021 688 4077 currit.
724 4021 838 4076 Sub
866 4019 1027 4076 linem
1072 4022 1241 4076 multa
1279 4022 1491 4077 cantica
1534 4035 1681 4083 sunt.
1720 4025 1821 4081 Ubi

1927 4030 2017 4084 τοῦ
2042 4028 2104 4083 τὸ
2123 4030 2237 4083 ἀεί.

250 4126 433 4173 amem
464 4116 665 4189 ετειάιιε
691 4116 960 4172 habent“?
983 4133 1254 4187 "usquam
1290 4119 1534 4189 Psalmus
1558 4160 1573 4184 9
1604 4137 1779 4192 neque
1818 4140 1914 4195 per
1954 4140 2013 4181 se
2038 4126 2208 4190 solus,
2246 4137 2421 4193 neque
2464 4119 2571 4174 alia
2616 4116 2873 4186 adjuncta
2930 4129 3064 4170 voce
3126 4112 3484 4168 inscribitur:

252 4211 348 4268 sed
370 4212 441 4266 ibi
464 4212 676 4267 cantica
702 4212 877 4266 solum
901 4219 1280 4282 apponuntur;
1301 4228 1427 4267 nam
1483 4216 1577 4271 ubi
1635 4193 1898 4278 ascensus
1935 4221 2197 4293 graduum
2224 4226 2328 4283 est,
2364 4216 2439 4271 ibi
2469 4215 2587 4270 sola
2615 4211 2999 4281 contemplatio
3028 4193 3322 4281 spectatur.
3358 4206 3486 4259 Dia-

254 4307 463 4377 psalma
492 4319 656 4376 porro
677 4305 821 4377 apud
854 4304 1106 4375 Aquilam
1128 4312 1182 4359 et
1212 4304 1267 4360 in
1296 4304 1562 4363 Hebraico
1589 4325 1699 4366 non
1721 4322 1897 4369 exstat
1923 4334 1936 4369 :
1963 4314 2060 4372 sed
2094 4314 2214 4385 ejus
2240 4313 2385 4378 loco,
2417 4324 2618 4377 semper
2651 4305 2966 4363 ascribitur.

390 4432 913 4491 ARGUMENTUM
946 4434 1256 4492 EUSEBII
1280 4437 1674 4497 PAMPHILI.

322 4548 473 4604 Libri
514 4548 857 4605 Psalmorum
906 4551 1096 4607 isthaec
1136 4552 1334 4609 divisio
1369 4554 1552 4620 fuerit,
1582 4564 1643 4612 ut
1690 4574 1813 4613 cum

250 4646 370 4715 ipsa
403 4644 745 4701 accuratiora
767 4647 1119 4717 exemplaria,
1150 4655 1265 4703 tum
1300 4648 1601 4707 Hebraicus
1634 4660 1814 4707 textus

247 4737 661 4794 circumferunt.
689 4737 875 4810 Neque
900 4756 1052 4808 vero,
1083 4749 1142 4796 ut
1164 4743 1288 4811 quis
1314 4742 1453 4797 forte
1470 4744 1816 4800 existimave-

248 4831 342 4896 rit,
370 4846 561 4886 omnes
591 4832 785 4902 psalmi
830 4840 959 4888 sunt
1003 4831 1259 4900 Davidis;
1292 4833 1386 4887 sed
1418 4834 1647 4888 aliorum
1676 4851 1814 4905 quo-

247 4939 357 4995 que
388 4924 797 4994 pr0phetarum,
820 4925 911 4995 qui
945 4925 1228 4995 psallendo
1249 4925 1564 4997 prophetica
1591 4929 1813 4982 oracula

245 5015 499 5071 edebant.
527 5015 704 5081 Quare
726 5017 871 5087 apud
900 5017 1447 5083 Hebraeos,universa
1478 5022 1809 5089 psalmorum

244 5108 539 5177 scriptura,
572 5124 679 5163 non
712 5108 931 5165 Davidis
953 5110 1056 5165 fert
1079 5110 1509 5181 inscriptionem,
1538 5112 1631 5166 sed
1662 5111 1815 5165 inde-

249 5199 401 5253 ﬁnite
455 5199 593 5254 liber
631 5201 972 5257 Psalmorum
1020 5211 1268 5257 vocatur.
1317 5201 1375 5256 In
1420 5194 1602 5272 partes
1648 5217 1815 5272 porro

247 5292 490 5365 quinque
518 5290 729 5348 Hebraei
758 5292 958 5347 librum
981 5293 1321 5351 Psalmorum
1340 5295 1607 5351 dividunt.
1632 5293 1815 5349 Prima

246 5400 378 5456 pars
407 5399 437 5437 a
460 5385 638 5455 primo
667 5384 735 5439 ad
769 5385 1247 5455 quadragesimum
1277 5388 1546 5459 psalmum
1574 5387 1812 5457 comple-

246 5475 445 5541 ctitur;
489 5475 749 5541 secunda,
778 5491 809 5529 a
836 5475 1249 5547 quadragesimo
1278 5480 1453 5549 primo
1493 5476 1560 5531 ad
1590 5483 1809 5545 septua-

247 5568 513 5638 gesimum
537 5568 863 5637 secundum;
887 5569 1045 5624 tertia
1074 5584 1104 5624 a
1146 5570 1545 5642 septuagesimo
1570 5568 1808 5625 secundo

248 5660 319 5717 ad
360 5662 752 5733 octogesimum
797 5671 1083 5732 octavum;
1113 5672 1342 5735 quarta,
1379 5665 1448 5721 ab
1474 5663 1807 5736 octogesimo

320 5839 341 5874 ⁸
381 5839 551 5895 Eccli.
586 5856 634 5907 ι,
667 5839 758 5898 53.

2022 4446 2383 4500 ΥΠΟΘΕΣΙΣ
2413 4441 2793 4496 ΕΥΣΕΒΙΟΥ
2826 4436 2968 4491 ΤΟΥ
2988 4433 3386 4490 ΠΑΜΦΙΛΟΥ.

1991 4557 2101 4628 Τῆς
2125 4554 2306 4627 βίϐλου
2331 4555 2437 4608 τῶν
2458 4550 2704 4623 Ψαλμῶν
2718 4550 2813 4620 ἥδε
2841 4548 2907 4602 ἂν
2934 4547 3020 4616 εἴη
3046 4548 3079 4615 ἡ
3099 4545 3380 4615 διαίρεσις,
3403 4538 3481 4600 ὡς

1918 4648 1988 4703 τὰ
2020 4647 2219 4720 ἀκριϐῆ
2257 4646 2365 4699 τῶν
2408 4642 2755 4714 ἀντιγράφων
2802 4637 2932 4691 αύτό
2974 4654 3033 4689 τε
3078 4634 3136 4687 τὸ
3194 4628 3480 4720 Ἑϐραῖκδν

1921 4714 2181 4811 περιέχει.
2208 4714 2333 4808 ⁷Οὐχ
2361 4736 2436 4799 ὡς
2472 4734 2537 4788 ἄν
2573 4749 2655 4795 τις
2699 4728 2957 4782 ὑπολάϐοι
2996 4725 3194 4786 πάντες
3234 4720 3340 4773 εἰσὶ
3385 4714 3482 4811 τού

1921 4808 2159 4885 Δαυίδηοί
2192 4827 2416 4899 ψαλμοὶ,
2458 4825 2594 4879 ἀλλὰ
2630 4826 2723 4877 καὶ
2761 4821 2963 4891 ἐτέρων
2996 4812 3287 4888 προφητῶν
3317 4813 3374 4865 ἐν
3400 4808 3480 4876 τῷ

1915 4926 2134 4995 ψάλλειν
2160 4918 2625 4994 προφητευόντων.
2655 4914 2852 4985 Διόπερ
2874 4913 2908 4983 ἡ
2943 4910 3092 4962 πᾶσα
3122 4903 3307 4978 γραφὴ
3348 4900 3476 4995 παρ’

1927 4994 2196 5087 Ἑϐραίοις
2224 5012 2329 5065 τῶν
2360 5008 2585 5082 ψαλμῶν
2612 5008 2671 5061 ού
2704 5004 2798 5059 τοῦ
2830 5002 2992 5057 Δαυῖδ
3023 4998 3335 5071 ἐπιγράφει·
3364 4994 3478 5087 ἀλλ’

1914 5085 2230 5175 ἀδιορίστως
2254 5100 2431 5172 βίϐλος
2457 5098 2685 5170 ψαλμῶν
2727 5094 3070 5167 ὀνομάζεται.
3101 5091 3196 5152 Εἰς
3228 5087 3389 5141 πέντε
3420 5085 3478 5137 δὲ

1916 5196 2058 5269 μέρη
2084 5194 2180 5265 τὴν
2202 5194 2381 5247 πᾶσαν
2401 5191 2507 5245 τῶν
2524 5187 2767 5260 Ψαλμῶν
2798 5184 2976 5256 βίϐλον
2994 5181 3180 5243 παῖδες
3216 5177 3479 5249 Ἐϐραίων

1911 5287 2196 5361 διαιροῦσι·
2234 5285 2448 5358 πρῶτον
2489 5285 2568 5347 εἰς
2598 5284 2722 5345 τοὺς
2753 5278 2859 5332 ἀπὸ
2911 5283 2960 5330 α’
2998 5274 3158 5346 μέχρι
3194 5278 3263 5343 μ’·
3299 5270 3478 5361 δεύτεξ

1917 5398 2008 5453 ρον
2029 5359 2115 5444 ⁷εἰς
2141 5381 2266 5443 τοὺς
2297 5379 2404 5432 ἀπὸ
2435 5384 2522 5448 μα’
2557 5375 2746 5447 μέχρις
2771 5371 2869 5424 οϐ’·
2906 5369 3090 5441 τρίτον
3123 5368 3202 5429 εἰς
3224 5367 3347 5426 τοὺς
3368 5359 3479 5414 ἀπὸ

1912 5480 1991 5543 στ’
2019 5473 2209 5545 μέχρις
2240 5478 2351 5542 σπη’·
2375 5468 2633 5539 τέταρτον
2660 5466 2739 5528 εἰς
2759 5464 2885 5525 τοὺς
2910 5460 3018 5515 ἀπὸ
3046 5458 3131 5512 πθ’
3160 5457 3348 5545 μέχρις
3374 5463 3470 5524 ρει·

1914 5566 2163 5636 πέμπτον
2202 5564 2281 5625 εἰς
2302 5562 2427 5624 τοὺς
2456 5558 2564 5613 ἀπὸ
2606 5562 2692 5629 pg’
2724 5554 2883 5627 μέχρι
2908 5551 3112 5613 τέλους.
3156 5544 3474 5636 Ἀνεπίγρα-

1913 5635 2002 5729 φοι
2032 5656 2089 5712 δέ
2112 5657 2217 5711 εἰσι
2238 5652 2442 5729 ψαλμο)⁸
2460 5649 2544 5720 ιϐ’,
2567 5643 3034 5719 ἐπιγεγραμμένοι
3055 5641 3190 5715 ρλα’.
3214 5635 3331 5691 Τῶν
3354 5636 3477 5688 ἐπι-
