4086 6540
321 430 388 486 73

1410 412 1909 474 CDMMENTARIA
1945 421 2011 475 IN
2050 420 2382 478 essurus.
3473 419 3539 478 74

319 545 517 615 στήσας
543 540 709 616 αὐτὴν
734 545 811 606 είς
838 539 1206 613 Ἰερουσαλὴμ,
1239 543 1544 612 ἐπιλέγεται
1564 544 1627 596 ὲκ
1653 544 1750 615 τῆς
1783 561 1854 613 φυ

1985 539 2507 612 reposuissetillam,
2539 557 2602 594 ex
2635 539 2778 595 tribu
2812 536 2938 594 Levi
2984 540 3313 610 psalmorum
3355 552 3542 596 canto-

312 633 408 705 λῆς
433 632 562 688 Λευτ
581 634 768 706 κλήρῳ
791 631 1098 703 ψαλτῳδοὺς
1121 633 1382 704 ἄρχοντας
1402 633 1554 704 ᾠδῶν
1587 634 1872 706 τέσσαρας,

309 725 401 778 τοῦ
433 724 651 795 ψάλλειν
684 725 780 778 καὶ
821 724 965 795 ᾄδειν
993 723 1218 776 ἐνώπιον
1260 723 1356 794 τῆς
1397 723 1625 778 κιϐωτοῦ
1652 725 1727 796 τῷ
1766 728 1876 778 Κυ-

313 817 432 888 ρίῳ,
483 818 576 871 καὶ
608 817 900 888 ἀναφέρειν
932 815 1111 887 φωνὴν
1142 816 1476 888 εὐφροσύνης
1508 819 1586 881 εἰς
1631 817 1877 888 ἐξομολό-

308 925 466 978 γησιν
490 907 583 962 καὶ
606 908 807 962 αίνεσιν
827 911 884 961 ἐν
906 909 1150 979 ὀργάνοις
1167 909 1549 979 ἡρμοσμένοις,
1575 910 1667 964 καὶ
1689 908 1872 981 ᾠδαῖς,

307 999 400 1052 καὶ
429 999 695 1072 κινύραις,
724 1001 814 1054 καὶ
850 1002 1090 1066 νάϐλαις,
1126 1006 1216 1056 καὶ
1257 1003 1576 1073 τυμπάνοις,
1614 1003 1703 1056 καὶ
1737 1020 1874 1074 κυμ-

310 1091 512 1154 ϐάλοις,
559 1093 652 1145 καὶ
701 1093 996 1164 ψαλτηρίῳ,
1051 1096 1143 1147 καὶ
1204 1095 1481 1166 κερατίνη.
1534 1095 1623 1148 τὸν
1679 1097 1870 1164 Ἀσὰφ,

306 1182 503 1251 Αίμάν,
554 1183 737 1247 Αίθάν,
795 1184 1057 1256 Ἰδιθοὺμ⁶
1090 1181 1187 1249 οἷς⁴
1211 1185 1440 1256 ἀριθμὸς
1481 1183 1632 1256 ᾠδῶν
1687 1188 1872 1240 ἐπετέ-

307 1290 492 1335 τακτο,
522 1271 749 1344 ᾀδόντων
787 1276 1072 1330 διακοσίων
1111 1277 1436 1349 ὀγδοήκοντα
1463 1279 1623 1342 ὀκτὼ,
1661 1279 1872 1349 ἑκάστῳ

307 1361 673 1433 ἐϐδομήκοντα
720 1366 830 1432 δύο,
857 1370 919 1421 ὲκ
952 1367 1045 1421 τοῦ
1083 1369 1212 1439 Χάμ
1242 1369 1340 1434 λ6’,
1374 1369 1467 1422 τοῦ
1507 1371 1625 1442 Σὴμ
1653 1369 1750 1433 κε’,
1776 1370 1870 1424 τοῦ

320 1453 494 1522 Ἰάφεθ
532 1463 609 1508 ιε’.
643 1458 868 1523 Οῖτινες,
906 1461 1135 1523 ἑστῶτες
1167 1460 1470 1533 ἔμπροσθεν
1507 1462 1608 1531 τῆς
1640 1461 1870 1515 κιϐωτοῦ

302 1545 573 1618 Διαθήκης
623 1551 850 1621 Κυρίου.
901 1548 1124 1622 ἔψαλλον
1166 1555 1257 1607 καὶ
1288 1551 1416 1626 ᾖδον
1455 1554 1531 1625 τῷ
1564 1554 1776 1626 Κυρίῳ’
1813 1555 1871 1619 ὃς

305 1633 402 1706 μὲν
433 1638 490 1692 ὲν
521 1639 731 1712 κινύρα,
755 1642 813 1707 ὃς
855 1643 910 1697 δὲ
941 1647 998 1697 έν
1027 1647 1341 1716 κυμϐάλοις,
1382 1647 1439 1710 ὃς
1472 1647 1527 1700 δὲ
1559 1649 1615 1699 ὲν
1647 1646 1868 1719 κιθάρᾳ,

295 1728 356 1790 ὃς
400 1728 456 1782 δὲ
499 1729 556 1783 ὲν
603 1731 918 1806 ψαλτηρίῳο
955 1729 1029 1790 ὧν
1082 1738 1242 1807 μέσος
1282 1737 1464 1790 ἵστατο
1515 1739 1543 1789 ὁ
1604 1737 1872 1808 μακάριος

295 1818 475 1884 Δαυτό,
500 1819 658 1887 αὑτὸς
683 1825 864 1896 ἄρχων
891 1827 1168 1899 ἀρχόντων
1207 1828 1377 1899 ᾠδῶν,
1409 1829 1623 1899 κρατῶν
1648 1827 1739 1881 ἐπὶ
1760 1831 1871 1899 χεῖ-

1981 649 2069 688 res
2093 641 2353 704 quatuor,
2391 633 2728 686 canticorum
2761 632 3053 702 principes,
3087 632 3189 686 sibi
3222 642 3368 689 sorte
3395 632 3540 687 delc-

1979 725 2092 795 git;
2137 725 2284 779 utin
2332 731 2625 793 conspectu
2682 738 2821 777 arcae
2879 722 3107 777 Domino
3164 724 3539 794 psallerenth

1978 822 2286 878 cantarent,
2331 830 2626 885 vocemque
2676 814 2892 878 laetitiae,
2954 815 3008 869 in
3059 816 3454 871 confessionem
3485 824 3539 870 et

1976 909 2194 962 laudem
2229 908 2606 962 instrumentis
2648 907 2938 963 concinnis
2995 907 3318 977 proferrent,
3366 909 3541 962 cautl—

1976 1000 2078 1064 cis,
2117 1000 2342 1070 cyniris,
2390 999 2585 1063 nablis,
2620 1001 2911 1071 tympanis,
2941 1001 3225 1072 cymbalis,
3260 1001 3536 1070 psalterio,

1973 1098 2030 1146 et
2064 1091 2194 1145 tuba
2241 1106 2475 1158 cornea;
2507 1091 2757 1147 videlicet
2808 1092 3010 1161 Asaph,
3053 1091 3270 1156 IEman,
3312 1091 3539 1154 Althan,

1975 1182 2232 1245 ldithum,
2265 1183 2424 1253 queis
2459 1191 2645 1238 certus
2677 1184 3016 1238 canticorum
3046 1200 3303 1239 numerus
3336 1185 3540 1238 consti-

1975 1287 2126 1334 tutus
2161 1290 2278 1334 erat
2300 1297 2314 1344 ;
2349 1280 2622 1349 deputatis
2647 1279 2965 1333 cantoribus
2990 1278 3238 1332 ducentis
3263 1278 3537 1347 octoginta

1974 1380 2147 1436 octo;
2223 1371 2453 1440 singulis
2525 1371 2782 1425 nimirum
2844 1369 3183 1439 septuaginta
3255 1369 3382 1423 duo.
3459 1365 3536 1421 Ex

1970 1461 2179 1516 Chamo
2248 1463 2360 1517 sive
2423 1462 2611 1516 Chami
2675 1462 2930 1532 progenie
2989 1462 3209 1531 triginta
3270 1461 3412 1527 duo;
3471 1477 3536 1514 ex

1975 1554 2138 1610 Semo
2170 1556 2360 1625 viginti
2395 1557 2671 1627 quinque;
2706 1572 2769 1610 ex
2806 1552 3034 1626 Japhcto
3066 1554 3397 1624 quindecim.
3432 1552 3536 1620 Qui

1972 1655 2179 1703 stantes
2211 1662 2393 1702 coram
2438 1663 2562 1701 arca
2594 1649 2908 1702 testamenti
2939 1647 3176 1711 Domini,
3215 1647 3535 1716 psallebant,

1970 1741 2347 1809 canebanlque
2395 1739 2652 1804 Domino;
2705 1739 2795 1792 alii
2850 1739 3057 1810 cinyra,
3109 1739 3201 1792 alii
3249 1738 3533 1808 cymbalis,

1973 1830 2196 1900 quidam
2230 1831 2462 1891 cithara,
2490 1827 2655 1898 aliqui
2682 1828 2938 1897 psalterio
2971 1847 2983 1881 ε
3020 1828 3074 1881 in
3095 1841 3326 1898 quorum
3360 1825 3537 1879 medio

298 1910 397 1982 ρας
446 1913 506 1967 τὸ
556 1917 870 1989 ψαλτήριον.
904 1921 1171 1984 Ἕκαστος
1225 1921 1282 1974 δὲ
1326 1918 1452 1994 ᾖδεν
1502 1921 1596 1975 καὶ
1645 1921 1854 1990 ἔψαλλει

1974 1921 2310 1976 consistebat
2341 1919 2530 1983 David,
2568 1920 2682 1989 ipse
2713 1919 2966 1988 princeps
3016 1919 3318 1987 principum
3364 1916 3539 1970 canti-

293 1997 476 2070 ὑμνῶν
501 2004 591 2057 τὸν
623 2005 752 2059 Θεὺν
779 2007 917 2079 ἁγίῳ
949 2009 1221 2080 Πνεύματι
1259 2011 1622 2081 τεταγμένως.
1679 2010 1866 2065 Ἡνίκα

292 2092 473 2146 τοίνυν
494 2096 716 2168 ἐσκίρτα
743 2096 801 2151 τὸ
821 2099 1045 2171 Πνεῦμα
1065 2101 1156 2155 ἐπί
1176 2119 1296 2155 τινα
1321 2102 1427 2155 τῶν
1456 2103 1728 2173 ἀρχόντων
1755 2104 1863 2156 τῶν

292 2184 678 2258 ψαλτῳδῶν,οί
703 2192 877 2246 λοιποὶ
925 2192 1152 2265 ἡσυχίαν
1192 2190 1325 2265 ἦγον
1381 2196 1727 2265 παρεστῶτες
1770 2193 1864 2249 καὶ

294 2269 656 2342 ὑπακούοντες
673 2281 747 2350 (1)
767 2285 1068 2352 συμφώνως
1082 2284 1158 2354 τῷ
1179 2283 1450 2353 ψάλλοντι,
1483 2283 1860 2351 Ἀλληλούῖα.

1973 2027 2185 2077 eorum,
2222 2029 2384 2066 manu
2419 2022 2660 2067 tract-«ns
2683 2010 3020 2082 psalterium.
3056 2010 3264 2082 Singuli
3296 2025 3426 2064 vero
3447 2023 3538 2062 ca-

1972 2105 2172 2158 nebant
2204 2111 2257 2159 et
2291 2104 2614 2174 psallebant,
2657 2103 2873 2174 hymnis
2909 2102 3074 2156 Deum
3099 2103 3386 2163 concinne,
3413 2098 3538 2168 Spi-

1969 2197 2076 2250 ritu
2113 2205 2301 2250 sancto
2325 2196 2480 2259 moli,
2523 2196 2880 2251 celebrantes.
2907 2195 3040 2250 Cum
3083 2195 3264 2264 itaque
3297 2191 3533 2262 Spiritus

1974 2287 2028 2341 in
2059 2287 2368 2358 quempiam
2394 2287 2701 2357 principum
2733 2294 3018 2342 cantorum
3069 2285 3320 2348 insiliret,
3352 2275 3532 2338 caeteri

289 2374 482 2440 quiete,
511 2377 739 2444 agebant
777 2386 1018 2434 astantes
1063 2395 1126 2432 ac
1159 2395 1290 2434 voce
1321 2395 1562 2434 consona
1599 2382 1851 2450 psallenti
1887 2383 2304 2454 respondentes,
2347 2383 2600 2438 Alleluia.

370 2464 459 2516 Ἐν
500 2467 564 2536 τῇ
607 2465 864 2540 Ἐϐραῖκῇ
898 2468 1063 2542 βίϐλῳ
1096 2471 1204 2523 τῶν
1229 2471 1458 2542 ψαλμῶν
1490 2473 1618 2527 ἄνευ
1642 2473 1739 2544 τῆς
1768 2473 1862 2527 τοῦ

285 2555 520 2627 ἀριθμοῦ
551 2561 864 2632 προσθήκης
892 2563 1274 2634 ἀνεγράφησαν
1305 2565 1353 2617 οί
1388 2565 1585 2630 πάντες
1623 2563 1714 2618 καὶ
1742 2565 1860 2619 δια-

286 2647 501 2719 φόρως.
539 2651 600 2702 Οἱ
640 2651 738 2721 μέν
775 2653 878 2706 εἰσι
929 2655 1283 2726 συνημμένοι,
1330 2657 1378 2709 οἱ
1420 2657 1475 2710 δὲ
1519 2655 1854 2729 διῃρημένοι.

297 2735 512 2806 Ἀμέλει
544 2739 572 2792 ὁ
601 2740 697 2809 μὲν
731 2741 944 2812 πρῶτος
973 2744 1066 2796 καὶ
1093 2744 1339 2816 δεύτερος
1386 2747 1718 2817 συνημμένοι
1751 2747 1858 2799 είσὶ

285 2827 425 2880 κατά
456 2829 514 2881 τὸ
559 2828 870 2900 Ἑϐραῖκόν·
908 2835 1000 2887 καὶ⁴
1033 2835 1192 2888 πάλιν
1216 2838 1244 2888 ὁ
1278 2835 1482 2899 ἔνατος,
1516 2832 1854 2908 συνημμένος

284 2919 412 2988 παρ’
442 2919 591 2988 ἡμῖν,
637 2921 695 2973 ἐν
718 2920 793 2992 τῷ
833 2923 1105 2996 Ἐϐραῖκῷ
1135 2925 1382 2995 διῄρηται
1416 2930 1495 2990 είς
1537 2927 1646 2981 δύο.
1680 2930 1856 3000 Παρα-

281 3011 545 3081 τηρητέον
575 3012 652 3077 δὲ,
695 3014 774 3066 ὅτι
811 3015 884 3085 μὴ
921 3015 1061 3069 κατά
1091 3017 1407 3071 ἀκολουθίαν
1448 3019 1555 3072 τῶν
1579 3019 1678 3089 τῆς
1715 3021 1854 3073 ίστο-

284 3101 404 3174 βίας
426 3104 647 3178 ’χρόνων
677 3109 708 3179 ἡ
744 3105 850 3162 τῶν
882 3107 1111 3180 ψαλμῶν
1154 3108 1431 3177 σύγκειται
1476 3110 1657 3176 τάξιςο
1694 3112 1850 3183 ἐνήλ-

279 3196 471 3252 λακται
493 3201 548 3253 δὲ
571 3201 721 3272 παρὰ
749 3201 902 3265 πολὺ,
937 3201 1118 3266 καθὼς
1147 3205 1178 3273 ή
1205 3202 1385 3273 βίϐλος
1405 3204 1512 3256 τῶν
1535 3205 1847 3269 Βασιλειῶν,

281 3289 373 3342 καὶ
405 3290 541 3360 αὕτη
569 3294 600 3362 ἡ
649 3291 798 3356 τάξις
827 3293 992 3364 δηλοῖ.
1029 3293 1237 3364 Πολλῆς
1286 3293 1462 3347 τοίνυν
1511 3313 1852 3367 κατακρατη-
1880 3289 1902 3316 “

281 3379 452 3450 σάσης
501 3381 937 3453 είδωλολατρείας
983 3382 1078 3436 τοῦ
1121 3384 1384 3437 Ἰουδαίων
1438 3385 1640 3449 ἔθνους,
1685 3385 1851 3456 λήθην

280 3473 474 3538 αὐτούς
522 3493 653 3543 φασι
703 3477 1029 3546 πεποιῆσθαι
1059 3477 1166 3529 τῶν
1211 3475 1452 3550 πατρίων
1498 3479 1744 3551 γραφῶν,
1776 3482 1851 3544 ὡς

282 3565 414 3635 μηδὲ
462 3566 555 3618 τοῦ
590 3568 864 3629 Μωΰσέως
897 3564 1057 3637 νόμου
1088 3567 1264 3636 βίϐλον
1298 3569 1680 3640 ἐπιφέρεσθαι,
1718 3571 1848 3642 μηδὲ

281 3656 502 3726 μνήμην
522 3657 617 3725 τῆς
642 3655 748 3708 τῶν
772 3657 1019 3725 πατέρων
1043 3657 1319 3722 εὐσεϐείας
1348 3659 1668 3724 ἀποσώζειν.
1694 3659 1850 3713 Οὕτω

274 3747 406 3814 γοῦν
433 3747 556 3809 τοὺς
591 3748 870 3818 προφήτας
895 3747 1123 3818 ἀνῄρουν
1160 3748 1526 3819 διελέγχοντας
1551 3751 1728 3804 αὐτῶν
1751 3751 1850 3814 τὰς

272 3835 609 3902 δυσσεϐείας.
661 3839 793 3892 Οὐδὲ
826 3839 920 3892 νῦν
963 3839 1270 3910 θαυμαστὸν
1313 3843 1369 3892 ὲν
1417 3841 1638 3913 τοιαύτῃ
1679 3858 1847 3895 κατα⁴

276 3931 462 3984 στάσει
496 3928 702 4000 καιρῶν
735 3930 829 3983 καὶ
856 3930 962 3983 τῶν
997 3930 1380 4002 ἐμφερομένων
1406 3932 1556 3994 τινὰς
1587 3935 1648 4003 τῇ
1685 3932 1849 4002 βίϐλῳ

270 4023 382 4075 τῶν
404 4023 634 4094 ψαλμῶν
662 4024 1117 4088 διαπεπτωκέναι,
1154 4025 1292 4098 λήθῃ
1324 4043 1380 4078 τε
1409 4028 1636 4096 μακροῖς
1668 4043 1846 4100 παρα-

269 4109 454 4167 εεδὸσθ
463 4133 512 4168 αι
534 4115 932 4187 χρόνοις.”Υστε
941 4135 1029 4189 ρον
1043 4117 1100 4171 δὲ
1116 4117 1252 4189 μετὰ
1263 4117 1454 4181 ταῦτα,
1473 4118 1842 4190 εἴτεἜσδραν,

267 4205 381 4258 εῐτε
431 4207 578 4270 τινὰς
610 4209 828 4279 ἑτέρους
860 4210 1164 4281 προφήτας,
1217 4212 1343 4283 περὶ
1383 4211 1480 4283 τὴν
1529 4211 1844 4284 συναγωγὴν

267 4296 450 4349 αὐτῶν
477 4298 884 4364 ἐσπουδακέναι,
913 4301 1030 4370 μεθ’
1057 4294 1130 4354 ὧν
1153 4303 1246 4356 καὶ
1261 4303 1357 4373 τὴν
1379 4303 1556 4372 βίϐλον
1579 4304 1684 4356 τῶν
1709 4303 1845 4373 ψαλ-

269 4387 390 4457 μῶν
417 4388 694 4459 ἡγιοχέναι
742 4389 886 4459 (sic),
917 4392 1016 4444 οὑκ
1063 4390 1272 4462 ἀθρόως
1303 4389 1528 4464 εὑρόντα
1557 4397 1684 4458 τοὺς
1711 4393 1844 4448 πάνθ

265 4493 386 4544 τας,
423 4482 555 4534 ἀλλά
579 4481 714 4536 κατά
740 4483 1023 4555 διαφόρους
1055 4485 1295 4553 χρόνους.
1328 4485 1435 4537 Καὶ
1468 4486 1677 4540 τάττειν
1702 4486 1758 4539 δὲ
1786 4487 1843 4539 ἐν

2038 2475 2097 2530 In
2137 2474 2405 2530 llebraico
2437 2475 2775 2530 Psalmorum
2801 2474 2960 2538 libro,
2991 2473 3386 2544 psalmiomnes
3413 2469 3532 2527 sine

1967 2566 2178 2620 numeri
2208 2565 2484 2620 additione
2517 2565 2667 2620 varie
2697 2566 2946 2634 inscripti
2982 2575 3129 2620 sunt.
3163 2564 3228 2618 Et
3251 2571 3380 2619 sunt
3409 2563 3531 2633 qui-

1963 2660 2084 2715 dem
2116 2661 2206 2714 alii
2239 2661 2540 2730 conjuncti,
2568 2661 2658 2715 alii
2688 2677 2818 2716 vero
2845 2661 3026 2716 divisi.
3064 2659 3206 2714 Sane
3238 2660 3447 2729 primus
3477 2668 3529 2712 et

1963 2755 2235 2808 secundus
2265 2754 2418 2823 juxta
2445 2752 2772 2808 llebraicum
2805 2755 3130 2823 copulantur
3157 2772 3168 2806 :
3198 2767 3374 2806 nonus
3396 2766 3529 2806 con-

1961 2853 2045 2899 tra
2069 2847 2160 2915 qui
2197 2847 2338 2915 apud
2371 2862 2472 2901 nos
2502 2844 2834 2914 conjunctus
2867 2853 2971 2907 est,
3005 2843 3057 2896 in
3083 2843 3222 2899 duos
3243 2842 3383 2912 apud
3414 2840 3525 2897 He-

1960 2937 2204 2992 braicum
2240 2945 2447 2991 textum
2489 2937 2855 2991 distribuitur.
2899 2934 3310 2989 Observandum
3344 2939 3522 2986 autent

1958 3032 2065 3092 est,
2103 3043 2213 3081 non
2247 3026 2312 3080 ad
2343 3027 2538 3081 seriem
2565 3027 2808 3082 historia:
2841 3035 3170 3094 temporum,
3191 3025 3523 3093 psalmorum

1958 3119 2208 3174 ordinem
2229 3119 2588 3172 constitutum
2621 3133 2779 3173 esse:
2819 3117 3086 3184 siquidem
3127 3115 3355 3169 multum
3377 3129 3527 3168 com-

1957 3218 2216 3271 mutatur,
2243 3210 2322 3264 uti
2346 3208 2658 3279 Regnorum
2684 3209 2821 3263 liber
2852 3223 2913 3262 ac
2945 3208 3023 3262 vel
3045 3208 3160 3277 ipse
3190 3207 3323 3261 ordo
3350 3206 3526 3260 decla-

1955 3307 2059 3355 rat.
2090 3299 2226 3353 Cum
2256 3300 2442 3366 itaque
2469 3297 2640 3350 multo
2671 3297 2995 3351 idololatriae
3044 3311 3239 3365 genere
3262 3291 3523 3349 Iudaicus

1955 3392 2188 3461 populus
2221 3391 2575 3455 detineretur,
2611 3390 2803 3445 dicunt
2836 3405 2900 3444 eo
2926 3404 3100 3458 usque
3122 3388 3428 3450 devenisse,
3461 3393 3523 3440 ut

1955 3485 2159 3554 patrias
2189 3485 2492 3556 scripturas
2542 3501 2572 3538 e
2619 3483 2883 3539 memoria
2923 3483 3324 3545 oblitterarent,
3363 3482 3436 3534 ita
3464 3487 3522 3534 ut

1952 3591 2127 3646 neque
2153 3575 2403 3630 Mosaicae
2435 3575 2570 3644 legis
2598 3575 2735 3627 liber
2785 3572 2926 3626 ultra
2957 3573 3314 3640 reperiretur,
3341 3585 3520 3639 neque

1954 3672 2190 3734 paternm
2215 3664 2431 3732 pictatis
2460 3662 2778 3715 memoriam
2799 3667 3207 3714 conservarent.
3232 3658 3521 3711 Enimvero

1953 3756 2246 3824 prophetas
2299 3753 2642 3822 impietatem
2696 3765 2852 3804 suam
2893 3758 3257 3821 coarguentes
3310 3749 3520 3802 interli-

1951 3845 2186 3898 ciebant.
2218 3841 2362 3896 Nihil
2415 3843 2595 3911 itaque
2636 3842 2836 3895 mirum
2871 3849 2954 3896 est
2981 3840 3036 3893 in
3080 3840 3172 3892 tali
3209 3850 3516 3908 temporum

1950 3934 2283 4000 conditione,
2303 3934 2542 4003 psalmos
2561 3933 2768 4002 aliquot
2793 3931 2922 3986 olim
2945 3931 2998 3984 in
3023 3929 3360 3984 Psalmorum
3380 3929 3518 3984 libro

1949 4033 2323 4090 occurrentes,
2359 4026 2520 4096 longo
2555 4039 2826 4080 annorum
2869 4023 3145 4077 curriculo
3177 4021 3385 4075 incurla
3418 4020 3516 4075 obo

1951 4117 2224 4173 litteratos
2251 4117 2543 4177 excidisse.
2583 4116 2696 4171 Sub
2721 4115 2835 4170 haec
2869 4123 3050 4169 autem
3084 4115 3238 4167 aiunt
3268 4113 3384 4169 sive
3417 4115 3516 4167 Es-

1947 4211 2123 4274 dram,
2144 4209 2258 4265 sive
2282 4210 2419 4265 alios
2441 4209 2706 4280 quosdam
2727 4212 3040 4278 prophetas,
3060 4208 3209 4277 ipsos
3228 4205 3514 4276 colligendi

1945 4318 2134 4357 curam
2170 4303 2480 4372 suscepisse
2507 4341 2522 4366 ,
2566 4310 2860 4371 posteaque
2917 4298 3257 4354 Psalmorum
3316 4298 3512 4351 librum

1945 4408 2320 4459 consecrasse,
2358 4409 2458 4447 nec
2481 4391 2768 4447 confertim
2803 4398 3051 4460 repertos
3096 4405 3286 4445 omnes
3319 4388 3511 4450 fuisse,

1945 4484 2040 4540 sed
2070 4486 2304 4549 diversis
2335 4485 2694 4554 temporibus.
2739 4482 2953 4538 Primos
2998 4491 3179 4537 autem
3211 4481 3514 4536 collocasse

265 4570 505 4643 πρώτοις
529 4575 653 4636 τοὺς
674 4571 922 4644 πρώτους
954 4574 1370 4646 εὑρισκομένους
1387 4592 1398 4603 °
1436 4576 1568 4647 μηδὲ
1597 4577 1721 4641 τοὺς
1747 4577 1839 4630 τοῦ

1958 4593 2039 4633 aos
2067 4578 2157 4647 qui
2189 4577 2352 4647 primi
2385 4577 2588 4631 inventi
2628 4576 2843 4630 fuerant
2883 4593 2896 4639 ;
2953 4575 3191 4643 hincque
3219 4572 3419 4626 factum
3452 4579 3512 4624 ut

262 4661 428 4718 Δαυῒδ
461 4663 657 4735 ἐφεξῆς
689 4663 898 4717 κεῖσθαι
940 4666 1180 4730 πάντας·
1211 4666 1266 4720 ἕν
1305 4685 1364 4720 τε
1395 4667 1473 4739 τῷ
1507 4667 1707 4738 μεταξὺ
1747 4670 1840 4723 καὶ

257 4752 374 4806 τῶν
403 4753 535 4808 υἱῶν
559 4755 724 4826 Κορὲ,
760 4755 854 4808 καὶ
882 4755 976 4810 τοῦ
1015 4757 1204 4826 Ἀσάφ,
1235 4760 1326 4812 καὶ
1346 4758 1704 4830 Σολομῶντος,
1747 4762 1840 4815 καὶ

258 4845 560 4910 Μωῦσέως,
579 4847 757 4916 Αίμάν
780 4865 860 4912 τε,
891 4848 985 4902 καὶ
1011 4847 1198 4915 Αίθάν,
1221 4851 1316 4903 καὶ
1349 4850 1600 4922 Ἰδιθοὺμ,
1625 4853 1718 4907 καὶ
1739 4855 1840 4908 πάν

257 4938 346 4991 λιν
381 4938 475 4992 τοῦ
504 4939 665 4994 Δαυῖδ
689 4941 1034 5012 εὑρίσκεσθαι
1063 4943 1262 5014 ἀναμὶξ
1285 4945 1341 4998 ὲν
1369 4942 1434 5015 τῇ
1475 4944 1641 5016 βίϐλῳ
1672 4965 1826 5001 κατα·

254 5031 650 5108 τεταγμένους,
701 5033 761 5086 οὑ
783 5029 903 5086 καθ’
935 5033 1028 5097 οὓς
1076 5033 1373 5106 ἐλέχθησαν
1417 5036 1658 5107 χρόνους,
1703 5039 1838 5093 ἀλλὰ

256 5123 383 5178 καθ’
408 5123 502 5187 οὓς
523 5124 798 5196 εὕρηνται.
828 5125 1016 5179 Ἔνθεν
1035 5144 1093 5179 τε
1126 5127 1395 5199 συμϐῆναι
1429 5129 1552 5192 τοὺς
1573 5132 1687 5193 τοῖς
1713 5131 1834 5202 χρό-

254 5234 368 5280 νοις
389 5214 646 5287 ὑστέρους
672 5215 919 5286 πρώτους
944 5217 1281 5288 εὑρεθέντας,
1310 5216 1681 5290 ἀναληφθῆναι
1707 5237 1832 5292 προ-

252 5307 476 5379 τέ-ρουςο
511 5310 634 5372 τοὺς
665 5308 721 5361 δὲ
752 5308 1043 5379 προτέρους
1077 5310 1212 5378 μετά
1240 5310 1411 5364 ταῦτα
1435 5311 1753 5383 εὑρεθέντας
1772 5315 1830 5370 ὲν

249 5397 484 5471 δευτέρᾳ
505 5400 738 5470 ταγῆναι
764 5397 917 5471 χώρᾳ
935 5417 948 5430 ·
977 5401 1037 5454 τὸ
1055 5401 1098 5453 δ’
1127 5402 1256 5454 αὐτὸ
1272 5402 1448 5475 εὕροις
1471 5402 1830 5476 γεγενημένον

252 5486 314 5541 ἐν
340 5491 449 5550 τοῖς
476 5489 798 5559 προφήταις.

327 5578 514 5631 Πάντα
537 5579 721 5650 ὥσπερ
755 5582 813 5632 ὲν
845 5579 1063 5649 μεγάλῳ
1096 5581 1202 5634 τινὶ
1228 5580 1320 5633 καὶ
1343 5579 1505 5652 κοινῷ
1525 5583 1732 5655 ταμείῳ
1757 5583 1824 5656 τῇ

255 5665 425 5739 βίϐλῳ
453 5669 562 5722 τῶν
587 5669 816 5741 ψαλμῶν
845 5665 1282 5741 τεθησαὺρισται.
1313 5670 1546 5725 Κὰκεῖνο
1575 5673 1630 5725 δὲ
1665 5673 1831 5744 τηρή-

1944 4669 1979 4723 ii
2011 4671 2163 4739 quia
2195 4667 2398 4721 Davide
2449 4667 2743 4736 conscripti
2786 4673 2913 4722 sunt
2959 4680 3068 4718 non
3114 4666 3513 4731 consequenter

1936 4763 2176 4832 jaceant,
2235 4761 2328 4817 sed
2366 4758 2634 4814 commisti
2668 4772 2791 4810 cum
2839 4757 2906 4812 iis
2951 4755 3044 4824 qui
3083 4754 3314 4808 filiorum
3346 4752 3507 4816 Core,

1938 4855 2166 4926 Asapbi,
2187 4852 2516 4917 Salomonis,
2537 4850 2758 4922 Moysis,
2777 4848 2998 4913 1Eman,
3017 4846 3481 4911 Ethaanithum
3495 4890 3507 4914 ,

1941 4961 2271 5016 rursumque
2297 4943 2520 4999 Davidis
2556 4941 2954 5004 inscribuntur,
2994 4954 3102 4997 non
3134 4939 3345 4993 ratione
3371 4944 3510 4992 tem-

1939 5040 2090 5109 poris
2117 5051 2226 5108 quo
2257 5035 2494 5106 primum
2524 5033 2653 5088 editi
2677 5042 2730 5088 et
2760 5032 3118 5102 pronuntiati,
3151 5030 3246 5087 sed
3278 5044 3386 5099 quo
3414 5029 3510 5083 de-

1944 5127 2198 5198 prehensi
2219 5132 2367 5181 sunt.
2398 5123 2644 5193 Hincque
2672 5123 2992 5193 contigisse,
3043 5129 3098 5176 ut
3139 5121 3232 5192 qui
3263 5128 3508 5190 tempore

1941 5219 2274 5290 posteriores
2297 5223 2474 5281 erant,
2509 5232 2634 5271 cum
2663 5215 2823 5283 primi
2847 5215 3045 5285 reperti
3079 5197 3302 5276 fuerint,
3343 5211 3504 5283 primi

1936 5308 2160 5378 repositi
2196 5308 2307 5364 sint
2333 5325 2346 5373 ;
2379 5322 2442 5361 ac
2467 5309 2587 5362 vice
2625 5321 2781 5362 versa
2800 5306 2894 5376 qui
2916 5307 3076 5376 primi
3108 5305 3345 5369 fuerant,
3377 5303 3504 5374 quia

1935 5405 2058 5470 post
2082 5398 2220 5452 alios
2249 5397 2387 5451 eruti
2407 5403 2556 5463 sunt,
2591 5396 2950 5467 posteriorem
2985 5397 3039 5450 in
3057 5396 3236 5450 locum
3252 5395 3506 5450 sintcon-

1934 5489 2106 5545 stituti
2128 5509 2139 5543 :
2158 5490 2303 5559 quod
2326 5489 2502 5559 ipsum
2527 5489 2582 5542 in
2599 5489 2875 5560 prophetis
2890 5488 3092 5545 factum
3109 5483 3500 5556 deprehendas.
3545 5537 3550 5544 ,

2005 5582 2064 5635 ln
2100 5580 2240 5634 libro
2269 5579 2608 5634 Psalmorum
2663 5581 2846 5634 omnia
2884 5595 2983 5634 ceu
3001 5580 3055 5633 in
3084 5591 3281 5648 magno
3305 5589 3370 5628 ac
3401 5588 3503 5644 pu—

1941 5674 2086 5729 blico
2117 5673 2380 5744 penuario
2399 5671 2676 5727 recondita
2705 5679 2851 5728 sunt.
2878 5669 3287 5727 Observandum
3319 5673 3502 5720 autem

442 5779 817 5862 ξχαξαλςούξιν,
857 5783 910 5837 id
951 5792 1035 5862 est
1075 5781 1380 5862 respondere
1429 5785 1642 5840 :multa
1675 5784 1838 5856 hujus
1877 5789 2285 5862 signiﬁcationis
2337 5790 2579 5861 exempla
2622 5789 2903 5844 attulimus
2956 5788 3012 5842 in
3045 5786 3280 5842 editione
3332 5785 3500 5842 Athao

249 5853 418 5908 nasii.
443 5850 578 5905 Vide
623 5853 676 5906 in
707 5853 1057 5908 Onomastico
1089 5853 1307 5908 ibidem.

501 5947 770 6009 ΡΑτιιοι..
804 5949 919 6010 Gn.
971 5948 1208 6012 XXIII.

3251 5945 3290 6004 3
