4086 6554
559 391 630 446 75
1289 379 1556 437 EUSEBII
1593 379 2069 435 CAESARIENSIS
2098 379 2246 434 OPP.
2277 377 2458 433 PARS
2493 379 2582 434 111.
2613 409 2683 420 --
2719 377 3128 434 EXECETICA.
3720 393 3786 447 τε

559 519 644 564 est
676 509 870 564 librum
919 510 1250 578 psalmorum
1283 519 1407 578 post
1439 509 1638 580 Moysis
1689 510 1882 578 legem,
1923 524 2122 562 novam

2241 528 2356 574 ηις,
2391 512 2466 574 ὡς
2515 515 2546 582 ἡ
2595 513 2774 580 βίϐλος
2807 514 2912 564 τῶν
2945 509 3171 580 ψαλμῶν
3220 507 3405 577 καινὴν
3445 505 3787 560 διδασκαλίαν

560 602 852 671 complecti
907 603 1210 655 doctrinam
1237 642 1251 666 ,
1295 603 1584 670 ipsumque
1619 607 1740 670 post
1770 607 2124 654 memoratam

565 693 764 764 Moysis
823 696 1168 764 scripturam,
1205 693 1502 748 secundum
1525 735 1539 759 ,
1573 693 1639 746 ad
1669 692 1969 746 doctrinam
2003 707 2128 760 spe-

559 794 819 848 ctantem,
839 801 958 840 esse
983 786 1197 839 librum.
1215 785 1350 840 Cum
1376 786 1556 854 itaque
1585 795 1705 854 post
1729 793 1958 838 mortem
1977 783 2126 854 Moy-

563 878 639 932 sis
666 885 719 931 et
763 875 912 938 Jesu,
941 885 992 928 et
1029 884 1150 945 post
1175 877 1424 945 judicum
1450 887 1686 946 tempus,
1719 876 1886 930 David
1906 885 2122 932 aetatem

561 969 812 1034 duxerit;
871 975 1060 1037 utpote
1113 970 1206 1037 qui
1257 969 1555 1024 Salvatoris
1589 978 1765 1046 .pater
1817 969 2128 1037 nuncupari

561 1061 840 1124 meruerit,
873 1077 1078 1115 novum
1125 1062 1240 1130 ipse
1267 1062 1510 1124 modum,
1545 1059 1861 1130 psalmodiae
1895 1061 2123 1124 scilicet,

559 1153 768 1220 primus
792 1151 1031 1208 Hebraeis
1065 1153 1322 1218 tradidit;
1351 1169 1458 1222 quo
1482 1153 1574 1206 illa
1609 1168 1728 1221 qua:
1751 1153 1817 1206 de
1841 1151 2126 1208 sacrificiis

559 1258 590 1296 a
621 1243 800 1314 Moyse
839 1245 1048 1298 sancita
1079 1243 1294 1298 fuerant
1325 1245 1392 1299 de
1417 1245 1596 1299 medio
1634 1245 1792 1308 tollit,
1813 1259 2128 1312 novumque

558 1331 728 1386 divini
787 1333 968 1387 cultus
1032 1348 1238 1386 morem
1273 1349 1368 1402 per
1399 1333 1631 1404 hymnos
1663 1349 1726 1388 ac
1771 1334 2126 1404 jubilatinnes

559 1424 766 1478 invehit
798 1444 811 1478 :
847 1426 1062 1494 aliaque
1116 1426 1254 1479 bene
1305 1426 1476 1479 multa
1513 1427 1714 1498 Moysis
1769 1427 1940 1499 legem
1971 1428 2128 1498 longe

559 1518 872 1585 superantia
903 1533 997 1586 per
1029 1525 1200 1570 totum
1232 1533 1369 1588 opus
1394 1517 1606 1572 edocet.

805 1694 1024 1749 Eusebii
1045 1694 1389 1749 Ca'sariensis
1416 1694 1478 1748 de
1501 1695 1876 1763 diapsalmale.

633 1787 942 1856 Diapsalma
983 1787 1328 1856 scripserunt
1377 1786 1704 1856 interpretes
1761 1786 1837 1840 illi
1881 1784 2123 1855 quinque

559 1879 858 1952 principes,
909 1879 1058 1948 quia
1085 1878 1290 1932 Davide
1339 1893 1465 1948 rege
1498 1893 1564 1932 ex
1595 1877 1742 1932 tribu
1787 1877 1918 1931 Levi
1945 1875 2124 1930 allecti
2157 1873 2196 1928 Β

559 1979 738 2038 sunt;
795 1987 1025 2041 quorum
1058 1972 1174 2026 haec
1207 1972 1472 2026 nomina:
1529 1970 1745 2040 Asaph,
1805 1969 1902 2024 lilii
1962 1968 2122 2032 Core,

559 2063 1042 2129 Eman,:Etliam,
1075 2064 1309 2118 ldithum
1339 2085 1351 2119 :
1385 2065 1550 2120 hosce
1573 2073 1756 2120 certus
1786 2064 2126 2118 canticorum

563 2172 822 2210 numerus
853 2156 1310 2224 consequebatur,
1365 2156 1570 2210 scilicet
1603 2155 1851 2223 singulos
1911 2161 2128 2222 septua-

561 2246 712 2316 ginta
741 2245 871 2299 duo.
904 2244 968 2298 lli
999 2245 1220 2300 stabant
1245 2245 1298 2298 in
1327 2252 1626 2313 conspectu
1671 2243 1972 2297 sanctuarii
2017 2241 2129 2296 Do-

557 2339 716 2401 mini,
775 2337 1058 2392 laudantes
1093 2336 1340 2390 omnium
1371 2335 1660 2389 Dominum
1697 2351 1710 2399 ;
1740 2333 1880 2386 alius
1910 2332 2131 2403 cymba-

559 2429 631 2488 la,
670 2429 810 2482 alius
863 2427 1207 2498 psalterium,
1245 2427 1388 2480 alius
1441 2425 1684 2495 cinyram
1717 2463 1732 2486 ,
1767 2423 1906 2477 alius
1944 2422 2130 2476 tubam

559 2533 838 2582 corneam,
873 2519 1012 2574 alius
1043 2519 1310 2572 citharam
1335 2517 1573 2572 tenebat.
1599 2514 1842 2580 Quorum
1869 2514 1924 2567 in
1955 2513 2132 2567 medio

559 2612 741 2668 stabat
774 2611 962 2666 David.
997 2611 1218 2680 Hocque
1249 2617 1407 2680 pacto
1435 2610 1648 2663 cantica
1683 2607 2129 2678 auspicabantur,

559 2706 877 2775 hujusmodi
918 2706 1282 2760 instrumenta
1329 2703 1587 2758 manibus
1630 2709 1904 2756 tenentes.
1954 2700 2132 2770 Atque

560 2799 784 2870 singuli,
819 2796 1024 2867 Spiritu
1054 2803 1244 2850 sancto
1275 2799 1548 2856 movente,
1579 2792 1747 2848 Deum
1795 2793 2013 2859 hymnis
2043 2807 2134 2846 ce-

557 2889 884 2952 lebrabant,
923 2902 1222 2956 omnesque
1274 2901 1383 2939 una
1437 2885 1691 2955 psallenti
1748 2882 2130 2946 succinebant,

561 2980 814 3034 Alleluia.
838 2979 1152 3032 Absistcute
1187 2983 1367 3030 autem
1397 2975 1464 3029 ad
1517 2975 1680 3028 breve
1711 2980 1926 3042 tempus
1959 2969 2136 3041 Spiri-

557 3081 648 3128 tus
667 3070 844 3126 sancti
861 3070 1056 3140 gratia,
1075 3067 1298 3138 organis
1316 3067 1575 3136 deinceps
1595 3065 1963 3128 cessantibus,
1978 3073 2132 3130 tunc,

563 3169 646 3222 uti
677 3183 775 3237 par
795 3171 935 3227 erat,
971 3162 1274 3232 diapsalma
1307 3159 1640 3214 scribebant.

1145 3249 1465 3305 PSALMUS
1505 3248 1546 3304 Ι.

631 3348 798 3402 Vens.
829 3348 880 3401 1.
915 3347 1110 3400 Beatus
1138 3346 1213 3398 air
1230 3345 1318 3413 qui
1343 3359 1444 3396 non
1470 3342 1600 3394 abit'l
1627 3342 1684 3394 in
1717 3340 2142 3409 consilioimpio-

566 3459 706 3494 rum.
772 3437 1222 3507 Quandoquidem
1281 3435 1366 3489 vel
1426 3435 1544 3504 ipso
1603 3442 1813 3489 natura:
1878 3433 2140 3488 instinctu

561 3549 754 3590 oninz's
787 3530 1178 3586 beatitudinem
1209 3530 1546 3599 appetimus,
1607 3528 1738 3581 boni
1799 3526 1957 3580 tinent
2018 3533 2132 3580 sta-

564 3633 776 3680 tuentes
813 3623 1156 3688 felicitatcm;
1211 3637 1507 3691 errareque
1555 3621 1754 3675 mentis
1799 3619 1948 3672 ducti
1994 3635 2143 3671 com-

562 3721 766 3790 plures,
801 3715 948 3772 illam
981 3714 1037 3770 in
1081 3713 1454 3784 Voluptatibus
1485 3711 1766 3780 corporeis
1797 3709 2142 3778 quaerendam

565 3817 792 3883 putant,
835 3809 1073 3872 divitias,
1102 3807 1398 3876 dignitates
1421 3845 1436 3870 ,
1471 3803 1868 3874 prmseutisque
1900 3801 2023 3854 vitze
2052 3816 2146 3853 vo-

566 3907 802 3975 luptates
846 3904 898 3956 in
952 3901 1125 3971 pretio
1161 3901 1454 3962 habentes;
1505 3897 1632 3949 hinc
1662 3895 1784 3962 jure
1818 3893 2142 3962 hymnorum

568 3997 634 4051 ad
669 3995 837 4050 Deum
865 3992 1193 4047 laudandum
1223 3990 1512 4046 exordium
1539 3987 1762 4041 ductum
1795 3993 1898 4050 est,
1927 3983 2148 4038 descri—

567 4087 828 4156 biturque
863 4083 1115 4154 quisnam
1159 4097 1286 4136 vere
1341 4081 1534 4134 beatus
1583 4077 1692 4140 sit,
1743 4084 1905 4146 atque
1943 4075 2144 4128 bonum

568 4179 728 4233 finem
761 4193 790 4230 a
825 4176 933 4230 Deo
967 4182 1357 4244 eunsequatur.
1407 4170 1474 4223 Et
1506 4185 1639 4224 sane
1681 4168 1801 4232 hic,
1849 4167 1978 4236 quia
2023 4181 2147 4235 per-

568 4288 730 4342 quam
775 4270 884 4324 rari
929 4269 1146 4324 fuerant
1171 4268 1205 4320 ii
1239 4264 1332 4336 qui
1356 4263 1483 4317 olim
1515 4261 1682 4332 probe
1713 4261 1880 4314 vitam
1901 4266 2145 4328 egerant,

568 4378 738 4418 tutum
794 4361 1102 4430 quempiam
1160 4359 1375 4412 beatum
1427 4353 1688 4423 prtedicat
1732 4349 2041 4406 Psalmista.
2079 4349 2149 4402 At

569 4457 826 4512 Servator
855 4461 1043 4508 noster
1073 4451 1166 4519 qui
1217 4446 1528 4514 complures
1575 4446 1764 4500 beatos
1797 4441 1972 4498 effecit
1991 4482 2005 4506 ,
2035 4442 2151 4512 plu-

2226 601 2468 670 περιέχει
2497 602 2634 672 μετὰ
2653 604 2748 671 τὴν
2779 603 3052 663 Μωῦσέως
3085 599 3420 667 νομοθεσίαν,
3447 598 3540 652 καὶ
3569 598 3649 650 ὅτι
3673 597 3790 649 δευ-

2227 691 2355 760 τέρα
2387 695 2521 762 μετὰ
2549 695 2644 764 τὴν
2675 694 2940 756 Μωῦσέως
2965 693 3276 762 νομοθεσίαν
3303 691 3517 762 γραφὴν
3537 689 3788 742 διδασκα-

2225 784 2348 853 λικὴ
2380 785 2558 853 βίϐλος
2585 785 2722 854 αῦτη
2749 786 3023 856 τυγχάνει.
3049 785 3202 838 Μετὰ
3231 783 3359 851 γοῦν
3393 782 3488 852 τὴν
3515 781 3790 844 Μωῡσέως

2225 877 2319 928 καὶ
2353 877 2522 946 Ἰησοῦ
2557 877 2807 947 τελευτὴν
2839 879 2931 931 καὶ
2972 877 3106 946 μετὰ
3133 877 3254 938 τοὺς
3284 875 3472 946 κριτὰς
3513 871 3670 926 Δαυῒδ
3701 890 3792 940 γε-

2227 968 2464 1037 νόμενος,
2503 969 2700 1022 ὡσανεὶ
2731 969 2824 1022 τοῦ
2855 970 3099 1038 Σωτῆρος
3137 968 3294 1030 αὐτὸς
3330 965 3660 1036 χρηματίσαι
3692 981 3794 1016 πα-

2227 1063 2330 1132 τὴρ
2363 1062 2736 1126 καταξιωθεὶς,
2774 1062 2956 1114 καινὸν
2989 1063 3187 1131 τρόπον
3222 1059 3312 1112 τὸν
3353 1061 3449 1130 τῆς
3479 1057 3792 1128 ψαλμῳδίας

2229 1153 2439 1224 πρῶτος
2475 1154 2740 1224 Ἑϐραίοις
2757 1153 3036 1225 παρέδωκε
3055 1171 3066 1182 ·
3093 1154 3155 1206 δι’
3173 1147 3236 1224 ἧς
3254 1153 3462 1222 ἀναιρεῖ
3491 1151 3564 1220 (1)
3609 1150 3702 1221 μὲν
3725 1147 3794 1202 τὰ

2229 1245 2376 1314 παρὰ
2403 1247 2608 1316 Μωῦσῇ
2645 1246 2769 1317 περὶ
2795 1246 2992 1299 θυσιῶν
3019 1243 3495 1314 νενομοθετημένα,
3527 1242 3710 1294 καινὸν
3738 1241 3794 1293 δὲ

2225 1335 2315 1388 τὸν
2331 1337 2394 1388 δι’
2419 1336 2598 1406 ὓμνων
2635 1339 2727 1389 καὶ
2741 1337 3068 1406 ἀλαλαγμῶν
3089 1337 3284 1406 τρόπον
3299 1335 3398 1404 τῆς
3423 1334 3514 1387 τοῦ
3541 1333 3675 1386 Θεοῦ
3703 1333 3796 1385 λα·-

2225 1429 2408 1499 τρείας
2455 1431 2662 1496 εἰσάγει
2687 1448 2700 1460 ·
2734 1429 2828 1481 καὶ
2869 1428 3002 1482 ἄλλα
3033 1427 3089 1480 δὲ
3116 1427 3339 1479 πλεῖστα
3385 1425 3474 1478 τὸν
3523 1424 3796 1486 Μωῦσὲως

2225 1523 2385 1590 νόμον
2435 1520 2876 1590 ὲπαναϐεϐηκότα
2919 1519 2983 1572 δι’
3015 1519 3142 1591 ὅλης
3185 1520 3348 1573 αὐτοῦ
3397 1519 3494 1589 τῆς
3540 1533 3796 1588 πραγμα-

2231 1614 2378 1676 τείας
2409 1613 2666 1666 διδάσκει.

2295 1706 2586 1758 Εἰνσεϐίου
2615 1704 2965 1772 Καισαρείας
2991 1701 3124 1771 περὶ
3149 1701 3252 1756 τοῦ
3289 1699 3716 1769 διαψάλματος.

2299 1796 2582 1867 Ἔγραψαν
2629 1797 2690 1849 τὸ
2742 1794 3016 1864 διαψαλμα
3063 1797 3110 1846 οἰ
3164 1791 3592 1864 ἐρμηνεύσαντες
3638 1791 3799 1862 πέντε

2227 1887 2501 1958 ἄρχοντες,
2547 1887 2594 1940 οἳ
2627 1887 2931 1955 ἐξελέγοντο
2962 1886 3068 1940 ὑπὸ
3099 1884 3258 1938 Δαυῖδ
3303 1883 3394 1936 τοῦ
3442 1883 3704 1954 βασιλέως·
3735 1885 3801 1935 ὲκ

2227 1979 2326 2046 τῆς
2355 1978 2526 2046 φυλῆς
2553 1979 2698 2031 Λευῖ·
2730 1971 2802 2032 ὧν
2825 1978 2892 2030 τὰ
2920 1976 3158 2046 ὀνόματά
3178 1977 3283 2028 είσι
3313 1975 3504 2038 ταῦτα,
3541 1973 3726 2040 Ἀσὰφ,
3749 1975 3799 2026 οἱ

2228 2071 2332 2122 υἱοὶ
2363 2070 2526 2141 Κορὲ,
2557 2070 2754 2140 Λίμὰν,
2785 2070 2985 2140 Αἰθὰμ,
3034 2064 3289 2137 ’ίδιθούμ·
3321 2066 3529 2130 τούτοις
3571 2064 3801 2137 ἀριθμὸς

2228 2162 2378 2232 ᾠδῶν
2410 2162 2827 2234 παρηκολούθει,
2856 2161 3070 2231 ἑκάστῳ
3108 2160 3472 2231 ὲόδομήκοντα
3495 2158 3607 2213 δύο.
3645 2151 3802 2211 υῦτοι

2229 2255 2444 2307 ἵσταντο
2483 2253 2712 2307 ἐνώπιον
2753 2253 2845 2306 τοῦ
2883 2251 3221 2323 ἁγιάσματος
3265 2251 3489 2322 Κυρίου,
3531 2247 3804 2311 αἰνοῦντες

2229 2347 2318 2400 τὸν
2351 2347 2566 2400 πάντων
2587 2345 2850 2417 δεσπότην
2871 2385 2884 2409 ,
2915 2345 2974 2408 ὂς
3004 2343 3100 2416 μὲν
3131 2342 3406 2414 κύμϐαλα,
3445 2342 3504 2405 ὃς
3530 2341 3586 2394 δὲ
3610 2339 3806 2410 ψαλτή-

2233 2457 2365 2512 ριον,
2407 2439 2465 2503 ὃς
2498 2440 2554 2492 δὲ
2587 2437 2843 2510 κινύραν,
2883 2436 2942 2500 ὃς
2966 2436 3022 2490 δὲ
3063 2435 3374 2505 κερατίνην,
3408 2433 3465 2498 ὃς
3497 2434 3553 2487 δὲ
3576 2431 3806 2502 κιθάραν

2231 2531 2388 2600 ἔχων,
2425 2524 2498 2582 ὧν
2536 2530 2694 2600 μέσος
2737 2529 2920 2580 ἵστατο
2951 2527 2981 2578 ὁ
3016 2526 3194 2578 Δαυῒδ.
3219 2527 3327 2579 Καὶ
3363 2524 3532 2586 οὕτως
3579 2525 3806 2594 ἤρχοντο

2231 2622 2338 2672 τῶν
2363 2619 2512 2690 ᾠδῶν
2557 2618 2880 2691 κροτοῦντες
2901 2618 2994 2670 ἐπὶ
3027 2620 3182 2686 χεῖρα
3210 2617 3276 2670 τὰ
3321 2615 3544 2670 τοιαῦτα
3570 2613 3802 2683 ὅργανα’

2233 2710 2328 2763 καὶ
2377 2709 2605 2772 ἕκαστος
2651 2709 2927 2779 Πνεύματι
2983 2709 3121 2779 ἁγίῳ
3161 2707 3474 2778 κινούμενος
3517 2705 3673 2777 ὕμνει
3717 2705 3807 2758 τὸν

2233 2801 2383 2863 Θεὸν,
2416 2801 2510 2854 καὶ
2538 2800 2735 2862 πάντες
2771 2800 3082 2870 ἐπεφώνουν
3109 2799 3186 2870 τῷ
3224 2800 3476 2870 ψάλλοντι
3505 2800 3565 2852 τὸ
3608 2800 3809 2868 Ἀλλη-

2234 2894 2428 2946 λοὺϊα.
2499 2891 2763 2960 Ὁπηνίκα
2814 2892 2870 2944 δὲ
2925 2892 2956 2961 ἡ
3009 2890 3101 2944 τοῦ
3149 2891 3462 2962 Πνεύματος
3508 2889 3598 2942 τοῦ
3654 2891 3808 2959 ἁγίου

2236 2982 2450 3051 ἀπέστη
2491 2982 2650 3053 χάρις
2685 2981 2820 3052 πρὸς
2855 2982 3048 3052 βραχὺ,
3079 2980 3186 3033 τῶν
3226 2980 3470 3051 ὀργάνων
3510 2979 3692 3033 λοιπὸν
3735 2979 3810 3050 μὴ

2237 3073 2590 3142 κινουμένων,
2645 3073 2706 3126 τὸ
2761 3073 3059 3146 τηνικαῦτα
3113 3071 3258 3135 εἰκὸς
3299 3072 3392 3124 καὶ
3433 3073 3493 3126 τὸ
3533 3072 3812 3142 διάψαλμα

2164 3215 2208 3272 C
2239 3163 2493 3235 ἔγραφον.

2831 3257 3121 3310 ΨΑΛΜΟΣ
3149 3261 3228 3310 A’.

2311 3345 2610 3417 Μακάριος
2647 3351 2679 3401 ό
2711 3346 2864 3414 ἀνὴρ
2917 3348 2984 3412 ὃς
3027 3349 3136 3400 οὐκ
3178 3346 3466 3414 ἐπορεύθη
3511 3345 3581 3399 ἐν
3610 3341 3814 3412 βου.ιῇ

2243 3441 2495 3496 ἀσεϐῶν.
2539 3443 2689 3494 Ἐπεὶ
2724 3439 2966 3510 φυσικῶς
3005 3439 3310 3512 ὀρεγόμεθα
3343 3439 3540 3502 πάντες
3571 3435 3662 3489 τοῦ
3710 3452 3816 3505 μα-

2245 3537 2424 3608 κάριοι
2455 3533 2612 3600 εἶναι,
2647 3535 2800 3598 τέλος
2830 3533 3035 3601 ἀγαθοῦ
3079 3534 3140 3586 τὸ
3187 3533 3450 3605 μακάριον
3489 3529 3816 3600 ὁριζόμενοι,

2244 3625 2678 3696 πεπλανημένως
2707 3642 2770 3693 γε
2813 3625 2916 3696 μὴν
2957 3623 3139 3676 πολλοὶ
3181 3622 3336 3676 τοῦτο
3366 3620 3716 3691 μεταδιώκειν
3757 3618 3818 3671 ὲν

2247 3719 2514 3786 σωμάτων
2559 3715 2772 3786 ἡδοναῖς
2828 3713 3104 3785 ἡγοῦνται,
3139 3711 3400 3776 πλούτους
3452 3709 3819 3781 θαυμάζοντες

2247 3809 2339 3861 καὶ
2377 3807 2678 3877 ἀξιώματα,
2713 3807 2805 3859 καὶ
2834 3807 2931 3869 τὰς
2963 3808 3020 3858 ἐν
3063 3804 3139 3875 τῷ
3173 3805 3400 3875 παρόντι
3431 3803 3528 3874 βίῳ
3572 3801 3780 3874 τρυφάς
3801 3818 3816 3832 δ

2247 3899 2471 3962 εἰκότως
2502 3900 2530 3951 ὁ
2568 3899 2723 3966 λόγος
2749 3900 2806 3952 ὲν
2835 3897 3043 3960 τούτοις
3068 3897 3188 3949 ὅθεν
3223 3897 3386 3966 ἐχρῆν
3412 3895 3508 3966 τὴν
3542 3893 3820 3965 καταρχὴν

2248 3995 2540 4064 ἐποιήσατο
2567 3995 2664 4064 τῆς
2695 3993 2836 4046 κατὰ
2866 3991 2996 4044 Θεὸν
3024 3989 3314 4060 ύμνῳδίας,
3349 3988 3438 4042 τὸν
3475 3987 3687 4057 ἀληθῶς
3719 4003 3823 4056 μα-

2247 4085 2437 4156 κάριον
2470 4086 2564 4138 καὶ
2596 4083 2781 4147 τέλους
2810 4081 3012 4152 ἀγαθοῦ
3057 4079 3148 4134 τοῦ
3190 4079 3340 4149 παρὰ
3379 4078 3495 4149 Θεῷ
3524 4077 3823 4147 ἠξιωμένον

2251 4177 2605 4248 ὑπογράφων.
2643 4176 2751 4227 Καὶ
2785 4173 2970 4229 ἐνθάδε
3007 4173 3102 4243 μὲν
3139 4172 3226 4226 διὰ
3251 4172 3310 4224 τὸ
3347 4170 3569 4225 σπάνιον
3591 4170 3698 4222 τῶν
3727 4169 3826 4224 πά-

2250 4272 2338 4324 λαι
2369 4271 2632 4343 πρότερον
2691 4267 3096 4340 κατορθούντων
3142 4267 3240 4320 ἕνα
3282 4265 3402 4320 τινὰ
3435 4262 3758 4334 μακαρίζει·
3795 4265 3824 4315 ὁ

2250 4364 2308 4417 δὲ
2336 4364 2524 4435 Σωτὴρ
2554 4363 2712 4434 ἡμῶν
2742 4362 2992 4424 πλείονας
3025 4359 3191 4413 ποιῶν
3238 4358 3558 4428 μακαρίους,
3587 4353 3826 4425 πληθυν-

2249 4459 2414 4522 τικῶς
2456 4459 2580 4520 τοὺς
2635 4455 3010 4527 μακαρισμοὺς
3055 4450 3442 4523 προσφέρεται.
3499 4449 3722 4503 Πάντων
3767 4447 3828 4499 δὲ

568 4551 756 4604 raliter
813 4543 1179 4602 beatitudincs
1227 4539 1451 4611 profert.
1520 4537 1738 4592 Primus
1796 4543 1974 4590 autem
2033 4535 2139 4604 ipse

2253 4553 2467 4624 πρῶτος
2499 4549 2658 4613 αὐτὸς
2701 4549 2765 4602 ἂν
2805 4547 2892 4618 εἴη
2922 4549 2948 4600 ὁ
2997 4543 3458 4616 μακαριζόμενος’
3499 4542 3577 4595 διὸ
3605 4541 3698 4594 καὶ
3739 4540 3828 4592 ἐπ’

565 4643 690 4712 jure
728 4641 945 4696 dicatur
983 4650 1171 4692 eorum
1205 4635 1294 4703 qui
1321 4633 1462 4686 beati
1513 4631 1898 4702 praadicantur.
1947 4627 2150 4692 Quam-

571 4734 758 4788 obrem
817 4732 872 4784 in
919 4729 1074 4782 illum
1127 4723 1444 4780 referendus
1497 4722 1705 4792 primus
1749 4721 1992 4790 psalmus
2042 4722 2146 4781 est,

573 4833 759 4895 utpote
781 4823 873 4893 qui
901 4822 983 4874 vir
1017 4819 1182 4874 fuerit
1211 4815 1470 4872 Ecclesia:
1523 4829 1740 4884 sponsae
1797 4827 1926 4866 sum.
1991 4808 2148 4874 Quod

571 4917 784 4973 videtur
841 4913 1108 4970 Hebraica
1159 4925 1291 4965 voce
1344 4906 1679 4978 significari,
1727 4904 1880 4974 juxta
1950 4917 2148 4972 quam,

573 5009 772 5064 Beatus
803 5007 902 5068 vir,
934 5019 1058 5059 cum
1096 5001 1310 5056 articuli
1343 4999 1527 5054 addito
1559 4998 1766 5053 dictum
1797 5003 1902 5052 est.

648 5098 716 5154 Et
740 5101 792 5152 in
823 5100 908 5152 via
945 5105 1274 5166 peccatorum
1319 5111 1420 5148 non
1451 5093 1636 5158 stetit,
1695 5099 1746 5144 et
1793 5091 1848 5142 in
1905 5090 2154 5141 cathedra

575 5191 939 5263 pestiferorum
997 5207 1098 5243 nou
1137 5189 1292 5243 sedit.
1333 5187 1504 5242 Primi
1558 5193 1687 5242 sunt
1741 5184 1834 5252 qui
1891 5181 2028 5234 falso
2059 5195 2155 5232 no-

577 5285 782 5340 minata
812 5283 1118 5354 cognitione
1150 5281 1340 5335 imbuti
1376 5287 1504 5336 sunt
1531 5277 1606 5349 [id
1641 5283 1725 5332 est
1751 5271 2030 5345 gnostici],
2060 5271 2150 5340 qui

577 5375 716 5431 nihil
739 5374 952 5429 firmum
984 5373 1283 5443 stabileque
1305 5371 1534 5438 habent;
1576 5369 1668 5424 sed
1700 5383 1800 5436 pro
1829 5364 2001 5419 lubito
2029 5377 2148 5426 suo,

577 5469 730 5523 nullo
750 5471 997 5523 examine
1018 5465 1336 5536 ponderatis
1373 5461 1798 5533 cogitationibus
1826 5463 2113 5512 moventur
2133 5493 2150 5519 ,

579 5560 1032 5631 impiiohomines.
1085 5557 1318 5614 Secundi
1357 5561 1484 5612 sunt
1527 5559 1795 5624 quotquot
1828 5557 1951 5619 post
1975 5546 2158 5618 cogni-

578 5655 780 5708 tionem
804 5651 1050 5706 veritatis
1078 5651 1132 5705 in
1164 5655 1386 5719 peccata
1437 5646 1705 5700 incidunt.
1760 5640 1930 5696 Tcrtii
1984 5639 2155 5709 pesti-

649 5750 726 5816 (t)
767 5747 822 5800 Id
849 5755 954 5810 est,
974 5747 1040 5800 de
1063 5746 1242 5800 medio
1265 5745 1404 5799 tollit
1430 5741 1823 5816 sacriticiorum
1857 5737 2026 5816 leges,
2051 5751 2160 5788 non

579 5811 758 5878 reinsa
777 5817 1066 5884 abolendo,
1097 5817 1192 5871 sed
1222 5812 1636 5872 nraenuntiando
1655 5811 1996 5878 abrogandas
2015 5821 2159 5866 esse.

2255 4645 2416 4698 αὐτὸν
2461 4641 2662 4696 ἀνοίσει
2697 4659 2778 4702 τις
2808 4640 2897 4692 τὸν
2930 4639 3169 4709 παρόντα
3194 4636 3426 4706 ψαλμὸν,
3471 4634 3564 4688 ἆτε
3599 4631 3830 4703 γενόμε-

2255 4754 2344 4788 νον
2373 4735 2540 4805 ἄνδρα
2573 4734 2670 4803 τῆς
2713 4731 2928 4803 νύμφης
2967 4728 3130 4784 αὑτοῦ
3177 4727 3500 4797 Ἐκκλησίας
3523 4743 3535 4755 ·
3583 4724 3742 4778 τοῦτο
3769 4723 3832 4776 δὲ

2255 4829 2429 4882 ἔοικεν
2463 4829 2495 4897 ὴ
2542 4823 2800 4898 Ἑϐραῖκὴ
2827 4825 2976 4894 φωνὴ
2999 4823 3286 4894 παριστᾷν,
3311 4819 3428 4874 καθ’
3451 4819 3516 4890 ἣν
3544 4816 3620 4888 (‘2)
3640 4815 3836 4886 μακά·

2245 4939 2377 4990 ριος
2405 4924 2436 4972 ό
2463 4917 2615 4988 ἀνὴρ
2649 4918 2782 4988 μετὰ
2799 4916 2896 4987 τῆς
2917 4915 3008 4968 τοῦ
3031 4917 3230 4988 ἄρθρου
3255 4911 3568 4984 προσθήκης
3593 4909 3831 4981 εἴρηται.

2325 5079 2432 5130 Καὶ
2468 5077 2537 5128 ἐν
2561 5074 2679 5140 ὀδῷ
2711 5072 3071 5143 ἁμαρτωλῶν
3091 5074 3200 5126 οὐκ
3229 5072 3399 5138 ἔστη,
3435 5071 3530 5122 καὶ
3565 5065 3662 5120 ἐπὶ
3695 5069 3838 5121 καθ-

2258 5169 2439 5238 έδραι·
2489 5167 2712 5238 λοιμῶν
2751 5169 2860 5219 οὐκ
2904 5165 3201 5218 ἐκάθισεν.
3250 5161 3464 5234 Πρῶτοί
3497 5162 3629 5212 εἰσιν
3657 5158 3705 5210 οἱ
3735 5155 3840 5227 τὴν

2256 5258 2602 5328 ψευδώνυμον
2642 5259 2854 5326 ἔχοντες
2880 5253 3099 5323 γνῶσιν,
3140 5255 3304 5326 μηδὲν
3347 5253 3559 5324 ἔχοντες
3586 5249 3838 5318 ἑστηκὸς,

2260 5353 2373 5406 ἀλλ’
2425 5350 2799 5416 ἀνεξετάστως
2847 5350 3150 5421 κινούμενοι
3203 5348 3482 5417 λογισμοῖς
3537 5346 3592 5397 ἐν
3647 5335 3727 5404 οἷς
3769 5341 3842 5396 ἂν

2264 5446 2614 5516 βουληθῶσιν,
2665 5447 2714 5497 οἱ
2765 5444 2998 5508 ἀσεϐεῖς.
3055 5443 3307 5512 Δεύτεροι
3351 5437 3554 5500 πάντες
3597 5436 3646 5488 οἱ
3699 5433 3842 5504 μετὰ

2261 5540 2460 5611 γνῶσιν
2493 5537 2746 5608 ἀληθείας
2781 5535 3263 5607 ἐξαμαρτάνοντες.
3303 5531 3366 5583 Οἱ
3403 5530 3458 5582 δὲ
3502 5527 3680 5598 λοιμοὶ
3723 5525 3844 5594 τρί-

2260 5651 2364 5696 τοι,
2409 5633 2483 5704 μὴ
2535 5630 2692 5703 μόνον
2734 5629 3036 5692 νοσοῦντες,
3083 5625 3218 5680 ἀλλὰ
3263 5625 3356 5676 καὶ
3397 5617 3718 5692 φθοροποιοῦ
3763 5617 3846 5669 δι-

2306 5806 2316 5816 ’
2343 5731 2416 5804 (2)
2457 5729 2518 5786 In
2551 5728 2820 5794 I-Iebrajco
2875 5727 3074 5798 legitur
3117 5731 3273 5783 ΨἮΠ
3318 5719 3474 5792 quasi
3523 5717 3694 5782 dicas,
3747 5715 3848 5767 ilic

2269 5821 2366 5858 ων.
