4086 6578
553 395 624 450 τε,
1183 372 1450 429 ΕΗΞΕΒῘΙ
1489 378 1966 438 (ΣᾹΞΒᾹΒΙΕΝΞΙΞ
2003 383 2121 438 OPF

2225 385 2375 442 'ARS
2417 389 2503 446 111.
2536 421 2602 432 ——
2644 392 3048 450 EXEGETICA.
3731 404 3802 450 δῦ

557 524 658 578 pus
706 523 814 562 non
843 510 960 578 'ipsi
999 509 1311 578 proprium,
1349 511 1442 566 sed
1493 513 1727 568 alienum
1765 522 1876 576 est;
1932 531 2121 584 quam-

2232 531 2365 568 αιων
2388 532 2400 544 °
2449 519 2637 587 επειδη
2681 533 2774 568 του
2814 531 3075 586 παροντος
3106 515 3206 566 οὐκ
3247 512 3392 566 ἔστιν
3433 511 3648 574 οἰκεῖος,
3685 509 3798 562 ἀλλ’

555 599 739 652 obrem
771 598 826 652 in
857 606 1098 668 tempore
1117 615 1215 652 suo
1245 605 1528 668 pr;esentis
1549 605 1894 674 agricultura:
1917 605 2126 662 fructus

559 688 669 744 Deo
693 689 952 760 proferet.
983 693 1100 745 Alio
1134 708 1349 762 quoque
1377 695 1536 748 modo
1569 695 1922 768 intelligitur;
1965 700 2128 754 nimi-

555 796 699 844 rum,
734 782 822 837 ille
861 783 949 852 qui
979 783 1169 838 beatus
1209 783 1570 854 praedicatur,
1625 802 1690 842 ex
1749 790 1964 843 mortali
2015 790 2127 844 vita

553 872 883 934 translatus,
951 873 1366 940 promissionem
1419 875 1639 930 habebit
1683 893 1741 932 se
1777 877 2018 935 futurum
2073 882 2126 936 in

554 963 808 1030 paradiso
841 963 926 1016 Dei
962 965 1117 1034 quasi
1157 965 1363 1036 lignum
1393 969 1536 1035 quod
1587 969 1886 1038 planlatum
1929 981 2012 1028 cst
2042 989 2128 1028 se-

551 1069 649 1108 cus
675 1055 938 1110 decursus
962 1071 1247 1125 aquarum.

625 1145 790 1202 Vens.
825 1150 879 1204 4.
923 1148 1042 1202 Non
1079 1152 1153 1203 sic
1197 1151 1383 1219 impii,
1431 1168 1534 1206 non
1569 1154 1679 1218 sic,
1735 1155 1826 1210 sed
1873 1165 2125 1226 tanquam

547 1240 717 1307 pulvis
751 1255 910 1310 quem
957 1242 1170 1310 proiicit
1209 1255 1387 1299 ventus
1443 1263 1474 1298 a
1523 1247 1658 1314 {acie
1703 1257 1876 1304 terraz.
1925 1249 2124 1306 Beatus

551 1329 642 1384 ille
673 1333 850 1401 qualis
887 1331 974 1386 hic
1027 1332 1357 1389 describitur
1385 1353 1399 1389 :
1423 1345 1474 1391 et
1503 1351 1636 1392 sane
1669 1337 1982 1407 bujusmodi
2025 1341 2124 1395 ho-

548 1422 726 1476 mines
757 1423 1044 1478 admodum
1077 1423 1185 1476 rari
1231 1425 1498 1492 paucique
1527 1435 1673 1483 sunt.
1725 1428 1792 1482 At
1822 1429 1970 1499 impii
2005 1447 2124 1485 ma-

547 1527 654 1580 gno
685 1526 945 1577 numero;
997 1513 1088 1581 qui
1122 1519 1180 1566 ut
1227 1513 1364 1566 nihil
1395 1512 1656 1570 habentes
1703 1515 1844 1584 apud
1904 1517 2122 1572 beatum

551 1605 698 1659 illum
733 1587 1160 1671 male'audiuut;
1196 1605 1434 1660 fructum
1465 1607 1662 1678 quippe
1690 1617 2118 1679 temporaneum,

549 1701 864 1754 mutabilem
915 1715 978 1755 ac
1028 1701 1330 1768 periturum
1384 1701 1755 1770 possidentes,
1815 1702 1944 1758 facti
1995 1711 2124 1759 sunt

545 1791 706 1860 quasi
735 1791 903 1858 pulvis
927 1808 1075 1859 quem
1102 1791 1314 1860 projicit
1345 1802 1518 1846 ventus
1545 1811 1578 1846 α
1605 1793 1741 1862 facie
1767 1803 1940 1850 terras.

2229 607 2534 678 ἀλλότριος·
2584 608 2663 660 διὸ
2711 609 2766 660 ἐν
2809 608 2999 678 ἐκείνῳ
3036 606 3112 676 τῷ
3143 605 3334 658 ἑαυτοῦ
3378 602 3550 674 καιρῷ
3577 603 3673 672 τῆς
3711 603 3799 654 ὲν-

2227 697 2402 750 ταῦθα
2452 699 2721 769 γεωργίας
2767 697 3036 751 ἀποδώσει
3081 696 3159 766 τῷ
3200 695 3317 766 Θεῷ
3359 697 3482 758 τοὺς
3533 693 3797 765 καρπούς.

2229 790 2338 842 Καὶ
2389 789 2508 841 καθ’
2553 789 2740 860 ἓτερον
2773 789 2828 841 δὲ
2870 789 3090 859 τρόπον,
3133 791 3161 841 ὁ
3203 785 3657 858 μακαριζόμενος,
3707 801 3804 856 με-

2226 880 2584 950 ταφυτευθεὶς
2635 881 2697 932 ὲκ
2739 878 2832 930 τοῦ
2883 877 3078 949 θνητοῦ
3127 876 3262 947 βίου,
3317 875 3640 944 ἐπαγγελίαν
3690 873 3802 939 ἔξει

2227 974 2284 1025 ὲν
2309 971 2390 1042 τῷ
2437 971 2746 1042 παραδείσῳ
2773 969 2867 1023 τοῦ
2911 969 3046 1024 Θεοῦ
3091 969 3324 1033 ἔσεσθαι,
3358 969 3432 1032 ὡς
3461 968 3520 1022 τὺ
3551 968 3702 1033 ξύλον
3741 969 3804 1020 τὸ

2231 1064 2635 1134 πεφυτευμένον
2662 1061 2812 1134 παρὰ
2835 1061 2930 1125 τὰς
2955 1061 3216 1127 διεξόδους
3245 1061 3351 1114 τῶν
3378 1061 3604 1114 ὑδάτων.

2305 1157 2428 1223 Οὐχ
2460 1156 2646 1220 οὕτως
2677 1157 2730 1207 οἱ
2756 1153 3010 1218 ἀσεϐεῖς,
3043 1156 3154 1222 οὐχ
3183 1154 3388 1219 οὕτως,
3417 1153 3552 1206 ἀλλ’
3583 1151 3622 1220 ἢ
3659 1149 3802 1206 ὡσεὶ

2225 1247 2390 1316 χοῦς,
2434 1247 2506 1299 ὃν
2544 1247 2801 1315 expiaret
2836 1249 2868 1299 ό
2911 1246 3130 1314 ἄνεμος
3182 1245 3300 1300 ἀπὸ
3343 1245 3666 1314 προσώπου
3695 1242 3806 1313 τῆς

2224 1337 2354 1409 γῆς.
2403 1339 2458 1392 '0
2493 1339 2589 1407 μὲν
2625 1338 2890 1409 μακάριος
2931 1337 3170 1400 τοιοῦτος
3197 1332 3306 1390 οἷον
3346 1338 3374 1389 ό
3405 1337 3559 1406 λόγος
3589 1337 3810 1409 διέγρα-

2223 1429 2353 1500 ψενο
2391 1431 2612 1492 σπάνιος
2650 1429 2704 1482 δὲ
2741 1425 2894 1492 οὗτος
2930 1429 3024 1482 καὶ
3059 1430 3116 1480 ὲν
3155 1428 3357 1497 ὀλίγοις
3397 1429 3804 1500 εὑρισκόμενος.

2224 1518 2413 1571 Πολλοὶ
2454 1519 2510 1572 δὲ
2549 1520 2598 1570 οἱ
2631 1518 2866 1583 ἀσεϐεῖς,
2907 1519 3104 1580 οἵτινες
3149 1519 3222 1582 ὼς
3269 1519 3434 1590 μηδὲν
3477 1518 3688 1588 ἔχοντες
3727 1517 3805 1586 τῷ

2227 1610 2480 1683 μακαρίῳ
2506 1611 2904 1684 διαϐέϐληνται.
2945 1612 3172 1683 Καρπὸν
3203 1611 3312 1682 γὰρ
3341 1611 3672 1682 πρόσκαιρον
3711 1611 3806 1664 καὶ

2226 1702 2535 1764 σκεδαστὸν,
2553 1704 2645 1756 καὶ
2665 1702 3032 1774 ἀπολλύμενον
3055 1704 3403 1774 κτησάμενοι,
3427 1703 3710 1771 γεγόνασιν
3729 1703 3805 1767 ὡς

2223 1795 2257 1847 ό
2271 1793 2418 1862 χοῦς
2438 1793 2509 1846 ὃν
2523 1794 2782 1860 ἐνρίπτει
2797 1797 2829 1848 ὀ
2846 1795 3063 1862 ἄνεμος
3082 1795 3199 1848 ἀπὸ
3219 1793 3539 1861 προσώπου
3555 1792 3661 1860 τῆς
3673 1793 3804 1862 γῆς.

616 1881 782 1938 Vens.
829 1883 880 1938 5.
927 1882 1056 1938 Ideo
1107 1903 1210 1939 non
1261 1895 1530 1956 resurgent
1579 1887 1728 1954 impii
1779 1887 1834 1940 in
1879 1885 2120 1955 judicio,

2293 1879 2396 1938 Διὲι
2423 1885 2598 1938 τοῦτο
2630 1888 2740 1939 οὐκ
2763 1887 3210 1951 ἀναστήσονται
3241 1887 3476 1952 ἀσεϐεῖς
3498 1887 3565 1939 ἐν
3589 1888 3804 1954 κρέ’σει,

546 1992 708 2046 neque
734 1986 1030 2042 peceatores
1059 1977 1112 2030 in
1141 1979 1366 2032 concilio
1392 1979 1686 2048 justarum.
1715 1976 1772 2032 In
1809 1979 2119 2043 communi,

547 2064 720 2128 illud,
769 2066 822 2118 iu
873 2067 1098 2120 concilio
1149 2066 1412 2132 iustm'mn
1457 2067 1730 2138 accipias,
1777 2067 1852 2120 ita
1899 2075 1958 2120 ut
2007 2067 2122 2122 haec

546 2157 821 2212 sententia
851 2157 1013 2214 fuerit
1039 2177 1050 2212 :
1085 2157 1538 2229 Quandoquidem
1566 2159 1702 2214 nihil
1732 2159 1930 2222 fertile,
1957 2158 2124 2214 vitale

543 2250 716 2315 nihil,
749 2265 924 2318 neque
951 2250 1186 2307 fructum
1213 2251 1316 2308 Deo
1339 2251 1596 2321 dignum,
1622 2252 1836 2322 qualem
1859 2250 2124 2306 dederunt

541 2343 708 2412 justi,
743 2343 894 2414 impii
925 2346 1234 2415 protulere;
1267 2345 1388 2400 ideo
1417 2345 1472 2400 in
1501 2344 1693 2414 judicii
1725 2352 2000 2413 tempore,
2033 2359 2122 2396 ue-

542 2451 641 2506 que
669 2445 969 2504 peccatores
1007 2438 1060 2491 in
1094 2437 1322 2492 concilio
1347 2437 1618 2506 justorum
1656 2442 1966 2505 rcsurgent.
2015 2433 2122 2488 Pro

543 2527 784 2582 concilio
813 2537 994 2584 autem
1025 2529 1219 2600 Aquila
1255 2537 1308 2584 et
1340 2529 1643 2584 Theodotio
1677 2544 2005 2597 synagogam
2036 2526 2121 2580 in-

542 2620 826 2688 terpretati
854 2629 1020 2688 sunt;
1055 2620 1416 2692 Symmachus
1439 2635 1590 2683 vero,
1621 2627 1948 2673 conzseutum.
1974 2616 2121 2672 Con-

543 2712 732 2766 cilium
769 2712 934 2782 igitur
968 2711 1058 2765 hic
1093 2713 1366 2784 intelligas
1402 2718 1732 2767 conventum
1764 2717 2080 2764 sanctorum
2101 2748 2117 2772 ,

543 2815 604 2857 ut
643 2803 700 2857 in
737 2803 1009 2874 principio
1045 2803 1251 2858 dictum
1292 2811 1396 2860 est.
1435 2801 1812 2874 Oppositoque
1847 2816 2014 2856 sensu
2053 2801 2122 2855 il-

543 2895 635 2950 lud
655 2937 671 2963 ,
705 2897 762 2950 iu
793 2897 1016 2952 concilio
1047 2897 1330 2966 impiorum
1350 2937 1364 2961 ,
1395 2911 1494 2966 pro
1523 2903 1794 2950 conventu
1827 2894 2120 2964 impiorum

542 2987 806 3057 accipias.
842 2987 1112 3043 Caeterum
1149 2995 1438 3058 resurgant
1473 2987 1574 3056 ipsi
1612 3001 1830 3056 quoque.
1854 3026 1869 3051 ,
1907 2985 2004 3041 sed
2051 2985 2118 3040 ad

543 3093 760 3148 pomum
789 3088 952 3150 atque
983 3081 1349 3152 supplicium:
1387 3079 1530 3134 Nam
1567 3089 1758 3134 cuncta
1791 3095 1909 3150 quia
1942 3079 2078 3147 ﬁunt
2101 3117 2116 3142 ,

545 3169 769 3224 adducet
807 3171 950 3226 Deut
1001 3173 1058 3226 in
1095 3171 1363 3240 judicium
1413 3188 1508 3241 pro
1560 3187 1702 3224 omni
1751 3179 1965 3232 errato,
2017 3169 2121 3222 sive

543 3261 738 3314 bonum
778 3263 886 3316 sive
913 3265 1118 3318 malum
1145 3263 1279 3318 illud
1309 3264 1470 3334 fuerit
1504 3265 1544 3319 ³.
1585 3263 1900 3318 Notandum
1941 3271 2122 3315 autem

543 3361 655 3416 est,
694 3355 932 3424 primum
983 3355 1238 3411 Davidem
1289 3357 1750 3412 resurrectionem
1792 3363 1846 3409 et
1879 3353 2124 3406 futurum

541 3453 664 3510 post
712 3444 1168 3499 resurrectionem
1203 3445 1493 3514 judicium,
1525 3461 1741 3501 necnon
1772 3444 1970 3497 futura:
2002 3443 2126 3496 vita:

543 3535 1003 3604 promissionem,
1063 3546 1244 3607 aperte
1290 3538 1598 3594 docuisse:
1655 3535 1870 3606 Moyses
1925 3533 2126 3603 quippe

543 3625 678 3680 nihil
715 3625 1024 3695 hujusmodi
1057 3629 1266 3698 uspiam
1297 3627 1544 3682 tradidit.

619 3717 785 3776 Vsus.
826 3720 877 3774 6.
922 3721 1188 3786 Quoniam
1243 3721 1385 3776 novit
1439 3720 1702 3774 Dominus
1753 3718 1892 3770 viam
1941 3717 2122 3786 justo-

541 3826 700 3876 rum,
773 3823 820 3866 et
879 3814 978 3867 iter
1035 3815 1318 3883 impiorum
1373 3811 1586 3882 peribit.
1645 3808 1742 3864 Hic
1815 3806 2120 3878 generatim

541 3911 698 3958 notes
754 3903 951 3967 velim,
1019 3904 1220 3960 bonum
1275 3903 1496 3973 quidem
1547 3900 1779 3954 Domino
1837 3898 2117 3969 cognitum

541 4011 698 4060 esse,
735 3995 830 4050 sed
863 3996 1068 4050 malum
1107 3996 1452 4064 neutiquam.
1490 3991 1638 4046 Bona
1674 3991 1873 4061 quippe
1903 3998 1990 4046 est
2023 3991 2118 4060 ju-

543 4096 756 4140 storum
791 4086 910 4151 via,
942 4101 1119 4155 neque
1167 4085 1412 4142 dicitur:
1456 4081 1617 4137 Novit
1663 4080 1926 4137 Dominus
1979 4082 2120 4134 viam

543 4179 836 4249 impiorum
863 4219 876 4240 ,
907 4179 1160 4232 videlicet
1188 4191 1380 4231 eorum
1415 4175 1504 4244 qui
1537 4176 1592 4229 in
1623 4174 1919 4244 perniciem
1952 4181 2117 4240 eunt;

545 4271 642 4326 sed
671 4289 682 4324 :
719 4269 882 4324 Novit
917 4269 1179 4322 Dominus
1211 4269 1298 4336 qui
1332 4276 1454 4320 sunt
1483 4267 1595 4334 ejus
1633 4267 1674 4320 ‘.
1705 4265 1990 4320 Justorum
2025 4281 2122 4319 au-

544 4375 648 4419 tem
686 4364 772 4418 via
805 4372 888 4420 est
924 4365 972 4418 is
1004 4361 1098 4432 qui
1130 4361 1269 4415 dixit
1301 4380 1313 4415 :
1355 4359 1468 4430 Ego
1499 4377 1613 4414 sum
1645 4361 1726 4414 via
1758 4362 1778 4392 ⁵
1811 4377 1827 4425 ;
1857 4369 1910 4412 et
1939 4359 2072 4414 illud
2103 4380 2114 4414 :

553 4455 732 4512 Videte
759 4473 878 4526 quia
910 4457 980 4511 sit
1015 4456 1100 4509 via
1131 4453 1268 4506 bona
1289 4454 1330 4507 “.
1363 4453 1494 4508 Haec
1527 4455 1744 4524 respicit
1781 4456 2048 4524 psalmus.

966 4565 1292 4623 PSALMUS
1361 4563 1569 4620 DAVID
1627 4565 1690 4620 ll.

1003 4679 1326 4748 Explauatio
1359 4681 1555 4750 psalmi
1594 4696 1654 4736 ιι.

611 4798 780 4853 Vsus.
812 4802 860 4850 i.
897 4797 1075 4863 Quare
1106 4797 1430 4866 fremuerunt
1460 4807 1670 4867 gentes,
1709 4806 1759 4851 et
1801 4794 1984 4864 populi
2017 4810 2123 4846 me-

541 4890 702 4944 ditati
733 4899 856 4943 sunt
891 4891 1122 4945 inania?
1154 4889 1502 4960 Prophctiam
1538 4889 1724 4952 aﬂert,
1759 4903 1868 4958 qua
1914 4883 2124 4939 Christi

543 4981 809 5036 adventus
839 4984 1154 5036 enuntiat-ur
1179 5001 1193 5050 ;
1223 4999 1330 5053 qun
1354 4990 1512 5052 pacto
1539 4981 1750 5036 scilicet
1779 4980 2025 5032 futurum
2054 4975 2126 5029 sit

545 5079 606 5126 ut
649 5070 962 5128 Judzeorum
1011 5074 1225 5130 insidiis
1274 5081 1580 5144 appetatur,
1621 5071 1975 5140 gentiumque
2006 5079 2124 5116 om-

549 5164 694 5218 nium
727 5163 1062 5230 dominetur,
1094 5174 1148 5220 et
1179 5171 1448 5234 quotquot
1481 5163 1535 5216 in
1567 5174 1692 5215 eum
1731 5157 1987 5210 fiduciam
2023 5153 2122 5205 ha-

545 5256 780 5320 bebunt,
814 5258 934 5326 ejus
967 5273 1134 5329 opera
1171 5257 1356 5312 felices
1387 5253 1646 5309 evadunt.
1683 5249 1905 5302 Prinius
1939 5247 2123 5313 itaque

540 5350 788 5420 psalmus
823 5367 984 5420 parce
1019 5352 1250 5421 loquens
1301 5363 1470 5403 unum
1512 5345 1780 5399 duntaxat
1830 5340 1924 5408 qui
1971 5337 2120 5391 salu-

536 5455 644 5498 tem
701 5455 1036 5500 consecutus
1082 5453 1164 5498 est
1217 5443 1436 5496 beatum
1493 5435 1792 5506 praedicat;
1849 5431 1938 5484 hic
1987 5443 2120 5480 vero

537 5537 786 5604 psalmus
821 5537 887 5589 ad
927 5535 1240 5590 felicitatem
1275 5528 1686 5586 multitudinem
1721 5532 1898 5576 vocat.
1937 5517 2118 5588 Siqui-

531 5627 652 5682 dem
689 5629 938 5683 omnium
971 5642 1081 5681 una
1128 5625 1374 5696 gentium
1415 5621 1762 5676 vocationem
1805 5613 2122 5682 counplecti-

534 5731 644 5780 llu'.
684 5737 966 5792 regnaque
991 5729 1155 5774 terrm
1182 5717 1376 5770 invitat
1407 5712 1474 5766 ad
1503 5710 1756 5764 salutem.
1795 5703 1921 5778 ilice
1951 5718 2118 5772 porro

533 5817 672 5864 bona
725 5827 824 5882 per
871 5811 1154 5864 Christum
1201 5803 1516 5858 hominibus
1565 5798 1870 5852 obventura
1919 5808 2114 5847 conse-

605 5927 626 5955 ³
667 5927 849 5980 Eccle.
885 5941 981 5984 xu.
1011 5927 1093 5978 14.
1171 5926 1190 5953 ³
1231 5920 1272 5972 ll
1306 5919 1446 5976 Tim.
1485 5933 1554 5982 ιι,
1593 5916 1678 5969 19.

1759 5915 1780 5946 ⁵
1816 5911 1974 5966 Joan.
2008 5925 2126 5973 xw,
2165 5907 2220 5962 6.

2221 1973 2364 2030 οὐδὲ
2393 1975 2724 2042 ἁμαρτωλοὶ
2753 1975 2823 2027 ἐν
2864 1973 3070 2041 ,βουλῇ
3115 1974 3376 2027 δικαίων.
3422 1976 3577 2028 Κατὰ
3627 1975 3805 2027 κοινοῦ

2221 2065 2300 2131 τὸ,
2331 2067 2401 2118 ἐν
2433 2063 2638 2134 ,ϐουλῇ
2659 2065 2920 2130 δικαίων,
2951 2063 3235 2127 ἀκούσεις·
3271 2065 3346 2128 ὡς
3379 2061 3516 2119 εἶναι
3556 2064 3652 2135 τὴν
3683 2066 3800 2118 διὰ-

2219 2173 2368 2210 νοιαν
2396 2153 2648 2226 τοιαύτην
2670 2173 2684 2186 ν
2715 2156 2865 2208 Ἐπεὶ
2901 2155 3066 2226 μηδὲν
3121 2157 3339 2227 γόνιμον
3385 2157 3518 2226 μηδὲ
3557 2155 3806 2220 ζωτικὸν,

2222 2250 2335 2303 ἀλλ’
2367 2249 2487 2302 οὐδὲ
2527 2249 2737 2317 καρπὸν
2770 2247 2906 2300 Θεοῦ
2939 2247 3085 2314 ἄξιον
3123 2252 3236 2312 τοῖς
3268 2250 3494 2316 δικαίοις
3527 2251 3808 2318 παραπλη-

2224 2343 2352 2405 σίως
2381 2345 2430 2396 οἱ
2469 2343 2689 2406 ἀσεϐεῖς
2741 2343 3175 2414 προηνέγκαντο,
3205 2340 3291 2393 διὰ
3327 2341 3484 2394 τοῦτο
3523 2343 3579 2394 ὲν
3607 2341 3684 2411 τῷ
3711 2341 3808 2410 τῆς

2222 2434 2454 2504 κρίσεως
2499 2433 2698 2505 καιρῷ,
2739 2434 2878 2486 οὔτε
2920 2437 2974 2486 οἱ
3022 2431 3352 2501 ἁμαρτωλοὶ
3384 2431 3455 2484 ἐν
3484 2429 3688 2498 βουλῇ
3719 2429 3808 2482 δι-

2222 2527 2407 2580 καίων
2439 2527 2858 2596 ἀναστήσονται.
2905 2525 3052 2578 Ἀντὶ
3083 2525 3139 2578 δὲ
3169 2523 3361 2594 βουλῆς
3383 2525 3408 2576 ό
3445 2524 3542 2593 μὲν
3581 2521 3808 2584 Ἀκύλας

2224 2619 2318 2670 καὶ
2347 2619 2375 2669 ό
2400 2617 2692 2670 Θεοδοτίων
2715 2615 3078 2686 συναγωγὴν
3101 2613 3495 2686 ἡρμηνεύκασι,
3525 2613 3810 2667 συνέλευ-

2221 2726 2326 2763 σιν
2353 2709 2410 2763 δὲ
2449 2711 2478 2762 ὁ
2508 2709 2822 2780 Σύμμαχος.
2859 2707 3060 2778 Βουλὴν
3090 2708 3269 2761 τοίνυν
3316 2709 3545 2778 ἡγητέον
3577 2705 3811 2760 ἐνταῦθα

2222 2803 2472 2875 εἰρῆσθαι
2511 2803 2610 2874 τὴν
2643 2802 2860 2855 σύνοδον
2885 2801 2990 2853 τῶν
3021 2800 3210 2868 ἁγίων,
3240 2800 3314 2862 ὡς
3355 2799 3448 2852 καὶ
3475 2801 3531 2851 ὲν
3563 2799 3704 2868 ἀρχῇ
3732 2798 3811 2849 εῖ-

2226 2915 2408 2971 ρηται.
2443 2897 2598 2951 Κατὰ
2632 2895 2891 2966 δευτέραν
2912 2894 3148 2949 διάνοιαν
3177 2892 3274 2962 τὴν
3305 2891 3520 2945 σύνοδον
3549 2890 3655 2944 τῶν
3683 2891 3812 2943 ἀσε-

2223 2991 2333 3044 ϐῶν
2366 2989 2656 3063 δηλοῦσθαι
2689 2991 2755 3042 ἐκ
2783 2988 2878 3042 τοῦ
2907 2989 2976 3043 ἐν
2997 2985 3203 3054 ,βουλῇ
3232 2983 3485 3040 ἀσεϐῶν.
3511 2984 3657 3054 Πλὴν
3685 2984 3812 3036 ἀνα-

2225 3087 2512 3156 στήσονται
2559 3085 2651 3138 ὲπὶ
2697 3083 2916 3138 κολάσει
2965 3082 3060 3136 καὶ
3111 3078 3372 3151 τιμωρίᾳ·
3417 3077 3547 3132 Πᾶν
3587 3077 3697 3146 γὰρ
3740 3075 3810 3128 τὸ

2225 3178 2448 3245 ποίημα
2469 3175 2598 3240 ἄξει
2623 3179 2654 3232 ό
2687 3174 2832 3238 Θεὸς
2857 3177 2944 3240 εις
2973 3174 3178 3241 κρίσιν
3201 3171 3261 3224 ἐν
3303 3168 3480 3221 παντὶ
3510 3179 3813 3234 παρεωρα-

2220 3270 2400 3340 μένῳ,
2431 3269 2540 3324 ἐὰν
2563 3287 2624 3324 τε
2666 3268 2892 3337 ἀγαθὸν
2917 3263 2977 3338 ἦ,
3015 3266 3124 3320 ἐάν
3152 3283 3214 3318 τε
3255 3264 3539 3331 πονηρόν.
3572 3261 3644 3332 Ση
3655 3261 3814 3331 μείω-

2228 3384 2316 3419 σαι
2353 3366 2430 3425 δὲ,
2472 3366 2552 3418 ὅτι
2601 3364 2816 3434 πρῶτος
2850 3361 3010 3415 Δαυῖδ
3049 3362 3144 3414 καὶ
3171 3359 3464 3414 ἀνάστασιν
3509 3355 3602 3408 καὶ
3629 3353 3817 3420 κρίσιν

2230 3455 2366 3528 μετὰ
2393 3456 2490 3527 τὴν
2525 3456 2818 3509 ἀνάστασιν
2850 3451 3140 3522 ἐσομένην,
3175 3451 3268 3503 καὶ
3300 3446 3628 3516 ἐπαγγελίαν
3661 3439 3809 3514 gini;

2230 3548 2526 3620 μελλούσης
2559 3547 2744 3616 σαφῶς
2784 3545 3008 3612 ἐδίδαξε,
3053 3543 3328 3604 Μωῦσέως
3363 3538 3527 3610 μηδὲν
3573 3535 3818 3590 τοιοῦτον

2227 3641 2690 3702 παραδεδωκότος.

2300 3735 2418 3784 Ὅτι
2469 3732 2746 3801 γινώσκει
2790 3733 3006 3800 Κύριος
3038 3729 3182 3784 ὁδὸν
3222 3726 3486 3788 δικαίων,
3531 3723 3628 3777 καὶ
3669 3721 3817 3788 ὁδός

2225 3825 2460 3880 ἀσεϐῶν
2491 3823 2820 3879 ἀπολεῖται.
2869 3823 3179 3894 Σημείωσαι
3219 3815 3544 3878 καθολικῶς.
3595 3817 3676 3869 ὃτι
3706 3831 3817 3866 κα-

2225 3917 2314 3970 λὸν
2366 3919 2461 3988 μὲν
2510 3915 2837 3986 γινώσκεται
2891 3914 2996 3966 ὑπὸ
3039 3910 3265 3982 Κυρίου,
3317 3906 3518 3976 φαῦλον
3564 3907 3620 3959 δὲ
3657 3905 3816 3958 οὐδὲν

2224 4011 2498 4064 οὐδέποτε.
2558 4008 2736 4062 Καλὸν
2775 4007 2884 4078 γὰρ
2933 4004 3049 4066 ὁδὸς
3095 4000 3336 4061 δικαίων,
3369 3999 3462 4050 καὶ
3505 3999 3604 4052 οὐκ
3646 3993 3770 4050 εἷπε
3798 4014 3814 4028 ·

2224 4101 2483 4154 Γινώσκει
2524 4098 2732 4170 Κύριος
2760 4097 2878 4150 ὁδὸν
2923 4092 3154 4152 ἀσεϐῶν,
3197 4090 3312 4160 ἦτοι
3353 4088 3460 4141 τῶν
3503 4088 3820 4158 ἀπολλυμέ-

2225 4212 2357 4248 νων·
2391 4193 2556 4247 ἀλλά·
2591 4193 2698 4246 Καὶ
2740 4191 2893 4259 ἔγνω
2941 4186 3154 4251 Κύριος
3194 4181 3337 4247 τοὺς
3379 4181 3559 4246 ὄντας
3601 4181 3818 4233 αὑτοῦ.

2237 4287 2382 4350 Ὁδὸς
2424 4287 2480 4340 δὲ
2523 4285 2766 4346 δικαίων,
2802 4283 2829 4334 ὁ
2859 4277 3058 4331 εἰπών’
3101 4273 3240 4344 Ἐγώ
3277 4278 3389 4344 εἰμι
3427 4277 3464 4341 ὴ
3509 4273 3684 4338 ὁδός·
3719 4274 3821 4326 καὶ

2222 4379 2285 4432 τό
2305 4397 2317 4410 ·
2351 4377 2530 4432 Ἴδετε
2555 4377 2695 4428 ποία
2723 4372 2896 4426 ἐστὶν
2919 4371 2957 4437 ἡ
2983 4366 3122 4433 ὁδὸς
3145 4368 3182 4434 ἡ
3209 4365 3420 4437 ἀγαθή.
3453 4366 3575 4417 Ἐπὶ
3602 4365 3820 4416 τούτων

2233 4470 2582 4540 ἀναφέρεται.

2659 4578 2950 4629 ΨΛΛΜΟΣ
2976 4575 3062 4643 Τῼ.
3089 4561 3286 4623 ΔΛΥΪΔ
3319 4569 3390 4620 Β’.

2667 4667 2989 4735 Ἐξήγησις
3031 4659 3274 4731 ψαλμοῦ
3299 4661 3379 4723 β’.

2303 4789 2427 4840 Ἵνα
2470 4787 2527 4838 τί
2571 4782 2880 4852 ἐφρύαξαν
2917 4781 3083 4844 ἔθνη,
3131 4775 3228 4829 καὶ
3263 4773 3396 4828 λαοὶ
3435 4769 3828 4839 ἐμελέτησαν

2231 4877 2423 4940 uerri;
2489 4874 2832 4948 Προφητείαν
2901 4869 3138 4941 ἐντίθησι
3205 4863 3435 4938 Χριστοῦ
3503 4866 3826 4938 παρουσίας

2227 4967 2733 5040 προσαγορευτικήν
2755 4984 2766 4995 ·
2804 4965 2898 5019 καὶ
2926 4965 3000 5028 ὡς
3031 4963 3136 5014 ὑπὸ
3167 4957 3430 5014 Ἰουδαίων
3463 4954 3562 5024 μὲν
3591 4956 3793 5012 ὲπιϐου
3811 4991 3830 5001 ο

2225 5059 2569 5130 λευθήσεται,
2619 5058 2886 5128 κρατήσει
2929 5053 2985 5105 δὲ
3035 5052 3140 5105 τῶν
3181 5048 3349 5103 ἐθνῶν
3394 5046 3672 5110 ἁπάντων,
3723 5055 3828 5104 καὶ

2224 5155 2298 5216 ὼς
2325 5153 2390 5206 δι’
2435 5151 2600 5204 αὐτοῦ
2632 5149 2829 5210 πάντες
2881 5147 3138 5216 μακάριοι
3170 5144 3380 5196 ἔσονται
3411 5142 3458 5192 οἱ
3488 5140 3825 5198 πεποιθότες

2224 5247 2310 5298 ἐπ’
2341 5243 2506 5314 αὐτῷ.
2553 5244 2610 5294 Ὀ
2645 5241 2740 5311 μὲν
2767 5235 2860 5292 οὖν
2888 5236 3100 5308 πρῶτος
3129 5233 3342 5306 ψαλμὸς
3389 5231 3484 5283 ἕνα
3523 5229 3648 5281 τινὰ
3683 5248 3826 5285 σπα-

2229 5337 2356 5394 νίως
2389 5334 2690 5404 σωζόμενον
2722 5330 3052 5402 ἐμακάριζεν
3071 5347 3083 5358 ·
3107 5331 3134 5381 ὁ
3164 5329 3220 5380 δὲ
3250 5323 3438 5394 παρὼν
3461 5321 3598 5392 ὁμοῦ
3629 5323 3824 5393 πλήθη

2231 5425 2386 5478 καλεῖ
2427 5425 2517 5476 ἐπὶ
2563 5423 2654 5476 τὸν
2707 5420 3053 5492 μακαρισμὸν
3080 5435 3091 5446 -
3144 5414 3264 5466 ἐπεὶ
3314 5409 3405 5462 καὶ
3463 5407 3658 5476 κλῆσιν
3703 5410 3826 5464 τῶν

2231 5514 2399 5568 ἐθνῶν
2430 5515 2679 5568 ἁπάντων
2718 5514 2982 5586 περιέχει,
3015 5508 3110 5561 καὶ
3139 5503 3235 5563 τὰς
3269 5498 3549 5569 βασιλείας
3577 5498 3678 5568 τῆς
3709 5501 3826 5570 γῆς

2231 5605 2324 5657 ἐπὶ
2367 5604 2465 5676 τὴν
2510 5606 2780 5676 σωτηρίαν
2829 5601 3002 5656 καλεῖ.
3050 5593 3232 5648 Ταῦτα
3272 5590 3327 5640 δὲ
3377 5588 3555 5640 πάντα
3596 5587 3688 5641 διὰ
3719 5591 3824 5644 τοῦ

2229 5697 2463 5770 Χριστοῦ
2487 5695 2979 5770 προξενηθήσεσθαι
3007 5685 3311 5758 ἀνθρώποις
3334 5679 3578 5742 θεσπίζει
3603 5682 3820 5756 σφόδρα

2224 5790 2549 5852 ἀκολούθως.
2601 5789 2746 5842 Ἔδει
2791 5787 2899 5858 γὰρ
2944 5783 3086 5854 ἡμεῖς
3137 5771 3635 5848 προμεμαθηκάτας
3683 5777 3808 5846 περ’

2300 5909 2319 5938 ⁶
2357 5905 2551 5962 Jerem.
2595 5922 2666 5970 νι,
2709 5905 2804 5958 16.
