4086 6536
252 441 312 494 ει
677 512 687 526 ,
1382 433 1878 488 COMMENTARIA
1923 433 1986 489 IN
2031 431 2366 487 I’SALl-lOS.
3435 435 3508 487 δὲ

253 557 354 610 τῶν
395 557 487 612 δύο
517 557 668 620 ὁδῶν,
702 557 828 627 ἑξῆς
873 557 965 610 καὶ
1007 549 1074 608 τὰ
1115 553 1242 626 περὶ
1270 553 1364 606 τοῦ
1409 555 1656 624 Σωτῆρος
1705 572 1828 608 παι-

1934 566 2164 623 quenter
2204 554 2493 609 admodum
2537 551 2888 606 vaticinatur.
2932 549 3036 604 Par
3070 552 3212 604 enim
3251 561 3365 605 erat
3403 570 3503 608 nus

253 647 499 718 δευθῆναι
520 665 533 678 ο
567 649 633 701 δι’
658 641 720 701 οὗ
752 649 952 711 πάντες
982 646 1256 718 ἄνθρωποι
1301 647 1396 716 τὴν
1425 648 1521 716 μὲν
1551 645 1658 698 τῶν
1703 648 1826 699 ἀσε-

253 739 364 794 ϐῶν
392 741 507 794 ὁδὸν
535 741 817 811 ἐξέφυγον,
846 740 1032 810 ἔτυχον
1059 739 1113 791 δὲ
1145 740 1248 809 τῆς
1281 739 1400 792 ὀδοῦ
1435 739 1534 808 τῆς
1558 738 1825 809 σωτηρίου

250 831 338 886 διὰ
367 834 462 904 τῆς
493 835 571 896 εἰς
601 833 764 886 αὑτὸν
801 833 1058 895 πίστεως·
1092 832 1121 884 ὃ
1152 830 1216 901 δὴ
1247 831 1572 902 παρίστησιν
1603 831 1826 900 φάσκων

257 951 282 975 υ
309 923 482 992 λόγος⁵
503 921 1028 991 Μακάριοιπὰντες
1043 925 1097 975 οἱ
1117 923 1467 988 πεποιθότες
1501 924 1587 988 εἰς
1621 923 1823 975 αὐτόν.

1934 647 2001 702 de
2057 647 2273 702 duabus
2334 647 2438 699 viis
2492 646 2644 715 prius
2698 644 3036 707 instructos,
3094 659 3156 696 ea
3215 660 3334 714 qua:
3387 642 3505 696 Sal-

1933 749 2176 795 vatorem
2241 744 2492 808 spectant
2550 735 2804 804 deinec-ps
2857 735 3140 800 ediscere;
3197 749 3292 804 per
3342 749 3503 804 quem

1938 847 2129 886 omnes
2181 831 2428 885 homines
2477 845 2601 882 cum
2650 829 2939 897 impiorum
2984 828 3124 881 viam
3170 827 3502 898 effugerunt,

1935 931 2049 977 tum
2092 923 2232 977 viam
2280 924 2571 977 salutarem
2603 936 2696 991 per
2739 918 2896 974 iidem
2947 919 3001 972 iu
3047 919 3224 989 ipsum
3273 918 3504 990 ingressi

255 1024 420 1080 sunt;
469 1015 610 1084 quod
657 1015 801 1069 hisce
843 1015 1021 1069 verbis
1068 1013 1417 1069 declaratur:
1455 1014 1603 1066 Beati
1635 1031 1814 1067 omnes
1849 1018 1939 1083 qui
1980 1014 2254 1084 conﬁdunt
2296 1017 2348 1067 in
2389 1032 2468 1068 eo.

324 1133 724 1199 Παρέστησαν
762 1133 815 1183 οἱ
851 1131 1135 1196 ,βασιλεῖς
1167 1129 1276 1197 τῆς
1319 1128 1450 1198 τῆς,
1494 1131 1589 1184 καὶ
1644 1134 1699 1184 οἱ
1729 1130 1830 1200 ἄρα

257 1241 469 1293 χοντες
497 1221 895 1290 συνήχθησαν
940 1222 1038 1274 ἐπὶ
1085 1222 1150 1274 τὸ
1181 1223 1327 1275 αὐτὸ
1371 1223 1519 1276 κατὰ
1566 1223 1671 1276 τοῦ
1713 1227 1831 1276 Κυ-

246 1318 388 1382 ρίου
431 1314 528 1368 καί
559 1314 707 1367 κατὰ
740 1313 842 1367 τοῦ
871 1314 1128 1382 Χριστοῦ
1161 1313 1365 1368 αὐτοῦ.
1401 1315 1590 1384 Σωτὴρ
1624 1315 1833 1386 ἀνθρώ-

257 1424 379 1470 ποις
409 1407 796 1476 ἐπιδεδήμηκεν
828 1407 857 1460 6
898 1406 1131 1477 Χριστὸς
1173 1405 1267 1458 τοῦ
1294 1405 1460 1459 Θεοῦ·
1500 1406 1692 1477 Σωτὴρ
1734 1409 1828 1460 xui

259 1499 478 1569 φωστὴρ
508 1497 612 1550 τῶν
644 1497 812 1550 ἐθνῶν
841 1497 1117 1559 ἁπάντων,
1163 1497 1480 1562 διδασκαλος
1528 1499 1830 1564 εὐσεϐείας,

255 1588 605 1660 σωφροσύνης
624 1587 974 1660 καθηγεμὼν,
998 1588 1340 1660 δικαιοσύνης
1354 1590 1614 1661 ἀρχηγὸς,
1633 1591 1832 1662 ἀρετῆς

252 1678 469 1748 ἁπάσης
500 1680 591 1731 καὶ
637 1679 966 1746 θεογνωσίας
1003 1678 1237 1751 ἀληθοῦς
1277 1679 1468 1742 αἴτιος.
1521 1681 1584 1732 Τί
1617 1681 1672 1734 δὲ
1709 1678 1826 1746 οὖν,

253 1771 406 1839 φησι,
439 1771 766 1840 ταράττεται
790 1769 856 1822 τὰ
887 1769 1012 1840 ἔθνη
1046 1770 1138 1822 ἐπὶ
1170 1772 1236 1841 τῇ
1260 1769 1365 1822 τῶν
1388 1771 1654 1823 τοσούτων
1690 1773 1829 1840 ἀγα-

253 1859 360 1913 θῶν
416 1861 720 1932 παρουσία;
768 1863 829 1915 Εἰ
876 1861 932 1914 δὲ
982 1861 1075 1914 xui
1122 1861 1412 1933 πληρωτὴς
1466 1861 1690 1932 ἐλήλυθε
1738 1866 1832 1917 τοῦ

252 1952 520 2015 Μωῦσέως
558 1953 742 2024 νόμου,
781 1952 972 2022 ῶσπερ
1012 1947 1105 2005 οὖν
1151 1952 1312 2015 αὐτὸς
1355 1951 1594 2007 διδάσκει
1626 1953 1829 2022 λέγων·

255 2046 376 2096 Οὐκ
410 2039 602 2113 ἦ.ίοον
644 2041 980 2096 καταλῦσαι
1015 2043 1118 2094 τὸν
1156 2044 1362 2111 νόμον,
1401 2042 1561 2097 ἀλλὰ
1598 2045 1835 2111 πληρῶ-

251 2153 376 2199 σαι,
425 2137 521 2188 καὶ
562 2135 630 2188 τὰ
664 2135 769 2188 τῶν
803 2133 1093 2206 προφητῶν
1137 2135 1291 2203 λόγια
1327 2136 1392 2189 δι’
1438 2136 1604 2189 αὑτοῦ
1649 2137 1834 2199 τέλους

255 2226 548 2296 ἐτύγχανε·
585 2225 636 2278 τί
676 2225 732 2278 δὲ
765 2228 811 2278 οἱ
849 2225 1020 2278 ταῦτα
1061 2226 1411 2297 μελετῶντες,
1449 2230 1540 2282 xui
1585 2217 1672 2284 διὰ
1724 2233 1834 2285 στόο

257 2335 424 2387 ματος
465 2317 604 2370 αὐτὰ
655 2317 844 2388 φέρειν
889 2317 1294 2382 σπουδάζοντες,
1335 2321 1383 2372 οἱ
1432 2321 1524 2373 τοῦ
1564 2322 1835 2376 Ἰουδαίων

249 2408 434 2468 ἔθνους
464 2408 583 2460 λαοί
606 2407 842 2478 ματαίαν
864 2408 1186 2479 ἐποιήσαντο
1219 2410 1346 2481 περὶ
1369 2410 1534 2464 αὐτοῦ
1561 2411 1790 2483 μελέτην
1811 2429 1825 2479 ;

263 2499 424 2552 Ἀλλὰ
463 2498 555 2551 xui
587 2500 634 2550 oi
676 2498 796 2551 καθ’
833 2498 962 2567 ὅλης
999 2499 1100 2568 τῆς
1143 2501 1466 2572 οἰκουμένης
1510 2503 1617 2556 τῶν
1658 2503 1829 2556 ἐθνῶν

251 2590 525 2663 ἄρχοντες,
556 2590 688 2642 οἵτε
718 2592 856 2644 κατὰ
886 2593 1112 2662 χρόνους
1139 2592 1377 2662 βασιλεῖς
1408 2595 1508 2664 τῆς
1535 2595 1658 2665 γῆς,
1685 2597 1736 2649 τί
1763 2595 1826 2670 δὴ

250 2681 512 2744 παθόντες
533 2681 723 2747 δεινὸν,
756 2683 788 2754 ἢ
827 2684 879 2736 τί
921 2683 1096 2754 λέγειν
1132 2684 1344 2755 ἔχοντες
1374 2685 1624 2757 διαϐολῆς
1657 2688 1826 2753 ἄξιον,

248 2773 382 2844 ὁμοῦ
425 2774 517 2826 xui
564 2774 705 2828 κατὰ
750 2774 810 2826 τὸ
845 2775 975 2828 αὐτὸ
1009 2777 1181 2847 κακὴν
1221 2777 1423 2848 ταύτην
1474 2779 1828 2844 συνετάξαντο

254 2865 596 2935 συμφωνίαν,
628 2864 704 2927 ὡς
753 2866 882 2936 μίαν
933 2868 1221 2938 ἐπιϐουλὴν
1268 2870 1499 2938 ἀρτῦσαι
1554 2872 1648 2923 καὶ
1698 2872 1828 2942 μίαν

249 2957 420 3027 ἀσεϐῆ
455 2957 679 3028 γνώμην
721 2958 1110 3028 βουλεύσασθαι
1140 2960 1283 3013 κατὰ
1315 2960 1409 3012 τοῦ
1439 2959 1545 3012 τῶν
1574 2961 1710 3013 ὅλων
1741 2962 1828 3014 δε-

252 3047 446 3100 σπότου
481 3065 540 3099 τε
567 3049 659 3100 xui
691 3047 952 3117 βασιλέως
986 3049 1142 3122 Θεοῦ,
1169 3052 1259 3103 xui
1294 3051 1436 3104 κατὰ
1468 3049 1561 3104 τοῦ
1591 3050 1830 3122 Χριστοῦ

248 3138 446 3203 autcf»;
481 3141 546 3194 Οἰ
579 3138 708 3207 γοῦν
749 3141 839 3192 τὸν
867 3140 972 3192 ὑπὸ
1005 3141 1098 3194 τοῦ
1137 3143 1354 3195 πάντων
1385 3143 1587 3213 Κυρόυ
1634 3160 1692 3194 τε
1735 3143 1829 3195 xui

247 3231 380 3284 Θεοῦ
413 3232 820 3302 ἀπεσταλμένον
849 3231 1154 3304 ἀνθρώποις
1183 3235 1408 3306 Σωτῆρα
1445 3234 1825 3305 πολεμοῦντες,

247 3323 561 3386 ἐλαύνοντες
587 3341 644 3376 τε
670 3322 831 3376 αὐτοῦ
854 3325 953 3395 τὴν
980 3324 1327 3380 διδασκαλίαν
1350 3327 1442 3380 καὶ
1470 3325 1567 3396 τὴν
1603 3327 1830 3398 Ἐκκλη-

248 3421 367 3469 σίαν
413 3415 574 3467 αὑτοῦ
602 3417 740 3468 κατὰ
773 3415 995 3486 χρόνους
1025 3417 1311 3482 διώκοντες
1339 3417 1579 3488 βασιλεῖς
1609 3419 1703 3471 xui
1732 3420 1828 3491 ἄρ-

249 3524 434 3576 χοντες
460 3507 556 3578 τῆς
593 3509 694 3578 γῆς
734 3508 1018 3580 λελήθασιν
1051 3511 1111 3563 ού
1150 3511 1308 3580 μόνον
1339 3514 1418 3574 εἰς
1450 3511 1540 3564 τὸν
1571 3510 1825 3582 Χριστὸν,

206 3581 388 3654 ’ἀλλὰ
417 3602 510 3654 xui
557 3603 636 3664 εἰς
681 3602 770 3654 τὸν
798 3603 1176 3657 ἀπεσταλκότα
1201 3603 1363 3656 αὑτὸν
1397 3603 1724 3668 ἐκτείνοντες
1759 3603 1829 3658 τὰ

249 3693 339 3763 τῆς
370 3691 644 3754 ἀσεϐείας.
675 3693 906 3762 Χριστὸν
943 3694 1040 3762 μὲν
1068 3690 1160 3748 οὖν
1188 3695 1444 3765 ὀνομαστὶ
1477 3697 1583 3748 ὑπὸ
1617 3694 1826 3766 ἀνθρώ-

244 3801 364 3838 πων
402 3785 882 3855 ἐπιϐουλευόμενον
924 3785 1111 3854 σαφῶς
1143 3789 1200 3838 ἐν
1240 3787 1447 3850 τούτοις
1475 3789 1502 3839 6
1540 3788 1695 3856 λόγος
1739 3787 1828 3839 θε-

245 3877 450 3938 σπίζει.
491 3875 700 3946 Προϊὼν
729 3875 784 3929 δὲ
815 3877 908 3929 xui
945 3877 1072 3930 Υίὸν
1094 3878 1187 3930 τοῦ
1217 3878 1350 3931 Θεοῦ
1375 3879 1661 3948 ὀνομάζει·
1695 3879 1830 3932 ἀλλὰ

244 3968 339 4020 καὶ
375 3967 572 4037 κλῆρον
596 3967 742 4038 αὐτῷ
766 3968 914 4039 παρὰ
947 3969 1040 4022 τοῦ
1072 3970 1282 4040 Πατρὸς
1307 3969 1625 4038 δοθήσεσθαι
1659 3973 1831 4024 πάντα

239 4059 314 4112 τὰ
356 4059 481 4128 ἔθνη
519 4059 611 4112 xui
652 4059 718 4112 τὰ
752 4060 964 4130 πέρατα
991 4061 1090 4130 τῆς
1127 4061 1230 4130 γῆς
1273 4059 1510 4114 διδάσκει
1535 4079 1547 4092 °
1582 4061 1616 4115 ἃ.
1645 4063 1706 4132 δὴ
1737 4063 1830 4114 ἐπὶ

247 4152 396 4222 μόνῳ
441 4151 518 4220 τῷ
549 4151 800 4223 ἡμετέρῳ
835 4152 1046 4223 Σωτῆρι
1087 4153 1490 4224 πεπληρωμένα
1536 4153 1826 4207 δείκνυται.

257 4241 412 4294 Ἐπεὶ
455 4241 510 4294 δὲ
543 4243 798 4311 γεγόνασι
848 4243 996 4314 παρὰ
1035 4244 1307 4307 Ἰουδαίοις
1349 4246 1440 4298 καὶ
1473 4246 1648 4316 ἕτεροι
1693 4247 1827 4316 Χρι-

245 4334 386 4393 στο“ι,
421 4334 584 4402 ίερεῖς
611 4333 807 4405 δηιλαδὴ
836 4336 928 4387 xui
963 4335 1202 4403 βασιλεῖς
1240 4335 1334 4388 τοῦ
1367 4336 1575 4398 ἔθνους,
1623 4336 1830 4404 σκοπή-

243 4441 362 4487 σεις
403 4425 494 4477 ἐπὶ
534 4426 678 4488 τίνῖος
717 4427 919 4481 τούτων
954 4428 1022 4479 τὰ
1053 4428 1417 4497 θεσπιζόμενα
1447 4427 1790 4497 συμϐέϐηκεν
1811 4445 1824 4457 ·

241 4516 300 4568 εί
319 4523 404 4578 τις
445 4516 538 4568 xui
563 4515 720 4579 ἄλλος
761 4516 1190 4581 ἐπιϐουλεύεται,
1225 4519 1278 4570 εἰ
1302 4535 1384 4580 τις
1414 4517 1540 4580 Υἱὸς
1572 4517 1706 4571 Θεοῦ
1736 4518 1828 4570 κέ-

243 4607 460 4676 κληται,
493 4608 546 4660 εἴ
587 4626 672 4672 τις
720 4608 826 4663 τῶν
859 4608 1026 4662 ἐθνῶν
1068 4611 1322 4663 ἁπάντων
1363 4611 1704 4681 κεκράτηκεν
1731 4628 1743 4640 ο
1781 4610 1834 4662 εἴ

235 4716 330 4761 στις
383 4698 504 4750 καθ’
561 4700 689 4770 ὅλης
744 4702 976 4771 Χριστὸς
1030 4700 1278 4771 ἐγνώσθη
1329 4702 1430 4771 τῆς
1483 4702 1826 4773 οἰκουμένης.

255 4789 394 4842 Ἀλλ’
437 4792 537 4842 οὐκ
591 4790 659 4844 ἂν
699 4791 812 4860 ἔχοι
848 4811 932 4856 τις
969 4796 1142 4847 εἰπεῖν
1169 4811 1182 4824 ·
1236 4794 1393 4863 μόνος
1428 4794 1538 4865 γὰρ
1569 4797 1598 4848 ὁ
1639 4794 1829 4865 Σωτὴρ

241 4881 404 4951 ἡμῶν
452 4883 655 4952 Ἰησοῦς
689 4885 922 4956 Χριστὸς
956 4887 1052 4956 τῆς
1093 4886 1298 4950 οἰκείας
1330 4887 1699 4958 προσηγορίας
1739 4886 1829 4938 τὸν

239 4972 538 5043 σύμπαντα
584 4975 892 5048 κατέπλησε
937 4979 1158 5048 κόσμον,
1198 4978 1537 5051 Χριστιανῶν
1570 4978 1628 5044 ἐξ
1663 4975 1828 5030 αὑτοῦ

2011 1132 2172 1188 Vens.
2214 1133 2264 1186 2.
2305 1134 2596 1186 Astiteruut
2623 1100 2763 1203 rege;
2793 1142 2946 1185 terra:
2966 1171 2980 1194 ,
3011 1140 3059 1185 et
3093 1130 3355 1200 principes
3383 1147 3510 1184 con-

1937 1236 2185 1280 uenerunt
2222 1227 2279 1279 in
2322 1243 2522 1288 unum,
2561 1224 2818 1279 adversus
2856 1223 3138 1277 Dominum
3170 1232 3218 1276 et
3257 1222 3506 1277 adversus

1935 1316 2204 1371 Christum
2226 1316 2359 1385 ejus.
2389 1316 2638 1370 Salvator
2678 1315 2990 1369 hominibus
3020 1313 3236 1368 advenit
3257 1313 3508 1369 Christus

1937 1407 2069 1474 Dei;
2107 1406 2376 1471 Salvator,
2409 1407 2652 1477 inquam,
2677 1415 2730 1459 et
2779 1406 3048 1460 luminare
3094 1405 3347 1476 gentibus
3386 1406 3510 1458 uni-

1934 1498 2141 1564 versis,
2174 1499 2366 1554 doctor
2391 1498 2641 1570 pietatis,
2677 1505 2867 1550 auctor
2903 1497 3306 1565 temperantiae,
3341 1495 3506 1566 justi-

1937 1590 2023 1645 tiae
2059 1590 2290 1645 antistes
2314 1631 2327 1652 .
2358 1591 2604 1644 omnium
2634 1589 2901 1644 virtutum
2937 1603 3002 1641 ac
3035 1587 3233 1642 divinae
3263 1603 3510 1656 veraeque

1935 1681 2264 1750 cognitionis
2296 1695 2484 1735 causa.
2526 1679 2638 1734 Cur
2666 1695 2834 1750 ergo,
2880 1679 3090 1748 inquit,
3134 1694 3232 1748 pro
3274 1688 3352 1732 tot
3391 1687 3508 1731 tan-

1937 1781 2227 1841 torumque
2258 1771 2530 1826 bonorum
2563 1771 2801 1824 adventu
2837 1779 3028 1841 gentes
3065 1771 3512 1824 tumultuantur?

1939 1862 1996 1915 Si
2030 1861 2076 1916 is
2113 1861 2334 1916 advenit
2369 1861 2463 1930 qui
2501 1859 2705 1930 Moysis
2738 1861 2909 1930 legem
2945 1861 3132 1931 implet
3167 1877 3229 1915 ac
3263 1862 3509 1929 perlicit,

1939 1962 1997 2010 ut
2038 1955 2153 2024 ipse
2189 1954 2430 2008 declarat
2475 1953 2559 2006 his
2603 1954 2783 2008 verbis
2821 1970 2834 2008 :
2871 1952 2991 2006 Non
3035 1955 3149 2007 veni
3194 1953 3392 2007 solvere
3424 1954 3505 2008 le-

1935 2061 2084 2116 gem,
2121 2043 2210 2098 sed
2243 2043 2529 2112 adimplere
2561 2046 2606 2109 7;
2651 2045 2696 2099 si
2748 2060 2840 2112 per
2890 2045 3068 2113 ipsum
3108 2045 3332 2097 oracula
3385 2059 3512 2113 pro-

1938 2138 2223 2206 phetarum
2261 2136 2420 2190 tinem
2455 2145 2614 2190 nacta
2649 2144 2779 2190 sunt
2810 2154 2824 2197 ;
2856 2136 2987 2206 quid
3019 2151 3203 2191 causae
3230 2146 3315 2190 est
3345 2150 3445 2190 cur
3474 2135 3508 2189 ii

1935 2228 2029 2297 qui
2064 2228 2178 2283 hate
2210 2228 2572 2290 meditantur.
2606 2229 2722 2284 [nec
2758 2229 2811 2282 in
2855 2243 2950 2282 ore
2999 2228 3141 2283 ferre
3173 2235 3508 2298 procurant,

1933 2318 2147 2376 Judaici
2179 2319 2434 2375 videlicet
2467 2322 2691 2391 populi,
2719 2336 2914 2374 vanam
2947 2321 3215 2377 adversus
3243 2337 3368 2376 eum
3400 2338 3515 2376 me-

1935 2413 2253 2468 ditationem
2286 2421 2339 2469 et
2367 2429 2552 2468 curam
2584 2415 2978 2484 susceperint?
3009 2413 3123 2469 lmo
3152 2429 3282 2470 vero
3314 2415 3516 2486 princi-

1937 2521 2032 2575 pes
2060 2505 2301 2574 gentium
2335 2521 2431 2575 per
2465 2496 2786 2562 universum
2821 2507 3009 2561 orbem
3035 2547 3049 2568 ,
3079 2515 3134 2562 et
3166 2522 3321 2577 reges
3353 2516 3516 2560 terra:

1936 2597 2028 2666 qui
2064 2597 2232 2652 variis
2264 2599 2604 2668 temporibus
2635 2598 2976 2653 dominatum
3019 2599 3307 2654 obtinuere
3328 2639 3342 2662 ,
3377 2601 3508 2668 quid

1936 2704 2100 2759 grave
2142 2691 2420 2761 perpessi,
2462 2707 2696 2760 quamve
2737 2693 3111 2746 calumniandi
3154 2700 3206 2746 et
3249 2693 3510 2762 querendi

1935 2795 2156 2835 causam
2204 2781 2504 2846 habentes,
2551 2797 2658 2836 una
2708 2797 2900 2838 omnes
2944 2785 2998 2837 in
3035 2784 3175 2837 hanc
3209 2784 3512 2853 improbam

1936 2873 2285 2928 concordiam
2322 2873 2540 2928 adducti
2572 2882 2722 2938 sunt,
2755 2883 2810 2927 ut
2861 2874 3091 2930 insidias
3128 2876 3289 2930 simul
3333 2883 3513 2932 strue-

1936 2971 2090 3026 rent,
2126 2963 2467 3032 impiumque
2498 2963 2794 3017 consilium
2845 2963 3045 3017 inirent
3088 2964 3348 3019 adversus
3389 2964 3512 3019 uni-

1936 3071 2154 3110 versum
2207 3053 2492 3108 dominum
2543 3069 2607 3108 ac
2652 3069 2832 3124 regem
2886 3054 3093 3120 Deum,
3146 3063 3200 3109 et
3249 3053 3514 3110 adversus

1935 3145 2214 3202 Christum
2247 3147 2366 3216 ejus
2389 3145 2463 3200 ?Ii
2496 3161 2626 3216 ergo
2654 3146 2749 3216 qui
2783 3145 3044 3201 adversus
3063 3145 3422 3211 Salvatorem,
3445 3149 3514 3201 ah

1936 3240 2177 3293 omnium
2214 3237 2444 3293 Domino
2484 3253 2547 3293 ac
2590 3237 2699 3294 Deo
2730 3238 3043 3293 hominibus
3073 3239 3300 3294 missum
3323 3280 3336 3302 ,
3373 3239 3512 3294 bella

1935 3340 2256 3401 gesserunt,
2307 3330 2511 3401 quique
2556 3330 2861 3384 doctrinam
2911 3330 3031 3399 eius
3067 3330 3313 3385 inser-tati
3345 3336 3511 3389 sunt.

1937 3422 2348 3492 Ecclesiamque
2381 3421 2618 3478 diversis
2659 3423 2999 3491 temporibus
3027 3432 3328 3486 vexarunt,
3357 3436 3514 3491 reges

1935 3515 2194 3568 nimirum
2237 3527 2301 3566 ac
2342 3513 2618 3582 principes
2659 3521 2848 3576 terrai,
2886 3513 3275 3580 ignoraverunt
3306 3527 3364 3566 se
3397 3527 3509 3564 non

1935 3605 2096 3660 modo
2127 3611 2318 3658 contra
2348 3603 2626 3658 Christum
2646 3642 2660 3665 ,
2699 3603 2794 3656 sed
2825 3602 2988 3656 etiam
3019 3601 3285 3656 adversus
3315 3615 3442 3655 eum
3479 3615 3510 3652 a

1934 3712 2044 3766 quo
2089 3696 2293 3750 missus
2324 3693 2577 3749 Christus
2628 3701 2750 3752 est.
2810 3692 3141 3762 impietatem
3190 3690 3508 3746 extendisse

1933 3802 2108 3843 suam.
2136 3786 2412 3841 Christum
2443 3786 2606 3855 igitur
2635 3783 2953 3838 nominatim
2981 3783 3192 3837 insidiis
3227 3782 3509 3836 hominum

1933 3878 2234 3947 appetitum
2258 3917 2272 3940 ,
2309 3883 2494 3946 aperte
2531 3876 2633 3930 hoc
2668 3875 2724 3928 in
2757 3875 3017 3929 vaticinio
3059 3889 3376 3942 expressum
3418 3873 3511 3926 ha-

1933 3971 2125 4024 bemus
2149 3987 2164 4035 ;
2188 3971 2242 4024 in
2269 3968 2622 4038 sequentibus
2647 3978 2826 4022 autem
2846 3965 3017 4021 Filius
3035 3965 3126 4022 Dei
3159 3969 3470 4021 nominatur
3495 3985 3507 4030 ;

1934 4062 2028 4115 sed
2074 4061 2236 4115 etiam
2277 4061 2538 4113 docemur
2583 4067 2772 4130 gentes
2815 4073 3007 4112 oumes
3055 4058 3300 4127 ﬁnesque
3347 4066 3508 4113 terra:

1934 4153 1988 4206 in
2022 4153 2391 4206 luereditatem
2427 4152 2529 4221 ipsi
2562 4148 2591 4204 a
2619 4149 2782 4205 Patre
2806 4149 3096 4204 donandos
3123 4167 3136 4204 :
3169 4165 3292 4219 quae
3323 4152 3508 4204 omnia

1932 4243 1988 4296 in
2027 4257 2136 4295 uno
2172 4241 2454 4296 Salvatore
2486 4249 2675 4294 nostro
2707 4242 2975 4309 completa
3009 4256 3132 4294 esse
3163 4240 3508 4295 demonStra-

1933 4344 2042 4390 tur.
2101 4333 2237 4400 Quia
2282 4350 2415 4388 vero
2461 4332 2605 4404 apud
2648 4331 2866 4387 Juda‘os
2911 4332 3002 4385 alii
3053 4331 3259 4386 Christi
3319 4331 3503 4397 fuere,

1934 4425 2250 4481 sacerdotes
2277 4425 2528 4478 videlicet
2552 4430 2607 4477 et
2634 4439 2790 4494 reges
2817 4423 2999 4493 gentis
3027 4423 3207 4489 illius;
3238 4424 3509 4493 perpende

1933 4517 2065 4570 mihi
2084 4556 2100 4580 ,
2127 4531 2332 4586 quaeso,
2357 4516 2444 4569 cui
2475 4531 2688 4578 eorum,
2721 4516 2919 4584 quasin
2949 4515 3210 4568 vaticinio
3235 4514 3504 4579 feruntur,

1933 4608 2248 4678 contigere:
2285 4623 2416 4661 num
2450 4607 2575 4676 quis
2619 4607 2758 4660 alius
2809 4605 3028 4661 insidiis
3076 4605 3350 4674 appetitus
3392 4607 3504 4666 sit;

1935 4717 2063 4754 num
2101 4701 2223 4769 quis
2257 4699 2426 4754 Filius
2461 4697 2551 4753 Dei
2584 4699 2866 4765 audierit;
2919 4713 3049 4752 num
3091 4699 3217 4768 quis
3252 4697 3505 4766 gentibus

1935 4791 2206 4846 universis
2239 4789 2561 4858 imperarit;
2600 4803 2730 4841 num
2765 4789 2888 4856 quis
2921 4802 3018 4856 per
3061 4788 3376 4842 universum
3415 4803 3507 4842 or-

1934 4884 2052 4938 bem
2085 4891 2143 4936 ut
2173 4882 2428 4935 Christus
2461 4879 2682 4933 habitus
2718 4879 2900 4932 fuerit.
2951 4878 3057 4932 Sed
3096 4879 3366 4934 neminem
3401 4880 3505 4932 hu-

1932 4973 2176 5044 jusmodi
2219 4973 2492 5044 quispiam
2549 4971 2794 5042 proferre
2839 4972 3055 5038 valeat;
3089 4971 3240 5026 solus
3272 4986 3506 5040 namque

242 5067 426 5120 πᾶσαν
477 5068 575 5138 τὴν
622 5070 944 5141 οἰκουμένην
999 5063 1312 5143 πληρώσας,
1378 5073 1474 5128 xui
1531 5073 1623 5125 ἐπὶ
1678 5071 1824 5141 μόνῳ

1935 5066 2182 5120 Salvator
2200 5060 2558 5117 nosterJesus
2575 5061 2824 5116 Christus
2849 5101 2862 5125 ,
2897 5061 2999 5116 hoc
3043 5078 3144 5117 suo
3176 5062 3392 5114 nomine
3422 5071 3503 5113 to-

241 5157 392 5228 αὐτῷ
419 5158 645 5224 ἕκαστος
670 5160 780 5213 τῶν
805 5163 1110 5232 εἰρημένων
1142 5165 1326 5228 τέλους
1359 5166 1564 5235 ἔτυχεν.

1937 5167 2050 5213 tum
2083 5154 2398 5224 adimplevit
2432 5155 2639 5220 orbem,
2673 5153 3146 5208 dumChristianis
3165 5151 3500 5206 suonuminc

240 5251 324 5307 sic
339 5254 545 5308 vocatis
561 5254 872 5309 universam
905 5264 1102 5310 terram
1143 5261 1365 5328 replevit
1397 5279 1408 5313 :
1433 5268 1596 5326 atque
1625 5259 1680 5312 in
1712 5258 1814 5312 hoc
1844 5256 1961 5311 solo
1990 5267 2111 5324 quae
2137 5250 2280 5305 dicta
2304 5254 2433 5305 sunt
2449 5247 2630 5302 omnia
2659 5246 2725 5300 ad
2762 5246 3054 5301 terminum
3084 5245 3316 5300 deducta
3351 5254 3496 5298 sunt.

864 5372 1198 5442 Διάψαῑμα..

311 5479 385 5532 Τὸ
410 5479 687 5552 διάψαλμα
706 5481 856 5554 παρὰ
883 5485 993 5546 τοῖς
1023 5485 1420 5558 Ἐϐδομήκοντα
1465 5491 1662 5550 κεῖται,
1694 5491 1820 5541 οὐκ-

235 5571 320 5625 ἐτι
355 5570 410 5623 δὲ
465 5573 615 5644 παρὰ
679 5573 991 5628 Θεοδοτίωνι
1036 5577 1129 5629 καὶ
1177 5577 1475 5650 Συμμάχῳ.
1525 5581 1714 5633 Καίτοι
1756 5598 1818 5649 γε

238 5658 463 5713 εἰώθασι
518 5662 774 5726 πολλάκις
817 5664 1052 5736 χρῆσθαι
1096 5668 1160 5736 τῇ
1209 5664 1349 5730 λέξει
1396 5668 1570 5742 ταύτῃ
1616 5670 1818 5739 ὁμοίως

234 5752 349 5813 τοῖς
389 5752 810 5824 Ἐϐδομήκοντα.
848 5756 939 5810 Διὸ
988 5757 1154 5822 εἰκὸς,
1182 5761 1231 5811 εἰ
1275 5759 1370 5812 καὶ
1416 5759 1474 5812 τὸ
1529 5761 1816 5832 πρόσωπον

311 5909 331 5939 '
378 5908 563 5964 Matth.
602 5928 649 5976 v,
698 5911 778 5968 17.

2545 5357 2880 5426 Diapsalma.

1996 5473 2054 5528 In
2109 5471 2465 5544 Septuaginta
2514 5471 2909 5542 lnterpretihus
2956 5473 3110 5526 adest
3160 5469 3494 5540 diapsalma,

1925 5567 2018 5622 sed
2040 5582 2152 5621 non
2172 5565 2314 5636 apud
2337 5565 2763 5620 Theodotionem
2775 5571 2835 5619 et
2855 5563 3264 5636 Symmachum,
3281 5559 3494 5615 etiamsi

1926 5660 2029 5732 ipsi
2064 5661 2386 5731 plerumque
2417 5659 2520 5712 hac
2554 5673 2687 5714 voce
2726 5657 3052 5714 uti.soleant
3081 5653 3303 5725 perinde
3331 5659 3494 5720 atque

1929 5755 2286 5827 Septuaginta
2317 5751 2665 5823 lnterpretes.
2699 5751 3065 5820 Quapmptcr,
3099 5748 3202 5803 etsi
3247 5747 3334 5801 hic
3370 5761 3492 5817 pcr-
