4086 6546
574 421 643 470 δι”)

1283 403 1548 465 ElISEBll
1577 407 2050 470 amsanmssns
2085 389 2232 468 opp.
2271 414 2448 467 mus
2488 415 2572 470 ιιι.
2612 447 2679 458 -
2715 417 3126 472 EXECL‘TICA.

3728 420 3792 468 8|

573 525 764 564 sonam
789 506 1096 568 mutaverit,
1124 521 1222 575 par
1245 509 1344 558 luit
1369 507 1616 560 eumdem
1645 509 1879 562 musices
1911 508 2123 560 modum

2255 509 2625 580 ιεταϐέϐληκε,
2643 511 2732 561 τὸν
2752 525 3004 580 μουσικον
3021 512 3224 580 ρυθμον
3243 506 3583 578 τετηρεῖσθαι
3599 507 3798 578 (Ι),καὶ

573 600 802 660 servari.
850 605 1012 667 atque
1041 595 1184 658 (ideo
1229 613 1258 649 a
1301 596 1670 652 Thcodotione
1710 607 1762 652 et
1813 597 2134 668 Symmacho

571 707 682 750 non
712 689 948 762 positum
977 688 1146 744 fuisse
1165 687 1466 758 diapsalma
1497 688 1727 743 videtur.
1760 687 2134 757 Dirumpamus

571 783 780 838 vincula
820 797 1020 843 eorum,
1068 789 1116 832 et
1145 779 1483 847 projiciamus
1522 797 1554 830 a
1593 779 1741 832 nobis
1773 779 1961 848 jugum
1996 781 2136 848 ipso-

571 891 706 934 rum.
763 871 866 940 Qui
912 871 1119 924 habitat
1165 871 1220 923 in
1266 870 1408 926 catis
1468 869 1708 923 irridebit
1755 886 1880 934 eos,
1939 879 1988 923 et
2029 870 2140 923 Do-

571 969 744 1018 minus
802 963 1146 1016 subsannabit
1193 980 1300 1017 eos.
1351 961 1549 1017 Primis
1586 963 1837 1020 versibus
1881 964 1975 1032 qui
2017 972 2140 1019 ante

569 1053 868 1122 diapsalma
902 1053 995 1106 siti
1023 1059 1202 1116 erant,
1232 1061 1488 1124 pugmus
1533 1052 1698 1108 hosce
1738 1068 1956 1122 quoque
1989 1053 2138 1124 adje-

569 1151 686 1196 ctos
721 1140 915 1196 fuisse.

642 1231 809 1287 Vens.
842 1234 896 1287 5.
941 1232 1325 1300 Dirumpamus
1358 1233 1566 1286 vincula
1592 1249 1798 1298 eorum,
1823 1245 1870 1286 et
1890 1233 2140 1302 projicia—

571 1341 686 1378 mus
718 1341 750 1376 α
779 1324 926 1378 nobis
948 1324 1138 1394 jugum
1167 1325 1420 1393 ipsorum.
1453 1323 1657 1379 Gentes
1677 1325 1914 1379 vinculis
1945 1341 2140 1394 pecca-

573 1425 751 1466 torum
792 1429 1016 1468 suorum
1044 1414 1380 1476 constrictze,
1424 1429 1600 1482 neque
1632 1415 1833 1476 liberae,
1869 1415 1984 1468 suis
2014 1415 2142 1483 ipsa:

574 1503 734 1558 malis
763 1505 1110 1574 colligantur.
1135 1505 1332 1573 Aitque
1357 1505 1634 1569 Christus,
1665 1507 1778 1559 sive
1803 1508 2008 1575 angelis
2039 1506 2140 1560 sibi

573 1596 1036 1660 ministrantibus,
1075 1596 1191 1650 sive
1237 1595 1383 1648 Patri
1413 1604 1466 1649 et
1495 1595 1717 1664 Spiritui
1773 1607 1983 1656 sancto.
2027 1599 2141 1652 sive

575 1689 738 1744 tertio
768 1688 1034 1758 apostolis
1081 1691 1199 1742 suis
1234 1696 1288 1742 et
1327 1686 1604 1755 Evangelii
1641 1689 2000 1756 przecombus.
2050 1703 2144 1742 c0-

575 1779 803 1833 hortans
830 1794 925 1833 eos
955 1780 1020 1834 ad
1045 1779 1302 1833 solvenda
1325 1779 1796 1847 dirumpendaque
1827 1779 2140 1848 hujusmodi

579 1868 835 1921 vincula:
867 1867 1248 1938 Dirumpamus
1301 1867 1508 1922 vincula
1562 1884 1762 1921 eorum.
1803 1868 1996 1937 Populi
2046 1885 2144 1921 au-
2173 1855 2218 1908 Β

578 1967 685 2012 tem
739 1957 833 2028 qui
883 1959 984 2013 sub
1028 1959 1161 2028 jugo
1211 1960 1346 2029 legis
1393 1964 1750 2032 corporaliter
1789 1960 2139 2024 detinentur;

575 2049 737 2118 cujus
764 2049 1130 2120 despiciendze
1160 2062 1352 2106 auctor
1383 2054 1499 2123 ipse
1529 2063 1635 2116 est,
1677 2060 1864 2121 utpote
1897 2065 2016 2120 quae
2047 2051 2144 2102 in—

577 2143 768 2195 stituta
823 2157 888 2195 ac
925 2151 1196 2212 praecepta
1239 2160 1346 2197 non
1403 2145 1546 2198 bona
1593 2145 2008 2214 complectatur,
2047 2157 2145 2212 per

576 2233 854 2288 Lhristum
880 2233 1099 2288 adducti
1117 2234 1183 2287 ad
1209 2235 1376 2304 legem
1399 2236 1763 2305 spiritualem,
1793 2233 2055 2288 institutis
2080 2247 2144 2286 ac

577 2325 860 2395 praeceptis
909 2325 1069 2379 bonis
1102 2326 1448 2393 instructam,
1503 2341 1668 2398 grave
1715 2327 2018 2382 occidentis
2055 2325 2146 2378 lit-

579 2425 706 2470 tera:
731 2415 922 2486 jugum
957 2415 1258 2485 deponunt,
1289 2416 1572 2472 Salvatore
1604 2419 1889 2489 praedictos
1919 2417 2142 2472 commi-

578 2506 784 2560 nistros
821 2521 951 2560 suos
980 2506 1060 2560 sic
1101 2507 1466 2577 compellante
1491 2527 1504 2561 :
1533 2507 1889 2577 Projiciamus
1931 2525 1963 2560 a
1995 2508 2142 2561 nobis

573 2596 760 2666 jugum
801 2598 1056 2665 ipsorum.
1087 2597 1222 2651 Illud
1256 2607 1460 2662 autem,
1491 2616 1524 2652 α
1565 2599 1733 2660 nobis,
1766 2599 1843 2652 sic
1886 2599 2144 2668 eXplicari

581 2693 780 2756 potest.
841 2687 1024 2759 Ipsum
1073 2690 1265 2760 procul
1314 2705 1344 2743 a
1391 2691 1550 2744 nobis
1596 2691 1944 2760 abjiciamus,
2009 2690 2144 2744 nihil

579 2788 904 2836 cunctantes
933 2795 1110 2850 neque
1133 2781 1267 2836 moti
1295 2783 1686 2852 supplicatione
1713 2797 1900 2835 eorum
1925 2781 2020 2850 qui
2053 2782 2146 2836 illo

581 2873 754 2946 [.jugo]
790 2882 1110 2929 onerantur.
1147 2874 1260 2930 Hac
1301 2891 1516 2945 quoque
1548 2875 1758 2930 ratione
1793 2875 1945 2938 illud,
1979 2891 2012 2926 a
2055 2889 2149 2925 no-

583 2967 682 3031 bis,
733 2966 1036 3036 intelligere
1087 2967 1238 3022 licet.
1293 2965 1404 3037 Ego
1440 2967 1554 3036 ipse
1607 2966 1700 3036 qui
1753 2981 1876 3020 cum
1932 2964 2147 3034 populis

581 3070 721 3112 Vana
763 3054 1155 3110 meditantibus
1187 3071 1374 3113 versor
1419 3071 1484 3110 ac
1519 3059 1681 3110 vitam
1723 3071 1845 3124 ago,
1889 3054 1992 3110 sub
2017 3053 2150 3122 jugo

583 3161 774 3202 corum
819 3161 961 3214 sum,
1007 3155 1197 3218 utpote
1245 3149 1624 3203 circumcisus.
1691 3147 1761 3199 Et
1805 3145 2149 3214 proficiamus

571 3249 766 3316 jugum
791 3245 1044 3312 ipsorum,
1084 3241 1138 3296 id
1168 3249 1252 3295 est
1298 3257 1328 3294 a
1365 3256 1452 3295 me
1501 3248 1554 3295 ct
1601 3240 1668 3293 ab
1711 3240 1779 3294 iis
1809 3238 1902 3308 qui
1939 3251 2151 3290 mecum

587 3341 966 3403 consentiunt,
1004 3349 1058 3396 et
1089 3341 1278 3410 legem,
1321 3356 1440 3410 quae
1489 3341 1719 3395 salutem
1759 3337 1982 3392 minime
2025 3351 2156 3390 con-

589 3431 720 3498 fert,
753 3433 912 3502 quasi
944 3431 1310 3488 conferentem
1334 3433 1650 3487 observant.
1687 3430 1812 3484 Sive
1837 3429 1938 3481 hoc
1961 3427 2150 3484 modo:

591 3525 719 3592 quia
743 3524 1076 3578 arbitramur
1111 3525 1422 3594 impositum
1469 3525 1630 3578 nobis
1681 3535 1822 3576 onus
1851 3518 1982 3572 illud
2013 3534 2154 3584 esse,

585 3615 777 3684 jugurn
801 3616 1044 3685 ipsorum
1077 3615 1449 3684 projiciamus.
1475 3613 1632 3667 Hunc
1655 3612 1798 3666 enim
1822 3609 2074 3663 affectum
2102 3610 2157 3663 in

590 3705 812 3759 Christo
840 3720 960 3760 esse
997 3704 1264 3759 allirmare
1290 3703 1579 3768 audemus,
1611 3702 1682 3756 ob
1711 3700 1883 3769 ipsius
1905 3714 2033 3768 erga
2063 3714 2158 3754 eos

590 3798 682 3867 qu'
711 3798 843 3868 jugo
866 3797 1251 3866 opprimuntur
1275 3796 1599 3850 charitatem
1625 3811 1640 3859 ;
1668 3792 1845 3861 qualis
1867 3792 2030 3846 etiam
2062 3791 2160 3844 ha-

597 3893 756 3944 betur
814 3890 869 3945 in
922 3890 1177 3944 omnibus
1233 3886 1609 3942 misericordia:
1649 3885 1794 3952 viris,
1844 3885 1935 3955 qui
1984 3885 2158 3939 aliena

593 3991 813 4056 peccata
847 3991 906 4036 ut
933 3998 1030 4037 sua
1065 3987 1343 4052 reputant.

669 4069 834 4127 Vens.
875 4072 928 4126 4.
971 4071 1096 4126 Haec
1127 4071 1194 4124 de
1225 4065 1538 4122 hominibus
1573 4065 1686 4122 sive
1709 4066 2021 4136 gentilibus,
2047 4067 2158 4121 sive

591 4163 792 4221 λιιόιεὶε
831 4165 975 4219 dicta
1021 4164 1151 4218 sint.
1201 4159 1318 4213 Jam
1361 4172 1488 4212 vero
1537 4157 1690 4220 illud,
1735 4157 1824 4226 qui
1865 4155 2064 4210 habitat
2107 4159 2162 4212 in

592 4257 734 4312 cwlis
781 4255 1042 4320 irridebit,
1089 4267 1213 4307 cum
1281 4251 1386 4303 hoc
1435 4249 1834 4319 capulandum,
1884 4251 2160 4303 astiterunt

593 4369 733 4422 reges
765 4361 940 4413 terrm,
973 4361 1111 4416 quos
1147 4342 1394 4397 irridebit
1418 4339 1561 4396 Deus
1590 4342 1682 4410 qui
1721 4341 1928 4395 habitat
1959 4342 2012 4395 in
2046 4357 2161 4398 cm-

593 4443 681 4506 lis,
732 4449 920 4511 utpote
969 4447 1184 4493 terrena
1235 4439 1418 4488 mente
1469 4432 1743 4502 praeditos.
1791 4433 1974 4502 Neque
2016 4435 2160 4487 enim

2181 3205 2222 3258 (ἲ.

2237 601 2325 652 διὰ
2349 599 2501 652 τοῦτο
2537 603 2610 670 μὴ
2642 599 3080 670 προστεθεικέναι
3107 599 3165 650 τὸ
3197 598 3470 668 διάτζιαλμα
3492 597 3582 650 τὸν
3613 597 3800 650 Θεοδο-

2235 693 2402 745 τίωνα
2445 693 2537 746 καὶ
2587 692 2677 744 τὸν
2727 691 3040 761 Σύμμαχον.
3087 691 3496 758 Διαρῤιὶξωμεν
3527 689 3666 754 τοὺς
3701 689 3798 741 δε-

2238 783 2430 850 σμοὺς
2470 781 2686 848 αὐτῶν,
2729 783 2826 836 καὶ
2868 783 3284 850 ἀπορρίψωμεν
3329 781 3428 848 ἀφ’
3475 779 3642 848 ἡμῶν
3693 779 3800 834 τὸν

2239 873 2414 942 ζυγὸν
2444 871 2658 926 αὐτῶν.
2712 875 2774 926 '0
2803 872 3092 928 κατοικῶν
3145 873 3214 925 ἐν
3249 871 3520 938 οίγειινοῖς
3555 869 3800 940 ἐκγελά-

2241 979 2408 1018 σεται
2447 965 2688 1030 αὐτοὺς,
2725 965 2823 1018 καὶ
2850 967 2881 1018 ό
2911 965 3121 1032 Κίιριος
3147 963 3526 1032 ἑκμυκτηριεῐ
3558 963 3798 1028 αὐτούς.

2241 1057 2383 1126 Πρὸς
2409 1058 2534 1118 τοὺς
2569 1056 2815 1127 πρώτους
2846 1055 3058 1125 στίχους
3085 1056 3209 1120 τοὺς
3243 1055 3348 1126 πρὸ
3373 1054 3465 1108 τοῦ
3493 1055 3796 1124 διιιιψάλι.ια.-Δ

2240 1163 2329 1210 τος
2359 1147 2636 1216 ἡγούμεθα
2669 1147 2890 1209 τούτους
2917 1146 3274 1200 ἀποδίδοσθαι.

2311 1237 2723 1306 Διαρῤήξωμεν
2769 1236 2911 1303 τοὺς
2945 1237 3204 1304 δεσμοὺς
3240 1235 3458 1298 αὐτῶν,
3488 1235 3584 1288 καί
3619 1233 3806 1304 ἁπορο

2234 1331 2506 1398 ῥίψωμεν
2528 1329 2628 1398 ἀφ’
2649 1329 2814 1398 ἡμῶν
2841 1330 2946 1380 τὸν
2978 1325 3156 1395 ζυγὸν
3184 1325 3395 1380 αὐτῶν.
3419 1325 3500 1380 Τὰ
3521 1325 3666 1395 ἔθνη.
3695 1341 3808 1378 σει-

2245 1425 2364 1494 ραῖς
2408 1422 2514 1474 τῶν
2553 1419 2704 1473 ἰδίων
2747 1417 3028 1490 ἁμαρτιῶν
3062 1418 3400 1486 σφιγγόμενα
3427 1417 3521 1470 καὶ
3547 1417 3646 1468 οὐκ
3675 1415 3806 1468 ὄντα

2243 1513 2523 1584 ἐλεύθερα,
2576 1511 2783 1565 δέδεται
2830 1513 2942 1574 τοῖς
2989 1510 3135 1573 ἰδίοις
3175 1509 3354 1562 αὐτῶν
3402 1511 3620 1570 κακοῖς’
3651 1507 3746 1560 καὶ
3775 1509 3808 1560 6

2243 1601 2472 1671 Χριστός
2516 1615 2699 1670 φησιν,
2751 1600 2869 1670 ἢτοι
2919 1601 3054 1668 προς
3083 1599 3204 1662 τοὺς
3254 1596 3629 1658 διακονοῦντας
3655 1595 3808 1665 αὐτῷ

2245 1691 2522 1759 ἀγγέλους,
2545 1691 2578 1761 ἦ
2603 1691 2736 1760 πρὸς
2759 1690 2846 1742 τὸν
2873 1690 3090 1762 Πατέρα
3111 1689 3206 1743 καὶ
3227 1689 3286 1741 τὸ
3311 1687 3532 1758 Πνεῦμα
3549 1687 3610 1740 τὸ
3629 1687 3807 1754 ἅγιον,

2245 1783 2278 1854 ἦ
2315 1783 2496 1853 τρίτον
2521 1783 2642 1845 τοὺς
2690 1781 3016 1846 ἀποστόλους
3061 1782 3154 1835 καὶ
3187 1781 3462 1851 ὑπηρέτας
3505 1779 3598 1832 τοῦ
3631 1780 3810 1847 Εὐαγ-

2247 1874 2446 1943 γελίου,
2481 1872 2808 1944 παρακαλῶν
2853 1873 3052 1936 αὐτοὺς
3093 1873 3186 1925 ἐπὶ
3228 1872 3317 1925 τὸν
3345 1869 3684 1940 διασπασμὸν
3713 1870 3810 1922 καὶ

2248 1963 2343 2036 τὴν
2365 1961 2640 2032 διάρρηξιν
2663 1963 2858 2024 αὐτῶν,
2876 1961 2954 2013 τό·
2970 1960 3378 2030 Διαρῤήξωμεν
3396 1958 3536 2024 τοὺς
3549 1958 3814 2026 δεσμοὺς

2249 2053 2462 2108 αὐτῶν.
2499 2055 2562 2107 Οἱ
2603 2053 2658 2106 δὲ
2705 2053 2841 2118 λαοὶ,
2890 2051 2994 2105 ὑπὸ
3036 2054 3127 2105 τὸν
3173 2050 3332 2120 ζυγὸν
3365 2050 3686 2121 σωματικῶς
3713 2049 3810 2102 τοῦ

2249 2147 2412 2216 νόμου
2466 2145 2844 2214 τυγχάνοντες,
2898 2139 2960 2198 οὗ
3013 2144 3250 2197 διδάσκει
3305 2144 3682 2213 καταφρονεῖν,
3735 2140 3813 2204 ὡς

2251 2237 2594 2308 περιέχοντος
2625 2234 2964 2306 δικαιώματα
3006 2235 3066 2287 οὐ
3094 2234 3254 2299 καλὰ,
3283 2235 3376 2287 καὶ
3413 2233 3813 2305 προστάγματα

2249 2331 2308 2382 οὐ
2339 2328 2497 2395 καλά,
2535 2329 2928 2400 προσαγόμενοι
2953 2328 3040 2380 διὰ
3063 2325 3156 2380 τοῦ
3189 2325 3422 2398 Χριστοῦ
3455 2326 3532 2396 τῷ
3569 2341 3816 2396 πνευμα-

2250 2423 2386 2493 τικῷ
2415 2423 2563 2492 νόμῳ
2603 2422 2775 2492 ἔχοντι
2817 2419 2885 2472 τὰ
2915 2418 3052 2472 καλὰ
3081 2415 3418 2488 δικαιώματα
3455 2416 3550 2469 καὶ
3578 2405 3818 2486 προστά-

2251 2530 2434 2584 γματα
2461 2513 2620 2575 καλὰ,
2651 2511 2991 2565 ἀποτίθενται
3021 2507 3112 2562 τὸν
3147 2509 3315 2580 βαρὺν
3345 2509 3437 2561 τοῦ
3469 2507 3816 2562 ἀποκτείνον-

2251 2623 2341 2669 τος
2371 2605 2691 2676 γράμματος
2717 2604 2897 2671 ζυγὸν,
2929 2601 3021 2654 τοῦ
3065 2602 3314 2673 Σωτῆρος
3346 2601 3644 2670 φάσκοντος
3678 2597 3816 2668 πρὸς

2251 2698 2378 2759 τοὺς
2433 2693 2861 2766 προειρημένους
2908 2693 3200 2763 συνεργοὺς
3239 2690 3320 2754 τὸ,
3379 2689 3816 2762 Ἂπρρῤἰψωμεν

2253 2789 2351 2857 ἀφ’
2398 2786 2566 2856 ἡμῶν
2611 2785 2718 2838 τὸν
2762 2783 2936 2854 ζυγὸν
2981 2782 3198 2840 αὐτῶν.
3249 2781 3322 2834 Τὸ
3369 2781 3442 2844 δὲ,
3471 2781 3574 2847 ἀφ’
3623 2777 3812 2847 ἡμῶν,

2254 2879 2471 2933 δύναται
2503 2875 2740 2930 τοιοῦτον
2771 2873 2928 2929 εἶναι’
2985 2876 3100 2944 Ἀφ’
3140 2873 3345 2927 ἑαυτῶν
3378 2873 3690 2940 ποιήσωμεν
3739 2869 3816 2938 μὴ

2258 2969 2667 3039 περιμείναντες
2709 2967 2806 3037 τὴν
2836 2967 3014 3036 δέησιν
3037 2965 3144 3018 τῶν
3187 2961 3551 3034 βαρουμένων.
3583 2959 3816 3016 Aurata

2256 3061 2310 3113 δὲ
2341 3059 2422 3120 τὸ,
2452 3059 2552 3126 ἀφ’
2589 3056 2776 3126 ἡμῶν,
2827 3059 2918 3109 καὶ
2957 3055 3097 3108 οὕτω
3146 3053 3380 3108 νοεῖσθαι
3402 3068 3416 3082 ⁸
3450 3053 3621 3122 Κάγὼ
3667 3051 3818 3123 παρὰ

2257 3153 2366 3212 τοῖς
2409 3149 2554 3212 λαοῖς
2595 3150 2707 3212 τοῖς
2753 3145 3010 3218 μελετῶσι
3047 3145 3114 3201 τὰ
3161 3142 3292 3199 κενὰ
3337 3143 3696 3213 γεγενημένος
3722 3143 3818 3193 καὶ

2257 3242 2690 3313 ἀνατρεφόμενος
2714 3240 2820 3292 ὑπὸ
2847 3239 2938 3292 τὸν
2983 3239 3143 3306 ζυγόν
3175 3239 3289 3308 εἰμι
3321 3235 3496 3289 αὐτῶν
3543 3249 3817 3303 περιτμη-

2256 3333 2388 3397 θελς,
2425 3333 2530 3386 Καὶ
2575 3331 2994 3399 ἀποῤῥὶψωμεν
3037 3327 3234 3382 αὐτῶν
3265 3326 3372 3380 τὸν
3411 3323 3606 3391 ζυγὸν,
3659 3337 3820 3374 τουτ-

2255 3425 2398 3478 έστιν
2427 3425 2520 3476 ἀπ’
2558 3422 2691 3492 ἐμοῦ
2725 3422 2818 3474 καὶ
2865 3421 2972 3474 ἀπὸ
3009 3419 3117 3472 τῶν
3165 3413 3701 3483 συγκατατιθεμένων
3731 3427 3822 3481 μοι

2255 3519 2344 3570 τὸν
2378 3515 2450 3587 μὴ
2481 3512 2718 3577 σώζοντα
2751 3513 2910 3583 νόμον
2949 3512 3024 3574 ὡς
3069 3508 3306 3572 σώζοντα
3347 3502 3675 3558 ἀσκούντων.
3710 3503 3784 3554 Ἤ
3805 3519 3818 3532 ·

2255 3607 2583 3678 Νομίζοντες
2599 3602 2736 3659 εἶναι
2754 3604 2914 3674 βάρος
2947 3602 3290 3671 ἐπικείμενον
3313 3597 3404 3650 καὶ
3420 3596 3569 3664 ἡμῖν,
3599 3593 3694 3646 τὸν
3723 3594 3825 3656 ςυ-

2258 3699 2354 3768 γδν
2383 3699 2562 3752 αὐτῶν
2580 3696 2864 3769 ἀπορρίψω
2871 3711 2988 3765 μεν.
3006 3689 3310 3763 Τολμητέον
3327 3687 3435 3757 γὰρ
3453 3684 3630 3753 λέγειν
3649 3682 3826 3736 ταῦτα

2259 3791 2394 3848 εἶναι
2425 3795 2482 3846 ἐν
2509 3793 2584 3862 τῷ
2597 3789 2814 3863 Χριστῷ
2829 3791 2916 3844 διὰ
2933 3790 3026 3859 τὴν
3044 3787 3176 3857 πρὸς
3198 3785 3321 3844 τοὺς
3337 3781 3502 3850 βαρου
3510 3778 3702 3849 μένους
3717 3778 3828 3830 ὑπὸ

2257 3884 2350 3936 τοῦ
2377 3881 2541 3951 ζυγοῦ
2569 3881 2809 3950 ἀγάπην,
2845 3879 2987 3947 ἅπερ
3013 3875 3127 3927 ἐστὶ
3160 3871 3252 3924 καὶ
3289 3870 3344 3920 ἐν
3371 3869 3504 3920 πᾶσι
3533 3868 3656 3933 τοῖς
3685 3871 3832 3922 εὐσ-

2261 3974 2610 4044 π..ῖιὶγχ-νοις,
2623 3972 2691 4024 τὰ
2711 3969 2818 4022 τῶν
2833 3967 3005 4022 ἄλλων
3021 3963 3237 4034 ἁμαρτῆ
3247 3975 3390 4031 ματα
3405 3957 3512 4010 ἴδια.
3527 3957 3828 4028 κρίνουσιν.

2331 4066 2510 4118 Ταῦτα
2560 4065 2657 4136 μὲν
2702 4057 2794 4115 οὖν
2825 4059 2951 4129 περὶ
2983 4052 3280 4123 ἀνθρώπων
3325 4047 3432 4100 τῶν
3473 4065 3534 4100 τε
3579 4048 3688 4100 ἀπὸ
3717 4047 3834 4101 τῶν

2261 4160 2426 4212 ἐθνῶν
2453 4159 2548 4212 καὶ
2562 4155 2667 4211 ἀπὸ
2685 4153 2775 4207 τοῦ
2798 4149 2951 4204 λαοῦ.
2980 4147 3053 4200 Τὸ
3077 4144 3150 4207 δὲ,
3170 4143 3228 4194 ’0
3257 4137 3543 4192 κατοικῶν
3561 4137 3632 4190 ἐν
3655 4139 3838 4204 οὐρα-

2261 4251 2387 4316 νοῖς
2421 4245 2829 4318 ἐκγελὰσεται,
2885 4230 3325 4309 προσαρμοστέον
3374 4227 3508 4299 πρὸς
3539 4227 3626 4318 pro,
3675 4230 3840 4295 Παρ-

2263 4316 2531 4404 ἔστησαν
2577 4341 2628 4390 οἱ
2649 4331 2926 4400 ,ϐασιλεῖς
2959 4327 3070 4394 τῆς
3097 4321 3223 4393 γῆς,
3263 4319 3356 4381 οὓς
3407 4316 3765 4385 ἕκγελάσεται
3809 4321 3840 4373 ὁ

2265 4436 2392 4496 Θεὸς
2424 4435 2480 4484 ἐν
2509 4429 2753 4501 οὐρανοῖς
2794 4419 3061 4476 κατοικῶν
3095 4415 3344 4487 φρόνημα
3372 4405 3591 4501 ἔχοντας
3619 4411 3836 4480 γήϊνον,

591 4536 832 4590 divinam
860 4533 1006 4586 circa
1039 4525 1468 4582 incarnationem
1493 4525 1696 4580 Christi
1724 4525 2084 4579 meonemiam
2107 4536 2152 4580 et

2266 4526 2339 4578 Οὐ
2368 4521 2476 4593 γὰρ
2509 4499 2791 4588 νενοήκασι
2814 4513 2912 4583 τὴν
2940 4504 3244 4576 οἰκονομίαν
3271 4501 3362 4554 καὶ
3389 4499 3485 4570 τὴν
3514 4501 3712 4568 σοφίαν
3739 4502 3842 4556 τοῦ

592 4629 916 4698 sapientiam
961 4621 1385 4675 intellexerunt:
1417 4617 1547 4671 illud
1587 4625 1788 4682 autem,
1826 4627 1875 4670 et
1905 4617 2160 4670 Dominus

592 4715 944 4774 subsannabit
984 4729 1092 4778 eos,
1127 4708 1470 4765 referendum
1506 4711 1572 4763 ad
1613 4709 1716 4763 hoc
1751 4709 1980 4770 dictum,
2009 4708 2162 4776 prin-

594 4813 732 4881 cipes
757 4812 1105 4863 convenerunt
1123 4803 1175 4856 in
1203 4819 1386 4866 unum,
1416 4811 1475 4856 ut
1499 4801 1708 4856 scilicet
1735 4818 1764 4856 a
1789 4802 2009 4856 Christo
2035 4801 2163 4854 sub-.-

595 4909 962 4960 sannarentur
991 4895 1287 4967 principes,
1320 4895 1414 4967 qui
1453 4896 1767 4966 congregati
1801 4907 1931 4950 sunt
1969 4891 2163 4948 adver-

594 5012 690 5050 sus
708 4993 995 5046 Dominum
1027 4997 1080 5044 et
1108 4989 1367 5046 adversus
1389 4989 1664 5044 Christum
1689 4989 1828 5056 ejus.
1847 4987 2166 5056 Congruen—

594 5099 679 5142 tes
727 5095 906 5140 autem
958 5085 1084 5140 boni
1129 5083 1219 5140 Dei
1265 5083 1401 5138 Filio
1433 5091 1561 5139 sunt
1605 5083 1722 5137 ista}
1769 5095 1965 5142 voces;
2009 5077 2158 5146 quia.

595 5181 812 5236 etiamsi
843 5179 1162 5235 fremuerint
1199 5189 1406 5248 gentes,
1457 5187 1511 5236 et
1555 5177 1739 5250 populi
1771 5171 2014 5228 meditati
2055 5170 2170 5224 sint

597 5273 802 5336 inania,
839 5280 892 5324 at
919 5287 1018 5328 nos
1053 5271 1393 5329 frementium
1435 5271 1776 5326 ethnicorum
1819 5263 2038 5320 vincula
2081 5259 2168 5312 di-

597 5379 940 5434 I'“ll'i'ilmus,
981 5375 1033 5420 et
1069 5366 1256 5436 jugum
1301 5365 1625 5435 pepulorum
1663 5358 1846 5414 inania
1901 5353 2170 5407 meditan-

603 5459 736 5516 tium
771 5457 1140 5526 projiciamus.

671 5549 740 5604 At
784 5551 911 5621 quia
957 5567 1062 5606 non
1107 5553 1216 5620 jam
1253 5552 1326 5608 ita
1369 5550 1525 5605 facile
1559 5545 1826 5606 medelam
1874 5533 2168 5592 admittunt

601 5640 840 5710 przedicti
889 5659 1046 5708 reges
1091 5651 1248 5697 terra:
1297 5653 1352 5696 et
1399 5631 1885 5712 principesﬂubet
1933 5624 2170 5694 Spiritus

605 5745 846 5798 sanctus,
882 5735 1122 5805 gentium
1163 5743 1217 5790 et
1259 5733 1606 5801 populorum.
1653 5735 1841 5792 regum
1871 5726 1924 5774 et
1965 5713 2166 5786 princi-

673 5851 750 5922 (l)
799 5851 1193 5920 ΤετηΓεῖσθιιι.
1227 5848 1364 5914 Lege
1391 5837 1737 5914 τετηρῆσθαι.
1773 5833 1926 5890 Eutr.

2270 4589 2403 4668 Θεοῦ
2435 4589 2532 4682 τὴν
2559 4607 2686 4678 περὶ
2711 4605 2806 4675 τὴν
2827 4597 3232 4670 ἐνανθρώπησιν
3256 4593 3350 4645 τοῦ
3375 4589 3633 4682 Χριστοῦ.
3657 4591 3734 4643 Τὸ
3755 4592 3842 4682 δὲ,

2269 4705 2376 4759 Καὶ
2400 4707 2431 4756 ὁ
2451 4680 2662 4768 Κύριος
2687 4689 3064 4764 ἐκμιοκτηριεῒ
3098 4683 3337 4750 αὐτοὺς,
3371 4681 3505 4752 πρὸς
3530 4680 3612 4742 τὸ,
3645 4684 3711 4733 Ol
3737 4681 3850 4748 ἅρ-

2269 4810 2476 4866 χοντες
2505 4789 2908 4857 συνήχθησαν
2929 4781 3025 4834 ἐπὶ
3054 4779 3121 4832 τὸ
3147 4777 3320 4830 αὐτό·
3345 4774 3431 4866 ἵνα
3461 4770 3850 4866 μυκτηρίςων-

2267 4861 2357 4941 ται.
2401 4887 2450 4938 οἱ
2497 4883 2751 4953 ἄρχοντες
2784 4875 2888 4929 ὑπὸ
2932 4871 3027 4926 τοῦ
3079 4866 3336 4939 Χριστοῦ,
3381 4865 3429 4916 οἱ
3475 4861 3850 4932 συναχθέντες

2270 4975 2410 5030 κατά
2442 4951 2549 5026 τοῦ
2567 4968 2771 5039 Κυρίου
2803 4967 2894 5018 καὶ
2923 4961 3064 5016 κατὰ
3091 4957 3185 5011 τοῦ
3208 4953 3442 5029 Χριστοῦ
3471 4951 3660 5006 αὑτοῦ.
3693 4953 3848 5024 Πρέ-

2269 5082 2466 5120 πουσαι
2512 5063 2568 5114 δέ
2605 5057 2806 5128 ἀγαθοῦ
2845 5054 2979 5109 Θεοῦ
3025 5051 3142 5122 Υἱῴ
3189 5047 3394 5118 φωναί·
3425 5047 3530 5106 ὅτι,
3563 5046 3613 5097 εἰ
3645 5045 3742 5098 καὶ
3775 5045 3852 5098 τὰ

2270 5157 2394 5226 ἔθνη
2443 5150 2735 5224 ἐφρύαξαν,
2769 5149 2860 5200 καὶ
2896 5147 2946 5198 οἱ
2987 5144 3106 5198 λαοὶ
3131 5139 3462 5211 ἐμελέτησαν
3491 5135 3646 5226 κενὰ,
3677 5137 3854 5206 ἡμεῖς

2270 5265 2332 5316 γε
2363 5225 2487 5308 τοὺς
2512 5240 2742 5311 δεσμοὺς
2769 5238 2946 5290 αὐτῶν
2979 5236 3086 5288 τῶν
3113 5230 3464 5304 φρυαξάντων
3506 5225 3679 5280 ἐθνῶν
3725 5227 3854 5280 δια-

2274 5339 2587 5404 σπάσωμεν,
2633 5332 2725 5384 καὶ
2771 5329 2862 5382 τὸν
2913 5327 3070 5394 ζυγὸν
3115 5323 3220 5380 τῶν
3269 5319 3678 5390 μελετησάντων
3709 5319 3858 5374 κενὰ

2271 5429 2413 5484 λαῶν
2445 5421 2730 5495 ἀπορρίψω
2737 5437 2852 5492 μεν.

2355 5519 2507 5572 Ἐπεὶ
2532 5517 2588 5570 δὲ
2625 5513 2804 5567 οὐκέτι
2845 5511 3085 5583 εὐχερῶς
3131 5506 3369 5574 δέχονται
3415 5499 3512 5571 τὴν
3541 5499 3858 5572 θεραπείαν

2277 5613 2329 5664 οἵ
2367 5629 2426 5663 τε
2456 5607 2758 5678 τηλικοῦτοι
2791 5599 3168 5676 προειρημένοι
3191 5593 3291 5662 τῆς
3322 5593 3422 5662 γῆς
3471 5591 3712 5660 βασιλεῖς
3753 5592 3862 5646 καὶ

2278 5709 2323 5768 οῖ
2364 5703 2636 5776 ἄρχοντες,
2667 5698 2772 5762 τῶν
2815 5693 2952 5749 κατὰ
2993 5688 3084 5752 τοῦ
3121 5683 3324 5758 Κυρίου
3354 5682 3445 5734 καὶ
3475 5681 3568 5734 τοῦ
3603 5683 3858 5752 Χριστοῦ
