4086 6536
329 371 401 428 35
1465 360 1963 417 COMMENTARIA
2004 361 2071 416 IN
2103 360 2436 419 PSALMOS.
3503 381 3568 426 eo

328 486 497 541 αὑτοῦ
541 486 913 559 συναχθέντων
947 487 1117 542 ὲθνῶν
1144 504 1203 541 τε
1231 489 1324 543 καὶ
1354 489 1518 555 λαῶν,
1551 490 1814 563 βασιλέων
1843 508 1886 543 τε

2008 505 2157 561 pum,
2195 489 2492 545 visibilium
2532 496 2586 545 et
2625 488 3003 554 invisibiuum,
3035 503 3125 560 qui
3167 501 3430 543 adversus
3462 486 3572 541 Do-

328 577 421 631 καὶ
449 579 744 650 ἀρχόντων,
778 579 1070 652 ὁρωμένων
1100 597 1159 632 τε
1185 581 1277 634 καὶ
1312 581 1556 651 ἀφανῶν,
1580 583 1901 655 προστάττει

326 666 386 721 τὸ
411 668 636 741 Πνεῦμα
660 669 721 723 τὸ
745 669 899 739 ἅγιον
926 671 1053 733 τοὺς
1076 668 1175 740 τῆς
1204 668 1649 744 εἰδωλολατρείας
1670 672 1901 742 δεσμοὺς

325 758 734 833 διαρῤηγνύναι,
787 760 883 815 καὶ
928 759 1019 814 τὸν
1073 759 1243 831 βαρὺν
1287 762 1384 832 τῆς
1426 761 1699 834 ἁμαρτίας
1739 763 1901 832 ζυγὸν

325 851 683 924 ἀπορρίπτειν
713 852 815 921 τῆς
843 851 1051 906 ἑαυτῶν
1078 851 1287 923 ψυχῆς·
1319 847 1402 915 οἷς
1429 852 1902 923 καταδεδουλωμέ-

324 960 405 996 νοι
427 944 688 1015 πρότερον
715 943 921 1015 ἑτέροις
959 944 1219 1015 ἄρχουσιν
1252 943 1591 1015 ὑπεκείμεθα
1609 961 1621 974 ·
1653 945 1739 998 ἵνα
1761 945 1903 997 ὲκεί-

325 1050 432 1087 νων
470 1032 917 1105 ἐλευθερωθέντες
941 1034 1032 1087 τὸν
1058 1031 1293 1104 ἐλαφρὸν
1319 1032 1410 1085 τοῦ
1445 1034 1697 1106 Σωτῆρος
1737 1032 1899 1103 ζυγὸν

323 1125 728 1197 ἀναδεξώμεθα,
754 1124 839 1193 ἐφ’
863 1126 922 1179 ὃν
943 1124 1298 1196 προκαλεῖται
1320 1123 1493 1193 λέγων
1513 1141 1526 1154 ·
1550 1125 1726 1179 Δεῦτε
1750 1132 1900 1194 πρὸς

321 1223 406 1289 μὲ
431 1217 650 1285 πάντες
676 1221 730 1272 οι
766 1217 1093 1283 κοπιῶντες
1115 1215 1212 1270 καὶ
1239 1217 1714 1287 πεφορτισμένοι,
1740 1216 1900 1287 κάγὼ

324 1308 651 1365 ἀναπαύσω
670 1308 843 1378 ὑμᾶς.
876 1310 1078 1379 Ἄρατε
1107 1308 1213 1363 τὸν
1238 1308 1415 1377 ζυγόν
1434 1327 1575 1378 μου,
1599 1308 1698 1362 καὶ
1722 1308 1897 1376 ἴδετε,

329 1400 419 1456 ὅτι
440 1405 706 1472 χρηστός
763 1403 915 1460 ἐστι.
944 1403 1210 1457 Λέλεκται
1236 1401 1292 1455 δὲ
1317 1400 1489 1455 ταῦτα
1511 1401 1645 1473 πρὸς
1672 1402 1740 1456 τά
1770 1402 1894 1474 ἔθνη

323 1490 393 1545 τὰ
422 1491 499 1563 τῷ
527 1492 743 1564 Χριστῷ
770 1493 872 1547 ὑπὸ
895 1492 987 1547 τοῦ
1018 1491 1231 1564 Πατρὸς
1262 1493 1539 1564 δεδομένα,
1576 1492 1898 1564 προλαμϐά-

321 1600 500 1648 νοντος
529 1586 619 1638 τοῦ
649 1584 808 1653 λόγου
841 1585 967 1649 τοὺς
1003 1585 1294 1656 μέλλοντας
1342 1586 1624 1657 προσιέναι
1655 1589 1720 1657 τῇ
1764 1587 1897 1656 Χρι⁹

322 1677 446 1730 στοῦ
474 1676 808 1750 διδασκαλίᾳ,
841 1677 933 1731 καὶ
976 1677 1367 1747 παραινοῦντος
1420 1677 1615 1748 μηκέτι
1660 1678 1750 1731 τὸν
1784 1694 1896 1731 πα-

318 1768 466 1824 λαιὸν
489 1769 649 1839 ζυγὸν
676 1771 768 1824 ἐπὶ
800 1769 907 1823 τῶν
933 1769 1100 1840 ὤμων
1127 1769 1334 1841 φέρειν,
1371 1770 1504 1840 μηδὲ
1533 1773 1655 1833 ταῖς
1684 1772 1893 1841 σειραῖς

2004 582 2209 636 minum
2262 589 2317 637 et
2359 582 2621 637 adversus
2674 582 2951 637 Christum
3010 581 3129 651 ejus
3175 586 3568 645 convenerant,

2003 672 2324 728 idololatriae
2364 673 2581 728 vincula
2626 673 2957 742 dirumpere,
3010 682 3065 727 et
3108 685 3355 743 quosque
3402 686 3570 742 grave

2001 766 2210 836 peccati
2230 766 2423 837 jugum
2450 767 2518 821 ab
2547 766 2726 820 anima
2749 782 2848 821 sua
2882 767 3150 836 projicere
3174 783 3189 832 ;
3221 765 3422 836 quibus
3445 763 3569 820 sub«

1995 856 2174 929 jugati
2203 858 2356 927 prius
2385 859 2507 914 aliis
2547 858 2886 928 principibus
2916 860 3240 914 suberamus
3268 876 3280 911 :
3315 864 3376 912 ut
3405 856 3473 912 iis
3503 856 3568 910 li-

1999 945 2171 1001 berati
2211 947 2327 1002 leve
2374 946 2671 1003 Salvatoris
2701 948 2890 1018 jugum
2940 948 3295 1019 accipiamus,
3330 962 3438 1018 quo
3463 961 3566 1005 nos

1999 1046 2259 1107 provocat
2283 1038 2368 1094 his
2389 1040 2571 1095 verbis
2602 1059 2615 1093 :
2658 1039 2838 1094 Venite
2866 1043 2938 1094 ad
2964 1058 3066 1104 me,
3097 1057 3272 1095 omnes
3304 1042 3394 1111 qui
3427 1040 3568 1095 labo-

1999 1130 2132 1183 ratis
2153 1139 2203 1183 et
2235 1131 2440 1183 onerati
2467 1131 2617 1195 estis,
2649 1139 2700 1184 et
2733 1147 2823 1201 ego
2855 1132 3091 1201 reﬁciam
3125 1148 3213 1186 vos
3239 1148 3257 1186 :
3284 1130 3452 1185 tollite
3473 1130 3567 1200 ju-

1998 1235 2120 1291 gum
2148 1237 2320 1275 meum
2341 1236 2497 1290 super
2526 1238 2636 1285 vos,
2661 1231 2711 1276 et
2740 1222 2905 1276 videte
2925 1224 3050 1291 quia
3081 1232 3410 1277 mansuetum
3432 1222 3565 1277 est“.

1999 1308 2124 1365 Haec
2159 1326 2325 1380 porro
2355 1311 2500 1365 dicta
2533 1318 2663 1366 sunt
2686 1313 2939 1382 gentibus
2963 1312 3186 1368 Christo
3213 1327 3244 1366 a
3268 1311 3430 1366 Patre
3454 1319 3567 1365 tra-

1972 1403 2148 1467 ditis,
2191 1403 2474 1473 praemissa
2515 1403 2725 1460 scilicet
2776 1420 2967 1459 corum
2997 1405 3090 1475 qui
3119 1403 3187 1459 ad
3224 1404 3427 1459 Christi
3467 1405 3566 1457 do-

1997 1495 2232 1549 ctrinam
2258 1496 2537 1550 accessuri
2570 1504 2702 1550 sunt
2740 1497 3076 1560 narratione,
3110 1497 3346 1566 dataque
3375 1494 3566 1550 admo-

1995 1585 2220 1648 nitione,
2273 1593 2334 1639 ut
2378 1599 2444 1639 ne
2488 1586 2632 1639 ultra
2680 1586 3049 1656 vetusjugum
3089 1585 3331 1640 humeris
3360 1584 3560 1649 ferant,

1996 1691 2172 1746 neque
2216 1676 2424 1732 catenis
2471 1677 2716 1746 priorum
2765 1677 3086 1732 delictorum
3129 1676 3410 1731 constricti
3452 1691 3565 1729 ma-

1997 1774 2183 1825 neant.
2215 1766 2322 1823 Sed
2361 1768 2575 1823 etiamsi
2625 1768 2845 1838 quidam
2882 1768 3013 1838 ipsis
3054 1778 3179 1824 ante
3222 1768 3439 1824 fuerant
3473 1769 3564 1823 do-

319 1860 425 1915 τῶν
477 1863 757 1935 προτέρων
802 1856 1217 1934 ἁμαρτημάτων
1259 1862 1467 1915 ἑαυτῶν
1516 1862 1886 1934 παραμένειν·

1997 1856 2149 1921 mini,
2186 1856 2463 1927 principes
2497 1857 2703 1920 acerbi,
2732 1858 2987 1912 videlicet
3009 1860 3232 1929 maligni
3263 1860 3558 1923 daemones.

318 1952 432 2006 ἀλλ’
464 1955 513 2007 εἰ
534 1952 628 2008 καί
656 1970 800 2017 τινες
823 1948 965 2024 ἦσαν
999 1951 1177 2007 αὐτῶν
1206 1953 1472 2024 πρότερον
1504 1954 1679 2025 κύριοι
1710 1954 1895 2024 ἄρχον-

317 2045 410 2109 τές
434 2063 495 2098 τε
523 2046 732 2117 πικροὶ,
757 2047 806 2098 οἰ
832 2043 998 2098 πάλαι
1025 2043 1135 2096 τῶν
1164 2043 1331 2097 ἐθνῶν
1365 2044 1893 2116 κατατυραννοῦντες

315 2134 572 2204 δαίμονες
600 2136 844 2205 πονηροὶ,
871 2133 966 2197 οὓς
996 2132 1060 2203 δὴ
1078 2132 1233 2197 θεοὺς
1259 2132 1561 2204 ὠνόμαζον,
1603 2134 1768 2203 ζυγὸν
1796 2136 1893 2189 αὒ-

314 2230 431 2292 τοῖς
460 2226 860 2297 ὲπαιωροῦντες
894 2225 1063 2297 βαρὺν
1091 2226 1185 2278 καὶ
1234 2225 1567 2295 συγκύπτειν
1589 2226 1686 2298 τὴν
1713 2227 1890 2297 ψυχὴν

316 2317 408 2371 ἐπὶ
436 2318 497 2370 τὸ
528 2317 677 2370 κάτω
710 2317 1006 2379 ποιοῦντες,
1045 2315 1264 2386 δεσμοῖς
1294 2332 1354 2390 τε
1399 2317 1598 2379 αὐτοὺς
1631 2316 1886 2381 ἀσεϐείας

314 2408 812 2481 καταδεσμοῦντες⁸
864 2408 1069 2462 τούτων
1123 2408 1377 2462 ἁπάντων
1424 2407 1521 2479 τὴν
1573 2408 1888 2463 δυναστείαν

311 2502 535 2573 φεύγειν
568 2501 1017 2575 παρακελεύεται*
1045 2500 1406 2571 προσφεύγειν
1431 2499 1488 2553 δὲ
1521 2499 1600 2571 τῷ
1626 2501 1884 2573 Λυτρωτῇ

312 2593 405 2647 xui.
445 2593 679 2667 Σωτῆρι,
718 2594 814 2648 καὶ
843 2593 907 2665 δὴ
939 2593 1137 2664 κλῆρον
1171 2592 1370 2653 αὐτοὺς
1419 2589 1574 2662 παρά
1616 2591 1709 2644 τοῦ
1757 2590 1886 2643 ἰδίου

311 2686 520 2757 ΙΙατρδς
535 2686 794 2759 εἰληφότι.
810 2685 991 2740 Ταῦτα
1010 2686 1087 2749 δὲ,
1105 2682 1565 2756 φησὶ,πράξωμεν
1591 2684 1640 2737 οἱ
1670 2684 1766 2754 τῆς
1792 2682 1886 2737 τοῦ

310 2777 545 2854 Χριστοῦ
580 2779 944 2852 κληρονομίας
973 2779 1111 2846 ἄξιοι
1146 2778 1449 2849 γενόμενοι,
1477 2777 1696 2842 εἰδότες,
1712 2777 1794 2829 ὅτι
1825 2777 1886 2830 '0

310 2872 608 2928 κατοικῶν
668 2874 738 2926 ἐν
780 2871 1057 2941 οὐρανοῖς
1099 2870 1488 2941 ἐκγελάσεται
1533 2868 1775 2934 αὐτοὺς,
1818 2869 1887 2921 τὰ

308 2965 438 3038 ἔθνη
477 2963 681 3039 δηλαδὴ
708 2965 802 3018 κα)⁹
831 2965 959 3027 τοὺς
989 2963 1151 3027 λαοὺς
1186 2964 1314 3026 τοὺς
1360 2960 1769 3024 ὲπαναστάντας
1810 2960 1888 3030 τῷ

310 3056 529 3130 Χριστῷ
558 3055 745 3123 αὐτοῦ,
774 3056 870 3110 καὶ
912 3057 945 3109 ὀ
974 3056 1190 3122 Κύριος
1235 3051 1618 3121 ἐκμυκτηριεῖ
1639 3052 1879 3118 αὐτούς.

309 3148 496 3204 Ταῦτα
532 3148 699 3202 πάλαι
742 3148 844 3220 μὲν
884 3145 1234 3219 προφητικῶς
1254 3146 1621 3214 ἀνεφωνεῖτο·
1653 3142 1886 3196 πέπονθε

1994 1948 2124 2002 olim
2156 1963 2256 2018 pro
2282 1948 2390 2003 diis
2412 1948 2606 2011 habiti,
2629 1948 2722 2018 qui
2748 1950 3085 2019 tyrannidem
3116 1951 3170 2004 in
3198 1961 3385 2018 gentes
3406 1966 3559 2006 εχει-ο

1993 2039 2212 2105 cebant,
2248 2050 2299 2095 et
2327 2041 2517 2111 jugum
2550 2040 2686 2111 ipsis
2731 2055 2896 2110 grave
2940 2056 3341 2112 onerosumque
3385 2042 3561 2112 impo-

1992 2131 2215 2196 nebant,
2254 2138 2311 2183 ut
2340 2131 2578 2184 animam
2628 2146 2817 2185 eorum
2862 2131 2927 2185 ad
2970 2132 3154 2186 intima
3185 2133 3554 2197 incurvarent,

1990 2220 2427 2290 colligabantque
2477 2220 2627 2289 ipsos
2677 2220 2971 2290 impietatis
3038 2220 3303 2287 vinculis;
3359 2222 3554 2277 borum

1989 2311 2233 2368 amnium
2281 2312 2569 2383 imperium
2622 2311 2878 2382 eﬂ‘ugere,
2928 2320 2983 2366 et
3038 2312 3107 2366 ad
3140 2311 3554 2384 Redemptorem

1991 2404 2438 2476 Salvatoremque
2500 2405 2797 2475 confugere
2846 2407 3146 2475 jubentur,
3213 2416 3403 2478 utpote
3462 2410 3557 2480 qui

1988 2496 2139 2568 ipsos
2172 2512 2200 2551 a
2230 2496 2394 2553 Patre
2426 2514 2540 2553 suo
2567 2500 2623 2553 in
2672 2499 3044 2556 haereditatem
3078 2503 3370 2571 acceperit.
3404 2501 3553 2567 Haec,

1989 2589 2185 2659 inquit,
2219 2604 2443 2659 agamus
2481 2592 2573 2661 qui
2606 2590 2812 2646 Christi
2845 2591 3160 2647 haereditate
3199 2593 3346 2664 digni
3378 2594 3555 2648 etiecti

1987 2697 2200 2747 sumus,
2245 2683 2403 2753 gnari
2438 2685 2694 2740 videlicet
2736 2685 3046 2751 illius:Qui
3078 2684 3283 2738 habitat
3327 2685 3381 2738 in
3413 2686 3556 2741 cali:

1984 2770 2225 2825 irridebit
2248 2789 2356 2837 eos,
2389 2774 2648 2828 nimirum
2685 2776 2915 2845 populos
2942 2775 3034 2844 qui
3069 2775 3334 2830 adversus
3367 2774 3556 2830 Domi-

1987 2863 2195 2916 minum
2248 2871 2301 2916 et
2343 2864 2607 2919 adversus
2647 2864 2924 2920 Christum
2966 2865 3085 2935 ejus
3116 2866 3553 2931 insurrexerunt,

1984 2963 2037 3007 et
2068 2953 2324 3008 Dominus
2348 2955 2694 3009 subsannabit
2731 2972 2838 3011 eos.
2875 2955 2999 3011 llaec
3024 2957 3152 3011 olim
3174 2957 3394 3028 quidem
3429 2974 3558 3031 pro-

1987 3046 2201 3117 phetice
2250 3048 2789 3116 praenuntiabantur;
2846 3055 2902 3101 at
2939 3055 3128 3117 postea
3159 3047 3418 3105 Iudaicus
3458 3066 3558 3120 pe-

1987 3139 2150 3211 pulus
2176 3154 2240 3192 ea
2276 3139 2393 3208 ipsa
2433 3154 2729 3209 perpessus
2768 3148 2871 3204 est,
2906 3140 3163 3197 obsessus
3190 3149 3244 3195 et
3281 3157 3558 3213 expugna.

309 3239 366 3295 δὲ
406 3240 544 3297 αὐτὰ
574 3239 633 3294 τὸ
678 3239 946 3294 Ἰουδαίων
974 3238 1126 3302 ἔθνος
1153 3234 1506 3307 πολιορκηθὲν
1550 3234 1886 3307 παραχρῆμα

1988 3238 2076 3286 tus
2097 3245 2205 3285 non
2238 3230 2411 3285 multo
2441 3238 2731 3301 postquam
2770 3230 2999 3287 insidias
3040 3233 3334 3288 struxisset
3362 3241 3555 3288 contra

313 3331 452 3403 μετά
484 3331 581 3403 τὴν
625 3331 767 3385 κατά
808 3330 903 3385 τοῦ
944 3330 1193 3401 Σωτῆρος
1232 3326 1555 3398 ἐπιϐουλήνσ
1603 3326 1697 3379 καὶ
1743 3325 1883 3380 κατὰ

309 3425 534 3497 χρόνους
558 3423 613 3477 δὲ
646 3426 694 3477 οἱ
726 3423 825 3493 τῆς
871 3421 1195 3492 Ἐκκλησίας
1221 3418 1314 3471 τοῦ
1346 3416 1582 3489 Χριστοῦ
1616 3417 1881 3489 πολέμιοι,

309 3517 555 3589 κρυφαία
579 3519 665 3571 ἀεὶ
696 3516 840 3590 χειρὶ
868 3513 1286 3585 πολεμούμενοι,
1317 3512 1423 3565 ὑπὸ
1451 3512 1544 3565 τοῦ
1572 3510 1885 3565 κατοικοῦν-

306 3628 399 3673 τος
436 3611 495 3663 ὲν
536 3611 783 3682 οὐρανοῖς
817 3607 1043 3680 Κυρίου,
1075 3604 1168 3661 τοῦ
1216 3605 1353 3677 πρὸς
1399 3603 1578 3659 αὐτῶν
1616 3604 1882 3676 πολεμου-

311 3701 502 3774 μένου.

386 3796 524 3849 Τότε
562 3791 820 3859 λαλήσει
858 3791 1007 3860 πρὸς
1031 3790 1251 3857 αὐτοὺς
1276 3791 1347 3844 ἐν
1370 3788 1517 3860 ὀργῇ
1546 3788 1751 3849 αὐτοῦ,
1784 3790 1882 3842 καὶ

306 3887 379 3942 ἐν
408 3884 488 3952 τῷ
521 3882 686 3955 θυμῷ
718 3884 905 3941 αὐτοῦ
938 3881 1177 3952 ταράξει
1204 3882 1446 3948 αὐτούς.
1491 3880 1652 3938 Ἀλλά
1688 3880 1782 3933 καὶ
1826 3880 1883 3931 ὲν

308 3979 387 4050 τῷ
419 3978 516 4048 τῆς
549 3976 783 4049 κρίσεως
817 3973 995 4048 καιρῷ
1038 3972 1212 4046 ὀργῆς
1255 3971 1390 4025 Θεοῦ
1444 3970 1881 4041 πειραθήσονται,

309 4069 404 4124 καὶ
446 4068 523 4138 τῷ
568 4066 724 4138 θυμῷ
761 4067 927 4121 αὑτοῦ
972 4064 1405 4138 ταραχθήσονται
1452 4063 1652 4126 πάντες
1697 4063 1745 4114 οἰ
1788 4060 1882 4115 τοῦ

310 4160 579 4233 σωτηρίου
601 4160 759 4229 λόγου
786 4158 1051 4230 πολέμιοι.
1082 4157 1344 4229 Ἐπείπερ
1364 4156 1523 4219 αὐτὸς
1541 4157 1569 4208 ὁ
1595 4156 1685 4207 ὑπ’
1706 4154 1883 4208 αὐτῶν

308 4248 679 4322 προσηλωθεὶς
722 4251 819 4304 καὶ
873 4249 1089 4320 θανάτῳ
1122 4247 1447 4320 παραδοθεὶς
1465 4288 1480 4312 ,
1514 4247 1783 4301 κατοικῶν
1825 4248 1882 4300 ὲν

305 4342 556 4414 οὐρανοῖς
589 4340 782 4395 καὶτὰ
828 4341 1006 4395 πάντα
1047 4340 1338 4412 περιέχων,
1386 4339 1737 4407 ὲκγελάσεται
1783 4338 1881 4391 αὐ-

303 4436 452 4499 τοὺς,
488 4434 581 4486 καὶ
607 4434 636 4486 ὁ
658 4431 848 4487 τούτου
876 4432 933 4485 δὲ
963 4433 1152 4504 Πατὴρ
1177 4435 1205 4486 ό
1238 4433 1335 4486 σὺν
1358 4430 1437 4502 τῷ
1470 4429 1693 4503 Χριστῷ
1716 4430 1880 4483 πολε-

306 4523 575 4596 μούμενος
630 4523 990 4595 ὲκμυκτηριεῖ
1012 4522 1228 4586 αὐτοὺς,
1257 4523 1350 4575 καὶ
1370 4520 1467 4592 τὴν
1494 4520 1651 4584 ἀξίαν
1685 4521 1881 4584 αὐτοὺς

305 4613 662 4685 εἰσπράξεται
705 4614 893 4685 δίκην·
947 4615 995 4667 εἰ
1027 4615 1076 4667 οἱ
1110 4613 1256 4682 λόγοι
1305 4612 1412 4665 τῶν
1456 4612 1694 4666 ἀπειλῶν
1729 4613 1876 4682 λόγοι

302 4707 443 4760 εἰσὶν
477 4709 535 4760 ὲν
565 4708 703 4779 ὀργῇ
732 4706 1216 4777 ἀπαγγελλόμενοι.

386 4798 534 4869 Ἐγὼ
587 4797 656 4852 δὲ
687 4797 1061 4865 κατεστάθην
1087 4798 1386 4865 ,ϐασιλεὺς
1418 4798 1517 4852 ὑπ’
1556 4796 1741 4852 αὐτοῦ
1777 4796 1877 4850 ἐπὶ

298 4890 458 4948 Σιὼν
489 4890 624 4960 ὅρος
655 4890 722 4945 τὸ
759 4890 930 4961 ἅγιον
962 4890 1169 4954 αὐτοῦ,
1210 4888 1577 4959 διαγγέλλων
1597 4889 1664 4942 τὸ
1694 4890 1877 4956 πρόσ-

301 4994 494 5047 ταγμα
530 4979 771 5047 Κυρίου.
848 4979 969 5032 Οἵδε
1012 4978 1109 5049 μὲν
1135 5018 1150 5043 ,
1190 4979 1323 5049 φησί
1352 5018 1366 5039 ,
1431 4978 1557 5032 τάδε
1597 4978 1875 5032 πείσονται

300 5071 351 5124 οἱ
404 5072 545 5123 κατά
590 5069 687 5124 τοῦ
742 5071 950 5142 Κυρίου
995 5072 1089 5124 καὶ
1129 5069 1269 5124 κατά
1305 5070 1397 5123 τοῦ
1435 5069 1671 5142 Χριστοῦ
1710 5068 1876 5123 αὑτοῦ

302 5162 646 5227 συνελθόντες
666 5202 681 5226 ,
704 5163 797 5216 καὶ
822 5162 1057 5216 τοιοῦτον
1100 5163 1199 5233 μὲν
1225 5163 1448 5215 ἐκείνων
1475 5162 1537 5215 τὸ
1564 5161 1717 5224 τέλος
1735 5178 1749 5191 ’
1778 5160 1878 5231 ἐμὲ

298 5256 356 5308 δὲ
407 5254 529 5309 τότε
583 5254 721 5325 μετά
769 5256 869 5326 τὴν
896 5255 1161 5325 τοσαύτην
1194 5255 1485 5326 ἑπιὸουλὴν
1517 5255 1611 5308 καὶ
1639 5252 1876 5307 τοσαῦτα

299 5346 449 5418 πάθη
502 5347 723 5419 βασιλέα
753 5346 891 5418 πρὸς
920 5346 1080 5399 αὑτοῦ
1116 5346 1210 5399 τοῦ
1247 5346 1459 5415 Πατρὸς
1488 5344 1873 5410 καθεστάσθαι,

300 5442 396 5496 καὶ
422 5440 484 5495 τὺ
517 5442 778 5514 ¹ιιιατρικὸν
811 5442 939 5510 ὑμῖν
969 5440 1297 5511 πρόσταγμα
1320 5439 1651 5508 διαγγέλλειν
1672 5456 1685 5468 ·
1715 5436 1874 5491 τοῦτο

294 5534 341 5588 δ’
369 5533 436 5588 ἂν
468 5534 552 5606 εἰη
585 5534 644 5587 τὸ
676 5531 1025 5602 εὐαγγελικὸν
1054 5533 1332 5604 κήρυγμα.
1404 5533 1468 5585 Εἰ
1493 5530 1548 5585 δέ
1576 5533 1723 5585 ἐστιν
1747 5531 1871 5601 ὅρος

296 5630 453 5697 ἅγιον
484 5628 619 5682 Θεοῦ
655 5628 716 5681 τὸ
749 5626 1069 5699 ἐπουράνιον
1098 5626 1224 5696 περὶ
1252 5620 1312 5679 οὗ
1364 5642 1526 5695 φησιν
1554 5626 1583 5679 ό
1613 5624 1822 5688 Παῦλος
1853 5641 1865 5654 ·

299 5722 802 5789 Προσεληλύθατε
830 5718 983 5773 Σιὼν
1014 5718 1134 5787 ὄρει
1152 5732 1167 5746 ⁵
1206 5717 1298 5770 καὶ
1332 5715 1492 5771 πάλιν
1511 5735 1524 5747 ·
1569 5717 1638 5771 Ἠ
1663 5714 1730 5769 δὲ
1748 5715 1874 5769 ἅνω

368 5834 390 5867 ³
430 5833 616 5889 Matth.
656 5851 731 5902 xi,
762 5833 949 5891 28-50.
1026 5834 1048 5865 ’
1084 5830 1250 5891 Hebr.
1286 5849 1381 5899 xu,
1415 5832 1504 5888 22.

1987 3321 2363 3387 Salvatorem;
2399 3323 2675 3392 variisque
2710 3323 2961 3378 similiter
2994 3325 3330 3395 temporibus
3364 3325 3553 3379 eadem

1983 3415 2194 3484 experti
2222 3421 2350 3470 sunt
2374 3413 2581 3474 inimici
2610 3413 2867 3471 Ecclesiae
2896 3414 3121 3482 Christi,
3161 3418 3375 3476 occulta
3410 3432 3556 3472 sem~

1984 3520 2079 3576 per
2107 3522 2271 3560 manu
2294 3507 2596 3578 impugnati
2629 3523 2657 3561 a
2689 3507 2919 3563 Domino
2948 3508 3039 3579 qui
3064 3507 3274 3562 habitat
3301 3508 3357 3563 in
3376 3508 3553 3572 canis,

1982 3613 2144 3669 quem
2180 3597 2282 3668 ipsi
2312 3597 2461 3653 bello
2490 3597 2851 3669 impetchant.

2052 3777 2222 3834 Vsus.
2259 3777 2317 3833 ὅ.
2356 3776 2500 3831 Tunc
2532 3776 2773 3847 loquetur
2817 3774 2885 3831 ad
2916 3793 3004 3831 eos
3049 3778 3102 3831 in
3137 3778 3218 3830 ira
3250 3793 3370 3840 sua,
3404 3784 3454 3829 et
3500 3776 3554 3830 in

1982 3871 2164 3939 furare
2193 3885 2289 3924 suo
2318 3867 2655 3923 conturbabit
2674 3884 2783 3922 eos.
2822 3866 2966 3922 Sane
2992 3866 3047 3921 in
3075 3865 3551 3936 temporejudicii,

1983 3961 2079 4017 irae
2106 3960 2302 4015 divinae
2334 3958 2634 4031 periculum
2676 3958 2898 4023 facient,
2931 3974 2993 4012 ac
3016 3959 3189 4028 ipsius
3221 3957 3405 4012 furore
3437 3963 3556 4010 tur-

1982 4053 2262 4109 babuntur
2294 4066 2486 4107 omnes
2525 4052 2675 4107 verbi
2717 4051 2975 4107 salutaris
3008 4049 3236 4105 inimici.
3274 4047 3553 4118 Siquidem

1983 4146 2031 4199 is
2066 4145 2182 4215 ipse
2226 4142 2320 4213 qui
2359 4141 2550 4198 alﬁxus
2600 4143 2670 4197 ab
2702 4142 2811 4195 illis
2843 4149 2948 4207 est,
2991 4156 3055 4195 ac
3100 4140 3258 4195 morti
3299 4139 3551 4202 traditus,

1982 4239 2076 4309 qui
2108 4234 2316 4291 habitat
2343 4235 2402 4289 in
2425 4234 2581 4289 cmlis
2610 4240 2666 4289 et
2709 4232 2892 4289 omnia
2926 4231 3326 4302 complectitur,
3360 4230 3557 4286 irride-

1981 4328 2061 4383 bit
2086 4342 2203 4393 eos,
2238 4326 2469 4396 ejusque
2501 4323 2662 4380 Pater
2686 4324 2777 4394 qui
2827 4338 2952 4378 cum
2980 4322 3100 4393 ipso
3127 4322 3349 4378 Christo
3380 4337 3555 4392 oppu—

1982 4431 2181 4493 gnatur
2220 4420 2583 4477 subsannabit
2631 4434 2746 4485 eos,
2791 4419 3091 4490 dignasque
3130 4418 3199 4472 ab
3239 4419 3318 4473 eis
3363 4430 3555 4488 pinnas

1985 4522 2222 4585 expetet,
2261 4513 2532 4584 siquidem
2557 4513 2725 4568 verba
2754 4512 2991 4566 minacia
3033 4511 3130 4564 irae
3158 4518 3399 4579 tempore
3424 4522 3554 4579 pro-

1912 4579 1956 4635 Β
1986 4579 2094 4663 lata
2122 4615 2271 4663 sunt.

2054 4785 2219 4840 Vens.
2241 4783 2296 4840 6.
2319 4784 2426 4856 Ego
2457 4796 2627 4838 autem
2659 4785 2973 4837 constitutus
2994 4798 3108 4835 sum
3125 4796 3216 4835 rex
3231 4778 3293 4836 ab
3319 4798 3378 4836 eo
3400 4796 3555 4850 super

1984 4880 2115 4936 Sion
2134 4891 2363 4935 montem
2385 4890 2626 4935 sanctum
2647 4880 2780 4949 ejus,
2803 4878 3097 4947 praedicans
3114 4887 3427 4946 prceceptum
3450 4878 3555 4930 Do-

1986 4975 2140 5028 mini.
2179 4972 2305 5028 Hazc
2345 4982 2398 5027 et
2426 4974 2649 5039 similia,
2688 4972 2886 5042 inquit,
2916 4971 3191 5041 patientur
3222 4970 3315 5040 qui
3350 4985 3547 5023 conve-

1982 5075 2185 5122 nerunt
2224 5067 2489 5122 adversus
2538 5064 2827 5120 Dominqu
2863 5070 2916 5117 et
2946 5055 3230 5119 'adversus
3273 5062 3553 5116 Christum

1979 5160 2123 5229 ejus,
2156 5170 2208 5215 et
2239 5159 2554 5229 hujusmodi
2587 5158 2692 5213 erit
2721 5158 2945 5211 illorum
2978 5155 3122 5211 linis.
3172 5154 3328 5222 Quod
3370 5165 3551 5209 autem

1982 5271 2084 5326 ego
2134 5263 2259 5326 post
2301 5263 2480 5309 tantas
2523 5254 2754 5309 insidias
2792 5261 2844 5308 et
2880 5262 2989 5306 tam
3041 5251 3243 5306 multos
3272 5248 3552 5303 cruciatus

1976 5364 2073 5404 rex
2121 5349 2189 5403 ab
2241 5349 2360 5419 ipso
2406 5348 2564 5404 Patre
2612 5345 3031 5402 constituendus
3094 5343 3220 5409 sim,
3263 5348 3551 5412 paternum

1978 5439 2133 5495 vobis
2168 5446 2496 5508 praeceptum
2529 5438 2904 5501 nuntiaturus,
2943 5451 3007 5490 ea
3039 5442 3188 5490 certe
3232 5427 3547 5497 evangciica

1979 5530 2298 5601 praedicatio
2330 5529 2516 5587 fuerit.
2567 5530 2723 5595 Quod
2763 5528 2809 5584 si
2844 5543 3001 5582 mons
3034 5531 3259 5580 sanctus
3284 5518 3400 5578 Dei,
3433 5528 3548 5568 ca:-

1980 5622 2135 5678 lestis
2166 5623 2258 5677 ille
2286 5622 2454 5677 fuerit
2484 5622 2552 5678 de
2592 5637 2701 5692 quo
2734 5620 2809 5675 ait
2860 5618 3099 5673 Paulus:
3140 5607 3449 5668 Accessistis
3477 5604 3544 5659 ad

1982 5712 2112 5769 Sion
2138 5718 2427 5781 montem“;
2457 5729 2522 5771 ac
2544 5729 2771 5770 rursus:
2818 5711 2928 5767 Illa
2964 5720 3140 5765 autem
3195 5719 3312 5777 qua’
3335 5715 3544 5756 sursum
