4086 6522
526 343 592 396 8τ
1225 335 1488 390 EITFEBII
1530 331 2006 390 CAESARIENSIS
2035 329 2105 386 Οῐ

2221 326 2401 381 PARS
2433 325 2516 380 ΙΙΙ.
2554 356 2621 365 -
2649 325 3053 378 ΕλΕωιἹΊίιΛ.
3695 316 3762 367 SR

525 470 602 516 est
629 456 948 523 Jerusalem,
979 459 1142 514 libera
1171 468 1248 512 est
1266 459 1329 520 ιθ,
1361 456 1626 527 atqueiliic
1658 461 1838 509 tamen
1871 465 2096 522 regnum

2212 446 2606 514 Ἰερουσαλὴμ
2653 444 2935 511 ἐλευθέρα
2982 437 3155 493 ἐστὶν
3179 480 3194 504 ,
3255 434 3485 490 ἐνταῦθά
3535 451 3666 503 φησι
3699 434 3764 486 τὰ

529 549 635 603 sibi
662 548 1020 602 constitutum
1060 547 1168 614 ait;
1204 563 1331 616 pars
1382 562 1516 617 ergo
1561 559 1810 614 superum
1839 541 2096 597 Ecclesiae

533 640 698 695 fuerit
728 639 891 694 etiam
939 655 1002 693 ea
1033 655 1154 709 quae
1186 639 1241 692 in
1293 647 1438 693 terra
1475 646 1743 697 versatur,
1784 649 1912 688 cum
1942 647 2096 687 eum-

533 731 654 786 dem
701 731 769 786 ad
806 730 965 786 tinem
999 732 1116 802 ipsa
1167 730 1482 788 contendat.
1537 727 1821 794 Quomodo
1855 733 2034 780 autem
2065 738 2095 777 a

532 823 692 879 Patre
723 824 778 877 in
825 821 954 876 Sion
991 823 1200 879 cmlesti
1246 823 1577 878 constitutus
1617 819 1779 875 fuerit
1808 834 1902 874 rex
1943 814 2097 870 Chri-

533 927 672 975 stus.
700 916 1000 985 intelligere
1033 917 1178 979 licet,
1211 916 1354 986 quod
1386 915 1591 968 dictum
1632 912 1708 966 illi
1751 911 1860 966 sit:
1899 907 2031 962 Sede
2063 924 2096 960 a

531 1010 732 1062 dextris
772 1009 921 1071 meis,
955 1008 1119 1062 donec
1151 1025 1341 1077 ponam
1377 1009 1618 1060 inimicos
1658 1021 1774 1058 tuo;
1810 1001 2096 1058 scabetlum

529 1101 719 1171 pedum
753 1100 1043 1154 tuorum“.
1093 1099 1242 1166 Quos
1273 1115 1465 1168 nempe
1497 1099 1768 1160 inimicos,
1794 1095 1898 1149 nisi
1933 1109 2096 1163 supra

531 1203 888 1260 memoratos,
919 1194 1010 1264 qui
1044 1192 1357 1263 congregati
1401 1199 1528 1247 sunt
1559 1191 1822 1244 adversus
1853 1203 1998 1250 eum,
2044 1194 2098 1242 et

530 1285 820 1339 astiterunt
858 1283 1152 1352 principes,
1200 1296 1374 1350 reges,
1418 1289 1607 1351 gentes
1663 1288 1825 1349 atque
1875 1275 2099 1348 populi?

532 1378 696 1432 hosce
724 1378 871 1431 enim
901 1376 1001 1431 sul)
1041 1375 1271 1444 pedibus
1297 1376 1419 1445 ejus
1443 1375 1860 1430 substraturum
1889 1385 1947 1426 se
1971 1385 2098 1440 pro-

533 1470 682 1526 misit
724 1471 904 1523 Pater.

608 1561 769 1616 Vens.
804 1563 855 1615 '7.
895 1561 1150 1614 Dominus
1195 1558 1331 1611 dixit
1374 1555 1442 1608 ad
1491 1571 1602 1609 me:
1648 1553 1824 1607 Filius
1861 1569 2004 1606 meus
2043 1568 2097 1606 es

532 1663 608 1716 tu,
656 1671 747 1724 ego
782 1652 934 1707 hodie
986 1652 1141 1722 genui
1173 1659 1240 1706 te.
1289 1648 1445 1711 Illud,
1499 1647 1672 1710 hodie,
1719 1625 1916 1700 nomen
1960 1651 2100 1699 tem-

533 1747 680 1816 poris
727 1759 828 1809 est,
869 1746 1120 1815 idemque
1163 1743 1430 1813 signiﬁcat
1473 1748 1635 1810 atque
1692 1738 1944 1809 praesenti
1983 1736 2094 1791 die.

533 1838 657 1894 Dies
719 1846 898 1892 autem
950 1846 1034 1893 est
1074 1838 1431 1892 interstitiiun
1494 1833 1770 1904 quoddam
1815 1831 2096 1902 temporis.

2208 1835 2257 1888 δὲ
2307 1831 2581 1902 διάστημά
2625 1848 2677 1884 τι
2733 1827 2980 1899 κρονικόν
3016 1826 3151 1877 ἐστι.

530 1929 642 1983 Cur
668 1929 831 1999 igitur
856 1929 929 1982 ait
957 1930 1032 1982 illi
1065 1928 1360 1982 Dominus:
1407 1925 1519 1996 Ego
1549 1924 1703 1979 hodie
1729 1924 1884 1994 genui
1927 1919 2012 1976 te?
2048 1921 2100 1976 id

529 2021 786 2077 videlicet
819 2021 886 2076 de
918 2021 1200 2092 temporali
1226 2019 1576 2091 generatione
1603 2017 1834 2078 dictum,
1861 2030 1982 2085 quae
2007 2031 2102 2084 per

532 2113 890 2167 «economiam
918 2112 1080 2168 facta.
1137 2112 1210 2166 De
1247 2113 1335 2166 illa
1367 2124 1602 2180 namque
1639 2126 1759 2180 qua:
1798 2107 1917 2163 sine
1945 2107 2094 2177 prin-

531 2206 677 2274 cipio
711 2211 816 2263 est,
847 2206 921 2258 ait
956 2207 1072 2275 ipse
1109 2203 1312 2257 David:
1368 2203 1450 2256 Ex
1478 2213 1624 2256 utero
1673 2210 1793 2255 ante
1824 2200 2102 2269 luciferum

529 2296 686 2365 genui
717 2297 848 2350 te".
899 2295 1154 2366 Gignitur
1185 2303 1366 2350 autem
1413 2296 1595 2359 hodie,
1629 2310 1736 2350 non
1766 2294 2098 2365 principium

531 2388 833 2443 exsistendi
865 2389 918 2442 in
946 2398 1068 2442 ortu
1101 2388 1399 2458 accipiens,
1431 2387 1526 2444 sed
1558 2388 1862 2443 secundum
1903 2401 2104 2440 carna-

535 2482 638 2539 lem
683 2481 1046 2536 mcouomiam
1087 2480 1140 2534 in
1173 2478 1520 2549 adoptionem
1545 2479 1791 2534 veniens.
1847 2477 1913 2530 Et
1947 2478 2102 2546 quis-

534 2573 660 2642 quis
711 2571 780 2626 ab
823 2587 889 2626 eo
939 2571 1137 2641 accipit
1189 2576 1515 2640 potestatem
1564 2576 1624 2627 ut
1669 2569 1813 2624 (ilius
1851 2567 1938 2623 Dei
1989 2567 2101 2630 ﬁat,

532 2662 750 2734 quando
779 2662 941 2722 ﬁlius,
968 2678 1062 2732 per
1081 2663 1408 2733 baptismum
1439 2669 1807 2731 regeneratus,
1840 2658 2102 2725 edicitur;

534 2755 627 2826 qui
686 2763 865 2810 tamen
909 2752 1118 2822 aliquid
1166 2751 1346 2807 fuerat
1385 2758 1677 2821 antequam
1737 2751 1882 2804 tilius
1933 2757 2101 2813 esset,

534 2859 665 2903 tunc
723 2847 839 2919 ipse
897 2846 1236 2900 nobilitatur.
1288 2843 1498 2898 Dicitur
1546 2842 1818 2912 propriam
1850 2840 2104 2895 Hebraici

535 2948 720 2996 textus
752 2937 1205 3006 significationem
1236 2951 1357 2990 esse
1382 2936 1578 3004 peperi,
1605 2949 1710 3004 qua
1742 2934 1937 3004 Aquila
1970 2947 2105 2987 usus

534 3045 638 3090 est.
694 3031 989 3103 Apostolus
1027 3036 1205 3084 autem
1260 3028 1608 3098 legisperitus
1653 3042 1777 3080 cum
1833 3034 2000 3089 esset,
2049 3026 2104 3079 in

536 3125 779 3197 Epistola
809 3123 875 3178 ad
903 3122 1159 3177 Hebraeos
1194 3121 1547 3190 Septuaginta
1571 3118 1934 3189 [interpretum
1981 3133 2103 3172 ver-

537 3221 690 3276 sione
725 3232 857 3274 usus
892 3222 994 3272 est.

604 3310 761 3381 Quod
795 3316 976 3363 autem
1005 3307 1119 3361 haec
1160 3307 1212 3360 in
1245 3304 1528 3361 Salvatore
1556 3311 1748 3359 nostro
1777 3301 1906 3358 Jesu
1942 3301 2105 3358 Chri-

539 3411 645 3466 sto,
681 3411 736 3458 et
762 3416 875 3457 non
899 3401 955 3454 in
987 3399 1116 3467 alio,
1140 3399 1412 3470 completa
1441 3398 1573 3462 sint,
1605 3397 1946 3462 declaratur;
1975 3397 2105 3452 illud

538 3498 683 3552 enim
706 3516 720 3552 :

610 3585 848 3644 V'ens.8.
885 3585 1109 3640 Postula
1131 3602 1164 3638 a
1185 3599 1284 3646 me,
1326 3591 1374 3636 ct
1413 3580 1550 3635 dabo
1577 3579 1671 3634 tibi
1692 3590 1868 3650 gentes
1894 3576 2118 3634 hasredi-

541 3688 702 3734 tatem
741 3686 910 3742 tuam,
936 3687 987 3732 et
1028 3677 1410 3747 possessionem
1452 3684 1598 3728 tuam
1643 3673 1893 3728 terminos
1937 3682 2107 3738 terra',

543 3787 703 3828 nemo
724 3770 925 3826 dixerit
957 3771 1011 3823 in
1041 3769 1149 3824 alio
1178 3767 1436 3838 quopiam
1483 3773 1730 3820 veterum
1753 3762 1848 3818 Dei
1877 3763 2111 3834 prophe-

543 3877 719 3919 tarum
747 3863 922 3919 visum
945 3878 1009 3916 ac
1024 3862 1350 3933 completum
1371 3873 1512 3914 esse.
1545 3855 1678 3911 Nam
1702 3870 1874 3927 neque
1897 3855 2108 3927 Moyses

541 3955 796 4012 omnibus
834 3954 1088 4026 gentibus
1117 3952 1424 4022 imperavit,
1471 3965 1648 4019 neque
1699 3947 1889 4012 David,
1936 3963 2112 4016 neque

545 4047 826 4111 Salomon,
861 4063 1034 4116 neque
1062 4046 1202 4099 alius
1225 4044 1495 4114 quispiam
1523 4055 1712 4096 eorum
1737 4040 1830 4108 qui
1859 4054 1888 4092 a
1912 4039 2112 4094 saeculo

543 4140 696 4194 fuere
721 4139 1109 4210 prepbetarum
1143 4144 1239 4190 aut
1271 4149 1498 4205 regum:
1545 4132 1648 4187 soli
1696 4139 1881 4186 autem
1927 4130 2114 4185 Salva-

543 4231 650 4284 tori
690 4237 880 4285 nostro
928 4229 1042 4282 inec
1072 4234 1379 4296 competere
1416 4225 1501 4278 vel
1530 4223 1646 4293 ipsa
1674 4237 1860 4277 rerum
1894 4222 2108 4292 perspi-

543 4320 716 4374 cuitas
737 4318 1091 4387 testificatur:
1120 4314 1558 4386 quandoquidem
1583 4314 1637 4367 in
1671 4328 1884 4368 onmem
1912 4322 2114 4367 terram

541 4412 710 4467 exivit
731 4427 900 4467 sonus
933 4411 1305 4480 apostolorum
1329 4408 1470 4477 ejus,
1497 4414 1551 4462 et
1586 4407 1640 4462 in
1673 4405 1810 4461 ﬁnes
1834 4405 1985 4461 orbis
2015 4412 2116 4460 ter-

543 4519 618 4559 ra:
655 4504 820 4559 verba
847 4518 1035 4557 eorum
1067 4499 1436 4567 pervasere”.

614 4596 781 4652 Vsus.
821 4596 875 4652 9.
910 4595 1104 4649 Pasces
1131 4611 1216 4649 eos
1244 4595 1298 4647 in
1319 4595 1462 4664 virga
1487 4593 1682 4672 ferrea,
1711 4601 1962 4662 tanquam
1983 4606 2115 4643 vasa

545 4689 697 4764 ﬁguli
747 4688 1044 4758 confringet:
1085 4705 1193 4743 eos.
1224 4685 1455 4757 Accepta
1502 4687 1554 4739 in
1598 4701 1791 4739 omnes
1824 4691 2113 4753 potestate,

546 4782 758 4858 priores
785 4781 909 4836 illos
935 4781 1027 4851 qui
1059 4780 1344 4836 adversum
1396 4787 1450 4834 te
1497 4777 1841 4832 fremuerunt
1884 4785 1938 4829 et
1979 4790 2116 4828 vana

548 4873 791 4927 meditati
818 4880 966 4936 sunt,
999 4872 1092 4927 sed
1130 4873 1294 4927 etiam
1324 4870 1415 4941 qui
1459 4871 1776 4932 astiterunt,
1803 4877 1858 4921 et
1909 4881 2112 4920 conve-

549 4973 750 5023 nerunt
768 4965 1057 5020 adversum
1079 4972 1131 5019 te
1149 4979 1305 5036 reges
1327 4971 1487 5018 terra:
1507 4969 1560 5016 et
1577 4961 1872 5031 principes,
1897 4973 2114 5028 pasces,

553 5071 659 5112 non
686 5058 944 5126 pastorali
984 5065 1394 5113 mansuetarum
1439 5055 1625 5110 ovium
1652 5054 1826 5123 virga,
1854 5067 1974 5123 quae
2003 5067 2119 5107 scr-

552 5150 807 5206 tnonibus
839 5151 1281 5221 salutaribusque
1318 5148 1628 5222 disciplinis
1652 5153 1869 5201 constat
1895 5163 1910 5213 ;
1937 5145 2120 5214 hujus-

551 5242 698 5303 modi
728 5257 961 5314 Italoque
991 5243 1141 5315 virga
1173 5242 1489 5298 rationabili
1521 5240 1732 5296 Christi
1761 5254 1890 5294 oves
1919 5239 1971 5292 in
1995 5238 2118 5307 ejus

553 5339 806 5403 ovilibus,
838 5340 952 5398 sive
979 5339 1032 5394 in
1057 5339 1321 5394 Ecclesiis
1349 5345 1404 5392 et
1425 5333 1808 5407 spiritualibus
1837 5346 2118 5385 sacrarum

556 5429 960 5502 Scripturarum
985 5429 1230 5502 pascuis,
1276 5439 1574 5499 reguntur;
1617 5425 1710 5481 sed
1739 5425 1793 5481 in
1816 5423 1965 5493 virga
2007 5422 2120 5476 fer-

555 5541 676 5593 rea;
709 5542 813 5598 qua
838 5534 892 5582 et
922 5527 1043 5582 illos
1071 5533 1125 5580 et
1145 5522 1505 5594 cogitationes
1532 5532 1722 5573 eorum
1748 5516 2116 5586 confringere,

625 5659 668 5692 '°
705 5659 882 5716 Galat.
917 5673 1002 5726 tv,
1033 5655 1124 5710 26.
1205 5655 1245 5686 “
1289 5651 1576 5714 Psal.r,ix,
1618 5650 1665 5714 Ι,
1704 5648 1759 5704 2.
1837 5648 1879 5679 ¹²

1978 5651 2106 5707 ibid.
2175 5653 2228 5708 4.

2201 537 2450 609 βασίλεια
2501 533 2650 605 αὑτῴ
2711 532 3057 586 συνεστάναι·
3125 529 3288 600 μέρος
3337 528 3379 581 δ’
3415 527 3479 581 ἂν
3519 526 3619 594 τῆς
3655 525 3764 580 ἄνω

2214 630 2540 702 Ἐκκλησίας
2575 628 2667 683 καὶ
2705 631 2739 700 ἡ
2767 629 2859 681 ἐπὶ
2883 628 2986 698 γῆς
3018 627 3098 689 είς
3129 625 3303 676 ἐκεῖνο
3329 621 3512 684 τέλους
3555 621 3647 672 καὶ
3673 619 3767 673 αὑ-

2203 729 2270 797 τῇ
2305 725 2606 778 σπεύδουσα
2638 722 2737 794 (1).
2769 724 2958 784 Ὅπως
3000 719 3056 772 δὲ
3082 717 3186 772 ὑπὸ
3232 715 3325 770 τοῦ
3355 713 3565 787 Πατρὸς
3591 715 3648 766 ὲν
3699 716 3764 784 τῇ

2198 815 2506 887 ἐπουρανίῳ
2521 814 2656 866 Σιὼν
2683 810 2987 880 κατεστάθη
3009 807 3259 880 βασιλεὺς
3279 811 3307 861 6
3324 805 3553 877 Χριστὸς
3576 803 3764 868 αὐτοῦ,

2200 909 2431 980 πάρεστι
2458 907 2654 976 γνῶναι
2688 905 2780 958 καὶ
2805 903 2912 957 ἀπὸ
2944 902 3035 955 τοῦ
3065 900 3315 970 λέγεσθαι
3345 898 3523 968 αὑτῴ⁸
3569 898 3764 952 Κάθου

2196 1005 2263 1057 ἐκ
2291 999 2503 1066 δεξιῶν
2527 1018 2645 1070 μου
2666 1038 2679 1061 ,
2705 998 2809 1063 ἕως
2842 995 2919 1050 ἂν
2947 993 3027 1048 θῶ
3054 993 3191 1059 τοὺς
3217 992 3465 1061 ἐχθρούς
3489 1007 3604 1044 σου
3631 991 3766 1042 ὐπο-

2200 1095 2411 1149 πόδιον
2443 1091 2559 1146 τῶν
2592 1090 2792 1146 ποδῶν
2821 1104 2956 1142 σου.
3015 1086 3204 1150 Ποίους
3232 1084 3288 1137 δὲ
3321 1083 3544 1155 ἐχθροὺς
3575 1081 3607 1152 ἢ
3641 1082 3765 1145 τοὺς

2200 1185 2630 1260 προλεχθέντας,
2669 1183 2792 1244 τοὺς
2821 1180 2884 1252 δὴ
2925 1175 3283 1248 συναχθέντας
3331 1175 3450 1227 κατ’
3475 1172 3637 1227 αὑτοῦ
3673 1171 3764 1225 καὶ

2201 1279 2580 1351 παραστάντας
2613 1275 2875 1347 ἄρχοντας
2903 1273 2995 1325 καὶ
3023 1268 3276 1340 βασιλεῖς,
3305 1267 3398 1320 καὶ
3448 1265 3630 1329 λαοὺς,
3675 1265 3768 1316 καὶ

2199 1372 2367 1442 ἕθνη;
2419 1369 2641 1428 τούτους
2690 1366 2796 1437 γὰρ
2846 1363 3134 1430 ὑποτάξειν
3185 1363 3296 1424 τοῖς
3345 1358 3507 1414 αὐτοῦ
3554 1359 3707 1411 ποσὶν
3737 1357 3768 1412 ὁ

2201 1463 2388 1534 Πατὴρ
2419 1459 2801 1533 ἐπηγγείλατο.

2269 1558 2483 1623 Κύριος
2531 1551 2660 1628 εἷπε
2710 1553 2859 1620 πρὸς
2890 1555 3009 1620 μέ·
3065 1547 3191 1612 Υἱός
3225 1563 3343 1615 μου
3381 1541 3438 1598 εἷ
3485 1543 3606 1605 σὺ,
3655 1539 3770 1609 ἐγὼ

2200 1649 2464 1718 σήμερον
2491 1641 2819 1717 γεγέννηκά
2843 1657 2935 1694 σε.
2987 1638 3060 1692 Τὸ
3088 1636 3352 1706 σήμερον
3378 1635 3546 1705 ὄνομα
3577 1632 3769 1704 χρόνου

2203 1742 2349 1795 ἐστίν
2373 1757 2387 1771 ο
2449 1739 2756 1808 ἰσοδυναμεῖ
2785 1735 2839 1788 δὲ
2889 1736 2952 1806 τῇ
3003 1729 3278 1802 ὲνεστώσῃ
3307 1728 3524 1799 ἡμέρα·
3583 1724 3768 1796 ἡμέρα

3238 1821 3302 1873 Τί
3333 1815 3426 1872 οὖν
3463 1835 3596 1889 φησι
3635 1813 3770 1887 πρὸς

2202 1927 2363 1981 αὐτὸν
2384 1929 2412 1981 6
2441 1925 2641 1996 Κύριος
2662 1942 2675 1953 ν
2724 1919 2864 1990 Ἐγὼ
2894 1917 3158 1987 σήμερον
3191 1908 3516 1985 γεγέννηκὰ
3542 1924 3647 1970 σε;
3677 1908 3772 1977 δη-

2201 2019 2375 2073 λονότι
2429 2017 2558 2087 περὶ
2614 2016 2713 2086 τῆς
2773 2011 3028 2086 χρονικῆς
3080 2009 3179 2080 ἔφη
3221 2007 3492 2077 γενήσεως
3521 2002 3618 2072 τῆς
3650 2000 3770 2054 κατ’

2202 2108 2540 2179 οίκονομέαν·
2604 2105 2732 2177 περὶ
2787 2103 2894 2173 γὰρ
2946 2102 3043 2172 τῆς
3074 2099 3306 2170 ἁνάρχου
3341 2094 3502 2166 φησὶν
3555 2091 3713 2154 αὐτὸς
3742 2092 3772 2143 6

2203 2201 2362 2254 Δαυῖδ
2381 2217 2392 2230 ·
2456 2201 2548 2252 Ἐκ
2583 2195 2840 2268 γαστρὸς
2870 2193 2981 2261 πρὸ
3012 2191 3318 2260 ἑωσφόρου
3349 2182 3645 2256 ὲγέννησά
3676 2199 3768 2236 σε.

2204 2294 2460 2346 Γεννᾶται
2490 2291 2545 2344 δὲ
2577 2292 2814 2361 σήμερον
2853 2287 2974 2356 οὐχὶ
3029 2283 3200 2356 ἀρχὴν
3237 2281 3544 2340 συστάσεως
3595 2278 3651 2329 ἐν
3694 2275 3772 2346 τῷ

2205 2382 2494 2452 γεννᾶσθαι
2545 2379 2832 2450 λαμϐάνων
2851 2418 2866 2441 ,
2903 2374 3042 2430 κατὰ
3077 2374 3132 2426 δὲ
3159 2373 3256 2443 τὴν
3279 2369 3542 2441 σαρκικὴν
3573 2367 3774 2419 οἰκονο-

2207 2476 2335 2545 μίαν
2366 2475 2445 2535 εἰς
2468 2470 2736 2525 υἱοθεσίαν
2766 2467 2953 2522 ἐλθών.
2990 2466 3098 2518 Καὶ
3118 2466 3146 2519 6
3169 2463 3295 2533 παρ’
3323 2459 3484 2515 αὐτοῦ
3510 2457 3565 2510 δὲ
3594 2454 3773 2509 λαϐὼν

2203 2565 2448 2634 ἐξουσίαν
2473 2564 2658 2618 τέκνον
2685 2561 2819 2615 Θεοῦ
2839 2558 3085 2629 γενέσθαι
3103 2598 3117 2622 ,
3143 2557 3228 2610 ὅτε
3252 2553 3457 2624 γίνεται
3477 2551 3662 2604 τέγνον
3686 2547 3774 2602 διὰ

2204 2656 2296 2711 τοῦ
2333 2654 2702 2727 βαπτίσματος
2733 2647 3172 2718 ὰναγεννὼμενος
3201 2685 3216 2709 ,
3248 2642 3432 2715 ἕτερον
3460 2658 3511 2694 τι
3543 2638 3648 2709 πρὸ
3678 2636 3773 2690 τοῦ

2204 2743 2342 2800 εἶναι
2375 2744 2561 2798 τέκνον
2595 2741 2853 2812 ὑπάρχων
2880 2779 2894 2804 ,
2935 2735 3344 2805 ὲξευγενίςεται.
3391 2729 3445 2786 Ὁ
3487 2731 3671 2802 μέντοι
3710 2745 3773 2796 γε

2216 2838 2465 2909 Ἐὅραῖος
2499 2835 2713 2902 ἐλέγετο
2747 2831 2933 2902 κύριον
2968 2825 3104 2882 εἶναι
3142 2827 3238 2898 τῆς
3268 2826 3465 2891 λέξεως
3491 2865 3508 2888 ,
3543 2822 3772 2883 ἔτεκον,

2205 2932 2340 3001 ὅπερ
2361 2929 2452 2982 καὶ
2485 2925 2714 2988 Ἀκύλας
2742 2922 3052 2993 πεποίηκεν.
3095 2917 3152 2971 Ὀ
3175 2918 3232 2974 δὲ
3265 2915 3602 2980 Ἀπόστολος,
3627 2930 3778 2983 νομο-

2210 3020 2385 3093 μαθὴς
2414 3020 2674 3091 ὑπάρχων
2694 3058 2709 3082 ,
2735 3017 2792 3070 ὲν
2815 3018 2880 3087 τῇ
2905 3014 3038 3087 πρὸς
3074 3011 3354 3084 Ἐϐραίους
3373 3011 3438 3082 τῇ
3459 3010 3565 3064 τῶν
3598 3003 3776 3062 Ἑϐδο-

2211 3113 2450 3185 μήκοντα
2480 3110 2767 3181 ἐχρήσατο.

2275 3293 2385 3348 Καὶ
2417 3292 2498 3349 ὅτι
2530 3307 2592 3359 γε
2641 3290 2720 3351 είς
2751 3285 2842 3339 τὸν
2878 3283 3140 3355 ἡμέτερον
3173 3279 3398 3349 Σωτῆρα
3440 3272 3646 3346 Ἰησοῦν
3689 3272 3779 3326 τὸν

2207 3386 2475 3458 Χριστὸν,
2527 3383 2622 3436 καὶ
2675 3379 2776 3431 οὐκ
2804 3378 2882 3440 εἰς
2943 3374 3136 3438 ἄλλον,
3193 3370 3544 3442 πεπλήρωται
3586 3365 3778 3429 ταῦτα,

2212 3477 2535 3549 παρίστησι⁸
2568 3470 2632 3524 τὸ
2661 3468 2770 3539 γάρ
2789 3482 2803 3496 ·

2276 3546 2526 3635 dienam
2547 3563 2679 3632 παρ’
2702 3557 2866 3628 ἐμοῦ,
2889 3556 2987 3613 καὶ
3006 3553 3176 3608 δώσω
3205 3568 3302 3607 σοι
3327 3551 3470 3616 ἔθνη
3501 3546 3615 3615 τὴν
3645 3548 3784 3611 κλη-

2200 3662 2490 3731 ρονομίαν
2510 3673 2646 3721 σου,
2670 3655 2764 3709 καὶ
2791 3653 2904 3720 τὴν
2921 3645 3294 3715 κατάσχεσὼρ
3321 3659 3435 3696 σου
3464 3638 3535 3692 τὰ
3561 3636 3783 3706 πέρατα

2211 3729 2316 3822 τῆς
2345 3729 2497 3824 -γῆς,
2550 3750 2724 3812 οὐδεὶς
2777 3746 2841 3800 ἂν
2889 3744 2999 3815 ἔχοι
3042 3740 3206 3811 φάναι
3278 3733 3360 3802 ἐφ’
3422 3731 3607 3804 ἑτέρου
3677 3729 3784 3782 τῶν

2213 3848 2381 3903 πάλαι
2404 3845 2499 3900 τοῦ
2528 3842 2662 3897 Θεοῦ
2692 3836 2984 3910 προφητῶν
3019 3825 3436 3902 πεφανερῶσθαι
3461 3824 3555 3878 καὶ
3579 3821 3784 3892 πεπλη-

2214 3939 2437 4014 ρῶσθαι.
2470 3935 2606 3990 Οὔτε
2635 3933 2742 4003 γὰρ
2764 3929 3003 3998 Μωῡσῆς
3028 3923 3133 3978 τῶν
3151 3918 3318 3974 ἐθνῶν
3345 3913 3785 4014 ἁπάντωνκὲνρά-

2211 4004 2375 4103 ⁸τησεν
2395 4069 2410 4092 ,
2453 4026 2579 4082 οὕτε
2628 4023 2788 4078 Δαυῒδ
2811 4061 2826 4085 ,
2869 4019 2992 4073 οὔτε
3019 4010 3268 4082 Σολομὼν
3287 4051 3301 4073 ,
3331 4008 3454 4062 οὔτε
3486 4023 3570 4068 τις
3601 4004 3787 4074 ἕτερος

2215 4119 2506 4195 προφητῶν
2550 4118 2584 4189 ἢ
2632 4113 2889 4188 βασιλέων
2933 4109 3039 4164 τῶν
3099 4104 3159 4168 ἐξ
3208 4101 3399 4164 αἰῶνος
3444 4095 3783 4168 γενομένων·

2218 4181 2362 4288 μονῳ
2382 4215 2439 4268 δὲ
2459 4210 2536 4282 τῷ
2563 4207 2812 4280 ἡμετέρῳ
2843 4201 3105 4274 Σωτῆριή
3133 4197 3238 4250 τῶν
3267 4191 3602 4265 πραγμάτων
3632 4181 3790 4256 ἐνάρ-

2215 4277 2347 4378 ista
2386 4277 2676 4376 μαρτυρεῖ·
2711 4277 3004 4368 ἐπειδήπερ
3055 4293 3133 4354 είς
3167 4289 3347 4345 πᾶσαν
3378 4284 3476 4355 τὴν
3505 4281 3610 4351 γῆν
3638 4277 3790 4348 ὲῇλθ

2218 4400 2308 4454 θεν
2359 4401 2387 4451 6
2438 4394 2672 4466 φθόγγος
2711 4389 2816 4444 τῶν
2865 4385 3173 4441 ἀποστόλων
3223 4378 3422 4440 αὑτοῦ,
3469 4375 3565 4430 καὶ
3613 4376 3691 4436 εἰς
3723 4370 3792 4424 τά

2149 4519 2192 4573 D
2224 4493 2432 4563 πέρατα
2461 4488 2555 4558 τῆς
2578 4482 2898 4554 οἰκουμένης
2927 4478 2995 4532 τὰ
3029 4477 3244 4549 ῥήματα
3277 4468 3456 4525 αὐτῶν
3488 4465 3718 4537 διῆλθεν.

2293 4558 2604 4653 Damae-sic
2632 4575 2852 4639 αὐτοὺς
2883 4572 2950 4625 ἐν
2969 4565 3168 4630 ῥάϐδῳ
3199 4561 3415 4633 σιδηρᾷ
3439 4603 3455 4626 ,
3599 4558 3788 4653 σκεύη

2226 4649 2517 4745 κεραμέως
2571 4668 2923 4735 συντρίψειεν
2969 4659 3210 4724 αὐτούς.
3285 4653 3479 4711 Λαϐὼν
3515 4651 3612 4722 τὴν
3652 4649 3794 4705 κατὰ

2225 4770 2440 4824 πάντων
2494 4762 2776 4831 ἐξουσίαν,
2835 4756 2960 4817 τοὺς
3009 4751 3302 4825 προτέρους
3363 4745 3602 4807 ἐκείνους
3668 4742 3795 4803 τοὺς

2225 4863 2366 4918 κατὰ
2407 4859 2500 4913 σοῦ
2533 4853 2876 4926 φρυάξαντας
2905 4845 2998 4901 καὶ
3030 4842 3161 4897 κενὰ
3194 4841 3592 4913 μελετήσαντας
3613 4876 3626 4898 ,
3659 4834 3795 4890 ἀλλὰ

2224 4957 2318 5011 καὶ
2367 4955 2490 5016 τοὺς
2521 4938 3040 5020 παραστάνταςκαὶ
3096 4933 3452 5004 συναχθέντας
3504 4927 3646 4983 κατὰ
3700 4926 3794 4980 σοῦ

2227 5049 2464 5122 βασιλεῖς
2488 5063 2551 5100 τε
2584 5018 2687 5112 γῆς
2728 5041 2820 5095 καὶ
2860 5038 3123 5108 ἄρχοντας
3152 5027 3456 5098 ποιμανεῖς.
3506 5018 3795 5122 οὺὶτῆτῶν

2226 5111 2445 5214 ῆμέρων
2474 5137 2760 5210 προϐάτων
2788 5126 3114 5200 ποιμαντικῇ
3152 5119 3328 5192 ῥάϐδῳ
3348 5158 3362 5180 ,
3507 5112 3594 5165 διὰ

2225 5202 2319 5288 διαὶ
2339 5202 2485 5299 σωτη
2494 5202 2621 5299 ρ’ίων
2651 5222 2984 5295 μαθημάτων
3003 5235 3016 5250 ν
3038 5212 3256 5282 τοιαύτῃ
3279 5210 3384 5280 γὰρ
3406 5202 3800 5299 λογικῇ-ῥάϐδῳ

2226 5324 2295 5378 τὰ
2330 5320 2566 5393 Χριστοῦ
2625 5313 2868 5386 πρόϐατα
2906 5312 2963 5364 ἐν
2999 5309 3118 5370 ταῖς
3161 5301 3420 5376 μάνδραις
3458 5295 3624 5350 αὑτοῦ
3653 5335 3668 5359 ,
3740 5294 3799 5345 ὲν

2224 5417 2345 5476 ταῖς
2387 5408 2728 5480 Ἐκκλησίαις
2760 5403 2852 5458 καὶ
2893 5403 3010 5464 ταῖς
3039 5397 3146 5452 τῶν
3182 5391 3340 5464 ἱερῶν
3365 5385 3592 5458 Γραφῶν
3639 5399 3802 5436 πνευ-

2232 5505 2487 5582 ματικαῖς
2514 5501 2706 5571 νομαῖς
2729 5495 3072 5567 ποιμαίνεται
3096 5507 3108 5519 ·
3145 5485 3256 5544 ἀλλ’
3289 5484 3346 5536 ἐν
3376 5477 3554 5553 ῥάϐδῳ
3580 5475 3800 5547 σιδηρᾷ,

2368 5640 2410 5671 ⁸³
2448 5637 2594 5696 Psal.
2627 5650 2758 5690 xvm
2780 5673 2795 5699 ,
2830 5631 2883 5687 5.

622 5817 700 5896 (Ι)
727 5814 914 5885 Antii.
963 5828 1072 5868 σπ.
1107 5808 1416 5883 Legendum
1443 5807 1600 5879 αὐτή,
1632 5821 1822 5880 nempe
1849 5805 1881 5878 η
1910 5805 1998 5858 ἐπὶ
2028 5803 2105 5872 γῆ.

2208 5795 2492 5869 Εκκλησία.
2529 5795 2683 5850 Eon.
