4086 6522
323 327 390 384 89
1402 332 1905 391 COMMENTARIA
1947 333 2013 388 ΙΝ
2050 334 2392 396 PSALMOS.
3473 357 3546 413 90

322 444 391 497 δι’
416 440 484 516 ἦς
510 446 815 517 συντρίψειν
846 449 1063 514 αὐτοὺς,
1097 450 1188 504 καὶ
1213 453 1274 505 τὸ
1297 454 1464 525 οἴημα
1487 456 1667 509 αὐτῶν
1696 458 1892 512 κατεά-
1925 500 1935 527 γ

1950 468 2048 526 κει
2081 468 2339 533 tanquam
2399 479 2496 520 vas
2527 464 2674 536 figuli
2700 476 2982 525 conterere
3022 469 3135 540 ipse
3177 470 3396 527 dicitur.
3440 471 3563 525 Vir—

324 537 435 603 ξειν
465 538 618 612 δίκην
661 542 882 609 ἀγγείου
930 542 1248 613 ὀστρακίνου
1280 545 1513 613 λέγεται.
1588 548 1807 603 Ῥάϐδον
1836 548 1893 603 δὲ

1996 564 2117 620 gam
2166 562 2348 608 autem
2397 554 2629 610 ferream
2673 554 2982 613 Romanum
3041 559 3327 630 imperium
3381 570 3557 625 vocat,

326 628 549 699 σιδηρᾶν
583 631 683 702 τὴν
729 632 1014 703 Ῥωμαίων
1043 635 1215 707 ἀρχὴν
1241 633 1379 690 εἷναί
1416 655 1578 709 φησιν
1601 680 1615 704 ,
1664 641 1893 712 ἐπικρα-

1994 643 2139 711 quod
2162 646 2465 700 secundum
2495 645 2801 703 Salvatoris
2830 650 3004 705 nostri
3036 628 3331 705 adventum
3364 660 3559 721 poten-

322 718 580 790 τεστέραν
602 723 895 795 γενομένην
934 726 1068 793 μετά
1088 727 1186 796 τὴν
1209 727 1301 779 τοῦ
1325 728 1573 800 Σωτῆρος
1598 731 1751 801 ἡμῶν
1776 733 1893 784 ἐπι·-

1996 737 2102 790 tius
2132 739 2324 792 evasit.
2373 738 2508 794 Nam
2555 758 2678 796 cum
2710 743 2903 798 exinde
2948 743 3104 796 multi
3141 743 3387 813 variique
3431 760 3561 814 gen-

324 810 566 878 φάνειαν.
634 813 719 879 Ἐξ
744 815 949 868 ἐκείνου
983 817 1093 884 γὰρ
1122 816 1231 870 τῶν
1257 820 1374 871 κατ’
1399 818 1523 891 ἔθνη
1550 820 1892 891 πολυαρχιῶν

1994 827 2131 882 tium
2160 830 2522 901 principatus,
2545 842 2598 888 et
2621 845 2716 904 per
2745 836 2991 891 diversas
3018 835 3267 903 regiones
3308 835 3558 890 domina-

323 901 417 954 καὶ
467 902 575 955 τῶν
626 905 765 958 κατά
803 906 982 977 χώρας
1020 907 1320 978 ἐθναρχιῶν
1358 910 1761 965 καταλυθεισῶν
1787 954 1801 978 ,
1857 916 1890 987 ἡ

1992 925 2080 973 tus
2108 920 2401 974 multorum
2434 923 2677 993 abrogati
2713 925 2842 987 sint,
2863 941 3029 978 unum
3058 924 3421 979 Romanorum
3456 926 3557 978 im-

334 991 619 1063 Ῥωμαίων
644 997 976 1069 ὲμονάρχησε
1009 997 1273 1067 βασιλεία,
1302 1000 1368 1070 ἢν
1408 1003 1501 1055 καὶ
1524 1004 1555 1073 ἠ
1578 1003 1668 1056 τοῦ
1694 1005 1892 1076 Δανιὴλ

1994 1010 2199 1079 perium
2232 1012 2487 1075 obtinuit,
2511 991 2654 1084 quod
2680 1016 2731 1069 in
2753 1015 2988 1071 Danielis
3015 1017 3295 1086 prophetia
3322 1016 3553 1071 ferreum

321 1085 626 1155 προφητεία
662 1087 881 1159 σιδηρᾶν
915 1092 1211 1161 προσεῖπεν
1244 1133 1258 1157 ,
1293 1093 1386 1146 ἐπὶ
1427 1093 1524 1163 μὲν
1556 1094 1653 1164 τῆς
1686 1095 1893 1159 εἰκόνος

1990 1111 2245 1159 vocatur:
2275 1120 2401 1159 nam
2453 1106 2523 1160 ibi
2562 1107 2628 1161 de
2659 1114 2840 1162 statua
2873 1085 3092 1172 dicitur,
3119 1085 3273 1163 tibiae
3300 1116 3352 1162 et
3391 1108 3555 1178 pedes

321 1178 570 1247 φήσασα·
592 1180 647 1231 al
679 1179 881 1249 κνῆμαι
911 1182 1002 1234 καὶ
1028 1183 1076 1234 οἱ
1109 1183 1266 1247 πόδες
1297 1185 1536 1257 σιδηροῖ,
1569 1187 1662 1239 καὶ
1689 1187 1788 1258 τὴν
1809 1189 1892 1259 ἐρ-

1989 1195 2108 1264 ejus
2141 1195 2335 1251 ferrei:
2365 1197 2593 1267 ejusque
2628 1199 2704 1253 rei
2743 1200 3241 1268 interpretationem
3285 1198 3440 1253 all‘ert
3470 1200 3554 1255 his

322 1269 543 1338 μηνείαν
585 1272 845 1343 ὲκθεμένη
870 1272 957 1326 διά
984 1273 1076 1326 τοῦ
1102 1274 1265 1342 φάναι
1289 1293 1301 1306 ·
1326 1278 1613 1331 Βασιλεία
1640 1277 1888 1347 τετάρτη

1990 1287 2205 1344 verbis:
2254 1287 2483 1358 Regnum
2524 1301 2771 1360 quartum
2801 1292 3075 1346 robustum
3134 1293 3232 1347 erit
3258 1292 3395 1346 sicut
3442 1291 3552 1360 fer-

316 1364 484 1416 ἕσται
498 1363 710 1432 ἰσχυρὰ
722 1365 801 1430 ὡς
814 1369 845 1418 ό
853 1365 1118 1434 σίδηρος·
1139 1366 1210 1420 ὃν
1222 1371 1441 1435 τρόπον
1455 1370 1561 1437 γὰρ
1575 1373 1607 1424 ό
1621 1369 1887 1438 σίδηρος,

1989 1396 2140 1435 rum:
2175 1381 2612 1450 quemadmodum
2632 1385 2770 1436 enim
2796 1383 3015 1452 ferrum,
3044 1385 3360 1438 comminuet
3387 1392 3436 1437 et
3460 1383 3557 1437 do-

315 1456 591 1510 λεπτυνεῐ
608 1457 704 1509 καὶ
728 1457 981 1527 δαμάσει
997 1476 1009 1490 ο
1047 1460 1138 1511 ἐπὶ
1159 1458 1216 1511 δὲ
1240 1459 1339 1529 τῆς
1362 1459 1605 1530 ὁράσεως
1636 1460 1727 1512 τοῦ
1757 1477 1890 1532 προ-

1990 1469 2151 1523 mabit
2169 1471 2217 1502 ιι
2260 1469 2540 1541 Perpende
2568 1474 2720 1535 mihi,
2738 1489 2941 1541 quaaso,
2960 1474 3237 1543 prapheta:
3251 1474 3513 1527 visionem
3537 1492 3548 1526 :

313 1547 477 1617 φητου
499 1558 511 1570 ’
546 1548 653 1601 Καὶ
686 1547 815 1600 ἰδοὺ
834 1589 848 1612 ,
887 1550 1049 1618 φησιν
1068 1590 1082 1613 ,
1132 1549 1275 1609 ζῶον
1305 1550 1587 1618 τέταρτον
1612 1552 1884 1619 φοϐερὸν,

1990 1556 2057 1611 Et
2086 1576 2220 1621 ecce,
2256 1560 2450 1629 inquit,
2479 1560 2643 1616 bestia
2666 1573 2859 1632 quarta
2894 1563 3168 1627 terribilis,
3195 1564 3345 1632 cujus
3375 1561 3550 1617 dentes

311 1637 406 1691 καὶ
438 1641 492 1691 ol
522 1637 764 1704 ὀδόντες
789 1640 973 1693 αὐτοῦ
1000 1641 1261 1709 σιδηροῖ,
1297 1642 1505 1697 ἐσθίον
1535 1645 1633 1697 καὶ
1671 1646 1889 1698 λεπτύ-

1987 1651 2166 1720 ferrei,
2193 1652 2464 1707 comedens
2507 1664 2661 1723 atque
2688 1658 3070 1721 comminuens,
3095 1665 3145 1710 et
3171 1657 3375 1725 reliqua
3405 1654 3552 1723 pedi-

310 1748 417 1783 νον
432 1771 445 1795 ,
469 1730 653 1785 καὶτὰ
672 1732 956 1786 ἐπίλοιπα
982 1733 1104 1799 τοῖς
1125 1733 1310 1787 ποσὶν
1328 1735 1514 1789 αὐτοῦ
1537 1735 1882 1791 συνεπάτει.

1990 1740 2084 1795 bus
2126 1744 2236 1797 suis
2285 1745 2713 1800 conculcabat“.
2765 1744 2878 1800 Hoc
2912 1746 3097 1817 itaque
3128 1762 3356 1816 regnum
3402 1747 3554 1801 hisce

308 1821 522 1891 Ταύτην
555 1823 729 1876 τοίνυν
760 1826 854 1876 καὶ
886 1825 978 1877 ἐπὶ
1003 1824 1097 1877 τοῦ
1138 1824 1402 1896 παρόντος
1454 1826 1744 1896 δηλοῦσθαι
1771 1830 1874 1896 φά·
1907 1825 1921 1884 1

1936 1826 1954 1885 Ι
1985 1834 2165 1888 verbis
2187 1834 2479 1905 signiﬁcari
2522 1837 2794 1892 creditur:
2827 1837 3023 1893 Pasces
3051 1856 3138 1893 eos
3169 1840 3222 1893 in
3253 1840 3399 1909 virga
3442 1839 3549 1908 [er-

307 1930 526 1977 σκοντος
546 1914 702 1983 λόγου
722 1932 736 1947 ·
755 1916 1067 1983 Halym-sig
1084 1915 1303 1981 αὐτοὺς
1331 1917 1399 1968 ἐν
1414 1916 1612 1984 ῥάϐδῳ
1644 1916 1881 1986 σιδηρᾷ,

1993 1942 2100 1991 rea,
2130 1935 2377 1997 tanquam
2417 1944 2541 1981 vasa
2572 1930 2722 1997 ﬁguli
2762 1931 3057 2001 confringe;
3086 1948 3195 1986 eos.
3235 1932 3371 1987 Cum
3404 1932 3549 1986 enim

306 2005 387 2071 ὡς
409 2007 599 2074 σκεύη
628 2007 927 2075 κεραμέως
965 2007 1317 2074 συντρίψεις
1348 2009 1589 2074 αὐτούς.
1647 2010 1884 2081 Δυνάμει

1985 2017 2187 2073 latente
2237 2026 2401 2088 atque
2444 2021 2701 2075 invisibili
2730 2030 2997 2091 potestate
3025 2012 3277 2079 Christus
3311 2038 3341 2076 a
3390 2021 3552 2079 Patre

308 2097 416 2166 γάρ
449 2098 646 2165 ἀφανεῖ
672 2101 766 2150 καὶ
792 2097 1008 2167 ἀοράτῳ
1035 2096 1183 2167 παρά
1208 2097 1298 2150 τοῦ
1323 2099 1533 2171 Πατρδς
1556 2100 1754 2171 κλῆρον
1779 2120 1885 2156 πα-

1984 2106 2248 2162 universae
2270 2116 2429 2163 terrae
2459 2110 2688 2179 populos
2719 2111 2774 2165 in
2803 2112 3172 2168 haereditatem
3209 2114 3548 2184 accepisset;

310 2187 561 2259 ραλαϐὼν
621 2189 690 2241 τὰ
721 2189 842 2242 καθ’
877 2190 1003 2258 ὅλης
1052 2190 1147 2259 τῆς
1185 2191 1505 2262 οἰκουμένης
1534 2192 1660 2263 ἔθνη
1693 2196 1720 2245 ὁ
1752 2195 1884 2265 Χρι-

1983 2195 2105 2249 illos
2136 2197 2357 2267 quidem
2405 2198 2497 2268 qui
2540 2214 2599 2254 se
2635 2213 2924 2266 noverunt,
2957 2211 3009 2257 et
3045 2192 3254 2258 in'ovili
3288 2220 3386 2258 suo
3415 2220 3548 2258 con-

311 2282 433 2346 στὸς
458 2322 473 2344 ,
541 2282 668 2343 τοὺς
706 2282 802 2353 μὲν
841 2282 1217 2349 ἐπεγνωκότας
1258 2282 1419 2335 αὐτὸν
1446 2323 1459 2347 ,
1518 2285 1611 2337 καὶ
1644 2284 1747 2337 ὑπὸ
1782 2286 1880 2357 τὴν

1984 2286 2203 2352 sistunt,
2252 2288 2449 2356 pascit,
2499 2289 2555 2342 in
2589 2304 2793 2359 pascua
2824 2292 2965 2346 bona
3011 2292 3250 2349 cducens
3286 2309 3351 2348 ac
3386 2294 3548 2349 redu-

305 2371 469 2425 αὐτοῦ
499 2372 736 2444 μάνδραν
778 2372 1102 2442 γενομένους
1130 2376 1381 2443 ποιμανεῖ
1419 2375 1654 2443 εἰσάγων
1683 2377 1775 2429 καὶ
1795 2377 1881 2444 ἑξ-

1980 2393 2148 2446 cens;
2188 2380 2259 2434 ita
2288 2392 2345 2434 ut
2373 2381 2493 2450 ejus
2523 2382 2684 2447 ovile,
2721 2392 2908 2452 utpote
2936 2386 3278 2447 rationabile,
3317 2387 3431 2441 haec
3462 2389 3544 2440 lo-

305 2465 450 2533 άγων
465 2466 542 2527 εἰς
556 2464 762 2532 ἀγαθὰς
778 2462 963 2535 νομάς,
982 2463 1120 2517 ὥστε
1150 2463 1325 2533 λέγειν
1346 2465 1441 2537 τὴν
1456 2466 1619 2521 αὐτοῦ
1648 2469 1880 2539 ποίμνην

1981 2479 2216 2541 quatur:
2249 2472 2511 2527 Dominus
2538 2475 2708 2542 pascit
2756 2492 2856 2539 me,
2882 2486 2932 2531 et
2970 2477 3101 2531 nihil
3126 2478 3254 2531 mihi
3282 2477 3467 2542 deerit,
3494 2480 3547 2532 in

304 2556 514 2629 (λογικὴ
543 2558 649 2630 γὰρ
674 2553 783 2629 ἦν)·
814 2562 1025 2629 Κύριος
1037 2565 1328 2633 ποιμαίνει
1353 2583 1450 2634 με,
1478 2567 1577 2620 καὶ
1602 2567 1780 2622 οὐδέν
1803 2585 1880 2638 με

1981 2562 2092 2615 loco
2113 2580 2325 2631 pascua:
2350 2564 2421 2616 ibi
2453 2581 2534 2619 me
2573 2566 2868 2622 collocavit.
2916 2567 3086 2637 Super
3125 2586 3317 2640 aquam
3356 2572 3546 2641 quietis

302 2650 643 2718 ὑστερήσει.
704 2656 808 2719 Εἰς
838 2655 1024 2707 τόπον
1043 2656 1231 2723 χλόης
1254 2657 1380 2713 ἐκεῖ
1396 2676 1473 2727 με
1502 2660 1881 2727 κατεσκήνω-

1980 2653 2217 2708 educavit
2249 2672 2347 2719 me,
2392 2658 2627 2710 animant
2667 2675 2834 2713 meam
2866 2662 3205 2716 convertit“.
3257 2662 3336 2717 Ex
3370 2666 3548 2733 genti-

303 2757 415 2796 σεν
437 2759 452 2773 ·
492 2743 590 2796 ἐπὶ
621 2744 838 2811 ὓδατος
868 2747 1262 2815 ἀναπαύσεως
1289 2749 1575 2819 ἐξέθρεψέ
1622 2769 1730 2821 με,
1766 2751 1879 2821 τὴν

1980 2746 2083 2803 bus
2131 2752 2298 2819 'porro
2328 2765 2423 2804 eos
2451 2752 2541 2821 qui
2571 2767 2696 2805 cum
2735 2753 2936 2823 impetu
2974 2752 3244 2817 feruntur,
3272 2761 3327 2809 et
3351 2755 3546 2809 πᾶνεμ

306 2835 518 2905 ψυχήν
567 2855 685 2906 μου
732 2838 1099 2909 ἐπέστρεψε·
1135 2844 1261 2907 τοὺς
1292 2842 1349 2895 δὲ
1379 2844 1721 2914 ἀφηνιῶντας
1771 2844 1879 2897 τῶν

1981 2853 2100 2892 sum
2162 2838 2284 2907 ejus
2321 2855 2451 2896 oves
2486 2842 2799 2912 insurgunt,
2840 2843 3008 2911 virga:
3056 2842 3248 2898 ferreae
3300 2844 3546 2913 subjicit,

303 2928 473 2981 ἐθνῶν
507 2929 599 2982 καὶ
630 2932 1123 3003 κατεπαιρομένους
1154 2934 1261 2987 τῶν
1293 2934 1456 2989 αὑτοῦ
1491 2935 1774 3007 προϐάτων
1810 2938 1876 3007 τῇ

1979 2944 2075 3000 per
2091 2928 2392 2984 Romanam
2412 2940 2733 3001 potestatem
2752 2933 2982 2988 domans
2993 2942 3155 3003 atque
3175 2942 3437 2991 atterens.
3461 2934 3536 2989 lta

306 3017 485 3092 ῥάϐδῳ
522 3024 586 3092 τῇ
640 3023 831 3096 σιδηρᾷ
880 3025 1275 3080 καθυποτάττει
1319 3026 1573 3097 δαμάζων
1622 3028 1715 3081 καὶ
1754 3045 1878 3082 συν-

1979 3022 2186 3077 scilicet
2206 3023 2472 3093 contingit
2498 3025 2832 3080 insatiabiles
2858 3027 3097 3095 gentium
3143 3027 3355 3079 animos
3384 3035 3547 3097 atque

305 3114 503 3183 τρίϐων
531 3115 617 3168 διά
668 3117 768 3187 τῆς
808 3117 1118 3189 Ῥωμαϊκῆς
1146 3119 1480 3182 δυναστείας.
1564 3118 1719 3174 Οὕτω
1747 3119 1877 3189 γοῦν

1979 3113 2216 3185 impetus
2238 3115 2500 3170 adversus
2517 3115 2819 3171 Ecclesiam
2841 3116 2956 3180 Dei,
2980 3132 3077 3186 per
3101 3118 3247 3172 solas
3267 3116 3544 3171 Romano-

305 3206 588 3276 συμϐαίνει
614 3210 719 3262 τῶν
752 3210 1040 3282 ἀπλήστων
1070 3211 1236 3264 ἐθνῶν
1263 3211 1388 3275 τοὺς
1416 3212 1620 3283 θυμοὺς
1650 3214 1742 3267 καὶ
1779 3214 1877 3277 τάς
1904 3262 1918 3283 Α

1934 3259 1946 3280 ,
1980 3220 2103 3258 rum
2135 3206 2313 3261 minas
2348 3208 2674 3277 propulsari.
2713 3206 2902 3276 Neque
2929 3210 3073 3263 enim
3108 3210 3383 3279 principes
3412 3210 3547 3264 civi-

303 3259 476 3368 όρμάς
529 3298 625 3364 τὰς
675 3301 815 3354 κατά
1010 3302 1334 3372 Ἐκκλησίας
1383 3259 1639 3357 τοῦἓεοῦ
1662 3304 1748 3358 διὰ
1774 3264 1916 3377 τῆς⁴

1930 3259 1946 3280 ,
2293 3259 2308 3261 _
2351 3259 2374 3277 τ
3108 3259 3380 3279 ,_____-,_-

1930 3299 1947 3320 ‘
1984 3304 2160 3351 tatum
2221 3313 2285 3351 ac
2336 3299 2662 3369 populorum
2693 3337 2709 3363 ,
2763 3297 2967 3354 Christi
3025 3298 3331 3354 doctrinam
3364 3341 3379 3366 ,
3435 3315 3543 3370 qua

313 3387 624 3459 Ῥωμαῖκῆς
657 3392 884 3464 ἀπειλῆς
934 3392 1366 3463 ἀνακρούεσθαι,
1424 3396 1522 3448 οὐκ
1556 3395 1621 3448 ἂν
1652 3398 1871 3467 ἐπιτρε-

1975 3403 2165 3443 eorum
2212 3388 2279 3444 de
2325 3391 2485 3444 turba
2518 3392 2805 3445 numinum
2835 3407 2991 3447 error
3021 3397 3304 3461 evertitur,
3335 3394 3391 3448 in
3426 3411 3541 3448 me-

302 3479 516 3549 ψάντων
550 3482 655 3535 τῶν
691 3486 829 3539 κατά
860 3485 1040 3548 πόλεις
1065 3486 1342 3557 ἀρχόντων
1363 3504 1421 3539 τε
1452 3486 1545 3540 καὶ
1577 3486 1782 3557 δήμων,
1814 3490 1872 3543 ἐν

1973 3477 2066 3532 dio
2099 3478 2187 3534 sui
2232 3480 2536 3534 consistere
2569 3480 2853 3546 sinerent,
2903 3481 3010 3535 nisi
3055 3484 3375 3537 imminente
3410 3482 3544 3553 ipsis

305 3572 489 3644 μέσοις
534 3575 710 3628 αὐτῶν
760 3577 1018 3646 συστῆναι
1060 3578 1154 3630 τοῦ
1209 3579 1445 3649 Χριστοῦ
1502 3579 1869 3641 διδασκαλίαν,

1976 3566 2345 3624 Romanorum
2394 3580 2577 3636 metu,
2627 3586 2691 3626 ac
2739 3570 2843 3627 nisi
2880 3572 3069 3640 jussa,
3112 3573 3318 3643 quibus
3348 3582 3539 3628 conte-

301 3665 702 3738 ἀνατρεπτικὴν
732 3668 830 3738 τῆς
855 3668 1111 3721 πολυθέου
1147 3671 1353 3741 πλάνης
1376 3671 1554 3725 αὐτῶν
1579 3672 1873 3741 τυγχάνουο

1974 3670 2191 3724 runtur,
2239 3671 2299 3716 ut
2345 3678 2524 3732 neque
2566 3664 2871 3719 concedant
2922 3663 3061 3733 ipsis
3101 3665 3186 3720 vel
3229 3676 3393 3734 caput
3435 3664 3543 3718 eri-

304 3774 425 3819 σαν,
454 3759 501 3809 εἰ
534 3762 605 3828 μὴ
644 3761 669 3811 ό
714 3757 1018 3829 Ῥωμαϊκὸς
1043 3761 1222 3824 αὐτοῖς
1254 3756 1321 3830 ἦν
1366 3762 1741 3832 ἐπηρτημένος
1782 3760 1876 3829 φό-

1973 3767 2136 3822 gere,
2178 3752 2389 3807 animos
2419 3768 2610 3807 eorum
2645 3752 2884 3809 frenaret
2930 3764 3093 3824 atque
3140 3756 3543 3824 comprimeret.

304 3850 416 3914 ϐος,
443 3850 537 3902 καὶ
563 3851 627 3903 τὰ
660 3851 1009 3922 συντρίϐοντα
1038 3852 1235 3915 αὐτοὺς
1261 3852 1354 3905 καὶ⁴
1386 3852 1460 3923 μὴ
1497 3853 1669 3905 ὲῶντα
1705 3869 1874 3919 κεφα-

1974 3843 2093 3896 Alia
2147 3859 2365 3913 quoque
2413 3844 2602 3899 divina
2664 3859 2729 3899 ac
2777 3854 2987 3900 secreta
3036 3847 3239 3900 virtute
3292 3845 3544 3900 Christus

304 3940 401 4011 λὴν
431 3941 631 4015 ἐπᾶραι
662 3942 1010 4012 διατάγματα
1030 3944 1155 4007 τοὺς
1188 3943 1390 4013 θυμοὺς
1421 3942 1598 3997 αὐτῶν
1625 3942 1870 4013 ἐχαλίνου

1975 3949 2104 3990 oves
2147 3950 2276 3990 suas
2310 3936 2505 3991 leniter
2548 3938 2758 4007 pascit,
2807 3952 3087 4007 nunquam
3130 3938 3198 3991 ab
3228 3938 3363 4005 ipsis
3392 3952 3544 3993 rece-

302 4032 396 4084 καὶ
422 4032 721 4105 συνέτριϐε.
752 4034 860 4086 Καὶ
882 4032 1013 4105 ἄλλῃ
1047 4034 1104 4087 δὲ
1131 4033 1282 4105 θεῖκῇ
1320 4036 1413 4087 καὶ
1457 4035 1751 4106 ἀπορρήτῳ
1782 4034 1872 4086 δυ-

1974 4030 2109 4085 dens
2139 4030 2442 4085 secundum
2478 4032 2901 4101 promissionem
2932 4048 3039 4101 qua
3072 4048 3131 4086 se
3161 4031 3423 4101 obligavit
3455 4031 3542 4086 his

300 4123 459 4192 νάμει
492 4125 519 4176 ό
546 4124 775 4195 Χριστὸς
809 4123 875 4179 τὰ
902 4124 999 4193 μὲν
1033 4124 1196 4178 αὑτοῦ
1224 4124 1469 4194 πρόϐατα
1501 4124 1720 4195 ἡμέρως
1755 4142 1873 4178 ποι-

1974 4122 2155 4178 verbis
2188 4142 2200 4176 :
2251 4122 2350 4176 Ubi
2387 4123 2491 4177 duo
2526 4123 2604 4178 vel
2642 4134 2744 4177 tres
2782 4125 3084 4194 congregati
3118 4124 3321 4191 fuerint
3356 4124 3407 4175 in
3449 4140 3542 4176 no-

305 4214 505 4285 μαένει,
545 4215 807 4287 μηδέποτε
842 4217 1136 4288 ἀναχωρῶν
1170 4218 1261 4269 ἀπ’
1294 4216 1491 4280 αὐτῶν,
1527 4217 1647 4270 καθ’
1674 4218 1740 4289 ἢν
1772 4235 1871 4271 πε-

1973 4212 2111 4265 mine
2135 4228 2246 4266 meo
2266 4252 2278 4275 ,
2313 4211 2423 4264 illic
2449 4229 2565 4265 sum
2592 4213 2646 4265 in
2672 4213 2842 4267 medio
2872 4229 3049 4266 eorum
3084 4213 3123 4243 ”
3151 4228 3166 4275 ;
3199 4221 3251 4265 et
3281 4227 3494 4264 rursum
3527 4229 3538 4264 :

302 4306 522 4375 ποίηται
562 4308 889 4377 ἐπαγγελίαν
941 4311 1147 4379 φήσας·
1193 4310 1375 4363 Ὅπου
1429 4307 1505 4363 ἂν
1544 4305 1666 4363 εἷεν
1691 4309 1799 4364 δύο
1830 4310 1869 4379 ἣ

1974 4302 2108 4358 Ecce
2149 4321 2241 4373 ego
2288 4302 2547 4358 vobiscum
2592 4322 2707 4358 sum
2752 4304 2993 4358 omnibus
3041 4304 3224 4358 diebus
3265 4318 3427 4373 usque
3470 4302 3540 4353 ad

301 4396 456 4464 τρεῖς
483 4397 845 4467 συνηγμένοι
870 4400 939 4452 ἐν
963 4399 1043 4464 τῷ
1070 4400 1313 4468 ὀνόματί
1337 4418 1477 4468 μου,
1517 4399 1645 4454 ἐκεῖ
1661 4403 1777 4469 ειμι
1803 4401 1873 4454 ἐν

1974 4397 2485 4449 consummationem
2525 4397 2708 4451 seculi
2746 4397 2809 4450 ’⁸.
2845 4395 2950 4451 Eos
2990 4402 3167 4449 autem
3215 4396 3309 4464 qui
3353 4403 3541 4446 contra

299 4488 463 4558 μέσῳ
493 4489 689 4543 αὐτῶν
708 4507 723 4520 ·
750 4491 844 4544 καὶ
873 4492 1031 4545 πάλιν
1053 4508 1065 4520 ·
1107 4490 1248 4546 Ἰδοὺ
1407 4495 1536 4560 μεθ’
1564 4491 1731 4561 ὑμῶν
1754 4495 1870 4562 εἰμι

1976 4486 2119 4541 ovile
2152 4500 2310 4539 suum
2342 4485 2512 4541 variis
2543 4484 2880 4555 temporibus
2912 4486 3230 4554 insurgunt,
3270 4482 3385 4551 ipse
3418 4497 3542 4535 rur—

299 4578 502 4645 πάσας
523 4581 626 4646 τὰς
642 4581 863 4650 ἡμέρας
884 4582 992 4648 ἕως
1014 4580 1124 4649 τῆς
1144 4584 1495 4648 συντελείας
1511 4576 1617 4635 τοῦ
1636 4582 1866 4648 αἰῶνος·
1908 4607 1912 4657 ι

1928 4608 1947 4657 )
1978 4595 2098 4634 sum
2130 4579 2336 4634 latente
2365 4586 2528 4648 atque
2559 4578 2815 4633 invisibili
2847 4585 3114 4647 potestate
3142 4574 3348 4628 invadit
3378 4581 3541 4641 atque

297 4674 425 4737 τοὺς
448 4675 491 4727 δ’
521 4674 979 4746 ἐπανισταμένους
1010 4674 1173 4728 αὐτοῦ
1200 4678 1263 4746 τῇ
1287 4674 1487 4747 ποίμνῃ
1517 4676 1574 4727 ὲν
1596 4676 1708 4737 τοῖς
1732 4674 1872 4727 κατὰ

1978 4672 2214 4740 castigat
2262 4670 2315 4724 in
2368 4671 2519 4738 virga
2569 4670 2778 4733 ferrea,
2845 4669 2953 4721 imo
3003 4668 3165 4722 etiam
3225 4665 3537 4735 superbiam

300 4769 523 4842 χρόνους
550 4769 806 4840 διωγμοῖς
833 4768 992 4822 πάλιν
1022 4769 1187 4832 αὐτὸς
1217 4769 1535 4839 μετέρχεται
1559 4769 1754 4836 ἀφανεῖ
1776 4766 1869 4820 καὶ

1980 4776 2170 4816 eorum
2217 4760 2616 4830 elationemque
2673 4761 3029 4829 arrogantiae,
3094 4766 3352 4826 tanquam
3414 4771 3539 4808 vasa

264 4878 267 4881 '
300 4861 513 4931 ἀοράτῳ
534 4859 759 4930 δυνάμει
790 4859 1032 4923 κολάζων
1061 4860 1117 4912 ἐν
1148 4859 1328 4930 ῥάϐδῳ
1362 4857 1573 4929 σιδηρᾷ,
1611 4856 1744 4909 ἀλλά
1777 4857 1872 4909 καὶ

1975 4858 2215 4905 testacea
2247 4850 2577 4921 confringit;
2624 4851 2696 4904 ita
2730 4859 2790 4904 ut
2823 4851 2937 4919 jam
2982 4849 3179 4903 infiniti
3228 4864 3418 4904 eorum
3468 4849 3538 4903 ob

298 4954 399 5023 τὴν
425 4954 796 5025 ὑπερηφανίαν
826 4953 1002 5006 αὐτῶν
1041 4953 1134 5006 καὶ
1165 4951 1225 5004 τὸ
1269 4952 1490 5021 ἔπαρμα
1534 4950 1631 5019 τῆς
1671 4946 1868 5011 ἀλαζο-

1976 4943 2247 4998 divinitus
2304 4944 2551 4998 immissa
2599 4943 2668 4997 ab
2723 4945 2842 5013 ipso
2892 4941 3102 5013 flagella
3159 4941 3416 4997 commoti
3477 4955 3542 4993 ac

299 5047 449 5109 νείας
480 5047 554 5110 ὡς
580 5047 746 5117 σκεύη
776 5048 1016 5118 κεράμια
1051 5045 1323 5117 συντρίϐει
1345 5062 1357 5072 ’
1389 5045 1463 5107 ὡς
1502 5044 1600 5114 ἤδη
1642 5042 1867 5113 μυρίους

1972 5036 2251 5107 perculsi,
2303 5036 2532 5106 gloriam
2584 5033 2696 5091 Deo
2745 5035 3023 5103 referant,
3076 5045 3129 5091 et
3177 5036 3540 5089 conﬁteantur

300 5137 479 5193 αὐτῶν
511 5139 614 5191 ὑπὸ
643 5138 749 5192 τῶν
774 5138 1043 5207 θεηλάτων
1070 5136 1230 5191 αὐτοῦ
1261 5134 1538 5208 μαστίγων
1577 5133 1869 5203 ἐλαυνομέ-

1972 5130 2278 5200 impietates
2328 5146 2476 5186 suas.
2534 5130 2807 5200 Tanquam
2862 5148 2989 5186 vasa
3040 5130 3187 5201 ﬁguli
3241 5128 3537 5197 confringe:

299 5250 423 5295 νους
445 5232 625 5286 δοῦναι
652 5230 807 5296 δόξαν
830 5229 906 5300 τῷ
927 5229 1044 5299 Θεῷ
1067 5270 1081 5293 ,
1112 5229 1206 5283 καὶ
1248 5224 1747 5299 ἐξομολογήσασθαι
1771 5224 1870 5288 τὰς

1975 5239 2066 5277 eos
2097 5238 2113 5276 :
2146 5223 2240 5292 qui
2277 5238 2381 5276 non
2418 5221 2677 5293 perdendi
2720 5237 2783 5276 ac
2812 5221 3167 5278 consumendi
3211 5234 3376 5275 causa
3407 5234 3538 5272 conn

300 5322 614 5385 δυσσεϐείας
655 5321 850 5374 αὐτῶν.
899 5321 991 5385 Ὠς
1040 5321 1228 5387 σκεύη
1276 5318 1570 5387 κεραμέως
1629 5316 1872 5384 συντρί-

1971 5315 2137 5381 terit,
2168 5314 2265 5371 sed
2294 5314 2653 5369 reformandi.
2690 5313 2790 5368 llic
2820 5325 2903 5369 est
2932 5315 3075 5369 enim
3109 5313 3258 5383 tigul-i
3296 5325 3496 5378 scapus
3518 5347 3536 5374 .

298 5418 437 5483 ψεις
462 5413 681 5478 αὐτούς
700 5429 713 5441 ·
747 5412 845 5481 οὐχ
875 5410 1016 5464 ὥστε
1041 5409 1300 5462 ἀπολέσαι
1324 5408 1416 5461 καὶ
1446 5405 1717 5461 ἀναλῶσαι
1746 5422 1871 5459 συν-

1972 5421 2097 5461 cum
2142 5423 2272 5461 vasa
2319 5408 2536 5477 propria
2579 5407 2853 5472 conterit,
2897 5404 3117 5476 quando
3147 5404 3357 5460 scilicet
3397 5402 3538 5454 inte-

298 5505 495 5578 τρίϐει,
531 5504 644 5558 ἀλλ’
673 5503 810 5557 ὥστε
843 5502 1177 5557 ἀναπλάσαι·
1227 5502 1363 5572 πρὸς
1402 5500 1561 5555 τοῦτο
1607 5499 1715 5571 γὰρ
1746 5517 1873 5553 σκο-

1971 5515 2120 5570 gram
2165 5500 2347 5555 adhuc
2388 5509 2441 5555 et
2492 5515 2679 5555 sanam
2727 5499 3009 5555 materiam
3055 5512 3209 5555 suam
3260 5511 3367 5548 non
3410 5499 3538 5545 ante

300 5600 404 5663 πὸς
424 5600 503 5671 τῷ
530 5601 761 5672 κεραμεῖ
782 5596 1084 5668 συντρίϐειν
1109 5595 1177 5647 τά
1219 5595 1391 5648 οἰκεῖα
1416 5594 1581 5664 σκεύη
1600 5634 1613 5657 ,
1639 5593 1763 5646 ὅταν
1794 5590 1871 5643 ἔτι

1972 5590 2081 5662 igni
2124 5591 2379 5647 traditam
2420 5603 2727 5649 conservat.
2767 5591 2893 5647 llaec
2923 5589 3243 5646 testificatur
3270 5584 3536 5640 Jeremias

377 5780 422 5811 ιδ
461 5778 595 5837 Dan.
671 5797 731 5846 ιι,
786 5781 868 5842 40,
966 5779 1007 5808 ⁸⁵
1052 5775 1183 5830 Dan.
1216 5789 1326 5840 vn,
1364 5774 1413 5828 Ἰ.
1495 5774 1535 5851 ‘f
1576 5772 1723 5828 Psal.
1759 5785 1915 5837 χχιι,
1954 5770 1990 5824 l-

1860 5786 1915 5837 ι.,
1954 5770 2063 5826 1-3.
2146 5771 2184 5800 ¹⁷
2230 5769 2414 5825 Matth.
2452 5785 2619 5834 xvm,
2655 5770 2743 5825 ‘20.
2826 5770 2865 5799 ¹⁸
2908 5765 3097 5820 Matth.
3134 5777 3339 5829 xxvm,
3369 5760 3461 5817 ΞΟ.
