4086 6536
509 327 569 384 91
1202 321 1468 378 EUSEBII
1505 323 1984 380 CESA‘RIENSIS
2022 321 2392 380 0PP.PA'RS.
2429 325 2516 382 111.
2555 359 2628 369 -
2654 325 3064 384 EXEGETICA.
3671 325 3739 381 99.

507 442 806 514 prOpheta.
835 440 964 496 dum
997 443 1155 512 quasi
1184 457 1248 496 ex
1279 437 1508 511 persona
1543 441 1635 498 Dei
1667 439 1750 496 sic
1777 439 2020 510 loquitur
2047 457 2060 494 :

2178 440 2297 509 ὑγιῆ
2323 443 2416 492 καὶ
2439 443 2694 510 ἀκέραιον
2719 438 2865 512 σώζῃ
2885 439 2980 491 τοῦ
3009 437 3296 510 κεραμέως
3327 443 3427 512 τὴν
3453 439 3740 494 οιάπλασιν

511 533 766 605 Nunquid
803 536 940 588 sicut
969 535 1161 604 ﬁgulus
1191 550 1294 586 non
1329 543 1507 602 potero
1544 533 1686 588 vobis
1720 533 1920 602 facere,
1957 530 2056 584 do-

507 643 624 680 mus
661 625 870 690 Israel,
905 627 1036 678 dicit
1067 625 1324 679 Dominus
1354 627 1440 680 '9?
1471 626 1522 680 id
1553 634 1665 690 est,
1699 627 1778 681 sic
1804 633 1858 680 et
1889 626 2074 694 lap503

507 718 836 784 reformare,
876 733 940 772 ac
979 733 1174 772 rursus
1212 718 1268 772 in
1308 717 1598 788 pristinam
1637 717 1870 774 formam
1910 719 2076 774 resti-

508 822 678 866 tuere.

583 1098 741 1154 Vens.
791 1099 973 1154 10-19..
1021 1099 1089 1153 Et
1137 1117 1300 1164 nunc,
1359 1117 1531 1171 reges,
1591 1101 1902 1172 tntelligite,
1961 1119 2076 1155 ern-

507 1191 696 1244 dimini
723 1192 813 1261 qui
835 1193 1094 1260 judicatis
1129 1201 1345 1246 terram.
1381 1192 1583 1246 Servite
1635 1193 1858 1248 Domino
1902 1196 1956 1247 in
2005 1197 2073 1248 ti-

505 1300 682 1348 more,
737 1293 788 1337 et
831 1284 1094 1338 crsu/tate
1139 1286 1188 1337 ei
1231 1301 1350 1337 cum
1393 1295 1635 1339 tremore.
1695 1287 2074 1355 Apprehendite

504 1375 878 1442 disciplinam,
911 1391 974 1429 ne
1014 1375 1226 1446 quando
1260 1377 1528 1429 irascatur
1569 1377 1847 1432 Dominus.
1891 1378 2074 1432 Evan-

505 1466 734 1536 gelicam
773 1466 1028 1521 videlicet
1075 1465 1246 1536 legem
1312 1468 1566 1536 erponit,
1616 1469 1741 1522 inde
1801 1471 2072 1524 translato

508 1561 760 1614 serinone
783 1599 796 1623 ,
829 1559 1172 1630 principibus
1202 1575 1264 1614 ac
1305 1560 1525 1629 regibus
1547 1599 1561 1622 ,
1613 1559 1668 1612 in
1705 1561 1856 1630 virga
1899 1561 2070 1616 ferrea

506 1649 1100 1720 pascendis;aitque:
1155 1649 1339 1704 Heus!
1395 1665 1521 1713 vos,
1573 1651 1726 1720 gnari
1775 1661 1829 1704 et
1874 1652 2074 1706 intelli-

507 1751 696 1813 gentes
724 1749 926 1812 quanta
957 1749 1200 1810 potestas
1231 1741 1350 1810 ejus
1384 1741 1456 1795 sit
1483 1742 1574 1810 qui
1607 1757 1636 1794 a
1667 1741 1828 1797 Patre
1861 1743 2072 1812 accepit

507 1842 698 1902 gentes
725 1834 781 1887 in
815 1832 1188 1887 hmreditatem
1211 1873 1226 1898 ,
1257 1841 1311 1886 et
1337 1833 1516 1902 qualis
1546 1834 1618 1887 sit
1657 1834 1806 1903 virga
1839 1834 1930 1886 illa
1961 1833 2070 1888 fer-

506 1938 600 1979 rea
649 1930 840 1978 contra
889 1938 982 1978 vos
1033 1931 1234 1986 erecta,
1267 1923 1426 1978 tinem
1469 1931 1658 1978 contra
1685 1939 1808 1977 eum
1841 1923 2076 1978 bellandi

511 2014 705 2078 facite,
755 2016 848 2070 sed
895 2016 1080 2085 potius
1129 2021 1352 2084 accepta
1391 2015 1788 2084 intelligentia,
1833 2015 2078 2070 rationa-

513 2104 612 2162 bili
646 2105 952 2163 disciplina:
977 2121 1075 2162 vos
1104 2105 1476 2160 instituendos
1507 2105 1724 2160 tradite.

577 2277 744 2334 Vens.
783 2279 868 2333 15.
914 2279 1048 2334 Cum
1084 2281 1344 2334 exarserit
1383 2279 1440 2333 in
1469 2281 1608 2334 brevi
1639 2282 1722 2334 ira
1749 2281 1904 2351 ejus:
1940 2281 2078 2336 beati

510 2389 689 2427 omnes
727 2374 818 2441 qui
856 2370 1128 2440 conﬁdunt
1166 2372 1219 2424 in
1251 2388 1331 2424 eo.
1367 2370 1522 2437 Quod
1555 2381 1736 2428 autem
1771 2375 1824 2427 in
1857 2373 1967 2429 Deo
1999 2375 2078 2428 ira

511 2475 566 2520 et
595 2463 748 2518 furor
775 2479 884 2518 non
915 2464 1024 2518 sint
1051 2465 1324 2532 passiones
1347 2503 1362 2527 ,
1393 2463 1692 2518 declaravit
1721 2465 1910 2520 beatus
1937 2465 2080 2520 Pau-

509 2559 597 2614 lus
626 2557 713 2612 his
741 2557 961 2612 verbis:
996 2554 1294 2610 Secundum
1333 2565 1510 2608 autem
1548 2555 1802 2609 duritiam
1837 2568 1992 2610 tuanr
2025 2568 2076 2610 et

509 2651 834 2720 impcenitens
872 2666 982 2708 cor,
1030 2648 1358 2701 thesaurizas
1391 2646 1486 2700 tibi
1521 2647 1656 2699 iram
1689 2648 1742 2698 in
1772 2646 1856 2700 die
1879 2647 1973 2700 ira:
2004 2648 2072 2703 ³ο.

507 2743 676 2810 Queis
703 2741 993 2811 signiﬁcat,
1027 2746 1372 2808 peccatorum
1401 2737 1740 2807 punitionem
1767 2738 1948 2790 vocari
1977 2736 2078 2790 fu—

509 2849 690 2890 rorem
719 2841 774 2890 et
801 2833 956 2887 iram.
987 2829 1114 2900 lpsi,
1137 2831 1334 2900 inquit,
1359 2829 1578 2884 Christo
1607 2828 2076 2899 conlidentes,qui

511 2941 608 2996 per
633 2931 806 2979 totum
837 2923 982 2976 hunc
1013 2920 1281 2990 psalmum
1319 2920 1634 2990 praphetice
1661 2920 2074 2990 praenuntiatur;

507 3035 614 3074 non
652 3018 824 3072 multo
853 3026 1061 3086 postea,
1093 3013 1274 3067 brevis
1306 3028 1542 3081 namque
1573 3027 1812 3080 praesens
1835 3011 1944 3066 vita
1970 3019 2073 3074 est,

2177 529 2388 582 οὐδέπω
2417 529 2548 599 πυρὶ
2600 529 3073 601 προσωμιληκότα.
3118 529 3337 591 Τούτοις
3378 529 3434 581 δὲ
3481 533 3744 600 μαρτυρεί

2177 621 2268 674 καὶ¹
2293 623 2322 674 6
2349 621 2614 690 μακάριος
2651 621 2914 692 Ἱερεμίας
2937 622 2966 672 ό
3005 621 3289 692 προφήτης
3307 659 3322 683 ,
3371 620 3544 687 λέγων
3572 621 3648 684 ὡς
3677 624 3744 676 ὲκ

2173 710 2266 763 τοῦ
2295 711 2462 764 Θεοῦ·
2503 711 2570 768 ’Ἠ
2599 711 2792 778 καθὼς
2817 715 2850 766 ό
2884 712 3194 780 κεραμεὺς,
3245 711 3424 776 οὕτως
3453 713 3526 764 οὐ
3559 711 3744 780 δυνή-

2173 817 2352 870 σομαι
2381 801 2485 855 τοῦ
2507 801 2752 870 ποιῆσαι
2777 802 2938 870 ὑμῖν,
2962 804 3126 867 οἶκος
3158 800 3414 870 Ἰσραὴλ,
3441 801 3601 871 λέγει
3627 805 3744 856 Κύ-

2165 909 2332 962 ριος;
2365 893 2660 958 τουτέστιν,
2725 893 2866 946 οὕτω
2897 897 2992 948 καὶ
3025 895 3380 956 διαπεσόντας
3413 894 3738 960 ἀναπλάσαι,

2175 985 2268 1038 καὶ
2303 984 2462 1038 πάλιν
2495 986 2572 1047 εἰς
2603 985 2664 1038 τὸ
2701 988 2924 1056 ἀρχαῖον
2957 986 3424 1054 ἀποκαταστῆσαι.
3681 969 3690 978 ⁸

2243 1077 2352 1129 Καὶ
2381 1075 2514 1138 νῦν,
2539 1076 2838 1142 βασιλεῖς,
2867 1079 3101 1140 σύνετε,
3127 1075 3478 1144 παιδεύθητε
3521 1076 3742 1144 πάντες

2173 1173 2226 1224 οι
2257 1171 2562 1237 κρίνοντες
2595 1170 2708 1238 τὴν
2731 1169 2866 1240 γῆν.
2911 1171 3286 1224 Δουλεύσατε
3325 1170 3403 1235 τῷ
3451 1172 3647 1238 Κυρίῳ
3673 1174 3744 1224 ἐν

2173 1262 2351 1330 φόϐῳ,
2381 1263 2474 1316 καὶ
2513 1261 2882 1332 ἀγαλλιᾶσθε
2919 1261 3078 1326 αὐτῷ
3102 1262 3170 1314 ἐν
3195 1264 3402 1330 τρόμῳ.
3441 1261 3744 1328 Δράξασθε

2173 1350 2460 1416 παιδείας,
2481 1351 2710 1420 μήποτε
2733 1352 2979 1420 ὀργισθῇ
2999 1354 3226 1418 Κύριος.
3259 1352 3370 1420 Τῆς
3387 1349 3744 1421 εὐαγγελικῆς

2172 1443 2412 1514 δηλονότι
2439 1443 2774 1514 νομοθεσίας.
2814 1442 3088 1496 Ἐντεῦθεν
3137 1443 3510 1512 μεταϐατικῶς
3535 1447 3562 1496 ὁ
3589 1443 3744 1512 λόγος

2171 1533 2514 1588 διδασκαλίαν
2529 1534 2796 1588 ἐκτίθεται
2811 1537 2922 1596 τοῖς
2949 1535 3174 1604 ἄρχουσι
3207 1535 3422 1597 καὶτοῖς
3449 1533 3740 1603 βασιλεῦσι,

2172 1625 2283 1685 τοῖς
2329 1624 2434 1677 ὑπὸ
2477 1626 2542 1694 τῇ
2585 1624 2778 1695 σιδηρᾷ
2825 1625 3005 1695 ῥάϐδῳ
3053 1623 3598 1694 ποιμανθησομὲνοις,
3651 1626 3742 1677 καί

2175 1731 2364 1784 φησιν’
2388 1715 2468 1768 ὅτι
2495 1715 2754 1779 Γνῶντες,
2785 1710 2829 1767 ὦ
2859 1711 3022 1776 οὗτοι,
3057 1716 3147 1768 καὶ
3170 1717 3418 1778 συνόντες
3458 1716 3628 1784 ὁπόση
3662 1733 3746 1780 τις

2127 1799 2456 1878 ἲήδύναμις
2487 1807 2580 1859 τοῦ
2625 1807 2774 1878 παρὰ
2803 1806 2894 1859 τοῦ
2933 1807 3145 1876 Πατρὸς
3187 1807 3464 1875 εἰληφότος
3503 1807 3572 1859 τὰ
3617 1807 3744 1877 ἔθνη

2177 1897 2556 1968 κληρονομίαν,
2581 1897 2674 1951 καὶ
2693 1898 2854 1950 ὁποία
2881 1914 2964 1960 τις
2993 1897 3297 1968 τυγχάνειή
3333 1897 3524 1968 σιδηρᾶ
3551 1897 3744 1968 ράὄδος

2177 1989 2210 2059 ἡ
2247 1989 2366 2042 καθ’
2409 1989 2560 2059 ὑμῶν
2595 1989 3010 2060 ὲπεγειρομένη,
3057 1989 3335 2042 παύσασθε
3383 1989 3744 2060 πολεμοῦντες

2177 2083 2324 2154 αὐτῷ
2339 2101 2350 2113 ·
2373 2083 2731 2146 ἀπολαϐόντες
2754 2083 2809 2135 δὲ
2839 2083 3034 2154 μᾶλλον
3059 2083 3268 2136 σύνεσιν
3289 2082 3498 2136 ὲπίδοτε
3518 2084 3744 2146 ἑαυτοὺς

2175 2179 2241 2246 τῇ
2275 2176 2464 2244 λογικῇ
2498 2175 2734 2244 παιδείᾳ.

2251 2267 2426 2318 Ὅταν
2452 2266 2716 2333 exuat-0f;
2746 2267 2814 2318 ἐι·
2846 2265 3008 2335 τάχει
3030 2269 3062 2319 ό
3097 2265 3282 2334 θυμὸς
3307 2266 3491 2319 αὐτοῦ
3509 2282 3522 2294 '
3551 2262 3742 2333 μακάσ·

2169 2375 2286 2424 pio:
2319 2357 2540 2422 πάντες
2584 2361 2636 2410 οἱ
2667 2359 3010 2423 πεποιθότες
3060 2359 3150 2411 ἐπ’
3198 2357 3356 2422 αὐτῷ
3377 2375 3390 2388 ·
3424 2357 3545 2409 ’Ότι
3583 2357 3638 2410 δὲ
3669 2357 3742 2427 μΙιι

2178 2450 2335 2516 πάθη
2363 2448 2494 2502 Θεοῦ
2516 2449 2652 2520 ὀργὴ
2685 2451 2774 2502 καὶ
2795 2448 2981 2518 Θυμὸς,
3005 2451 3032 2502 6
3057 2449 3320 2519 μακάριος
3346 2448 3576 2518 ἐδήλωσε
3599 2448 3742 2500 Παῦ-

2178 2539 2266 2604 λος
2294 2540 2490 2594 είπώνο
2521 2543 2684 2594 Κατὰ
2703 2540 2769 2593 δὲ
2793 2541 2906 2609 τὴν
2931 2539 3315 2609 σκληρότητά
3337 2557 3452 2594 σου
3481 2541 3578 2594 καὶ
3607 2541 3744 2609 ἁμε-

2178 2634 2469 2700 τανόητον
2514 2633 2784 2701 καρδίαν,
2815 2631 3186 2702 θησαυρίζεις
3223 2631 3412 2698 ἐαυτῷ
3453 2632 3640 2702 ὀργὴν
3675 2633 3744 2685 ἐν

2181 2723 2366 2790 ἡμέρᾳ.
2399 2722 2607 2791 ὀργῆς·
2635 2724 2703 2776 δι’
2751 2716 2824 2776 ὧν
2875 2723 3124 2792 σημαίνει
3173 2722 3272 2794 τὴν
3319 2724 3402 2792 ἐφ’
3451 2725 3742 2795 ἁμαρτίαις

2179 2811 2396 2864 κόλασιν
2435 2811 2691 2881 εἰρῆσθαι
2739 2812 2906 2882 θυμὸν
2957 2813 3050 2864 καὶ
3085 2812 3272 2882 ὀργήν.
3323 2813 3437 2866 Ἐπ’
3479 2814 3625 2884 αὐτῷ
3663 2814 3740 2878 δὲ,

2179 2900 2344 2976 λέγει,
2395 2903 2713 2966 πεποιθότες
2760 2903 2838 2973 τῷ
2887 2903 3346 2974 προφητευομένῳ
3389 2905 3606 2976 Χριστῷ
3655 2905 3742 2960 διὰ

2181 2971 2377 3054 παντδς
2405 2991 2496 3045 τοῦ
2522 2992 2757 3064 ψαλμοῦ,
2803 2971 2850 3046 οἱ
2877 2971 3069 3064 μικρὸν
3104 2971 3329 3065 ὕστερον
3367 2971 3591 3065 (βραχὺς
3637 2997 3743 3067 γὰρ

507 3112 650 3166 beati
679 3084 1040 3179 reperientur.
1079 3105 1176 3158 llis
1208 3113 1387 3158 autem
1412 3105 1594 3158 verbis
1617 3119 1680 3158 ea
1705 3104 1902 3158 litteris
1933 3119 2077 3156 con-

2180 3084 2324 3148 ἆπας
2355 3087 2382 3137 6
2435 3085 2623 3156 παρὼν
2666 3085 2798 3155 βίος)
2835 3085 3216 3156 εὑρεθήσονται
3266 3087 3542 3157 μακάριοι.
3584 3089 3656 3140 Τὸ
3687 3088 3742 3140 δὲ

511 3205 712 3274 signat,
749 3215 870 3270 quze
909 3199 962 3252 in
998 3199 1174 3268 primo
1203 3197 1412 3266 psalmo
1443 3195 1686 3250 deerant.
1721 3193 1840 3248 Non
1883 3193 2080 3250 suﬂicit

509 3297 654 3352 enim
693 3297 746 3350 in
787 3294 1076 3349 consilium
1114 3291 1403 3360 impiorum
1445 3303 1556 3342 non
1597 3286 1876 3351 accedere,
1911 3287 1966 3340 in
1994 3289 2080 3342 via

509 3394 860 3458 peccatorum
889 3403 997 3442 non
1025 3393 1194 3446 stare,
1230 3391 1284 3438 et
1312 3384 1366 3436 in
1398 3382 1516 3450 lege
1549 3380 1836 3446 meditari;
1874 3387 1928 3432 at
1971 3395 2078 3433 non

513 3483 718 3536 brustra
746 3477 1118 3533 meditandum
1147 3483 1250 3539 est,
1275 3477 1369 3530 sed
1391 3490 1456 3528 ex
1481 3473 1550 3528 iis
1577 3472 1644 3526 ad
1669 3471 1871 3526 Christi
1895 3472 2081 3541 cogni-

511 3574 714 3628 tionem
757 3572 941 3626 venire
974 3585 1070 3639 par
1109 3575 1212 3630 est,
1255 3567 1311 3621 in
1356 3565 1599 3634 ejusdem
1659 3571 1864 3634 partem
1918 3571 2080 3632 atque

512 3663 878 3718 haereditatem
931 3659 1210 3723 accedere,
1247 3671 1310 3710 ac
1355 3671 1450 3726 per
1487 3655 1646 3708 (idem
1685 3663 1740 3708 et
1778 3669 1939 3722 opera
1975 3653 2076 3721 ipsi

511 3755 802 3812 conﬁdere.
830 3754 966 3810 Cum
995 3755 1173 3822 itaque
1197 3751 1430 3806 duorum
1453 3749 1716 3802 horumce
1745 3747 2076 3816 psalmorum

513 3863 617 3904 una
655 3849 728 3904 sit
768 3846 1059 3910 sententia,
1089 3844 1214 3913 jure
1257 3841 1294 3894 ii
1335 3839 1476 3908 apud
1513 3838 1768 3893 Hebraaos
1799 3835 2078 3906 conjuncti

511 3953 658 3998 sunt.

896 4038 1295 4097 ENARRATIO
1337 4036 1582 4091 PSALMI
1615 4035 1682 4089 111

513 4141 764 4196 Psalmus
811 4135 1002 4200 David,
1045 4130 1279 4270 quanflo"
1303 4130 1533 4210 fugiebat
1575 4145 1606 4181 a
1646 4127 1784 4196 {acie
1825 4125 2076 4180 Absalom

1201 4219 1214 4253 ι
1241 4218 1278 4253 ιι
1316 4216 1418 4254 δια.

583 4318 746 4372 Vens.
771 4317 821 4370 l.
845 4313 1168 4370 Necessario
1195 4320 1406 4382 tempus
1429 4313 1674 4373 adnotat,
1697 4317 1755 4361 ut
1777 4307 1937 4361 dictis
1961 4306 2075 4361 suis

513 4409 824 4478 Regnorum
849 4403 1131 4458 historiam
1157 4409 1463 4466 connectat,
1483 4407 1650 4469 utque
1671 4399 2000 4460 ediscamus,
2019 4413 2076 4452 se

2180 3175 2360 3229 λεῖπον
2383 3179 2494 3239 τοῖς
2519 3180 2574 3228 ἐν
2603 3175 2679 3245 τῷ
2715 3175 2912 3246 πρώτῳ
2941 3175 3140 3246 ψαλμῷ
3179 3176 3264 3228 διὰ
3303 3177 3504 3230 τούτων
3537 3179 3744 3231 ἀπέδω-

2181 3287 2294 3324 κεν.
2327 3271 2402 3324 Οὑ
2438 3269 2544 3340 γὰρ
2571 3270 2729 3340 ἀρκεῖ
2755 3269 2910 3338 μόνον
2937 3268 2996 3320 τὸ
3029 3267 3102 3339 μὴ
3135 3269 3460 3340 πορεύεσθαι
3494 3272 3550 3322 ὲν
3580 3269 3740 3340 βουλῇ

2181 3361 2412 3424 ἀσεϐῶν,
2456 3361 2575 3414 οῦδὲ
2619 3360 2679 3412 τὸ
2711 3361 2784 3430 μὴ
2815 3360 3006 3428 στῆναι
3041 3361 3099 3412 ἐν
3125 3358 3228 3429 6δῷ
3273 3359 3613 3430 ἁμαρτωλῶν
3653 3361 3743 3412 καὶ

2184 3455 2406 3526 μελετᾷν
2434 3455 2490 3507 ἐν
2521 3453 2598 3523 τῷ
2655 3453 2830 3522 νόμῳ·
2861 3451 2994 3504 ἀλλὰ
3018 3452 3126 3522 γὰρ
3175 3452 3236 3522 δὴ
3269 3453 3362 3506 καὶ
3396 3454 3468 3524 μὴ
3497 3453 3744 3522 διακενῆς

2185 3547 2446 3617 μελετᾷν,
2483 3545 2618 3598 ἀλλὰ
2659 3544 2860 3612 γνῶναι
2903 3543 3133 3614 Χριστὸν
3174 3543 3230 3610 ἐξ
3281 3545 3475 3609 αὐτῶν,
3525 3545 3618 3598 καὶ
3647 3544 3744 3614 τῆς

2181 3640 2342 3694 αὐτοῦ
2376 3639 2624 3708 γενέσθαι
2657 3638 2870 3709 μερίδος
2901 3654 2958 3689 τε
2993 3635 3086 3690 καὶ
3125 3635 3505 3706 κληρονομίας,
3535 3636 3626 3688 καὶ
3657 3635 3744 3689 διὰ

2181 3729 2413 3792 πίστεως
2445 3730 2537 3782 καὶ
2587 3729 2760 3800 ἔργων
2809 3731 2892 3781 ἐπ’
2941 3726 3086 3796 αὐτῷ
3133 3727 3462 3780 πεποιθέναι.
3511 3727 3744 3791 Εἰκότως

2178 3822 2305 3891 ἄρα,
2372 3822 2500 3891 μιᾶς
2551 3819 2716 3891 οὔσης
2749 3821 2848 3890 τῆς
2899 3817 3166 3882 διανοίας,
3229 3819 3558 3888 συνημμένοι
3615 3821 3742 3890 παρ’

2189 3912 2457 3982 Ἑϐραίοις
2485 3913 2620 3966 εἰσὶν
2643 3915 2690 3964 οἱ
2717 3913 2809 3965 δύο
2834 3911 3054 3982 ψαλμοί.

2549 4027 2880 4081 ΕΞΗΓΗΣΙΣ
2912 4027 3047 4080 ΤΟΥ
3078 4025 3370 4080 ΨΑΛΜυΥ
3399 4024 3438 4074 Γ
3438 4031 3470 4078 ’.

2185 4123 2429 4191 Ψαλμός
2445 4121 2524 4186 τῷ
2545 4119 2749 4185 Δαυῒδ,
2773 4121 2953 4191 ὁπότε
2980 4119 3415 4191 ἀπεδίδρασκεν
3429 4113 3548 4191 dab
3569 4129 3747 4183 προσ-

2409 4185 2572 4244 ώπου
2612 4188 2986 4258 Ἀϐεσσαλὼμ
3009 4189 3112 4242 τοῦ
3143 4185 3274 4242 υἱοῦ
3302 4185 3507 4240 αὐτοῦ.

2260 4308 2596 4378 Ἀναγκαίως
2623 4307 2712 4360 τὸν
2735 4305 2920 4378 καιρὸν
2941 4308 3100 4376 ὲπιση
3111 4303 3373 4374 μειοῦται,
3391 4302 3466 4363 ὡς
3491 4301 3554 4352 ἂν
3577 4301 3744 4370 ἐφαρ-

2181 4402 2333 4473 μόσοι
2380 4399 2476 4470 μὲν
2537 4401 2649 4460 τοῖς
2705 4397 3011 4466 λεγομένοις
3045 4396 3142 4465 τὴν
3172 4393 3278 4445 ἀπὸ
3307 4391 3414 4443 τῶν
3457 4388 3746 4444 Βασιλειῶν

512 4509 635 4570 post
663 4499 962 4552 admissum
999 4511 1121 4550 cum
1157 4509 1326 4548 uxore
1355 4491 1498 4546 Uriar
1528 4497 1836 4560 peccatum,
1871 4496 2077 4542 tantum

2191 4493 2449 4564 ἱστορίαν,
2487 4489 2579 4543 καὶ
2605 4488 2678 4550 ὡς
2713 4487 2777 4540 ἂν
2815 4487 3098 4557 μάθοιμεν,
3125 4485 3224 4548 ὅτι,
3265 4481 3398 4553 μετὰ
3431 4482 3490 4534 τὸ
3509 4479 3748 4549 ἐξαμαρ-

513 4591 764 4646 retulisse
796 4587 1130 4658 poenitentia:
1161 4585 1420 4645 fructum,
1453 4589 1512 4636 ut
1543 4597 1758 4635 rursum
1789 4578 1973 4632 divino
2003 4576 2084 4629 af-

513 4684 672 4739 ﬂatus
704 4681 908 4752 Spiritu
937 4679 1210 4749 psalleret.
1241 4674 1538 4730 Historiam
1569 4673 1713 4727 enim
1737 4686 1857 4740 qu:e
1885 4685 1997 4724 rem
2027 4671 2080 4722 in

518 4773 700 4830 Uriam
732 4780 939 4844 gestam
985 4769 1228 4840 respicit,
1257 4765 1612 4834 consequitur
1653 4761 1876 4816 rebellio
1905 4761 2080 4814 Absa-

515 4869 658 4924 lonis
691 4867 746 4921 in
777 4875 1002 4936 patrem.
1039 4863 1165 4916 Inde
1207 4861 1350 4916 enim
1385 4858 1453 4912 ab
1486 4857 1608 4910 aliis
1649 4855 1951 4923 exemplum
1989 4869 2084 4908 su-

516 4969 697 5015 matur
737 4955 1144 5026 resipiscentiae,
1178 4963 1340 5022 atque
1392 4947 1706 5004 mutationis
1755 4961 1785 4998 a
1833 4944 2081 5014 pristinis

517 5055 676 5110 malis
707 5053 762 5107 in
791 5051 1066 5106 meliorem
1095 5047 1342 5116 frugem;
1373 5041 1732 5108 doctrinaque
1763 5037 1950 5091 istlnec
1979 5037 2082 5089 erit

518 5150 741 5204 sincera
774 5143 838 5197 ad
859 5143 1038 5196 'Deum
1075 5137 1475 5194 conversionis.
1519 5133 1774 5200 Aliasque
1805 5129 2082 5199 proprium

511 5238 782 5306 justorum
811 5241 896 5288 est
924 5231 1184 5287 :L-rumnis
1213 5227 1382 5291 allici;
1408 5223 1759 5294 quamobrem
1793 5221 1869 5274 ait
1900 5219 2088 5272 Salva-

517 5339 649 5384 tor:
691 5327 754 5382 In
791 5325 982 5380 mundo
1031 5337 1334 5393 pressuram
1383 5315 1737 5374 habebitis“;
1771 5323 1819 5367 et
1861 5321 2088 5383 augusta

513 5431 565 5477 et
589 5431 736 5474 arcta
766 5421 848 5474 uia
871 5427 946 5473 est
974 5432 1089 5486 qua:
1109 5413 1252 5466 ducit
1284 5411 1352 5464 ad
1379 5411 1539 5463 vitam
1562 5409 1626 5458 ²¹.

587 5511 752 5568 Vens.
807 5509 924 5564 2-4.
967 5507 1209 5568 Domine,
1257 5501 1381 5573 quid
1433 5498 1768 5565 multiplicati
1817 5503 1937 5550 sunt
1993 5495 2082 5562 qui

519 5601 774 5656 tribulam
817 5601 938 5654 me?
973 5597 1124 5650 multi
1165 5597 1440 5662 insurgunt
1475 5589 1749 5643 adversum
1781 5603 1878 5642 me.
1925 5583 2082 5638 Multi

589 5803 631 5836 "
671 5800 870 5856 Jcrem.
907 5807 1069 5862 xvut,
1103 5789 1154 5846 6.
1234 5789 1278 5820 '°
1318 5785 1476 5844 Rom.
1513 5801 1583 5850 ιι,

2185 4586 2344 4654 τῆσαι
2371 4586 2448 4645 είς
2479 4583 2580 4653 τὴν
2611 4579 2704 4632 τοῦ
2737 4579 2952 4650 Οὐρίου,
2977 4576 3221 4629 τοσοῦτον
3259 4573 3609 4644 εἰσηνέγκατο
3649 4587 3746 4640 με-

2185 4677 2398 4738 τανοίας
2433 4673 2663 4745 καρπὸν,
2695 4672 2770 4733 ὡς
2789 4670 2948 4722 πάλιν
2975 4669 3030 4720 ὲν
3059 4667 3187 4736 θείῳ
3207 4663 3479 4734 Πνεύματι
3503 4661 3744 4731 ψάλλειν.

2189 4769 2416 4821 Ἔπεται
2436 4765 2544 4836 γὰρ
2572 4767 2637 4834 τῇ
2660 4762 2800 4815 κατὰ
2816 4761 2906 4814 τὸν
2929 4761 3000 4814 Οὐ
3011 4759 3125 4830 ρίαν
3158 4757 3410 4829 ἱστορίᾳὴ
3445 4753 3536 4807 τοῦ
3566 4753 3748 4804 Ἀϐεσ-

2185 4859 2378 4930 σαλὼμ
2409 4857 2550 4912 κατὰ
2581 4853 2674 4908 τοῦ
2709 4853 2916 4922 πατρὸς
2942 4851 3322 4911 ἐπανάστασις.
3369 4847 3582 4898 Γένοιτο
3611 4845 3654 4896 δ’
3681 4844 3748 4896 ἂν

2185 4953 2247 5002 ὲκ
2273 4947 2474 5000 τούτων
2509 4945 2600 4997 καὶ
2632 4943 2838 5014 ἑτέροις
2879 4940 3050 5011 τροπὴ
3079 4941 3174 5010 τῆς
3201 4937 3308 4991 ἀπὸ
3341 4935 3618 5006 προτέρων
3653 4951 3748 4986 κα-

2185 5037 2292 5092 κῶν
2317 5037 2408 5088 ἐπὶ
2437 5034 2502 5087 τὰ
2532 5034 2764 5104 κρείττω
2795 5030 3093 5102 μεταϐολῆς
3111 5069 3125 5092 ,
3166 5025 3478 5080 διδασκαλία
3507 5041 3566 5076 τε
3614 5041 3747 5092 γνη-

2186 5129 2304 5190 σίας
2331 5128 2464 5197 πρὸς
2498 5127 2588 5179 τὸν
2620 5125 2750 5177 Θεὸν
2777 5121 3129 5192 ἐπιστροφῆς.
3177 5121 3285 5172 Καὶ
3319 5117 3491 5178 ἄλλως
3525 5115 3578 5167 δὲ
3618 5115 3747 5166 ῐδιον

2185 5219 2404 5272 δικαίων
2445 5217 2560 5269 ἐστὶ¹
2605 5215 2667 5268 τὸ
2705 5211 3010 5266 θλίϐεσθαι·
3045 5212 3124 5264 διὸ
3155 5213 3248 5264 καὶ
3269 5212 3296 5263 ὁ
3327 5210 3516 5278 Σωτήρ
3551 5221 3742 5276 φησιν*

2201 5311 2300 5362 Ἐν
2321 5308 2400 5372 τῷ
2433 5307 2636 5374 κόσμῳ
2661 5304 2870 5370 θλίψιν
2915 5302 3112 5370 ἔχετεο
3147 5301 3244 5354 καὶ
3275 5298 3459 5364 στενὴ
3514 5297 3610 5348 καὶ
3660 5309 3750 5348 τε-

2191 5397 2480 5467 Θλιμμένη
2509 5395 2679 5447 ἐστὶν
2701 5395 2738 5460 ἡ
2771 5392 2909 5458 ὁδὸς
2929 5394 2966 5460 ἡ
2989 5391 3307 5459 ἀπάγοι-σα
3333 5390 3418 5453 είς
3440 5386 3552 5454 τὴν
3576 5384 3746 5450 ζωήν.

2259 5489 2451 5555 Κύριε,
2481 5485 2535 5537 τί
2562 5485 3026 5550 ἑπληθύνθησαν
3053 5485 3106 5535 οἱ
3129 5477 3434 5544 θλίϐοντές
3455 5492 3565 5548 με;
3595 5478 3746 5528 Πολ-

2189 5581 2284 5634 λοι
2325 5577 2752 5632 ἐπανίστανται
2801 5574 2890 5628 ἐπ’
2939 5573 3040 5644 ἐμέ
3063 5592 3074 5604 ·
3131 5569 3343 5626 πολλοὶ
3386 5569 3628 5638 λέγουσι
3677 5562 3748 5632 τῇ

1752 5785 1792 5814 ἰ
1835 5781 1989 5838 Joan.
2030 5794 2148 5851 tm,
2183 5778 2270 5834 55.
2349 5779 2393 5810 ²²
2435 5775 2621 5830 Matth.
2656 5790 2752 5841 vn,
2791 5775 2876 5828 14.
