4086 6556
465 397 535 451 95

1108 401 1369 457 EUSEBII
1409 397 1887 455 CrESARlENSlS
1914 391 2066 450 OPP.
2113 393 2311 449 PARS.
2353 393 2443 446 lll.
2484 419 2552 430 --—-
2587 388 2996 444 EXECETICA.

3635 391 3704 442 96

466 511 861 574 inferentibus,
919 509 1328 578 insurgentibus
1381 515 1433 561 et
1481 507 1548 562 ad
1591 506 2019 578 desperationem

2140 507 2296 579 Ἑξῆς
2344 509 2400 561 δὲ
2440 510 2517 578 τῳ
2597 507 2948 578 ἀντιλὴπτορι
2991 509 3024 577 ὴ
3064 506 3213 571 δόξα
3259 505 3391 558 ἐστί’
3443 504 3705 574 πρότερον

464 600 660 657 salutis
691 600 1075 656 inducentibus
1107 614 1229 653 eum
1265 598 1355 667 qui
1389 599 1513 651 talia
1543 596 1704 654 fatur.
1737 597 2029 667 Postquam

463 701 839 762 susceptorem
871 691 1028 755 dixit,
1059 691 1331 760 sequitur,
1374 691 1546 760 gloria
1581 705 1599 742 :
1631 691 1782 758 prius
1805 692 2034 760 suscipit

462 781 639 844 Deus.
679 784 872 840 deinde
923 783 1091 853 gloria
1137 782 1328 845 allicit,
1371 783 1588 836 demum
1641 784 1811 853 gloria
1857 782 2031 837 all‘ecti

461 890 625 946 caput
654 877 873 931 exaltat.
919 874 1052 929 Nam
1083 875 1130 930 si
1165 875 1510 929 consurrexit
1563 891 1686 928 cum
1711 874 1951 940 Christo,
1980 883 2033 930 et

461 985 582 1038 qua:
632 984 849 1023 sursum
897 977 1025 1023 sunt
1077 968 1239 1036 sapit,
1291 983 1398 1020 non
1451 981 1571 1036 quae
1621 982 1784 1035 super
1808 974 2030 1032 terram,

460 1060 786 1114 exaltabitur
812 1067 975 1131 caput
997 1059 1118 1129 ejus
1142 1075 1171 1112 a
1197 1059 1448 1122 Domino,
1476 1061 1671 1129 quiest
1698 1058 1955 1122 Verbum,
1980 1067 2032 1113 et

456 1151 626 1223 gloria
664 1151 784 1220 ejus
832 1153 924 1222 qui
974 1169 1033 1208 se
1080 1155 1294 1223 recipit,
1346 1167 1508 1222 quam
1539 1167 1567 1204 a
1604 1153 1720 1208 solo
1765 1149 2028 1223 [Christo]

423 1245 679 1313 'expetit,
711 1243 963 1314 quisquis
1001 1245 1230 1315 gloriam
1280 1259 1388 1298 non
1450 1245 1646 1311 accipit
1692 1243 1761 1296 ab
1791 1243 2028 1296 homine.

455 1333 738 1398 Quomodo
764 1344 942 1389 autem
978 1335 1275 1388 exaltatum:
1316 1335 1387 1389 sit
1419 1334 1638 1388 Davidis
1675 1341 1836 1402 caput
1866 1332 2032 1402 probe

455 1427 748 1496 intelliges,
771 1428 816 1481 si
848 1429 1271 1491 animadvertas,
1293 1427 1512 1481 Davidis
1543 1441 1738 1480 nomen
1783 1441 1878 1495 per
1910 1425 2032 1477 uni-

451 1532 672 1570 versum
716 1519 900 1572 orbem
953 1528 1006 1573 et
1063 1519 1119 1573 in
1183 1519 1442 1574 omnibus
1495 1518 1747 1589 gentibus
1813 1524 2033 1586 propter

451 1609 729 1665 Christum
757 1610 849 1665 Dei
876 1609 1177 1674 Filium,ex
1206 1611 1413 1665 semine
1443 1611 1561 1679 ejus
1593 1609 1890 1664 secundum
1917 1624 2034 1662 car-

452 1717 575 1755 nem
629 1710 847 1767 ortum,
906 1702 1194 1756 celebrari.
1250 1700 1369 1755 Non
1443 1709 1596 1754 tanta
1655 1701 1798 1754 enim
1858 1699 2029 1769 gloria

451 1789 709 1855 allectus,
756 1806 932 1862 neque
964 1793 1036 1846 ita
1067 1793 1340 1848 exaltatus
1393 1801 1497 1854 est,
1530 1808 1652 1846 cum
1679 1793 1821 1845 inter
1855 1789 2032 1843 homi—

450 1898 550 1938 nes
599 1892 935 1948 versaretur,
991 1891 1044 1939 et
1101 1886 1276 1939 solum
1337 1885 1552 1940 lsraelis
1611 1898 1838 1953 regnum
1884 1881 2026 1936 obti-

449 1983 624 2038 neret,
653 1976 996 2045 maximeque
1031 1985 1157 2046 post
1201 1977 1495 2032 Absalonis
1548 1976 1923 2040 rebellionem,
1963 1974 2028 2026 il-

2134 600 2243 672 γὰρ
2289 599 2742 670 ἀντιλαμϐάνεται
2785 603 2812 653 6
2853 599 3002 663 Θεὸς,
3044 595 3161 652 εἶτα
3203 595 3414 661 δοξάζει
3452 596 3546 648 καὶ
3579 593 3706 664 ἑξῆς

2134 692 2258 762 ὑψοῖ
2275 691 2366 745 τοῦ
2387 691 2766 762 δεδοξασμένου
2783 691 2880 763 τὴν
2897 691 3156 761 κεφαλήν.
3181 690 3243 741 Et
3265 690 3372 758 γὰρ
3397 686 3595 757 συνηγέ
3605 685 3704 757 ρθη

2132 782 2369 855 Χριστῷ.
2410 783 2504 836 καὶ
2539 781 2606 835 τά
2651 783 2762 837 ἄνω
2813 784 3016 853 φρονεῖ,
3069 781 3128 834 οὐ
3181 780 3248 834 τὰ
3299 781 3390 833 ἐπὶ
3433 780 3530 849 τῆς
3581 779 3701 849 γῆς.

2134 875 2471 946 ὑψωθήσεται
2499 873 2659 928 αὑτοῦ
2686 877 2718 946 ἡ
2754 874 2960 945 κεφαλὴ
2989 873 3094 927 ἀπὸ
3113 873 3203 926 τοῦ
3227 873 3452 944 Κυρίου,
3473 871 3531 936 ὃς
3559 873 3704 925 ἐστιν

2133 969 2160 1020 ό
2190 966 2382 1034 Λόγος,
2417 965 2544 1030 δόξα
2565 963 2641 1018 ὢν
2669 964 2762 1018 τοῦ
2799 967 3141 1036 χωρήσαντος
3167 963 3346 1026 αὐτὸν,
3385 965 3450 1032 ἣν
3479 965 3584 1018 ἀπὸ
3612 965 3711 1016 τοῦ·

2136 1056 2297 1126 μόνου
2332 1055 2590 1126 ἐξῄτησεν
2635 1058 2663 1108 ὁ
2698 1055 2772 1127 μὴ
2810 1056 3098 1126 λαμϐάνων
3133 1055 3286 1119 δόξαν
3315 1054 3464 1126 παρὰ
3497 1054 3705 1126 ἀνθρώ-

2133 1163 2255 1200 που.
2290 1148 2475 1210 Ὅπως
2506 1147 2561 1200 δὲ
2597 1146 2784 1218 ὑψώθη
2815 1147 2909 1200 τοῦ
2947 1147 3109 1201 Δαυῒδ
3138 1151 3170 1218 ἡ
3207 1148 3414 1218 κεφαλὴ
3435 1187 3450 1211 ,
3495 1148 3705 1218 νοήσεις

2133 1241 2449 1309 ἐπιστήσας,
2477 1239 2552 1302 ῶς
2572 1239 2689 1292 καθ’
2704 1240 2830 1310 ὅλης
2859 1240 2954 1308 τῆς
2980 1240 3087 1293 τῶν
3121 1239 3420 1310 ἀνθρώπων
3449 1239 3703 1310 οἰκουμέ-

2132 1349 2228 1402 νης
2267 1332 2362 1384 καί
2399 1333 2455 1383 ἐν
2492 1333 2624 1384 πᾶσι
2656 1335 2766 1396 τοῖς
2801 1332 2977 1384 ἔθνεσι
3016 1331 3076 1384 τὸ
3119 1331 3212 1384 τοῦ
3253 1331 3413 1384 Δαυῒδ
3451 1330 3704 1402 βεϐόηται

2131 1424 2318 1493 ὄνομα,
2341 1423 2427 1477 διὰ
2451 1423 2542 1475 τὸν
2569 1423 2632 1476 ὲκ
2661 1423 2970 1494 σπέρματος
2993 1423 3157 1476 αὐτοῦ
3184 1421 3325 1477 κατά
3349 1422 3529 1492 σάρκα
3554 1423 3706 1491 γενό-

2135 1535 2292 1589 μενον
2325 1516 2554 1587 Χριστὸν
2593 1517 2682 1569 τὸν
2715 1517 2807 1569 τοῦ
2837 1516 2970 1569 Θεοῦ
3005 1516 3151 1568 Υἱόν·
3186 1517 3281 1585 οὐχ
3313 1515 3483 1578 οὕτως
3510 1515 3618 1585 γὰρ
3647 1517 3708 1570 ὲν

2133 1607 2437 1678 ἀνθρώποις
2489 1607 2583 1673 ῶν,
2633 1610 2726 1662 καὶ
2780 1609 2939 1679 μόνου
2985 1607 3078 1660 τοῦ
3117 1607 3330 1678 Ἰσραὴλ
3385 1606 3702 1676 βασιλεύων,

2129 1699 2407 1764 δεδόξαστο
2430 1701 2523 1752 καὶ
2559 1699 2757 1769 ῦψωτο,
2789 1700 2880 1753 xui.
2912 1699 3146 1770 μάλιστα
3181 1698 3317 1770 μετὰ
3359 1696 3456 1768 τὴν
3502 1697 3705 1751 ἐπανά-

2133 1810 2323 1846 στασιν.
2352 1791 2443 1845 τοῦ
2497 1790 2847 1862 Ἀϐεσσαλὼμ
2874 1789 2974 1861 τὴν
3016 1793 3132 1844 κατ’
3179 1789 3343 1844 αὐτοῦ
3373 1790 3666 1860 γενομένην
3685 1827 3702 1851 ,

2129 1884 2204 1947 ὡς
2227 1883 2315 1936 διὰ
2345 1885 2441 1954 τῆς
2467 1883 2736 1954 σωτηρίου
2759 1883 3074 1952 θεοφανείας
3103 1885 3167 1936 ὲκ
3194 1882 3504 1954 σπέρματος
3537 1879 3700 1934 αὐτοῦ

2128 1973 2496 2046 προελθούσης
2521 1990 2593 2027 κα
2604 1973 2661 2026 τὰ
2693 1973 2888 2044 σάρκα.

448 2064 727 2134 laturique
753 2064 980 2130 bellum,
1012 2073 1217 2135 quanta
1259 2073 1558 2121 exornatus
1607 2072 1692 2120 est
1727 2063 1902 2135 gloria
1942 2078 2038 2132 per
2074 2064 2366 2119 salutarem
2391 2063 2486 2118 Dei
2523 2079 2587 2118 ex
2617 2064 2825 2120 semine
2853 2064 2970 2134 ejus
2995 2066 3294 2120 secundum
3353 2078 3573 2118 carnem
3605 2062 3705 2116 ad-

445 2164 686 2212 ventum.

516 2298 683 2356 Vens.
724 2301 778 2356 5.
836 2299 971 2355 Voce
1031 2317 1146 2354 mea
1204 2300 1273 2353 ad
1321 2300 1604 2354 Dominum
1667 2299 1925 2364 clamavi,
1979 2308 2027 2352 et

442 2392 710 2448 exaudivit
745 2411 824 2447 me
873 2397 936 2448 de
990 2404 1162 2446 monte
1216 2404 1399 2446 sancto
1440 2393 1575 2461 ejus.
1605 2391 1762 2446 Hunc
1787 2399 2026 2447 montem

443 2491 710 2538 memorat
753 2485 1069 2556 praecedens
1094 2486 1336 2555 psalmus
1382 2502 1506 2540 cum
1541 2486 1617 2539 ait
1648 2505 1660 2540 :
1697 2485 1808 2556 Ego
1853 2495 2027 2539 autem

441 2573 757 2626 constitutus
785 2590 901 2627 sum
932 2589 1023 2627 rex
1061 2573 1125 2626 ab
1177 2591 1236 2627 eo
1274 2590 1430 2643 super
1462 2575 1593 2629 Sion
1625 2587 1851 2630 montem
1899 2593 2022 2629 san-

440 2671 583 2715 ctum
609 2663 744 2731 ejus.
778 2663 1029 2718 Christus
1057 2671 1238 2718 autem
1269 2673 1388 2718 erat
1441 2665 1636 2734 quisic
1669 2667 2024 2736 loquebatur;

441 2760 498 2808 at
528 2770 674 2808 nunc
700 2755 888 2820 David,
941 2772 999 2811 se
1033 2772 1063 2809 a
1105 2757 1325 2812 Christo
1357 2756 1424 2811 de
1474 2765 1659 2812 monte
1686 2765 1876 2812 sancto
1904 2759 2023 2826 ejus

439 2843 839 2899 exaudiendum
875 2845 1223 2900 testiﬁcatur.
1258 2846 1426 2912 Quem
1454 2862 1617 2915 porro
1637 2847 2022 2901 exauditurum

443 2948 502 2988 se
554 2935 708 3001 dicit,
765 2936 873 2991 nisi
921 2935 1211 2990 Dominum
1263 2935 1356 3006 qui
1400 2935 1734 2990 constitutus
1783 2944 1868 2990 est
1925 2953 2021 2992 rex

437 3039 591 3093 super
635 3022 763 3079 Sion
804 3035 1028 3079 montem
1079 3035 1319 3080 sanctum
1358 3025 1516 3095 ejus?
1564 3023 1666 3079 Per
1699 3026 1842 3080 hunc
1874 3025 2020 3080 enim

438 3117 615 3170 solum
682 3118 940 3173 credebat
1003 3135 1061 3172 se
1124 3120 1504 3174 remissionem
1565 3127 2022 3185 consecuturum;

2200 2286 2374 2356 Φωνῇ
2390 2305 2508 2356 μου
2526 2288 2676 2355 πρὸς
2697 2290 2915 2357 Κύριον
2936 2289 3251 2358 ἐκέκραξα,
3274 2292 3370 2345 καὶ
3395 2291 3703 2358 ἐπήκουσέ

2125 2400 2243 2451 μου
2268 2382 2337 2445 ἐξ
2367 2381 2541 2448 ὄρους
2560 2381 2729 2450 ἁγίου
2756 2382 2963 2436 αὑτοῦ.
2988 2383 3093 2435 Τοῦ
3133 2383 3288 2454 ὅρους
3333 2386 3701 2456 ἐμνημόνευσε

2129 2471 2321 2526 τούτου
2354 2473 2447 2525 καὶ
2476 2475 2504 2524 6
2534 2472 2640 2541 πρὸ
2663 2472 2853 2525 τούτου
2872 2472 3103 2544 ψαλμὸς,
3126 2477 3182 2527 ὲν
3211 2469 3291 2538 οἷς
3319 2475 3520 2546 ἔλεγεν·
3557 2476 3702 2546 Ἐγὼ

2128 2566 2196 2619 δὲ
2220 2565 2594 2635 κατεστάθην
2613 2568 2916 2634 βασιλεὺς
2944 2569 3044 2623 ὑπ’
3064 2569 3248 2623 αὐτοῦ
3270 2569 3365 2623 ἐπὶ
3395 2570 3546 2624 Σιὼν
3567 2572 3701 2638 ὄρος

2130 2659 2196 2712 τὸ
2235 2658 2404 2728 ἅγιον
2450 2659 2657 2713 αὑτοῦ.
2700 2655 2808 2712 Ἦν
2858 2660 2914 2712 δὲ
2964 2661 3056 2712 καὶ
3097 2663 3124 2713 ό
3161 2661 3332 2729 λέγων
3378 2664 3435 2714 ἐν
3476 2664 3701 2725 ἐκείνοις

2131 2751 2302 2804 ταῦτα
2340 2754 2367 2805 ὀ
2415 2753 2668 2823 Χριστόςυ
2714 2754 2810 2806 καὶ
2846 2752 2938 2806 νῦν
2976 2754 3260 2825 τοιγαροῦν
3305 2757 3700 2808 ἐπακούσεσθαι

2133 2839 2298 2893 αὑτοῦ
2330 2857 2491 2910 φησιν
2523 2843 2551 2894 ό
2589 2841 2751 2895 Δαυῒδ
2783 2841 2842 2906 ἐξ
2873 2842 3029 2912 ὅρους
3061 2843 3212 2911 ἁγίου
3253 2844 3438 2899 αὐτοῦ.
3476 2846 3608 2898 Τίνα
3643 2845 3700 2897 δὲ

2131 2931 2528 2985 ἐπακούσεσθαι
2579 2933 2768 2995 αὐτοῦ,
2814 2933 2927 2986 ἀλλ’
2971 2934 3003 3005 ἢ
3046 2935 3138 2989 τὸν
3160 2935 3361 3006 Κύριον
3405 2937 3495 2989 τὸν
3539 2953 3702 2989 κατα-

2126 3024 2323 3078 στάντα
2355 3023 2573 3094 βασιλέα
2605 3026 2702 3079 ἐπὶ
2733 3025 2886 3080 Σιὼν
2911 3027 3045 3094 ὅρος
3072 3027 3137 3081 τό
3169 3028 3339 3097 ἄτιον
3357 3029 3582 3094 (lutei);
3604 3029 3698 3082 Διά

2125 3115 2314 3170 τούτου
2349 3116 2458 3189 γὰρ
2494 3117 2653 3188 μόνου
2696 3119 2944 3188 ἀφέσεως
2982 3119 3261 3185 τεύξεσθαι
3307 3121 3695 3187 πεπίστευκεν,

437 3209 797 3278 eumdemque
824 3225 945 3264 esse
977 3209 1203 3279 gloriam
1228 3225 1404 3272 suam,
1430 3218 1483 3263 et
1509 3210 1835 3263 exaltantcm
1859 3217 2019 3280 caput

2126 3211 2284 3264 αὑτὸν
2315 3211 2370 3263 δὲ
2403 3205 2541 3264 εἶναι
2569 3211 2725 3276 δόξαν
2751 3213 2938 3276 αὐτοῦ,
2978 3215 3070 3266 καὶ
3099 3215 3188 3267 τὸν
3211 3213 3445 3284 ὑψοῦντα
3475 3216 3572 3286 τὴν
3607 3232 3695 3268 κε-

440 3314 624 3354 suum.
656 3298 790 3353 Cum
843 3301 1006 3370 igitur
1059 3302 1266 3356 diserte
1315 3303 1737 3370 praznuntiasset
1765 3317 1824 3356 se
1849 3302 2019 3371 g'loria

439 3391 780 3446 alﬁciendum
801 3435 815 3457 ,
846 3400 900 3447 et
923 3404 1086 3462 caput
1104 3409 1263 3448 suum
1288 3394 1633 3450 exaltandum
1663 3410 1816 3462 esse;
1847 3410 2020 3464 quam

437 3483 636 3538 donam
689 3485 740 3538 id
789 3485 892 3539 sibi
929 3487 1217 3556 contigerit
1251 3487 1362 3556 jam
1410 3487 1652 3541 declarat
1686 3487 1769 3540 his
1799 3489 2014 3543 verbis:

451 3574 583 3628 Voce
617 3591 732 3628 mea
761 3576 829 3629 ad
863 3575 1147 3630 Dominum
1193 3579 1441 3643 clamavi,
1468 3588 1517 3632 et
1545 3577 1813 3631 exaudivit
1851 3595 1930 3632 me
1957 3578 2020 3632 de

439 3674 611 3719 monte
638 3675 819 3719 sancto
852 3684 969 3721 suo.

508 3774 675 3833 Vsus.
709 3777 762 3832 6.
795 3776 906 3849 Ego
947 3777 1170 3833 dormivi
1195 3789 1244 3833 et
1274 3789 1552 3849 soporatus
1581 3797 1719 3846 sum,
1746 3783 2015 3837 exsurrexi

436 3869 566 3937 quia
590 3868 847 3923 Dominus
899 3872 1144 3938 suscipiet
1193 3887 1292 3924 me.
1353 3869 1557 3925 Futura
1592 3872 1700 3937 hic,
1754 3882 2013 3943 tanquam

438 3962 709 4028 praeterita
742 3962 1093 4025 vaticinatur;
1123 3962 1268 4018 sicut
1287 3963 1431 4018 enim
1462 3965 1517 4018 in
1548 3965 1790 4020 secundo
1809 3967 2015 4036 psalmo

436 4053 643 4107 dictum
666 4062 751 4108 est
779 4071 792 4107 :
825 4053 1005 4118 Quare
1036 4054 1362 4121 fremuerunt
1390 4064 1594 4125 gentes,
1639 4067 1686 4110 et
1713 4060 1892 4126 populi
1916 4077 2017 4114 me-

435 4143 596 4198 ditati
652 4153 773 4196 sunt
835 4145 1057 4200 inania?
1088 4146 1380 4198 Astiterunt
1432 4157 1480 4200 et
1528 4160 1871 4204 convenerunt
1916 4152 2014 4203 ad-

437 4249 613 4288 versus
651 4227 932 4286 Dominum
953 4243 1003 4286 et
1037 4232 1286 4288 adversus
1321 4232 1587 4289 Christum
1623 4237 1736 4306 ejus
1764 4255 1782 4291 :
1816 4246 1870 4294 et
1899 4239 2012 4294 haec

436 4333 620 4380 tamen
676 4324 744 4380 de
787 4326 972 4379 futuro
1025 4325 1503 4394 intelligebantur;
1557 4329 1744 4383 eadem
1801 4331 2014 4386 ratione

432 4417 545 4485 jam
584 4417 718 4471 illud
747 4436 758 4471 :
787 4415 898 4487 Ego
935 4416 1159 4471 dormivi
1187 4426 1234 4471 et
1283 4429 1558 4486 separatus
1588 4437 1727 4484 sum,
1776 4423 2012 4492 pr0phe-

2125 3304 2297 3375 φαλὴν
2315 3303 2499 3358 αὑτοῦ.
2534 3307 2748 3376 Σφόδρα
2775 3305 2952 3360 τοίνυν
2984 3307 3258 3376 προειπὼν
3277 3307 3696 3379 δοξασθήσεσθαι

2123 3397 2215 3449 καὶ
2245 3397 2624 3470 ὑψωθήσεσθαι
2656 3399 2754 3470 τὴν
2787 3398 2974 3451 ἑαυτοῦ
3005 3400 3265 3470 κεφαλὴν,
3298 3399 3493 3452 ὁπόθεν
3526 3399 3698 3470 ὑπῆρ-

2124 3486 2210 3551 ξεν
2255 3486 2404 3558 αὑτῷ
2445 3488 2604 3541 τοῦτο
2643 3488 2878 3542 διδάσκει
2927 3488 3118 3557 λέγων·
3163 3489 3333 3559 Φωνῇ
3382 3508 3501 3559 μου
3549 3491 3697 3558 πρὸς

2119 3580 2339 3646 Κύριον
2386 3579 2699 3648 ἐκέκραξα,
2749 3581 2846 3634 καὶ
2897 3580 3202 3649 ἐπήκουσέ
3237 3600 3355 3652 μου
3393 3584 3463 3646 ἐξ
3517 3583 3695 3651 ὄρους

2119 3673 2290 3740 ἁγίου
2323 3671 2531 3728 αὐτοῦ.

2202 3784 2350 3856 Ἐγὼ
2395 3784 2720 3854 ἐκοιμήθην
2762 3787 2858 3840 καὶ
2912 3785 3192 3848 ὕπνωσα,
3235 3787 3564 3856 ἐξηγέρθην
3605 3788 3696 3841 ὅτι

2118 3876 2331 3942 Κύριος
2369 3874 2766 3942 ἀντιλήψεται
2802 3893 2941 3944 μου.
2975 3874 3054 3928 Τὰ
3096 3875 3352 3946 μέλλοντα
3395 3877 3451 3928 ὲν
3487 3875 3694 3938 τούτοις

2116 3965 2191 4029 ὡς
2222 3968 2585 4038 παρῳχηκότα
2615 3965 2876 4028 θεσπίζει⁹
2907 3967 2982 4028 ὡς
3003 3967 3110 4037 γὰρ
3141 3969 3198 4019 ὲν
3225 3966 3300 4035 τῷ
3323 3967 3557 4037 δευτέρῳ
3579 3967 3693 4019 ἐλέ-

2115 4074 2267 4126 γετοο
2293 4059 2416 4110 Ἵνα
2434 4059 2489 4109 τί
2510 4058 2817 4125 ἐφρύαξαν
2841 4058 3006 4125 ἔθνη,
3035 4059 3133 4110 καὶ
3163 4059 3299 4112 λαοὶ
3322 4058 3695 4126 ἐμελέτησαν

2116 4149 2294 4211 ward;
2332 4147 2734 4216 Παρέστησαν
2785 4150 2882 4201 καὶ
2935 4148 3329 4217 συνέστησαν
3385 4150 3533 4202 κατὰ
3587 4149 3692 4202 τοῦ

2114 4244 2336 4311 Κυρίου
2369 4242 2467 4294 καὶ
2511 4243 2658 4294 κατὰ
2714 4241 2820 4294 τοῦ
2867 4242 3122 4310 Χριστοῦ
3164 4242 3380 4304 αὐτοῦ,
3415 4241 3586 4294 ταῦτά
3630 4259 3690 4294 τε

2114 4335 2314 4386 ἐνοεῖτο
2357 4330 2720 4402 μελλητικῶς·
2752 4330 2895 4384 οὕτω
2941 4332 3036 4384 καὶ
3068 4331 3161 4385 νῦν
3205 4316 3298 4391 τό,
3347 4331 3492 4400 Ἐγὼ
3530 4332 3690 4384 ἐκοι-

2109 4421 2312 4491 Mem»
2336 4421 2433 4474 καὶ
2465 4421 2733 4486 ὕπνωσιι,
2771 4422 3120 4493 προφητικῶς
3151 4423 3385 4493 εἴρηται,
3427 4423 3546 4475 ἀντὶ
3573 4422 3689 4484 τοῦ,

435 4510 542 4564 tice
585 4509 790 4564 dictum
821 4517 927 4572 est,
978 4510 1244 4573 videlicet,
1276 4511 1562 4574 dormiam,
1620 4515 1925 4584 soporabor
1957 4523 2010 4570 et

2122 4513 2560 4582 Κοιμηθήσομαι
2601 4513 2700 4567 καὶ
2742 4513 3032 4576 ὺπνώσω,
3087 4513 3178 4567 καὶ
3225 4512 3686 4585 ὲξεγερθήσομαι·

434 4617 748 4672 exsurgam,
787 4602 1044 4673 quoniam
1097 4610 1175 4666 tu,
1222 4602 1464 4669 Domine,
1514 4614 1804 4675 susceptor
1858 4623 2011 4661 meus

434 4707 516 4755 es,
558 4693 728 4763 gloria
772 4710 912 4757 mea,
947 4702 1002 4749 et
1023 4695 1269 4750 exaltans
1292 4707 1456 4767 caput
1487 4713 1688 4753 meum.
1742 4698 1840 4752 llic
1868 4700 2013 4752 enim

437 4793 652 4854 tempus
691 4784 984 4854 signiﬁcat,
1018 4801 1124 4854 quo
1173 4786 1275 4841 sibi
1337 4788 1450 4843 haec
1482 4776 1783 4842 ob‘ventura
1838 4799 1964 4842 sunt
1996 4806 2010 4841 :

436 4885 726 4948 postquam
765 4877 1068 4943 dormierit,
1101 4881 1299 4951 inquit,
1330 4879 1878 4952 exsurget,qnoniam
1901 4879 2010 4934 Do-

435 4967 617 5020 minus
641 4955 899 5037 suscipiet
923 4985 1066 5024 eum.
1086 4968 1189 5024 Per
1217 4969 1587 5022 dormitionem
1618 4968 1761 5023 enim
1781 4977 2010 5022 mortem

435 5055 729 5122 signiﬁcat,
765 5059 1061 5113 secundum
1093 5076 1256 5130 quam
1288 5060 1404 5114 hzec
1446 5059 1548 5114 sibi
1582 5057 1764 5111 futura
1811 5059 2008 5111 vatici-

432 5148 830 5219 naturzidque
870 5151 1037 5205 refert
1089 5153 1158 5206 ad
1221 5159 1439 5219 tempus
1489 5149 1612 5202 vita:
1674 5146 2007 5212 Salvatoris,

431 5259 536 5316 qua
581 5255 795 5312 peracta
847 5245 1139 5298 terminum
1198 5242 1484 5313 prophetia
1531 5249 1831 5294 consecuta
1885 5249 2007 5307 est;

429 5334 648 5405 quando
678 5336 887 5392 scilicet
930 5334 1104 5389 Filius
1144 5333 1382 5387 hominis
1423 5329 1679 5384 Christus
1728 5329 1795 5383 ad
1841 5330 2010 5385 infer-

429 5441 555 5480 num
606 5443 778 5498 usque
826 5425 1132 5490 descendit,
1163 5431 1217 5478 et
1273 5421 1634 5490 captivorum,
1668 5422 1761 5489 qui
1802 5419 2008 5473 exitum

426 5521 838 5591 exspectabant,
879 5519 1136 5573 Salvator
1166 5519 1629 5568 commonstratus
1661 5520 1782 5577 est;
1819 5513 1891 5565 ita
1948 5520 2009 5565 ut

426 5613 844 5670 resurrectionis
906 5612 1029 5682 ejus
1094 5624 1161 5662 ex
1227 5605 1458 5658 mortuis
1522 5611 1766 5674 tempore
1836 5605 2006 5658 multa

425 5720 653 5776 corpora
710 5713 1030 5760 sanctorum
1075 5699 1171 5768 qui
1215 5695 1553 5751 dormierant
1584 5711 1691 5749 una
1722 5711 1846 5749 cum
1887 5696 2005 5767 ipso

428 5798 745 5865 revixerint,
781 5798 836 5852 in
890 5794 1046 5865 queis
1089 5788 1386 5847 verisimile
1434 5795 1517 5845 cst
1567 5787 1736 5844 fuisse
1768 5788 2002 5844 animam

2114 4606 2195 4658 ὅτι
2241 4606 2306 4658 σὺ
2340 4604 2544 4676 Κύριος
2595 4605 2939 4675 ἀντιλήπτωρ
2995 4621 3096 4669 μου
3145 4600 3213 4668 εἶ,
3266 4605 3389 4668 δόξα
3447 4623 3547 4676 μου
3595 4607 3690 4658 καὶ

2118 4696 2266 4765 ὑψῶν
2298 4696 2396 4767 τὴν
2430 4696 2670 4767 κεφαλήν
2717 4713 2837 4767 μου.
2876 4698 2963 4749 Ἐν
3009 4697 3182 4763 τούτῳ
3226 4697 3336 4769 γὰρ
3363 4698 3452 4750 τὸν
3499 4697 3688 4768 καιρὸν

2114 4787 2536 4857 ἐπισημαίνεται
2572 4785 2692 4839 καθ’
2737 4786 2797 4838 ὃν
2824 4786 3055 4860 ὑπάρξει
3101 4787 3247 4856 αὑτῷ
3294 4787 3483 4841 ταῦτα.
3531 4788 3688 4841 Μετά

2114 4877 2222 4948 γὰρ
2251 4878 2310 4930 τὸ
2339 4877 2664 4949 κοιμηθῆναι
2693 4879 2856 4931 αὑτὸν
2909 4879 3346 4951 ὲξεγερθήσεται,
3384 4879 3567 4950 φησιν,
3603 4882 3685 4933 ὅτι

2112 4969 2314 5040 Κύριος
2336 4969 2683 5040 ἀντιλήψεται
2709 4970 2891 5024 αὑτοῦ.
2917 4972 3208 5039 Κοίμησιν
3232 4971 3286 5023 δὲ
3314 4972 3565 5042 σημαίνει
3593 4973 3686 5026 τὸν

2115 5061 2363 5126 θάνατον,
2396 5064 2515 5132 μεθ’
2549 5061 2606 5114 ὂν
2637 5061 2805 5114 ταῦτα
2841 5061 3058 5113 ἔσεσθαι
3089 5063 3216 5132 περ)⁸
3258 5061 3422 5115 αὐτοῦ
3468 5080 3682 5134 προφη-

2111 5149 2277 5214 τεύει,
2307 5149 2645 5220 ἀναπέμπων
2683 5151 2772 5202 ἐπὶ
2811 5150 2900 5201 τὸν
2929 5149 3118 5220 χρόνον
3157 5151 3254 5220 τῆς
3295 5149 3389 5202 τοῦ
3433 5151 3684 5221 Σωτῆρος

2114 5242 2438 5312 παρουσίας,
2474 5240 2594 5310 μεθ’
2625 5241 2684 5292 ὃν
2714 5241 2899 5300 τέλους
2927 5239 3116 5309 ἔτυχεν
3150 5241 3181 5310 ἠ
3215 5241 3546 5312 προφητεία·
3595 5242 3679 5294 ὅτε

2111 5333 2204 5385 καὶ
2252 5333 2442 5403 μέχρις
2487 5332 2613 5403 ᾅδου
2665 5331 2906 5394 καταϐὰς
2950 5335 2978 5385 ό
3024 5333 3152 5396 Υίὸς
3197 5332 3290 5386 τοῦ
3322 5332 3606 5402 ἀνθρώπου
3651 5334 3680 5385 ό

2109 5425 2364 5497 Χριστὸς,
2403 5427 2495 5479 καὶ
2529 5424 2635 5475 τῶν
2669 5426 2786 5476 ἐκεῖ
2826 5423 3248 5496 προσδοκώντων
3279 5424 3457 5492 ἄφιξιν
3491 5424 3681 5496 Σωτὴρ

2109 5517 2413 5588 ἐπεδείχθη,
2445 5517 2519 5579 ὠς
2555 5515 2669 5585 ἅμα
2701 5519 2767 5586 τῇ
2811 5516 2976 5570 αὑτοῦ
3029 5519 3092 5569 ὲκ
3137 5515 3341 5586 νεκρῶν
3384 5517 3679 5570 ἀναστάσει

2109 5608 2276 5661 πολλά
2308 5607 2534 5678 σώματα
2572 5607 2678 5660 τῶν
2735 5607 2904 5675 ἁγίων
2954 5608 3062 5660 τῶν
3094 5606 3505 5675 κεκοιμημένων
3552 5624 3679 5660 συν-

2108 5699 2402 5769 αναστῆναι
2433 5697 2602 5768 αὐτῷ,
2621 5700 2677 5751 ἐν
2707 5695 2788 5762 οἷς
2819 5698 2964 5762 είκὸς
2989 5697 3126 5751 εἶναι
3146 5697 3241 5751 καὶ
3271 5694 3368 5765 τὴν
3401 5696 3492 5750 τοῦ
3516 5699 3680 5752 Δαυῒδ

2106 5793 2302 5863 ψυχήν.
2333 5790 2560 5862 Θαρσῶν
2597 5792 2652 5844 δὲ
2683 5795 2746 5862 τῇ
2783 5791 3008 5861 δυνάμει
3050 5788 3146 5858 τῆς
3193 5789 3535 5854 ἀναστάσεως
3583 5790 3674 5844 τοῦ
