4086 6528
479 347 554 404 99
1173 347 1438 404 El‘SEBll
1479 349 1960 406 CASSARIENSIS
2000 351 2152 406 Ol’l’.
2193 347 2394 408 PARS.
2435 349 2522 405 111.
2557 348 3044 412 —EXEGETICA.

3653 359 3756 415 100

483 469 621 523 ultio
649 477 941 532 sumatur;
975 469 1056 522 vel
1093 475 1152 520 ut
1203 469 1468 522 radicitus
1503 471 1728 523 tollatur
1768 471 1837 522 ab
1867 485 1931 524 eo
1972 488 2044 540 qu

2179 473 2444 540 συνεργεῖ,
2481 472 2574 524 καὶ
2608 470 2667 523 τὸ
2697 473 2754 524 ἐν
2778 471 2990 542 ἑϐδόμῳ
3017 471 3073 524 δὲ
3087 471 3286 544 ψαλμῷ
3313 471 3600 544 λεγόμενον
3622 487 3635 506 ·
3685 478 3757 529 Ei

481 562 566 615 sic
585 559 810 614 aﬂ'ectns
832 569 932 614 est.
961 560 1133 626 Quam
1151 575 1262 614 rem
1282 560 1438 614 docet
1457 561 1586 614 illud
1609 580 1622 615 :
1645 561 1944 616 Preramini
1966 577 2060 629 pro

479 655 546 706 tis
583 654 672 722 qui
719 670 808 706 vos
857 654 1096 706 molestia
1145 653 1480 720 afficiunt";
1541 662 1594 708 et
1640 655 1809 707 illud:
1849 656 2061 724 Uiligite

483 745 724 798 inimicos
770 755 968 798 vestros
1001 746 1072 798 ’⁸.
1127 744 1228 810 Qui
1281 759 1448 814 porro
1497 761 1606 800 non
1657 747 1846 800 leviter
1891 758 2058 810 autat,

483 845 744 907 procurat
783 839 948 892 etiam
985 847 1044 892 ut
1099 839 1340 894 inimicis
1387 841 1528 895 bene
1569 843 1869 912 contingat.
1903 839 2062 897 Insu-

487 939 690 992 perque
729 927 854 980 illud
897 943 950 979 tn
979 929 1210 996 septimo
1237 933 1448 1000 psalmo
1475 934 1680 989 dictum
1712 955 1724 990 :
1755 935 1813 990 Si
1841 939 2050 992 reddidi

487 1015 886 1068 "tribuentibus
909 1019 1036 1070 mihi
1061 1021 1222 1084 mala,
1249 1023 1486 1077 decidam
1513 1029 1698 1079 merito
1723 1028 1786 1080 ab
1815 1031 2046 1082 inimicis

481 1104 606 1156 meis
627 1105 798 1158 inanis
825 1109 892 1170 ’³,
915 1109 1195 1177 perspicue
1217 1112 1374 1168 docet
1399 1117 1669 1171 neminem
1692 1119 1818 1173 odio
1843 1119 2045 1176 haben-

485 1201 616 1256 dum
639 1217 780 1256 esse.
819 1201 932 1257 Cur
959 1205 1140 1274 itaque
1163 1207 1374 1260 dictum
1394 1215 1478 1263 est
1499 1226 1511 1262 :
1529 1205 1818 1278 Nonuequi
1839 1210 2060 1263 oderunt

483 1303 550 1356 te,
607 1293 846 1358 Domine,
891 1297 1211 1352 oderam”?
1243 1297 1357 1354 lino
1389 1301 1574 1370 potius
1608 1301 1733 1370 quis
1771 1303 1907 1356 adeo
1953 1304 2056 1356 im-

481 1385 627 1454 pius,
667 1395 726 1438 ut
761 1403 885 1441 eum
913 1388 1041 1442 odio
1073 1389 1290 1452 habeat,
1335 1405 1496 1459 quem
1525 1389 1692 1444 Deum
1727 1389 2060 1444 arbitratur?

481 1477 585 1543 Qui
623 1479 788 1548 igitur
817 1479 1098 1535 Christum
1146 1481 1273 1536 odio
1325 1481 1528 1536 habent
1579 1497 1642 1536 ac
1693 1483 2055 1542 detestantur.

481 1568 654 1626 Deum
679 1571 916 1628 oderunt
944 1591 956 1628 :
995 1589 1142 1636 nam,
1185 1575 1276 1642 qui
1303 1591 1383 1627 me
1405 1575 1610 1642 recipit,
1643 1575 1841 1644 inquit,
1875 1576 2056 1644 recipit

479 1679 598 1716 eum
636 1665 724 1733 qui
771 1681 850 1718 me
911 1666 1052 1718 misit
1078 1665 1147 1731 ³⁸;
1195 1675 1269 1729 et,
1321 1666 1408 1736 qui
1434 1667 1714 1734 conﬁtetur
1741 1664 1964 1728 Filium,
2007 1673 2058 1718 et

481 1755 700 1810 Patrem
746 1757 900 1812 habet
937 1759 1003 1824 ³²,
1039 1773 1104 1812 ac
1147 1759 1268 1812 vice
1315 1773 1496 1820 versa,
1545 1759 1636 1828 qui
1681 1756 1728 1810 F
1733 1759 1880 1811 ilium
1921 1757 2052 1824 odit,

2169 561 2560 616 ἀνταπέδωκα
2599 563 2721 628 τοῖς
2751 563 3224 618 ἀντιιποδιδοῦσί
3251 583 3354 634 μοι
3380 567 3538 620 κακὰ
3561 609 3576 633 ,
3607 568 3758 622 ἁπο-

2169 655 2410 724 πέσοιμι
2445 655 2558 724 ἄρα
2597 657 2714 709 ἀπὸ
2745 657 2863 710 τῶν
2891 657 3122 726 ἐχθρῶν
3155 676 3274 728 μου
3318 661 3494 726 κενὸς
3515 699 3530 724 ,
3569 661 3756 731 σαφῶς

2167 745 2407 798 διδάσκει
2435 747 2636 818 μηδένα
2662 751 2858 818 μισεῖν.
2889 751 3014 812 Πῶς
3039 745 3130 803 οὖν
3161 751 3405 821 είρηται’
3436 751 3584 822 Οὐχὶ
3615 753 3758 819 τοὺς

2163 837 2496 903 μισοῦντάς
2519 855 2614 902 σε,
2639 841 2834 907 Κύριε,
2861 841 3155 908 ἐμίσησα;
3175 842 3394 896 Μᾶλλον
3419 841 3476 896 δὲ
3503 843 3586 907 τίς
3607 845 3756 897 ἐστιν

2167 927 2340 991 οὕτως
2367 929 2544 992 ἄθεος,
2577 930 2653 994 ὡς
2689 933 2866 1002 μισεῖν
2895 931 2953 985 ὃν
2986 935 3201 1004 ἡγεῖται
3237 933 3402 998 Θεόν;
3446 935 3613 1004 Δῆλον
3637 932 3751 1002 οὖν,

2167 1021 2242 1084 ὡς
2283 1025 2332 1075 οἱ
2369 1023 2652 1093 μισοῦντες
2697 1027 2788 1078 καὶ
2837 1025 3362 1096 καταθεματίζοντες
3415 1027 3620 1098 Ἰησοῦν
3665 1049 3756 1101 μι-

2170 1114 2324 1169 σοῦσι
2355 1117 2447 1170 τὸν
2477 1115 2610 1171 Θεόν
2630 1135 2642 1148 ·
2687 1119 2750 1172 '0
2783 1118 2888 1190 γὰρ
2911 1121 3035 1190 ἐμὲ,
3083 1122 3216 1192 φησὶ
3241 1161 3256 1184 ,
3295 1121 3618 1192 δεχόμενος
3657 1125 3752 1180 δέ·

2169 1227 2334 1282 χεται
2373 1209 2480 1262 τὸν
2529 1211 2980 1266 ἀποστείλαντά
3006 1227 3110 1282 με’
3165 1215 3292 1278 καὶ,
3339 1216 3393 1267 '0
3441 1216 3756 1289 ὁμολογῶν

2184 1305 2291 1356 τὸν
2329 1302 2485 1368 Υἰόν,
2516 1303 2614 1356 καὶ
2651 1303 2756 1356 τίν
2787 1305 3019 1374 Πατέρα
3060 1305 3216 1374 ἔχει·
3255 1307 3447 1362 οὐκοῦν
3469 1310 3562 1362 καὶ
3593 1313 3626 1364 ό
3665 1329 3758 1380 μι-

2167 1395 2294 1451 σῶν
2309 1394 2414 1448 τὸν
2425 1395 2574 1459 Υίὸν,
2583 1396 2678 1450 καὶ
2701 1396 2808 1450 τὸν
2822 1400 3052 1464 Πατέρα
3060 1397 3358 1466 prosilui
3373 1401 3480 1462 πᾶς
3493 1399 3548 1453 δὲ
3571 1401 3754 1474 ἀμαρ-

2161 1489 2336 1540 τάνων
2368 1491 2516 1556 μισεῖ
2535 1489 2626 1540 τὸν
2653 1489 2785 1541 Θεόν
2806 1505 2820 1518 ·
2861 1490 3010 1560 μισεῖ
3045 1489 3153 1561 γὰρ
3197 1491 3386 1560 σοφίαν
3421 1493 3514 1546 καὶ
3541 1492 3750 1546 δικαιο-

2167 1576 2354 1648 σύνην,
2391 1579 2528 1648 ἅπερ
2555 1579 2670 1630 ἐστὶ
2701 1577 2955 1648 Χριστός.
2991 1579 3100 1632 Καὶ
3129 1578 3180 1631 τί
3227 1578 3540 1648 θαυμαστὸν
3560 1621 3575 1645 ,
3611 1579 3745 1631 ὅπου

2165 1667 2356 1721 ἑαυτὸν
2389 1669 2417 1720 ὁ
2443 1667 2772 1739 ἁμαρτάνων
2799 1672 2948 1738 μισεῖ
2969 1685 2984 1732 ;
3007 1668 3162 1721 Κατὰ
3185 1669 3294 1739 γὰρ
3317 1667 3658 1740 Σολομῶντα·
3695 1669 3748 1720 ’0

2161 1759 2583 1828 ἀπωθούμενος
2636 1759 2914 1812 παιδείαν
2953 1758 3126 1828 μισεῖ
3183 1757 3420 1812 ἑαυτόν.
3470 1757 3678 1810 Οὐκοῦν
3719 1759 3749 1811 ὁ

481 1845 595 1900 odit
619 1857 664 1902 et
699 1847 916 1902 Patrem
941 1849 1006 1902 ³³.
1034 1848 1294 1918 Quisquis
1319 1865 1450 1904 vero
1473 1857 1682 1920 peccat,
1709 1849 1822 1904 odit
1849 1849 2019 1904 Deum
2045 1869 2052 1904 :

2168 1851 2340 1922 μισῶν
2368 1853 2492 1915 τοὺς
2523 1851 2814 1922 μισοῦντας
2841 1851 2931 1906 τὸν
2961 1851 3092 1904 Θεὸν
3125 1850 3267 1922 πλὴν
3293 1851 3488 1920 λογίων
3517 1850 3628 1904 τῶν
3661 1851 3750 1904 εὐ-

478 1941 592 1994 odit
621 1941 822 2010 quippe
855 1941 1182 2012 sapientiam
1213 1941 1618 2012 justitiamque,
1649 1941 1860 1996 scilicet
1893 1939 2056 1994 Chri-

481 2049 648 2093 stum.
727 2037 935 2108 Ecquid
993 2040 1192 2092 mirum
1223 2039 1248 2090 ?
1291 2041 1514 2109 quando
1563 2053 1621 2094 se
1651 2039 1768 2108 ipse
1801 2046 2058 2109 peccator

485 2131 626 2184 odit.
679 2129 841 2195 Nam,
877 2147 944 2185 ex
996 2130 1308 2198 Salomone,
1343 2134 1432 2202 qui
1461 2132 1654 2186 deserit
1697 2131 2055 2200 disciplinam,

479 2219 590 2273 odit
627 2221 946 2288 seipsum“.
997 2219 1184 2292 Itaque
1213 2221 1306 2293 qui
1341 2221 1459 2276 odit
1486 2237 1582 2278 eos
1600 2221 1692 2292 qui
1723 2219 1893 2275 Deum
1929 2220 2059 2276 ode-

483 2317 638 2374 runt,
673 2327 882 2378 omnes,
921 2314 1164 2384 exceptis
1216 2328 1348 2369 sane
1397 2313 1531 2368 viris
1579 2311 1944 2382 prudentibus
1994 2327 2060 2366 ac

478 2401 778 2472 religiosis,
832 2403 959 2458 odio
999 2403 1256 2468 habebit;
1293 2405 1401 2458 imo
1439 2404 1678 2474 seipsum
1713 2411 2054 2472 peccantem.

477 2493 666 2564 Neque
705 2511 836 2551 sane
887 2498 1210 2565 putandum,
1247 2497 1502 2551 animalia
1551 2511 1673 2550 esse
1725 2511 1847 2566 qua:
1883 2494 2050 2550 Deum

479 2587 746 2640 oderunt:
808 2587 902 2643 sed
961 2591 1101 2643 mala
1155 2589 1272 2658 ipsa
1315 2589 1628 2644 hominibus
1677 2587 2048 2648 obvenientia,

477 2679 660 2749 qualis
705 2687 788 2735 est
827 2681 1057 2746 malitia,
1099 2679 1217 2754 [Dei
1263 2682 1447 2738 odium
1491 2681 1764 2754 pariunt.]
1821 2683 2050 2749 Ipseque

479 2771 738 2841 injustus,
776 2779 1048 2844 quatenus
1117 2775 1354 2844 injustus
1411 2783 1516 2836 est,
1575 2773 1742 2828 Deum
1797 2771 1948 2836 odit;
1997 2771 2050 2824 id

2163 1943 2502 1997 σεὸεστάτων
2533 1943 2737 2008 πάντας
2761 1945 2984 2016 μισήσει
3011 1945 3102 1997 καὶ
3125 1943 3314 1998 ἑαυτὸν
3343 1945 3742 2016 ἁμαρτάνοντα.

2165 2035 2324 2088 Ὥστε
2355 2036 2416 2088 οὑ
2455 2033 2570 2100 ζῶα
2604 2035 2886 2104 νομιστέον
2913 2034 2981 2087 τὰ
3009 2035 3270 2104 μισοῦντα
3298 2035 3390 2090 τὸν
3419 2035 3552 2090 Θεὸν
3571 2077 3586 2102 ,
3613 2035 3748 2090 ἀλλὰ

2155 2131 2267 2190 τοῖς
2298 2127 2536 2196 λογικοῖς
2565 2127 2710 2181 κακὰ
2755 2127 3162 2198 συμϐεϐηκότα,
3187 2123 3296 2182 οἷον
3337 2129 3369 2200 ἡ
3403 2129 3616 2182 ἀδικίαο
3649 2131 3746 2183 καὶ

2155 2221 2184 2270 ὁ
2219 2219 2400 2283 ἄδικος
2447 2219 2583 2272 καθὸ
2629 2219 2813 2282 ἄδικος
2870 2223 3018 2290 μισεῖ
3045 2221 3135 2274 τὸν
3167 2220 3298 2274 Θεὸν
3318 2263 3333 2288 ,
3365 2221 3464 2292 τῆς
3509 2223 3567 2274 ὲν
3595 2221 3744 2292 αὐτῷ

2157 2311 2370 2372 ἀδικίας
2393 2311 2550 2364 τοῦτο
2586 2311 2862 2382 ποιούσης.
2910 2311 3019 2364 Καὶ
3049 2311 3129 2364 δεῖ
3150 2311 3319 2365 ταῦτα
3349 2315 3527 2383 μισεῖν
3577 2311 3746 2383 ἐχθρὰ

2156 2403 2490 2472 τυγχάνοντα
2540 2404 2966 2474 προηγουμένως
3023 2404 3198 2476 ἡμῶν.
3251 2405 3362 2458 Καὶ
3409 2405 3598 2477 ὥσπερ
3631 2405 3742 2457 ἀπὸ

2155 2495 2492 2566 τελειότητος
2520 2494 2736 2567 ἔρχεται
2758 2495 3069 2568 δικαιοσύνη
3107 2497 3200 2550 καὶ
3235 2497 3578 2568 σωφροσύνη,
3603 2496 3743 2550 οὕτω

2157 2589 2251 2664 καὶ
2283 2587 2342 2640 τὸ
2371 2587 2568 2640 τοιόνδε
2599 2590 2771 2658 μῖσος.
2803 2587 3012 2642 Οὐκοῦν
3037 2590 3146 2652 πᾶς
3171 2587 3467 2660 ὲχθραίνων
3505 2589 3613 2642 τινὶ
3641 2605 3744 2659 μα-

2157 2680 2323 2742 ταίως
2373 2679 2677 2751 ἐχθραίνειο
2716 2681 2744 2734 ὃ
2781 2681 2843 2752 δὴ
2897 2681 3190 2753 προῦκειτο
3233 2681 3422 2748 δεῖξαι.
3483 2673 3742 2736 Τοιοῦτόν

2159 2772 2272 2823 ἐστι
2311 2771 2402 2824 καὶ
2429 2772 2508 2834 τὸ,
2553 2771 2887 2842 Ἐμίσησάν
2913 2791 2990 2842 με
3019 2772 3262 2841 δωρεάν.

475 2875 670 2937 agente
705 2867 912 2922 malitia
951 2883 1072 2938 quae
1103 2868 1247 2922 inest
1293 2867 1473 2922 eidem
1503 2885 1516 2922 :
1552 2879 1716 2936 atque
1783 2865 1896 2918 haec
1925 2863 2078 2926 vitia,
2123 2869 2312 2933 utpote
2376 2863 2618 2928 inimica,
2661 2881 2864 2936 perosa
2919 2875 3136 2936 oportet
3179 2883 3302 2924 esse
3347 2869 3528 2939 potius
3577 2881 3740 2938 quam

475 2974 576 3014 nos
609 2959 776 3030 ipsos.
831 2959 974 3016 Sane
1008 2970 1127 3016 uta
1171 2959 1506 3032 perfectione
1572 2961 1843 3024 prodeunt
1900 2959 2115 3028 justitia
2155 2969 2209 3012 et
2239 2961 2634 3030 temperantia,
2673 2961 2748 3015 ita
2801 2963 2991 3018 odium
3043 2962 3362 3034 bujusmodi
3417 2965 3610 3020 eodem
3665 2979 3732 3018 ex

475 3055 626 3112 fonte
674 3055 941 3126 procedit.
989 3054 1250 3126 Quisquis
1291 3073 1422 3128 ergo
1451 3055 1577 3111 odio
1609 3053 1844 3123 aliquem
1880 3051 2063 3114 habet,
2107 3059 2310 3106 temere
2373 3066 2438 3105 ac
2469 3068 2606 3108 vane
2645 3053 2796 3110 odit:
2845 3055 2990 3126 quod
3044 3059 3204 3113 nobis
3253 3056 3592 3128 probandum
3655 3057 3742 3112 in-

472 3145 713 3212 cumbit;
755 3145 1070 3214 hujusmodi
1099 3147 1227 3201 item
1263 3147 1396 3200 illud
1440 3153 1545 3206 est.
1581 3143 1702 3198 odio
1749 3144 2038 3198 habuerunt
2069 3161 2149 3198 me
2167 3143 2332 3212 gratis
2355 3143 2420 3197 ³⁸.

543 3235 745 3290 Eorum
778 3252 916 3290 vero.
940 3251 1108 3292 causa
1142 3239 1234 3307 qui
1269 3237 1522 3306 superius
1564 3235 1818 3290 dixerant
1853 3237 2050 3288 anima:
2080 3253 2120 3308 α

473 3330 612 3400 ejus,
645 3347 748 3383 non
781 3339 858 3383 est
891 3329 1041 3383 salus
1065 3329 1164 3398 ipsi
1192 3331 1246 3382 in
1279 3329 1384 3383 Deo
1411 3328 1550 3398 ejus,
1587 3343 1734 3382 nunc
1759 3329 1852 3390 ait,
1909 3326 2050 3381 Deu-

474 3431 550 3478 ιιι
606 3433 948 3489 peccatorum
1008 3423 1327 3484 contrivisti,
1380 3421 1480 3474 hoc
1520 3428 1626 3484 est,
1677 3433 1960 3474 sermones
1997 3427 2050 3473 et

473 3512 790 3584 blasphema
830 3513 976 3566 dicta
1007 3513 1298 3568 adversum
1351 3529 1435 3566 me
1477 3513 1694 3582 prolata
1740 3512 2048 3577 abstulisti;

475 3605 585 3658 imo
611 3620 763 3670 vero,
803 3619 899 3658 eos
939 3605 1031 3674 qui
1078 3605 1208 3657 talia
1238 3603 1526 3658 adversum
1561 3619 1646 3658 me
1695 3604 2044 3676 spargebant,

473 3698 668 3768 impios
707 3697 958 3751 homines
986 3697 1180 3753 alienis
1219 3697 1378 3751 malis
1413 3698 1733 3768 gaudentes,
1781 3698 2050 3751 contrivi-

477 3789 570 3854 sti,
629 3805 904 3860 vocesque
945 3804 1134 3842 eorum
1199 3789 1518 3844 confudisti.
1569 3789 1757 3860 Neque
1791 3789 1923 3844 mihi
1957 3791 2048 3844 uni

473 3891 598 3952 post
629 3883 839 3936 obitum
870 3923 884 3946 ,
919 3883 1012 3937 scd
1042 3884 1203 3936 etiam
1237 3883 1514 3946 universo,
1547 3885 1642 3953 qui
1673 3892 1802 3938 tuus
1833 3883 2048 3938 futurus

471 3983 612 4038 erat,
645 3975 840 4043 populo
867 3978 1324 4029 resurrectionem
1365 3975 1590 4044 parasti.
1631 3971 2044 4029 Observandum

473 4071 654 4118 autem
688 4074 793 4126 est,
815 4065 933 4118 loco
966 4065 1110 4119 illius
1139 4065 1308 4131 vocis,
1337 4065 1506 4128 satus,
1541 4061 1860 4120 llebraicam
1883 4082 2050 4120 usur-

474 4163 662 4226 patam
719 4172 844 4212 esse
893 4173 1103 4220 vocem,
1163 4173 1282 4228 qua:
1321 4173 1520 4214 nomen
1560 4155 1692 4213 Jesu
1747 4160 2042 4230 exprimit:

473 4255 638 4318 atque
665 4249 835 4304 totius
869 4251 1063 4320 psalmi
1091 4252 1402 4314 terminum,
1437 4249 1546 4307 duo
1573 4253 1750 4322 capita
1786 4253 2049 4307 doctrinae

472 4341 796 4410 complecti;
853 4343 1110 4396 nimirum
1161 4344 1416 4400 virtutem
1477 4343 1692 4399 Domini
1747 4345 2044 4400 salutarem

470 4446 628 4498 esse;
664 4433 948 4502 ipsumque
979 4436 1178 4506 populo
1212 4453 1332 4498 suo,
1361 4437 1454 4507 qui
1477 4453 1572 4508 per
1600 4439 1776 4508 ipsum
1813 4438 2046 4492 salutem

472 4531 804 4580 consecutus
851 4535 957 4590 est,
1001 4527 1430 4584 benedictionem
1465 4531 1892 4600 impertiturum.
1946 4527 2046 4582 Be-

2236 3233 2395 3286 Ἀλλὰ
2421 3235 2512 3287 καὶ
2541 3234 2626 3288 διὰ
2667 3236 2790 3298 τοὺς
2833 3233 3092 3306 ἀνωτέρω
3141 3235 3436 3307 εἰρηκότας
3481 3241 3545 3312 τῇ
3591 3241 3736 3314 imm

2153 3325 2342 3390 αὐτοῦ,
2383 3329 2502 3380 uim
2535 3328 2668 3380 ἔστι
2699 3328 2966 3395 σωτηρία
2990 3327 3152 3393 αὐτῷ
3176 3329 3246 3380 ἐν
3265 3327 3342 3393 τῷ
3374 3329 3494 3396 Θεῷ
3527 3332 3736 3400 αὐτοῦ,

2151 3417 2246 3472 νῦν
2274 3435 2438 3489 φησιν
2460 3436 2474 3448 ’
2523 3419 2795 3485 Ὁδόντιις
2815 3413 3177 3488 ἁμαρτωλῶν
3202 3419 3590 3490 συνέτριψας,
3621 3441 3740 3478 του-

2149 3502 2438 3574 Ῑτέστιτοὺς
2457 3511 2647 3579 λόγους
2671 3511 2764 3564 καὶ
2793 3511 2892 3575 τὰς
2913 3511 3034 3564 κατ’
3051 3509 3184 3580 ἐμοῦ
3209 3511 3558 3584 βλασφημίας
3589 3533 3741 3588 περι-

2150 3606 2321 3668 sna;-
2361 3605 2496 3659 ἀλλὰ
2539 3605 2632 3659 καὶ
2667 3606 2866 3668 αὐτοὺς
2905 3605 3032 3668 τοὺς
3075 3607 3196 3658 κατ’
3231 3605 3365 3676 ἐμοῦ
3405 3609 3474 3662 τὰ
3515 3607 3738 3664 τοιαῦτα

2153 3697 2579 3766 φθεγξαμένους,
2607 3695 2824 3760 ἀσεϐεῖς
2853 3695 3014 3759 ὄντας
3057 3697 3152 3751 καὶ
3199 3699 3734 3771 ἐπιχαιρεσικάκους,

2153 3789 2501 3861 συνέτριψας,
2543 3791 2638 3844 καὶ
2665 3789 2765 3854 τὰς
2790 3788 2972 3858 φωνὰς
3007 3789 3184 3844 αὐτῶν
3211 3789 3576 3862 κατῄσχυνας.
3623 3795 3736 3846 Καὶ

2150 3882 2210 3934 οὐ
2243 3881 2402 3952 μόνον
2433 3899 2496 3950 γε
2527 3882 2648 3952 ἐμοὶ
2678 3881 2816 3952 μετὰ
2849 3881 2910 3934 τὸ
2936 3881 3268 3952 κοιμηθῆναι
3301 3885 3394 3936 καὶ
3435 3885 3733 3956 ἀναστῆναι

2149 3975 2447 4046 παρέσχου,
2474 3973 2608 4028 ἀλλὰ
2641 3975 2735 4027 καὶ
2767 3975 2931 4026 παντὶ
2951 3974 3028 4044 τῷ
3075 3975 3322 4045 μέλλοντι
3371 3977 3734 4047 χρηματίζειν

2152 4084 2245 4119 σου
2279 4067 2411 4136 λαῷ.
2463 4065 2742 4136 Τηρητέον
2784 4065 2841 4118 δὲ
2868 4104 2882 4129 ,
2917 4065 3027 4130 ὡς,
3064 4067 3186 4120 ἀντὶ
3218 4067 3312 4119 τοῦ
3347 4070 3642 4136 Σωτηρία,
3697 4071 3731 4142 ἡ

2161 4159 2422 4231 Ἔϐραῖκὴ
2456 4159 2605 4230 φωνὴ
2637 4157 2800 4230 τὸ
2848 4158 2954 4212 τοῦ
3008 4158 3204 4227 Ἰησοῦ
3247 4157 3420 4230 ὄνομα
3469 4159 3732 4232 παρείλη-

2150 4265 2313 4304 πται·
2349 4251 2443 4303 καὶ
2475 4249 2538 4321 δὴ
2568 4247 2628 4302 τὸ
2659 4249 3036 4324 συμπέρασμα
3061 4252 3152 4306 τοῦ
3177 4251 3378 4316 παντὸς
3413 4251 3508 4306 δύο
3548 4253 3733 4323 περιέ·-

2150 4360 2233 4416 χει
2264 4341 2638 4406 διδασκαλίας·
2676 4343 2757 4396 ὅτι
2791 4361 2848 4398 τε
2879 4343 2912 4415 ἡ
2945 4345 3040 4398 τοῦ
3073 4345 3278 4416 Κυρίου
3301 4346 3530 4416 δύναμις
3555 4347 3732 4417 σωτή-

2154 4435 2266 4507 ριός
2292 4435 2428 4496 ἐστι,
2461 4435 2554 4486 καὶ
2577 4435 2660 4488 ὅτι
2690 4435 2854 4500 αὐτὸς
2880 4435 2957 4506 τῷ
2986 4435 3150 4488 αὑτοῦ
3183 4435 3314 4506 λαῷ,
3353 4437 3432 4507 τῷ
3463 4437 3532 4490 δι’
3565 4437 3730 4491 αὐτοῦ

2153 4525 2498 4596 σεσωσμένῳ,
2529 4527 2629 4598 τὴν
2655 4527 2902 4595 εὐλογίαν
2935 4527 3182 4598 παρέξει,
3233 4527 3468 4598 Εὐλογία
3513 4529 3568 4582 δὲ
3599 4530 3734 4583 πάν-

471 4616 712 4672 nedictio
783 4627 964 4672 autem
1013 4620 1314 4689 spiritualis
1371 4637 1598 4692 prorsus
1648 4627 1759 4682 est,
1817 4635 1884 4674 ex
1939 4620 2042 4673 hoc

2157 4635 2255 4680 τως
2299 4617 2646 4689 πνευματικὴ
2683 4619 2826 4671 κατὰ
2857 4619 2945 4672 τὸν
2988 4619 3307 4672 ’Λπόστολον
3335 4621 3554 4674 εἰπόντα
3575 4640 3588 4652 ι
3617 4624 3732 4674 Εἰ·-

473 4713 718 4782 Apostoli
755 4713 940 4766 dicto:
979 4712 1291 4766 Beuedic:us
1341 4713 1480 4766 Deus
1513 4723 1562 4768 et
1615 4711 1780 4766 Pater
1829 4711 2046 4766 Domini

471 4809 642 4860 nostri
669 4806 800 4860 Jesu
833 4805 1056 4872 Christi,
1079 4809 1168 4876 qui
1193 4807 1459 4862 benedixit
1493 4824 1588 4860 nos
1620 4809 1676 4860 in
1709 4805 1852 4860 omni
1887 4807 2042 4858 bene-

470 4897 698 4950 dictione
722 4897 990 4966 spirituali
1017 4899 1070 4950 in
1103 4897 1394 4950 cwlestibus
1425 4899 1478 4950 in
1509 4897 1723 4950 Christo
1742 4893 1806 4947 ³⁸.
1841 4891 2008 4946 Proin
2029 4921 2043 4932 -

471 4989 648 5060 deque
675 4990 731 5044 in
764 4989 966 5046 Christi
999 4997 1122 5044 ortu
1165 4989 1404 5062 Josepho
1435 4991 1644 5046 dictum
1694 4987 1804 5068 fuit.
1839 4987 1906 5040 ab
1947 5001 2043 5046 an-

473 5083 626 5151 gelo:
665 5081 734 5135 Et
767 5083 976 5138 vocabis
1009 5099 1195 5136 nomen
1229 5083 1341 5152 ejus
1377 5081 1583 5146 Iesum,
1619 5081 1729 5150 ipse
1762 5079 1900 5132 enim
1931 5077 2045 5130 sal-

471 5190 590 5228 vum
620 5177 778 5243 [aciet
797 5176 1046 5246 populum
1075 5177 1314 5240 suum",
1349 5177 1442 5246 qui
1467 5175 1627 5230 etiam
1653 5169 1858 5242 pepuli,
1895 5169 2036 5224 beati

469 5275 754 5323 vocantur.
792 5268 916 5324 Haec
961 5271 1352 5339 speculationis
1386 5283 1534 5323 more
1561 5265 1707 5320 dicta
1747 5271 1897 5318 sunt.
1931 5259 2038 5316 Po-

469 5369 577 5414 test
609 5363 772 5416 etiam
808 5361 914 5416 dici
967 5363 1180 5426 isthaec,
1243 5381 1362 5433 quae
1407 5369 1586 5414 tamen
1639 5354 1960 5428 prophetice
2011 5370 2040 5406 a

473 5451 672 5508 Davide
703 5454 1062 5524 praenuntiata
1113 5454 1352 5518 fuerant,
1398 5451 1464 5504 ad
1525 5449 1761 5502 litteram
1813 5445 2038 5514 impleta

471 5543 636 5600 fuisse
675 5547 766 5600 illo
793 5555 1038 5616 tempore
1067 5561 1132 5598 ac
1165 5561 1348 5600 rerum
1379 5541 1715 5602 conditione,
1735 5553 1858 5592 cum
1893 5536 2036 5591 filius

537 5659 578 5688 "’
623 5657 753 5712 an.
787 5673 840 5712 vi
864 5699 878 5718 ,
911 5657 1002 5712 28.
1079 5658 1126 5689 ’⁸
1166 5655 1355 5709 Matth.
1393 5672 1421 5706 v
1446 5697 1458 5716 ,
1495 5655 1584 5707 44,
1663 5655 1706 5684 ⁸³
1747 5651 1888 5708 Psal.
1922 5669 1997 5708 vn
2021 5693 2034 5712 ,
2069 5650 2122 5706 8.

2151 4709 2405 4778 λογητὸς
2438 4713 2470 4762 ό
2501 4711 2646 4776 Θεὸς
2679 4711 2779 4763 καὶ
2809 4711 3012 4779 Πατὴρ
3037 4709 3143 4764 τοῦ
3165 4713 3390 4780 Κυρίου
3419 4711 3584 4780 ήμῶν
3629 4713 3733 4780 ’1ηο

2152 4801 2268 4854 σοῦ
2295 4803 2554 4870 Χριστοῦ
2575 4819 2587 4833 ·
2615 4806 2646 4856 ό
2673 4803 3015 4873 εὐλογήσας
3051 4803 3208 4875 ἡμᾶς
3246 4805 3318 4858 ἐν
3354 4803 3522 4873 πάσῃ
3553 4808 3730 4860 εὐλο-

2149 4895 2248 4963 τίᾳ
2283 4897 2660 4967 πνευματικῇ
2697 4899 2768 4952 ἐν
2811 4900 2934 4964 τοῖς
2973 4898 3352 4966 ἐπουρανίοις
3381 4899 3452 4952 ἐν
3475 4898 3726 4968 Χριστῷ.

2155 4985 2344 5039 Ἔνθεν
2374 4989 2466 5041 ἐπὶ
2497 4989 2596 5060 τῆς
2642 4989 2736 5043 τοῦ
2767 4989 3016 5060 Σωτῆρος
3061 4991 3328 5058 γενέσεως
3365 4989 3615 5046 λέλεκται
3653 4991 3731 5060 τῷ

2165 5079 2360 5151 Ἰωσὴφ
2395 5081 2498 5134 ὑπὸ
2520 5081 2612 5133 τοῦ
2647 5081 2880 5150 ἀγγέλου
2903 5095 2916 5111 ·
2966 5081 3080 5135 Καὶ
3113 5083 3396 5148 καλέσεις
3439 5078 3502 5135 id
3544 5082 3732 5152 ὄνομα

2145 5169 2332 5222 αὐτοῦ
2396 5171 2630 5238 Ἰησοῦν
2652 5187 2664 5200 '
2711 5171 2894 5237 αὐτὸς
2922 5173 3032 5241 γὰρ
3075 5173 3256 5228 σώσει
3289 5173 3397 5226 τὸν
3425 5172 3580 5227 λαὸν
3625 5177 3728 5228 a1"—

2147 5260 2273 5324 τοῦ,
2306 5261 2398 5325 οὓς
2427 5263 2520 5314 καὶ
2555 5263 2860 5334 μακαρίους
2887 5266 2916 5317 ὁ
2945 5265 3102 5332 λόγος
3147 5265 3373 5334 ἔφασκε.
3413 5265 3599 5319 Ταῦτα
3632 5267 3728 5336 μὲν

2147 5347 2240 5404 οὖν
2269 5369 2352 5415 τις
2373 5353 2512 5405 κατά
2535 5353 2767 5424 θεωρίαν
2795 5353 2902 5408 τῶν
2945 5356 3335 5428 προκειμένων.
3391 5357 3550 5409 Εἴποι
3577 5355 3622 5408 δ’
3664 5356 3728 5408 ἄν

2147 5459 2231 5508 τις
2255 5445 2348 5498 καὶ
2379 5444 2512 5516 πρὸς
2530 5443 2674 5512 λέξιν
2709 5447 3099 5518 πεπληρῶσθαι
3143 5449 3314 5502 αὑτάο
3361 5445 3728 5517 προλεχθέντα

2153 5536 2250 5606 μὲν
2279 5537 2380 5592 ὑπὸ
2413 5535 2508 5591 τοῦ
2525 5537 2686 5592 Δαυῒδ
2715 5541 3068 5612 προφητικῶς
3101 5543 3158 5595 ὲν
3203 5539 3381 5610 καιρῷ
3421 5537 3520 5608 τῆς
3573 5553 3722 5607 περι-

2201 5651 2246 5682 ³⁰
2285 5650 2428 5706 Psal.
2465 5667 2748 5718 cxxxvm,
2775 5655 2864 5708 2|.
2944 5655 2987 5687 "
3023 5655 3212 5710 Matth.
3257 5655 3421 5720 1,40.
3501 5653 3546 5686 ³²
3587 5653 3718 5712 ibid.

479 5728 694 5782 “Joan.
723 5745 811 5790 xv,
843 5729 932 5782 ‘25.
1013 5729 1056 5759 ³⁸
1077 5727 1238 5780 Prov.
1263 5742 1347 5786 xv,
1371 5725 1458 5780 5'2.
1539 5725 1581 5756 ³³
1615 5723 1756 5780 Psal.
1799 5740 1982 5790 xxxiv,
2015 5725 2052 5776 l'

2169 5723 2212 5754 ³⁸
2249 5723 2445 5792 Ephcs.
2475 5741 2512 5792 I,
2541 5733 2592 5786 5.
2659 5735 2699 5766 ³⁷
2737 5731 2922 5786 llatth.
2951 5751 2986 5796 ι,
3019 5737 3106 5800 21,

533 5819 612 5880 ll)
641 5821 902 5877 llcbraica
941 5837 1041 5876 vox
1071 5829 1156 5877 est
1191 5838 1202 5872 :
1237 5825 1430 5882 nam”.
