4086 6534
351 375 443 428 IOI

1472 365 1979 424 COMMENTARIA
2021 367 2085 421 IN
2125 366 2464 421 PSALMOS.

3503 368 3606 422 102

349 493 607 554 στάσεως,
637 490 876 562 ὁπηνίκα
903 486 932 537 ὁ
959 486 1072 551 υἱὸς
1096 487 1314 542 ἐδίωκεν
1345 488 1526 552 αὑτὸν,
1551 490 1642 542 ἐπὶ
1675 490 1845 561 πέρας
1869 490 1920 542 δὲ

2035 494 2454 557 persequeretur
2476 499 2600 540 eum
2627 503 2640 551 ;
2674 483 2768 540 sed
2797 483 2864 538 ad
2897 484 3191 539 terminum
3227 499 3336 538 non
3369 483 3598 537 multum

345 583 556 657 ὴγμένα
601 583 716 654 μετ’
763 583 824 634 οὐ
877 579 1010 634 πολὺ
1037 621 1051 644 ,
1087 580 1174 633 ὅτε
1211 583 1270 632 έν
1296 582 1361 650 τῇ
1384 579 1478 632 τοῦ
1523 581 1759 651 πολέμου
1788 597 1925 650 συμ-

348 675 472 746 ϐολῇ
505 674 691 727 πίπτει
729 673 826 744 μὲν
854 675 883 725 ὁ
925 669 1296 740 Ἀὁεσσαλὼμ,
1337 671 1595 724 πίπτουσι
1641 671 1698 723 δὲ
1732 673 1825 724 καὶ
1876 673 1922 723 οἱ

347 767 413 819 τὰ
457 766 587 834 φίλα
635 763 782 834 αύτῴ
811 763 1163 833 φρονοῦντες·
1217 764 1409 832 κρατεῖ
1447 761 1503 813 δὲ
1540 763 1582 832 ,ἡ
1615 761 1710 814 τοῦ
1761 752 1923 814 Δαυῒδ

350 859 651 930 πρόρρησις
685 859 718 928 ἠ
753 858 1002 926 φήσασα·
1065 855 1182 906 Ὅτι
1221 853 1302 906 σὺ
1346 852 1648 919 ἐπάταξας
1696 851 1924 918 πάντας

349 950 488 1015 τοὺς
512 945 933 1018 ἐχθραίνοντάς
951 964 1050 1015 μοι
1065 947 1328 1015 ματαίως
1349 961 1363 975 ο
1391 944 1640 1011 ὀδόντας
1665 946 1926 1014 ἀμαρτω-

347 1043 474 1096 λῶν
497 1041 881 1110 συνέτριψας.
911 1039 1019 1093 Τοῦ
1052 1040 1274 1107 Κυρίου
1302 1040 1340 1107 ἡ
1369 1039 1655 1107 σωτηρία.
1690 1038 1788 1092 καὶ
1824 1037 1924 1092 ἐπὶ

348 1134 456 1188 τὸν
478 1135 630 1187 λαόν
658 1150 771 1187 σου
803 1135 841 1201 ἡ
879 1133 1123 1201 εὐλογία
1154 1145 1290 1184 σου.
1329 1130 1576 1199 Ἐλέγετο
1597 1129 1728 1198 γοῦν
1753 1129 1924 1183 ταῦτα

350 1225 717 1297 προφητικῶς,
735 1225 808 1288 ὡς
829 1224 894 1278 ἂν
925 1225 1023 1296 ἤδη
1053 1223 1146 1277 τοῦ
1173 1223 1304 1276 λαοῦ
1327 1223 1689 1294 σεσωσμένου,
1709 1223 1801 1277 καὶ
1822 1223 1925 1276 ὑπὸ

351 1319 444 1371 τοῦ
471 1317 630 1372 Δαυῖδ
663 1317 988 1388 γενημένου.

751 1431 1081 1483 ΕΞΙΙΓΗΣΙΣ
1120 1430 1420 1483 ΨΑΛΜΟΥ
1463 1430 1535 1484 Δ’.

452 1538 528 1608 (Ι)
556 1541 658 1604 Εἰς
680 1538 744 1592 τὸ
778 1538 952 1606 τέλος
982 1539 1052 1592 ἐν
1072 1539 1337 1609 ψαλμοῖς
1360 1537 1482 1608 ᾠδὴ
1509 1537 1588 1605 τῷ
1613 1538 1814 1594 Δαυτδ.

450 1655 554 1719 Εἰς
578 1653 643 1706 τὸ
668 1654 842 1720 τέλος
881 1654 952 1706 ὲν
977 1653 1190 1723 ὕμνοις
1216 1652 1459 1722 ψαλμὸς
1495 1652 1575 1719 τῷ
1615 1654 1814 1707 Δαυΐδ.

419 1746 626 1818 ’Ὠσπερ
659 1747 837 1817 πάσης
883 1748 1080 1817 τέχνης
1113 1746 1204 1799 καὶ
1243 1747 1551 1816 ἐπιστήμης
1595 1745 1744 1810 τέλος
1781 1745 1926 1799 ἐστὶν

345 1838 444 1907 (Ξ).
475 1879 488 1892 .
515 1880 526 1892 .
550 1878 563 1890 .
594 1879 607 1892 .
642 1880 654 1892 .
685 1879 701 1896 .
730 1879 743 1892 .
773 1881 785 1893 .
823 1839 1156 1909 καταντῆσαι
1189 1837 1278 1890 τόν
1318 1838 1712 1908 μετερχόμενον
1731 1856 1743 1868 ·
1784 1838 1928 1892 οὕτω

344 1933 524 2001 πάσης
560 1931 782 2001 λογικῆς
814 1931 1048 1999 φύσεως,
1087 1930 1147 1982 τὸ
1178 1930 1236 1981 ὲν
1269 1928 1488 1999 Χριστῴ
1528 1929 1926 2001 ζωοποιηθῆναι

343 2025 494 2086 τέλος
524 2025 688 2086 ἐστὶν,
713 2023 787 2088 ὡς
810 2024 867 2076 ὲν
899 2025 965 2093 τῇ
1001 2021 1190 2094 πρώτῃ
1225 2021 1360 2093 πρὸς
1393 2021 1709 2093 Κορινθίους
1735 2021 1928 2075 ὀΠαῦ-

345 2113 436 2177 λός
461 2131 592 2184 φησι
620 2115 790 2182 λέγων
812 2113 888 2184 τῷ
916 2114 1029 2184 ἰδίῳ
1063 2113 1300 2182 τάγματι
1320 2129 1333 2142 ο
1359 2114 1516 2165 Δοκεῖ
1545 2129 1731 2182 μη.....
1870 2125 1927 2165 εν

348 2206 682 2278 ὑπογράφειν
716 2206 987 2268 ἁπάντων,
1017 2205 1090 2267 ὡς
1119 2207 1172 2257 αἱ
1199 2205 1427 2258 ἑκάστου
1459 2202 1926 2274 ζωοποιουμένου

345 2295 480 2365 πρὸς
509 2296 606 2367 τὴν
638 2294 792 2359 ἀξίων
823 2295 960 2365 μετά
983 2294 1262 2365 βασάνους.
1295 2295 1365 2346 Ἢ
1396 2296 1488 2348 καὶ
1524 2295 1726 2348 τούτων
1757 2296 1925 2366 χωρὶς

279 2421 285 2425 ς
343 2385 707 2452 ζὶοοποιήσας
738 2387 794 2440 δὲ
841 2387 1047 2449 πάντας
1092 2387 1324 2457 Χριστὸς
1369 2389 1426 2439 ὲν
1465 2387 1642 2458 ἐαυτῷ
1672 2387 1797 2451 τοὺς
1846 2387 1924 2458 τῷ

354 2478 522 2548 Ἀδὰμ
541 2477 976 2550 ἀποθνήσκοντας
1003 2476 1270 2547 βασιλεύει
1289 2478 1405 2532 τῶν
1429 2477 1919 2547 ᾅυοποιηθέντωνο

341 2574 426 2642 ἐφ’
451 2573 480 2626 ὃ
502 2571 935 2644 παρεκάλειτοὺς
961 2571 1236 2634 συνιέντας
1254 2573 1387 2641 ἡεὶς
1413 2571 1479 2624 τὸ
1504 2571 1677 2638 τέλος
1698 2575 1923 2644 ἐπιγρα-

342 2666 436 2737 φή.
457 2665 626 2718 Παντὶ
639 2664 694 2716 δὲ
712 2662 1094 2734 ἀγωνιζομένῳ
1119 2662 1270 2726 τέλος
1291 2663 1325 2734 ἠ
1349 2662 1492 2732 νίκη.
1512 2663 1812 2734 Πολλαὶμὲν
1829 2660 1922 2718 οῦν

342 2757 396 2808 αἱ
425 2756 564 2808 κατᾶ
601 2755 762 2827 μέρος
782 2756 948 2819 νίκαι,
984 2755 1076 2807 καὶ
1103 2754 1254 2818 τέλος
1285 2754 1318 2825 ἢ
1367 2754 1498 2807 ποτὲ
1548 2755 1644 2825 μὲν
1676 2755 1923 2823 λέγοντος

340 2845 581 2899 Παύλουο
631 2848 733 2900 Ἑν
774 2848 1004 2912 τούτοις
1033 2844 1221 2900 πᾶσιν
1254 2844 1660 2914 ὑπερνικῶμεν
1691 2847 1788 2900 διὰ
1816 2847 1922 2900 τοῦ

339 2936 765 3006 ἀγαπήσαντος
788 2935 976 3006 ἡμᾶς·
1011 2937 1139 2989 ποτὲ
1172 2936 1228 2989 δέ
1251 2953 1264 2966 ο
1298 2937 1409 2990 Τὸν
1437 2936 1638 3007 ἀγῶνα
1670 2937 1778 2990 τὸν
1815 2954 1922 2990 κα-

339 3027 455 3081 λὸν
480 3028 830 3098 ἠγώνισμαι,
857 3029 966 3083 τὸν
996 3028 1217 3097 δρόμον
1243 3029 1545 3092 τετέλεκα,
1577 3028 1691 3096 τὴν
1716 3033 1923 3084 πίστιν

339 3119 664 3188 τετήρηκα·
697 3123 913 3175 λοιπὸν
946 3121 1256 3176 ἀπόκειταί
1289 3138 1392 3190 μοι
1419 3124 1451 3174 ό
1485 3118 1590 3188 τῆς
1615 3119 1920 3175 δικαιοσύ-

339 3229 450 3278 νης
471 3211 788 3282 στέφανος,
818 3213 890 3267 ὃν
926 3213 1225 3268 ἀποδώσει
1259 3231 1359 3282 μοι
1395 3215 1426 3266 ό
1468 3214 1706 3281 Κύριος.
1740 3215 1802 3266 Οἱ
1829 3209 1921 3268 οὖν

338 3305 801 3379 ἐπιγεγραμμένοι
829 3309 915 3373 εὶς
951 3307 1019 3359 τὸ
1058 3307 1233 3372 τέλος
1262 3305 1341 3371 τῷ
1379 3305 1580 3370 Δαυῒδ,
1638 3306 1789 3370 τέλος
1829 3309 1922 3360 καὶ

337 3397 490 3468 νίκην
515 3399 912 3468 ἀπαγγέλλουσι
940 3400 1032 3454 τοῦ
1051 3399 1286 3470 Χριστοῦ
1313 3399 1605 3470 λεγομένου
1623 3400 1800 3452 Δαυῖδ·
1829 3402 1923 3454 καὶ

336 3491 458 3543 ἀντὶ
488 3491 603 3556 τοῦ,
638 3495 724 3558 εὶς
757 3492 951 3558 τέλος,
988 3494 1128 3546 κατὰ
1165 3494 1255 3546 τὸν
1299 3493 1551 3555 Ἀκύλαν,
1586 3493 1920 3546 -νικοποιοῦ,

339 3579 508 3646 Παντὶ
552 3581 659 3652 γὰρ
707 3582 1040 3652 νενικημένῳ
1087 3584 1498 3653 περιποιήσεται
1551 3585 1727 3654 νίκην.
1788 3585 1922 3636 Ὑπὸ

338 3667 572 3742 Χριστοῦ
606 3673 713 3744 γάρ
757 3691 837 3737 τις
882 3673 1212 3744 νικώμενος,
1256 3674 1353 3745 τὴν
1399 3675 1596 3728 κακίαν
1643 3676 1919 3745 νενίκηκε,

335 3765 539 3834 ταύτην
584 3764 923 3833 ἐξαφανίζων
956 3765 1032 3836 τῷ
1088 3767 1451 3837 ὑποτετάχθαι
1489 3769 1732 3840 Χριστῷ.
1777 3770 1924 3839 Νικᾷ

337 3857 444 3930 γᾲρ
476 3858 576 3910 οὐκ
603 3859 859 3924 ἄκοντας,
889 3857 1024 3912 ἀλλὰ
1059 3859 1263 3910 πείθων
1293 3857 1368 3921 ὼς
1396 3859 1554 3927 λόγος
1589 3859 1744 3914 Θεοῦ.
1784 3861 1923 3923 Τοὺς

335 3949 391 4002 δὲ
421 3949 692 4013 τοιούτους
729 3948 931 4020 ὕμνους
960 3950 992 4021 ἢ
1024 3949 1292 4020 ψαλμοὺς,
1329 3952 1415 4016 εὶς
1461 3951 1526 4004 τὸ
1561 3950 1750 4016 νῖκος,
1789 3951 1922 4004 Θεο-

333 4041 520 4094 δοτίων
562 4042 870 4113 ἐπέγραψε·
923 4044 1218 4115 Σύμμαχος
1248 4043 1325 4111 δὲ,
1369 4043 1719 4109 ἐπινικίους.
1765 4043 1922 4098 Οῦτω

334 4135 391 4192 δὲ
428 4139 566 4194 νοεῖν
607 4135 846 4204 εὔλογον,
875 4135 979 4190 κᾶν
1005 4137 1080 4208 μὴ
1107 4136 1184 4208 τῷ
1213 4136 1377 4190 Δαυῒδ
1406 4131 1538 4189 ὦσιν
1573 4138 1920 4208 ἐπιγεγραμ-

339 4232 509 4303 μένοι,
538 4231 650 4285 ἀλλ’
676 4235 762 4298 εὶς
806 4230 871 4285 τὸ
910 4229 1085 4296 τέλος
1130 4230 1291 4300 τυχὸν
1341 4229 1420 4295 τῷ
1463 4229 1666 4299 Ἁσὰερ,
1715 4229 1748 4301 ἢ
1798 4231 1919 4296 τοῖς

333 4325 484 4390 υἱοῖς
511 4324 681 4393 Κορὲ,
713 4323 789 4394 τῷ
817 4323 941 4388 τοὺς
975 4325 1165 4392 ἁγίους
1198 4321 1545 4394 ἁναδεδέχοαι
1586 4323 1794 4387 πάντας
1821 4323 1919 4393 τὴν

333 4418 518 4471 εἰκόνα
547 4417 804 4488 Χριστοῦ.
832 4417 904 4468 Τὸ
935 4415 991 4468 δὲ
1018 4416 1088 4468 ἐν
1119 4415 1385 4485 ψαλμοῖς
1421 4415 1570 4486 παρᾶ
1597 4417 1709 4478 τοῖς
1738 4415 1914 4469 Ἑϐδο-

337 4515 580 4584 μήκοντα
613 4511 706 4564 καὶ
749 4511 998 4575 Ἀκύλας,
1034 4511 1152 4580 (sic)
1187 4511 1518 4581 σαφέστερον
1547 4513 1574 4563 ὁ
1601 4509 1914 4581 Σύμμαχος,

2028 592 2218 650 postea
2263 581 2518 648 deducta,
2564 594 2687 633 cum
2731 579 2787 632 in
2835 593 3134 649 congressu
3184 577 3354 647 praelii
3403 575 3604 631 cecidit

2027 675 2280 729 Ahsalom
2315 714 2329 738 ,
2381 673 2697 728 ceciderunt
2771 673 2976 742 pariter
3027 671 3119 741 qui
3173 670 3292 740 ejus
3353 670 3600 739 partibus

2025 767 2332 822 haerebant:
2381 765 2724 836 obtinuitque
2752 763 3032 834 praedictio
3061 765 3150 818 illa
3175 762 3394 817 Davidis
3423 755 3602 822 τρασ-

2027 860 2172 910 niam
2221 867 2277 910 tu
2323 857 2634 925 percussisti
2682 872 2859 910 omnes
2916 854 3251 909 adversantes
3304 853 3432 907 mihi
3487 855 3600 907 sine

2028 968 2236 1004 causa:
2279 950 2461 1005 dentes
2514 959 2851 1019 peccatorum
2901 949 3216 1002 contrivisti.
3273 947 3484 1000 Domini
3523 955 3601 1000 est

2024 1045 2191 1106 salus,
2259 1053 2310 1097 et
2375 1060 2532 1110 super
2581 1043 2833 1112 populum
2898 1051 3048 1094 tuum
3117 1039 3408 1094 benedictio
3487 1048 3598 1092 tua.

2030 1134 2155 1190 Haec
2187 1138 2371 1206 itaque
2421 1135 2738 1206 prophetico
2794 1133 2940 1188 dicta
2993 1141 3141 1196 sunt,
3195 1147 3258 1187 ac
3292 1133 3336 1187 si
3370 1131 3602 1202 p0pulus

2021 1227 2134 1296 jam
2169 1228 2352 1282 salvus
2385 1234 2553 1291 esset,
2587 1234 2642 1280 et
2686 1227 2754 1281 ad
2810 1225 3030 1279 Davidis
3089 1222 3378 1293 imperium
3431 1221 3600 1276 redu-

2026 1327 2169 1375 ctus.

2395 1428 2798 1485 ENARRATIO
2841 1427 3091 1484 PSAIJII
3128 1425 3216 1483 IV.

2204 1547 2255 1602 1.
2285 1544 2350 1600 1η
2383 1547 2540 1616 ﬁnem
2570 1547 2626 1599 in
2654 1544 2877 1614 psalmis
2918 1545 3185 1597 canticum
3226 1539 3417 1594 David.

2277 1655 2343 1710 In
2372 1657 2528 1726 ﬁnem
2560 1657 2613 1709 in
2643 1655 2851 1726 hymnis
2886 1655 3121 1724 psalmus
3144 1650 3336 1706 David.

2101 1748 2254 1802 Sicut
2285 1749 2530 1817 cujusvis
2561 1749 2696 1803 artis
2728 1763 2791 1801 ac
2823 1748 3064 1802 scientiae
3091 1745 3216 1800 ﬁnis
3239 1751 3343 1811 est,
3370 1752 3428 1796 ut
3452 1743 3604 1814 quis-

1961 1881 2001 1938 Β
2029 1839 2154 1908 quis
2181 1839 2351 1907 ipsam
2383 1838 2496 1892 adit
2525 1839 2591 1891 ad
2631 1837 3018 1907 perfectionem
3047 1835 3298 1889 deveniat
3328 1852 3342 1896 ;
3376 1835 3447 1888 ita
3479 1849 3602 1888 om-

2033 1935 2118 1986 nis
2148 1931 2433 1985 rationalis
2461 1939 2673 1984 natura:
2705 1930 2827 1984 ﬁnis
2856 1938 2938 1983 est
2991 1938 3050 1981 ut
3099 1929 3151 1980 in
3184 1927 3405 1980 Christo
3434 1926 3600 1979 vitam

2031 2023 2301 2104 accipiat,
2341 2023 2804 2093 quemadmodum
2862 2021 2916 2075 in
2953 2023 3127 2091 prima
3175 2021 3240 2074 ad
3286 2018 3602 2074 Corinthios

2031 2114 2270 2184 Epistola
2291 2118 2366 2168 ait
2395 2113 2597 2168 Paulus
2630 2114 2694 2168 ³⁸.
2741 2153 2756 2166 .
2799 2151 2812 2166 .
2859 2153 2874 2168 .
2919 2155 2933 2169 .
2979 2153 2994 2168 .
3039 2155 3051 2166 .
3096 2151 3110 2165 .
3153 2151 3168 2167 .
3212 2111 3452 2182 Singulis
3483 2119 3604 2182 post

2029 2209 2305 2261 cruciatus
2335 2223 2432 2276 pro
2465 2207 2660 2261 merito
2695 2221 2798 2260 suo
2846 2205 3141 2274 vivi/icatis.
3180 2203 3475 2273 Postquam
3505 2219 3605 2257 au—

2030 2305 2134 2350 tem
2161 2297 2410 2352 Christus
2440 2312 2631 2351 omnes
2659 2296 2751 2366 qui
2786 2295 2840 2349 in
2871 2296 3080 2348 Adamn
3113 2291 3313 2345 mortui
3351 2298 3528 2356 erant,
3548 2291 3601 2344 in

2028 2391 2208 2458 seipso
2259 2388 2561 2456 viviﬁcavit,
2625 2401 2816 2458 regnat
2849 2387 2902 2440 in
2935 2386 3272 2454 viviﬁcatos:
3323 2383 3390 2436 ad
3437 2397 3600 2452 quam

2026 2497 2139 2535 rem
2167 2483 2413 2535 homines
2432 2480 2786 2549 intelligentia
2809 2480 3064 2548 praeditos
3085 2485 3275 2532 evocat
3291 2474 3598 2544 inscriptio,

2024 2575 2080 2628 in
2107 2574 2283 2644 linem.
2313 2573 2474 2628 Omni
2528 2581 2710 2626 autem
2759 2571 3027 2641 praelianti
3065 2569 3188 2623 ﬁnis
3219 2569 3448 2621 victoria
3495 2576 3599 2622 est.

2038 2667 2217 2720 Multa:
2237 2682 2404 2737 porro
2429 2672 2556 2719 sunt
2579 2664 2891 2735 singulatim
2922 2671 3158 2734 acceptae
3185 2662 3604 2731 vietoriae;qua-

2026 2775 2145 2812 rum
2162 2759 2320 2812 linem
2345 2754 2845 2816 describitPaulus,
2867 2754 3030 2808 modo
3053 2754 3274 2808 dicens:
3312 2750 3376 2804 In
3394 2752 3474 2804 his
3493 2767 3605 2805 om-

2026 2850 2180 2904 nibus
2211 2865 2528 2915 superamus
2551 2856 2768 2917 propter
2787 2863 2903 2900 cum
2926 2847 3013 2916 qui
3035 2844 3218 2898 dilexit
3237 2861 3329 2897 nos
3353 2843 3420 2908 ³⁹;
3441 2841 3605 2896 modo

2025 2950 2237 2996 autem:
2261 2941 2463 2994 Bonum
2490 2950 2755 2992 certamen
2775 2938 2989 2998 certavi,
3013 2952 3226 2989 cursum
3244 2933 3624 2995 consummaui,

2025 3038 2181 3106 ﬁdem
2211 3035 2412 3088 servavi
2442 3050 2461 3087 :
2501 3035 2554 3086 in
2608 3033 2807 3102 reliquo
2848 3031 3073 3098 reposita
3128 3038 3204 3082 est
3249 3029 3376 3081 mihi
3406 3039 3603 3080 corona

2014 3126 2268 3197 justitia’,
2284 3141 2440 3196 quam
2461 3124 2637 3178 reddet
2660 3123 2790 3177 mihi
2811 3121 3066 3174 Dominus
3085 3120 3149 3173 ιθ.
3170 3117 3372 3172 Psaltni
3393 3117 3597 3188 itaque.

1949 3244 1990 3301 ε
2028 3221 2083 3272 in
2116 3220 2273 3289 ﬁnem
2332 3217 2435 3288 ipsi
2467 3215 2639 3271 David
2698 3215 2971 3285 inscripti,
3007 3215 3166 3266 tinem
3207 3210 3506 3281 praedicunt
3541 3225 3604 3264 ac

2026 3312 2309 3366 victoriam
2361 3309 2610 3373 Christi,
2655 3309 2749 3379 qui
2785 3307 2953 3360 David
2983 3313 3226 3360 vocatur.
3272 3302 3403 3356 Vico
3425 3310 3603 3356 autem

2025 3405 2192 3468 illius,
2224 3405 2276 3457 in
2303 3401 2792 3473 [inem,seeundum
2821 3399 3095 3469 Aquilam,
3125 3393 3600 3456 victoris,dicitur.

2023 3495 2072 3550 Is
2124 3496 2268 3550 enim
2319 3494 2543 3548 cuilibet
2572 3494 2716 3546 victo
2733 3491 3013 3545 victoriam
3047 3489 3268 3542 tribuet.
3290 3485 3423 3539 Nam
3449 3484 3604 3554 quis-

2022 3592 2145 3659 quis
2171 3605 2198 3642 a
2231 3588 2452 3642 Christo
2481 3587 2742 3646 vincitur,
2795 3583 3058 3636 malitiam
3089 3582 3280 3640 vincit,
3321 3580 3604 3649 ipsamque

2023 3683 2089 3735 de
2118 3682 2295 3734 medio
2321 3681 2484 3742 tollit,
2517 3680 2642 3748 quia
2674 3676 2964 3743 subjicitur
2986 3673 3227 3728 Christo.
3254 3670 3604 3740 Nequeenim

2025 3771 2226 3823 invitos
2261 3770 2428 3823 vincit
2460 3769 2570 3830 ille,
2599 3765 2694 3820 sed
2719 3765 3000 3824 suasione,
3036 3771 3224 3832 utpote
3243 3760 3466 3814 verbum
3487 3758 3601 3814 Dei.

2023 3862 2350 3932 IIujusmodi
2387 3876 2551 3931 porro
2597 3859 2832 3930 hymnos
2873 3857 2955 3911 vel
3002 3855 3243 3925 psalmos
3278 3851 3602 3916 Theodotio,

2023 3959 2074 4009 in
2099 3955 2400 4018 victoriam,
2430 3950 2710 4021 inscripsit
2741 3969 2754 4016 ;
2796 3947 3180 4019 Symmachus,
3235 3941 3602 4011 triumphales.

2023 4048 2337 4117 Eademque
2401 4046 2614 4100 ratione
2675 4040 3088 4112 intelligendum
3136 4046 3221 4094 est
3252 4037 3469 4092 etiamsi
3495 4052 3603 4091 non

2022 4137 2216 4191 Davidi
2244 4135 2497 4205 inscripti
2529 4135 2662 4199 sint,
2702 4133 2797 4188 sed
2829 4131 2966 4184 forte
2987 4131 3045 4182 in
3079 4129 3236 4198 ﬁnem
3271 4126 3472 4196 Asaph,
3508 4135 3602 4179 aut

2021 4231 2150 4302 ﬁliis
2179 4230 2331 4296 Core,
2364 4231 2492 4299 quia
2541 4227 2715 4282 sancti
2743 4241 2934 4281 ornnes
2973 4238 3071 4294 pro
3105 4223 3340 4292 imagine
3397 4220 3600 4275 Christi

2023 4323 2314 4377 habentur.
2374 4319 2508 4373 Illud
2569 4328 2744 4372 autem
2813 4317 2866 4370 in
2897 4315 3117 4383 psalmis
3168 4313 3312 4383 quod
3368 4313 3421 4366 in
3461 4308 3604 4364 LXX

2020 4426 2074 4472 et
2101 4417 2155 4470 in
2179 4415 2372 4486 Aquila
2398 4414 2618 4485 legitur,
2650 4410 2898 4480 apertius
2923 4407 3287 4479 Symmachus
3316 4421 3435 4458 cum
3463 4403 3603 4472 psal-

2024 4507 2168 4560 teriis
2218 4505 2438 4569 edidit;
2488 4503 2754 4571 docetque
2809 4515 2935 4555 cum
2985 4497 3267 4568 psalteriis
3322 4495 3600 4548 canticum

331 4605 429 4657 διὰ
464 4603 815 4672 ψαλτηρίων
838 4603 1066 4666 ἐξέδωκε
1098 4602 1337 4655 διδασκο.
1359 4643 1372 4656 .
1390 4643 1403 4656 .
1423 4643 1436 4655 .
1455 4639 1468 4655 .
1491 4641 1504 4654 .
1523 4641 1535 4654 .
1553 4641 1566 4654 .
1585 4640 1602 4656 .
1635 4603 1734 4674 τὴν
1769 4602 1912 4673 ᾠδὴν

2021 4599 2359 4671 persolutum
2411 4596 2602 4650 fuisse.
2669 4593 2935 4648 Psalteria
2992 4592 3192 4660 quippe
3240 4591 3601 4642 instrumenta

333 4693 646 4766 εἰρῆσθαι..
675 4733 687 4745 .
713 4734 728 4746 .
758 4734 772 4747 .
799 4732 812 4746 .
842 4733 854 4745 .
885 4730 898 4744 .
927 4730 940 4745 .
985 4693 1054 4744 τὰ
1084 4691 1357 4762 ψαλτήρια
1395 4689 1586 4744 πλείω.
1618 4730 1630 4741 .
1658 4729 1671 4742 .
1701 4730 1714 4743 .
1743 4729 1756 4741 .
1779 4727 1791 4740 .

331 4787 538 4858 ὖργανα
562 4786 627 4839 δι’
661 4780 736 4839 ὧν
766 4785 948 4858 ᾅδεται
973 4785 1032 4836 τὸ
1065 4787 1151 4849 εἰς
1174 4783 1238 4836 τὸ
1269 4782 1464 4848 τέλος,
1489 4783 1522 4853 ἢ
1548 4784 1579 4834 ό
1600 4782 1911 4846 ἐπίνίκιος,

331 4879 366 4950 ἢ
396 4879 476 4944 τῷ
507 4877 806 4944 νικοποιῴ,
835 4877 863 4930 ὃ
895 4875 1086 4948 δηλοῦν
1112 4876 1256 4928 ἔοικε
1288 4877 1382 4928 καὶ
1420 4875 1480 4928 τὸ
1510 4878 1596 4941 εἰς
1642 4875 1812 4940 νῖκος
1845 4876 1914 4928 ἐν

330 4973 542 5042 ὕμνοις
568 4972 718 5044 παρὰ
745 4971 820 5042 τῷ
853 4970 1186 5023 Θεοδοτίωνι.
1228 4967 1376 5038 Αῦτη
1409 4967 1590 5021 τοίνυν
1637 4969 1670 5038 ἡ
1714 4966 1846 5038 ᾠδὴ,
1878 4967 1911 5038 ἢ

329 5067 394 5121 τὸ
424 5063 734 5136 μελιξ›δημα,
758 5063 791 5134 ἢ
819 5061 1032 5132 ψαλμὸς
1051 5061 1149 5133 τὴν
1172 5061 1470 5133 εἰρημένην
1497 5059 1634 5130 ἔχων
1657 5059 1912 5112 ὑπόθεσιν

331 5157 722 5226 ἐπαγγέλλεται
754 5154 956 5226 ταύτην
984 5153 1304 5226 κοινὼτερον
1337 5153 1434 5223 μὲν
1468 5154 1525 5205 ὲν
1550 5150 1629 5222 τῷ
1655 5152 1912 5223 προφήτῃ

330 5250 514 5315 Λαυῒδ,
547 5246 950 5322 μυστικώτερον
987 5247 1042 5302 δὲ
1076 5247 1154 5319 τῷ
1195 5245 1447 5319 Χριστῷ,
1499 5245 1560 5298 τὸ
1612 5243 1912 5316 πρόσωπον

2023 4701 2170 4754 Sunt,
2212 4689 2414 4760 quibus
2442 4686 2572 4740 illud
2615 4687 2667 4738 in
2693 4685 2851 4753 ﬁnem
2885 4683 3125 4742 canitur,
3157 4679 3274 4733 sive
3299 4694 3397 4740 pro
3445 4687 3600 4747 parta

2020 4785 2260 4846 victoria,
2293 4782 2409 4836 sive
2448 4779 2670 4833 victori:
2702 4776 2849 4846 quod
2883 4775 3063 4844 ipsum
3103 4771 3418 4842 signiﬁcare
3444 4770 3606 4824 vide-

2022 4884 2114 4930 tur
2156 4875 2285 4928 illud
2313 4874 2368 4925 in
2414 4869 2692 4924 victoriam
2723 4868 2776 4920 in
2822 4864 3030 4936 hymnis
3081 4862 3225 4933 apud
3259 4860 3599 4915 Theodotio-

2021 4982 2169 5022 nem.
2201 4965 2317 5018 lIoc
2346 4963 2514 5034 igitur
2545 4961 2847 5024 canticum,
2880 4959 2965 5011 vel
2999 4955 3258 5019 melodia,
3288 4957 3405 5010 sive
3449 4953 3602 5026 psal—

2021 5072 2166 5121 mus,
2214 5061 2576 5109 memoratum
2631 5051 2842 5106 habens
2870 5053 3280 5120 argumentum,
3313 5044 3600 5099 victoriam

2024 5148 2330 5220 pollicetur,
2355 5161 2420 5199 ex
2439 5143 2743 5216 vulgatiore
2767 5140 3039 5197 sententia
3063 5137 3275 5202 Davidi,
3297 5135 3602 5192 secundum

2022 5254 2279 5295 arcanam
2313 5253 2442 5293 vero
2478 5235 2963 5308 signiﬁcationem,
3011 5231 3236 5287 Christo
3284 5243 3601 5286 sanetorum

405 5409 452 5442 ³³
491 5407 668 5464 ICor.
705 5423 807 5472 xv,
838 5403 930 5460 22.
1006 5405 1050 5435 ³³
1089 5403 1250 5457 Itom.
1285 5419 1414 5468 vm,
1447 5402 1536 5458 57.
1614 5400 1659 5432 ⁸ο
1697 5399 1739 5454 II
1771 5398 1912 5454 Tim.
1950 5413 2038 5462 Iv,
2073 5397 2127 5457 7,
2162 5393 2214 5450 8.

405 5567 481 5639 (I)
522 5566 787 5622 lIebraica
834 5563 995 5618 lectio
1041 5571 1160 5628 est;
1187 5571 1380 5619 nam:
1413 5567 1622 5620 rrum:
1653 5539 1846 5617 HYJDLI
1891 5575 1902 5608 :

331 5644 454 5720 Ἴττῆ
488 5675 608 5728 quze
646 5658 726 5712 sic
765 5658 836 5728 ab
859 5655 1052 5726 Aquila
1082 5653 1493 5728 exprimuntur,
1525 5650 1604 5720 τῷ
1647 5648 1913 5728 νικοποιῷ

338 5733 394 5782 ἐν
409 5721 642 5800 ψαλμοῖς
711 5721 1006 5800 μελῲδημα
1055 5724 1133 5795 τῷ
1154 5721 1168 5723 ’
1189 5723 1430 5800 daith.
1462 5721 1788 5800 Symmacho
1819 5733 1911 5800 au-

336 5789 476 5861 mi,
521 5789 781 5864 ὲπιῦίκίος
827 5789 940 5851 ’6ιῖ
980 5789 1300 5866 ψαλτηρίων
1330 5793 1442 5868 ᾠδὴ
1491 5789 1585 5868 τῷ.
1624 5789 1802 5868 ᾼαιέῖδο
1865 5791 1908 5868 1}

337 5860 725 5934 Theudotione,
762 5860 863 5933 ἐἰς
907 5870 968 5923 τὸ
996 5860 1175 5930 ’νῖκος
1231 5870 1289 5920 ἐν
1332 5860 1519 5934 ὕμνοις
1559 5860 1771 5931 ψαλμὸς
1834 5860 1910 5926 τῷ

2014 5573 2198 5626 Δαυῖδ.
2233 5568 2629 5626 Theodotionis
2669 5569 2941 5623 diversam
2991 5565 3150 5621 aﬂert
3213 5559 3597 5616 Theodore-tus

2015 5644 2324 5703 lectionem,
2351 5643 2629 5706 nimirum,
2649 5640 2725 5711 τῷ
2744 5636 3004 5708 νικοποιῷ
3022 5639 3077 5688 ἐν
3110 5635 3326 5707 ὕμνοις,
3343 5640 3475 5701 ctc.,
3501 5631 3596 5688 sed

2015 5716 2165 5784 prior
2185 5727 2462 5782 germana.

2089 5785 2162 5855 (-2)
2197 5781 2296 5838 Sic
2327 5785 2503 5838 lacera
2545 5791 2673 5838 sunt
2708 5781 2824 5835 haec
2865 5781 2918 5836 in
2962 5793 3094 5834 mss.
