  <div class='ocr_page' id='page_1' title='image "/cluster/home/n/w/nwhite01/storage/ocr_20150623/23/hvd.32044019207711/059.png"; bbox 0 0 4086 6540; ppageno 0'>
   <div class='ocr_carea' id='block_1_1' title="bbox 532 349 2090 414">
    <p class='ocr_par' dir='ltr' id='par_1_1' title="bbox 532 352 2088 414">
     <span class='ocr_line' id='line_1_1' title="bbox 532 352 2088 414; baseline -0.003 -1"><span class='ocrx_word' id='word_1_1' title='bbox 532 361 630 414; x_wconf 78' lang='grc'><strong>105</strong></span> <span class='ocrx_word' id='word_1_2' title='bbox 1245 355 1511 412; x_wconf 78' lang='lat' dir='ltr'><strong>EUSEBII</strong></span> <span class='ocrx_word' id='word_1_3' title='bbox 1548 352 2024 411; x_wconf 62' lang='lat' dir='ltr'><strong>CESAHlENSIS</strong></span> <span class='ocrx_word' id='word_1_4' title='bbox 2044 353 2088 409; x_wconf 87' lang='grc' dir='ltr'><strong>Ο</strong></span> 
     </span>
    </p>
   </div>
   <div class='ocr_carea' id='block_1_2' title="bbox 2192 349 3784 414">
    <p class='ocr_par' dir='ltr' id='par_1_2' title="bbox 2231 349 3784 410">
     <span class='ocr_line' id='line_1_2' title="bbox 2231 349 3784 410; baseline 0.003 -4"><span class='ocrx_word' id='word_1_5' title='bbox 2231 350 2409 407; x_wconf 78' lang='lat' dir='ltr'><strong>PARS</strong></span> <span class='ocrx_word' id='word_1_6' title='bbox 2445 349 2534 408; x_wconf 88' lang='grc'><strong>111.</strong></span> <span class='ocrx_word' id='word_1_7' title='bbox 2574 383 2643 394; x_wconf 88' lang='grc'><strong>-</strong></span> <span class='ocrx_word' id='word_1_8' title='bbox 2679 350 3089 410; x_wconf 74' lang='lat' dir='ltr'><strong>EXEGETICA.</strong></span> <span class='ocrx_word' id='word_1_9' title='bbox 3675 354 3784 410; x_wconf 66' lang='grc' dir='ltr'><strong>Νι</strong></span> 
     </span>
    </p>
   </div>
   <div class='ocr_carea' id='block_1_3' title="bbox 525 471 2090 548">
    <p class='ocr_par' dir='ltr' id='par_1_3' title="bbox 525 478 2090 548">
     <span class='ocr_line' id='line_1_3' title="bbox 525 478 2090 548; baseline -0.001 -16"><span class='ocrx_word' id='word_1_10' title='bbox 525 496 814 534; x_wconf 73' lang='lat' dir='ltr'><strong>nersnnam</strong></span> <span class='ocrx_word' id='word_1_11' title='bbox 868 478 1190 542; x_wconf 90' lang='lat' dir='ltr'><strong>assumenti,</strong></span> <span class='ocrx_word' id='word_1_12' title='bbox 1224 479 1577 548; x_wconf 89' lang='lat' dir='ltr'><strong>ipsorumque</strong></span> <span class='ocrx_word' id='word_1_13' title='bbox 1627 493 1901 532; x_wconf 65' lang='lat' dir='ltr'><strong>aerumnas</strong></span> <span class='ocrx_word' id='word_1_14' title='bbox 1932 478 2090 548; x_wconf 86' lang='lat' dir='ltr'><strong>quasi</strong></span> 
     </span>
    </p>
   </div>
   <div class='ocr_carea' id='block_1_4' title="bbox 2192 471 3779 548">
    <p class='ocr_par' dir='ltr' id='par_1_4' title="bbox 2192 471 3779 544">
     <span class='ocr_line' id='line_1_4' title="bbox 2192 471 3779 544; baseline -0.002 -18"><span class='ocrx_word' id='word_1_15' title='bbox 2192 474 2298 526; x_wconf 86' lang='grc' dir='ltr'><strong>τῶν</strong></span> <span class='ocrx_word' id='word_1_16' title='bbox 2334 475 2501 543; x_wconf 75' lang='grc' dir='ltr'>ἁγίων</span> <span class='ocrx_word' id='word_1_17' title='bbox 2554 473 3023 544; x_wconf 75' lang='grc' dir='ltr'>ἀναλαμϐάνοντι,</span> <span class='ocrx_word' id='word_1_18' title='bbox 3064 474 3163 537; x_wconf 78' lang='grc' dir='ltr'><strong>τὰς</strong></span> <span class='ocrx_word' id='word_1_19' title='bbox 3212 473 3269 526; x_wconf 68' lang='grc' dir='ltr'>δὲ</span> <span class='ocrx_word' id='word_1_20' title='bbox 3336 472 3546 542; x_wconf 80' lang='grc' dir='ltr'><strong>θλίψεις</strong></span> <span class='ocrx_word' id='word_1_21' title='bbox 3596 471 3779 527; x_wconf 73' lang='grc' dir='ltr'>αὐτῶν</span> 
     </span>
    </p>
   </div>
   <div class='ocr_carea' id='block_1_5' title="bbox 529 570 2093 642">
    <p class='ocr_par' dir='ltr' id='par_1_5' title="bbox 529 570 2093 642">
     <span class='ocr_line' id='line_1_5' title="bbox 529 570 2093 642; baseline -0.001 -17"><span class='ocrx_word' id='word_1_22' title='bbox 529 574 803 642; x_wconf 85' lang='lat' dir='ltr'><strong>proprias,</strong></span> <span class='ocrx_word' id='word_1_23' title='bbox 830 588 1040 627; x_wconf 91' lang='lat' dir='ltr'><strong>necnon</strong></span> <span class='ocrx_word' id='word_1_24' title='bbox 1066 578 1379 626; x_wconf 88' lang='lat' dir='ltr'><strong>sanctorum</strong></span> <span class='ocrx_word' id='word_1_25' title='bbox 1412 570 1762 624; x_wconf 80' lang='lat' dir='ltr'><strong>dilatationes</strong></span> <span class='ocrx_word' id='word_1_26' title='bbox 1785 570 1889 624; x_wconf 89' lang='lat' dir='ltr'><strong>sibi</strong></span> <span class='ocrx_word' id='word_1_27' title='bbox 1921 571 2093 624; x_wconf 91' lang='lat' dir='ltr'><strong>ascri-</strong></span> 
     </span>
    </p>
   </div>
   <div class='ocr_carea' id='block_1_6' title="bbox 526 662 2091 733">
    <p class='ocr_par' dir='ltr' id='par_1_6' title="bbox 526 662 2091 733">
     <span class='ocr_line' id='line_1_6' title="bbox 526 662 2091 733; baseline -0.004 -15"><span class='ocrx_word' id='word_1_28' title='bbox 526 664 711 730; x_wconf 87' lang='lat' dir='ltr'><strong>benti;</strong></span> <span class='ocrx_word' id='word_1_29' title='bbox 737 674 1048 719; x_wconf 84' lang='lat' dir='ltr'><strong>sanctorum</strong></span> <span class='ocrx_word' id='word_1_30' title='bbox 1072 662 1272 733; x_wconf 87' lang='lat' dir='ltr'><strong>quippe</strong></span> <span class='ocrx_word' id='word_1_31' title='bbox 1301 677 1406 715; x_wconf 83' lang='lat' dir='ltr'><strong>vox</strong></span> <span class='ocrx_word' id='word_1_32' title='bbox 1427 662 1516 715; x_wconf 85' lang='lat' dir='ltr'><strong>illa</strong></span> <span class='ocrx_word' id='word_1_33' title='bbox 1560 670 1664 727; x_wconf 91' lang='lat' dir='ltr'><strong>est,</strong></span> <span class='ocrx_word' id='word_1_34' title='bbox 1701 662 2091 716; x_wconf 73' lang='lat' dir='ltr'><strong>tribulationem</strong></span> 
     </span>
    </p>
   </div>
   <div class='ocr_carea' id='block_1_7' title="bbox 523 755 2092 826">
    <p class='ocr_par' dir='ltr' id='par_1_7' title="bbox 523 755 2092 826">
     <span class='ocr_line' id='line_1_7' title="bbox 523 755 2092 826; baseline -0.001 -17"><span class='ocrx_word' id='word_1_35' title='bbox 523 757 802 825; x_wconf 75' lang='lat' dir='ltr'><strong>patientes,</strong></span> <span class='ocrx_word' id='word_1_36' title='bbox 829 755 922 810; x_wconf 82' lang='lat' dir='ltr'><strong>sed</strong></span> <span class='ocrx_word' id='word_1_37' title='bbox 951 772 1054 809; x_wconf 88' lang='lat' dir='ltr'><strong>non</strong></span> <span class='ocrx_word' id='word_1_38' title='bbox 1079 756 1374 826; x_wconf 85' lang='lat' dir='ltr'><strong>angustiati</strong></span> <span class='ocrx_word' id='word_1_39' title='bbox 1402 755 1446 788; x_wconf 67' lang='grc' dir='ltr'>δι</span> <span class='ocrx_word' id='word_1_40' title='bbox 1474 773 1491 822; x_wconf 83' lang='lat'><strong>;</strong></span> <span class='ocrx_word' id='word_1_41' title='bbox 1525 755 1864 810; x_wconf 83' lang='lat' dir='ltr'><strong>convertenti</strong></span> <span class='ocrx_word' id='word_1_42' title='bbox 1911 761 2092 808; x_wconf 88' lang='lat' dir='ltr'><strong>autem</strong></span> 
     </span>
    </p>
   </div>
   <div class='ocr_carea' id='block_1_8' title="bbox 525 846 2096 916">
    <p class='ocr_par' dir='ltr' id='par_1_8' title="bbox 525 846 2096 916">
     <span class='ocr_line' id='line_1_8' title="bbox 525 846 2096 916; baseline -0.001 -16"><span class='ocrx_word' id='word_1_43' title='bbox 525 862 621 900; x_wconf 82' lang='lat' dir='ltr'><strong>eos</strong></span> <span class='ocrx_word' id='word_1_44' title='bbox 653 848 746 916; x_wconf 91' lang='lat' dir='ltr'><strong>qui</strong></span> <span class='ocrx_word' id='word_1_45' title='bbox 777 847 925 916; x_wconf 81' lang='lat' dir='ltr'><strong>gravi</strong></span> <span class='ocrx_word' id='word_1_46' title='bbox 979 847 1143 900; x_wconf 90' lang='lat' dir='ltr'><strong>corde</strong></span> <span class='ocrx_word' id='word_1_47' title='bbox 1173 854 1324 911; x_wconf 90' lang='lat' dir='ltr'><strong>sunt,</strong></span> <span class='ocrx_word' id='word_1_48' title='bbox 1363 855 1670 916; x_wconf 72' lang='lat' dir='ltr'><strong>quaerentes</strong></span> <span class='ocrx_word' id='word_1_49' title='bbox 1702 846 1999 900; x_wconf 90' lang='lat' dir='ltr'><strong>vanitatem</strong></span> <span class='ocrx_word' id='word_1_50' title='bbox 2043 853 2096 900; x_wconf 93' lang='lat' dir='ltr'><strong>et</strong></span> 
     </span>
    </p>
   </div>
   <div class='ocr_carea' id='block_1_9' title="bbox 527 938 2096 1010">
    <p class='ocr_par' dir='ltr' id='par_1_9' title="bbox 527 938 2096 1010">
     <span class='ocr_line' id='line_1_9' title="bbox 527 938 2096 1010; baseline 0.001 -20"><span class='ocrx_word' id='word_1_51' title='bbox 527 938 808 1006; x_wconf 85' lang='lat' dir='ltr'><strong>loquentes</strong></span> <span class='ocrx_word' id='word_1_52' title='bbox 832 938 1196 993; x_wconf 86' lang='lat' dir='ltr'><strong>mendacium.</strong></span> <span class='ocrx_word' id='word_1_53' title='bbox 1231 938 1460 994; x_wconf 83' lang='lat' dir='ltr'><strong>Melodia</strong></span> <span class='ocrx_word' id='word_1_54' title='bbox 1494 954 1660 1010; x_wconf 88' lang='lat' dir='ltr'><strong>porro</strong></span> <span class='ocrx_word' id='word_1_55' title='bbox 1690 946 1887 1009; x_wconf 52' lang='lat' dir='ltr'><strong>praeter</strong></span> <span class='ocrx_word' id='word_1_56' title='bbox 1917 938 2096 992; x_wconf 89' lang='lat' dir='ltr'><strong>canti-</strong></span> 
     </span>
    </p>
   </div>
   <div class='ocr_carea' id='block_1_10' title="bbox 527 1031 2098 1107">
    <p class='ocr_par' dir='ltr' id='par_1_10' title="bbox 527 1031 2098 1107">
     <span class='ocr_line' id='line_1_10' title="bbox 527 1031 2098 1107; baseline 0.001 -22"><span class='ocrx_word' id='word_1_57' title='bbox 527 1046 649 1085; x_wconf 86' lang='lat' dir='ltr'><strong>cum</strong></span> <span class='ocrx_word' id='word_1_58' title='bbox 682 1032 892 1086; x_wconf 91' lang='lat' dir='ltr'><strong>videtur</strong></span> <span class='ocrx_word' id='word_1_59' title='bbox 937 1031 1164 1086; x_wconf 89' lang='lat' dir='ltr'><strong>innuere</strong></span> <span class='ocrx_word' id='word_1_60' title='bbox 1218 1031 1462 1101; x_wconf 66' lang='lat' dir='ltr'><strong>mystica:</strong></span> <span class='ocrx_word' id='word_1_61' title='bbox 1501 1031 1891 1087; x_wconf 80' lang='lat' dir='ltr'><strong>modulationis</strong></span> <span class='ocrx_word' id='word_1_62' title='bbox 1924 1031 2098 1107; x_wconf 77' lang='lat' dir='ltr'><strong>artifi-</strong></span> 
     </span>
    </p>
   </div>
   <div class='ocr_carea' id='block_1_11' title="bbox 524 1123 2091 1193">
    <p class='ocr_par' dir='ltr' id='par_1_11' title="bbox 524 1123 2091 1193">
     <span class='ocr_line' id='line_1_11' title="bbox 524 1123 2091 1193; baseline 0.001 -17"><span class='ocrx_word' id='word_1_63' title='bbox 524 1124 667 1176; x_wconf 87' lang='lat' dir='ltr'><strong>cium</strong></span> <span class='ocrx_word' id='word_1_64' title='bbox 702 1141 714 1176; x_wconf 95' lang='lat'>:</span> <span class='ocrx_word' id='word_1_65' title='bbox 750 1133 859 1176; x_wconf 88' lang='lat' dir='ltr'><strong>tum</strong></span> <span class='ocrx_word' id='word_1_66' title='bbox 889 1123 932 1178; x_wconf 90' lang='lat' dir='ltr'><strong>si</strong></span> <span class='ocrx_word' id='word_1_67' title='bbox 959 1124 1025 1176; x_wconf 86' lang='lat' dir='ltr'><strong>ad</strong></span> <span class='ocrx_word' id='word_1_68' title='bbox 1057 1132 1261 1176; x_wconf 86' lang='lat' dir='ltr'><strong>rectam</strong></span> <span class='ocrx_word' id='word_1_69' title='bbox 1284 1123 1619 1193; x_wconf 77' lang='lat' dir='ltr'><strong>intelligendi</strong></span> <span class='ocrx_word' id='word_1_70' title='bbox 1642 1138 1890 1178; x_wconf 87' lang='lat' dir='ltr'><strong>normam</strong></span> <span class='ocrx_word' id='word_1_71' title='bbox 1924 1124 2091 1178; x_wconf 85' lang='lat' dir='ltr'><strong>dedu-</strong></span> 
     </span>
    </p>
   </div>
   <div class='ocr_carea' id='block_1_12' title="bbox 524 1211 2097 1284">
    <p class='ocr_par' dir='ltr' id='par_1_12' title="bbox 524 1211 2097 1284">
     <span class='ocr_line' id='line_1_12' title="bbox 524 1211 2097 1284; baseline 0 -18"><span class='ocrx_word' id='word_1_72' title='bbox 524 1222 700 1279; x_wconf 82' lang='lat' dir='ltr'><strong>catur,</strong></span> <span class='ocrx_word' id='word_1_73' title='bbox 731 1221 811 1266; x_wconf 91' lang='lat' dir='ltr'><strong>est</strong></span> <span class='ocrx_word' id='word_1_74' title='bbox 841 1212 963 1266; x_wconf 65' lang='lat' dir='ltr'><strong>vita:</strong></span> <span class='ocrx_word' id='word_1_75' title='bbox 990 1213 1302 1266; x_wconf 90' lang='lat' dir='ltr'><strong>institutum</strong></span> <span class='ocrx_word' id='word_1_76' title='bbox 1331 1212 1397 1264; x_wconf 86' lang='lat' dir='ltr'><strong>ad</strong></span> <span class='ocrx_word' id='word_1_77' title='bbox 1429 1211 1522 1266; x_wconf 92' lang='lat' dir='ltr'><strong>Dei</strong></span> <span class='ocrx_word' id='word_1_78' title='bbox 1553 1213 1810 1284; x_wconf 78' lang='lat' dir='ltr'><strong>gloriam,</strong></span> <span class='ocrx_word' id='word_1_79' title='bbox 1834 1228 1959 1266; x_wconf 86' lang='lat' dir='ltr'><strong>cum</strong></span> <span class='ocrx_word' id='word_1_80' title='bbox 1998 1213 2097 1266; x_wconf 88' lang='lat' dir='ltr'><strong>do-</strong></span> 
     </span>
    </p>
   </div>
   <div class='ocr_carea' id='block_1_13' title="bbox 524 1304 2094 1374">
    <p class='ocr_par' dir='ltr' id='par_1_13' title="bbox 524 1304 2094 1374">
     <span class='ocr_line' id='line_1_13' title="bbox 524 1304 2094 1374; baseline -0.001 -16"><span class='ocrx_word' id='word_1_81' title='bbox 524 1306 700 1358; x_wconf 76' lang='lat' dir='ltr'><strong>ctrina</strong></span> <span class='ocrx_word' id='word_1_82' title='bbox 731 1320 863 1360; x_wconf 88' lang='lat' dir='ltr'><strong>sana</strong></span> <span class='ocrx_word' id='word_1_83' title='bbox 899 1305 1188 1374; x_wconf 85' lang='lat' dir='ltr'><strong>verbisque</strong></span> <span class='ocrx_word' id='word_1_84' title='bbox 1241 1304 1308 1358; x_wconf 90' lang='lat' dir='ltr'><strong>ad</strong></span> <span class='ocrx_word' id='word_1_85' title='bbox 1353 1304 1584 1358; x_wconf 88' lang='lat' dir='ltr'><strong>aliorum</strong></span> <span class='ocrx_word' id='word_1_86' title='bbox 1631 1305 1927 1358; x_wconf 88' lang='lat' dir='ltr'><strong>utilitatum</strong></span> <span class='ocrx_word' id='word_1_87' title='bbox 1959 1319 2094 1358; x_wconf 83' lang='lat' dir='ltr'><strong>con-</strong></span> 
     </span>
    </p>
   </div>
   <div class='ocr_carea' id='block_1_14' title="bbox 524 1396 783 1450">
    <p class='ocr_par' dir='ltr' id='par_1_14' title="bbox 524 1396 783 1450">
     <span class='ocr_line' id='line_1_14' title="bbox 524 1396 783 1450; baseline 0.004 -2"><span class='ocrx_word' id='word_1_88' title='bbox 524 1396 783 1450; x_wconf 63' lang='lat' dir='ltr'><strong>ciuitatis.</strong></span> 
     </span>
    </p>
   </div>
   <div class='ocr_carea' id='block_1_15' title="bbox 593 1485 2097 1555">
    <p class='ocr_par' dir='ltr' id='par_1_15' title="bbox 593 1485 2097 1555">
     <span class='ocr_line' id='line_1_15' title="bbox 593 1485 2097 1555; baseline 0.001 -16"><span class='ocrx_word' id='word_1_89' title='bbox 593 1486 756 1540; x_wconf 74' lang='lat' dir='ltr'><strong>Vens.</strong></span> <span class='ocrx_word' id='word_1_90' title='bbox 773 1485 825 1539; x_wconf 67' lang='grc' dir='ltr'><strong>Ξ.</strong></span> <span class='ocrx_word' id='word_1_91' title='bbox 845 1485 976 1541; x_wconf 89' lang='lat' dir='ltr'><strong>Cum</strong></span> <span class='ocrx_word' id='word_1_92' title='bbox 991 1487 1304 1546; x_wconf 83' lang='lat' dir='ltr'><strong>invocarem.</strong></span> <span class='ocrx_word' id='word_1_93' title='bbox 1324 1485 1590 1540; x_wconf 79' lang='lat' dir='ltr'><strong>exaudivit</strong></span> <span class='ocrx_word' id='word_1_94' title='bbox 1615 1502 1694 1540; x_wconf 90' lang='lat' dir='ltr'><strong>me</strong></span> <span class='ocrx_word' id='word_1_95' title='bbox 1711 1485 1848 1540; x_wconf 81' lang='lat' dir='ltr'><strong>Deus</strong></span> <span class='ocrx_word' id='word_1_96' title='bbox 1865 1485 2097 1555; x_wconf 76' lang='lat' dir='ltr'><strong>justitia:</strong></span> 
     </span>
    </p>
   </div>
   <div class='ocr_carea' id='block_1_16' title="bbox 521 1576 2095 1647">
    <p class='ocr_par' dir='ltr' id='par_1_16' title="bbox 521 1576 2095 1647">
     <span class='ocr_line' id='line_1_16' title="bbox 521 1576 2095 1647; baseline 0.001 -17"><span class='ocrx_word' id='word_1_97' title='bbox 521 1594 669 1640; x_wconf 69' lang='lat' dir='ltr'><strong>mete,</strong></span> <span class='ocrx_word' id='word_1_98' title='bbox 691 1577 744 1630; x_wconf 87' lang='lat' dir='ltr'><strong>in</strong></span> <span class='ocrx_word' id='word_1_99' title='bbox 773 1579 1110 1630; x_wconf 78' lang='lat' dir='ltr'><strong>tribulatione</strong></span> <span class='ocrx_word' id='word_1_100' title='bbox 1127 1577 1369 1631; x_wconf 83' lang='lat' dir='ltr'><strong>dilatasti</strong></span> <span class='ocrx_word' id='word_1_101' title='bbox 1383 1594 1480 1632; x_wconf 85' lang='lat' dir='ltr'><strong>me.</strong></span> <span class='ocrx_word' id='word_1_102' title='bbox 1511 1576 1827 1633; x_wconf 66' lang='lat' dir='ltr'><strong>Prmcedens</strong></span> <span class='ocrx_word' id='word_1_103' title='bbox 1855 1579 2095 1647; x_wconf 86' lang='lat' dir='ltr'><strong>psalmus</strong></span> 
     </span>
    </p>
   </div>
   <div class='ocr_carea' id='block_1_17' title="bbox 525 1670 2094 1742">
    <p class='ocr_par' dir='ltr' id='par_1_17' title="bbox 525 1670 2094 1742">
     <span class='ocr_line' id='line_1_17' title="bbox 525 1670 2094 1742; baseline -0.001 -17"><span class='ocrx_word' id='word_1_104' title='bbox 525 1671 707 1726; x_wconf 72' lang='lat' dir='ltr'><strong>dictus</strong></span> <span class='ocrx_word' id='word_1_105' title='bbox 746 1679 830 1726; x_wconf 86' lang='lat' dir='ltr'><strong>est</strong></span> <span class='ocrx_word' id='word_1_106' title='bbox 859 1687 982 1725; x_wconf 90' lang='lat' dir='ltr'><strong>cum</strong></span> <span class='ocrx_word' id='word_1_107' title='bbox 1008 1671 1215 1742; x_wconf 77' lang='lat' dir='ltr'><strong>fugeret</strong></span> <span class='ocrx_word' id='word_1_108' title='bbox 1246 1670 1414 1725; x_wconf 83' lang='lat' dir='ltr'><strong>David</strong></span> <span class='ocrx_word' id='word_1_109' title='bbox 1445 1688 1475 1725; x_wconf 93' lang='lat' dir='ltr'><strong>a</strong></span> <span class='ocrx_word' id='word_1_110' title='bbox 1510 1671 1650 1726; x_wconf 88' lang='lat' dir='ltr'><strong>facie</strong></span> <span class='ocrx_word' id='word_1_111' title='bbox 1673 1671 1967 1726; x_wconf 89' lang='lat' dir='ltr'><strong>Absalonis</strong></span> <span class='ocrx_word' id='word_1_112' title='bbox 2001 1671 2094 1725; x_wconf 88' lang='lat' dir='ltr'><strong>lilii</strong></span> 
     </span>
    </p>
   </div>
   <div class='ocr_carea' id='block_1_18' title="bbox 519 1762 2091 1832">
    <p class='ocr_par' dir='ltr' id='par_1_18' title="bbox 519 1762 2091 1832">
     <span class='ocr_line' id='line_1_18' title="bbox 519 1762 2091 1832; baseline 0.001 -17"><span class='ocrx_word' id='word_1_113' title='bbox 519 1764 603 1815; x_wconf 87' lang='lat' dir='ltr'><strong>sui</strong></span> <span class='ocrx_word' id='word_1_114' title='bbox 637 1779 652 1828; x_wconf 88' lang='lat'><strong>;</strong></span> <span class='ocrx_word' id='word_1_115' title='bbox 707 1777 947 1832; x_wconf 83' lang='lat' dir='ltr'><strong>praesens</strong></span> <span class='ocrx_word' id='word_1_116' title='bbox 988 1779 1120 1818; x_wconf 86' lang='lat' dir='ltr'><strong>vero</strong></span> <span class='ocrx_word' id='word_1_117' title='bbox 1153 1762 1370 1816; x_wconf 87' lang='lat' dir='ltr'><strong>videtur</strong></span> <span class='ocrx_word' id='word_1_118' title='bbox 1417 1769 1541 1831; x_wconf 89' lang='lat' dir='ltr'><strong>post</strong></span> <span class='ocrx_word' id='word_1_119' title='bbox 1569 1763 1720 1814; x_wconf 92' lang='lat' dir='ltr'><strong>illum</strong></span> <span class='ocrx_word' id='word_1_120' title='bbox 1751 1764 2091 1826; x_wconf 86' lang='lat' dir='ltr'><strong>enuntiatus,</strong></span> 
     </span>
    </p>
   </div>
   <div class='ocr_carea' id='block_1_19' title="bbox 2198 563 3781 637">
    <p class='ocr_par' dir='ltr' id='par_1_19' title="bbox 2198 563 3781 637">
     <span class='ocr_line' id='line_1_19' title="bbox 2198 563 3781 637; baseline -0.001 -21"><span class='ocrx_word' id='word_1_121' title='bbox 2198 563 2588 637; x_wconf 71' lang='grc' dir='ltr'>ἰδιοποιημένῳ</span> <span class='ocrx_word' id='word_1_122' title='bbox 2640 567 2734 619; x_wconf 66' lang='lat' dir='ltr'><strong>ita).</strong></span> <span class='ocrx_word' id='word_1_123' title='bbox 2787 568 2912 629; x_wconf 78' lang='grc' dir='ltr'>τοὺς</span> <span class='ocrx_word' id='word_1_124' title='bbox 2957 565 3304 634; x_wconf 82' lang='grc' dir='ltr'>πλατυσμοὺς</span> <span class='ocrx_word' id='word_1_125' title='bbox 3353 565 3553 633; x_wconf 77' lang='grc' dir='ltr'>ἁγίωνο</span> <span class='ocrx_word' id='word_1_126' title='bbox 3605 563 3781 631; x_wconf 83' lang='grc' dir='ltr'>ἁγίων</span> 
     </span>
    </p>
   </div>
   <div class='ocr_carea' id='block_1_20' title="bbox 2195 655 3781 729">
    <p class='ocr_par' dir='ltr' id='par_1_20' title="bbox 2195 655 3781 729">
     <span class='ocr_line' id='line_1_20' title="bbox 2195 655 3781 729; baseline -0.004 -19"><span class='ocrx_word' id='word_1_127' title='bbox 2195 658 2323 729; x_wconf 85' lang='grc' dir='ltr'>γὰρ,</span> <span class='ocrx_word' id='word_1_128' title='bbox 2356 659 2508 729; x_wconf 76' lang='grc' dir='ltr'>φωνὴ</span> <span class='ocrx_word' id='word_1_129' title='bbox 2541 657 2622 721; x_wconf 90' lang='grc' dir='ltr'><strong>τὸ,</strong></span> <span class='ocrx_word' id='word_1_130' title='bbox 2659 657 2760 710; x_wconf 79' lang='grc' dir='ltr'><strong>Ἐν</strong></span> <span class='ocrx_word' id='word_1_131' title='bbox 2789 656 2967 708; x_wconf 75' lang='grc' dir='ltr'>παντὶ</span> <span class='ocrx_word' id='word_1_132' title='bbox 2996 657 3350 724; x_wconf 72' lang='grc' dir='ltr'>θλιϐόμενοι,</span> <span class='ocrx_word' id='word_1_133' title='bbox 3383 655 3521 708; x_wconf 73' lang='grc' dir='ltr'><strong>ἀλλ’</strong></span> <span class='ocrx_word' id='word_1_134' title='bbox 3545 655 3617 707; x_wconf 88' lang='grc' dir='ltr'>οὐ</span> <span class='ocrx_word' id='word_1_135' title='bbox 3654 665 3781 704; x_wconf 81' lang='grc' dir='ltr'>σιε-</span> 
     </span>
    </p>
   </div>
   <div class='ocr_carea' id='block_1_21' title="bbox 2193 745 3779 821">
    <p class='ocr_par' dir='ltr' id='par_1_21' title="bbox 2193 745 3779 821">
     <span class='ocr_line' id='line_1_21' title="bbox 2193 745 3779 821; baseline -0.005 -15"><span class='ocrx_word' id='word_1_136' title='bbox 2193 754 2646 821; x_wconf 73' lang='grc' dir='ltr'>νοχωρούμενοι·</span> <span class='ocrx_word' id='word_1_137' title='bbox 2670 750 3048 821; x_wconf 74' lang='grc' dir='ltr'><strong>ἐπιστρέφοντι</strong></span> <span class='ocrx_word' id='word_1_138' title='bbox 3078 750 3133 802; x_wconf 79' lang='grc' dir='ltr'>δὲ</span> <span class='ocrx_word' id='word_1_139' title='bbox 3165 750 3406 811; x_wconf 75' lang='grc' dir='ltr'>καὶτοὺς</span> <span class='ocrx_word' id='word_1_140' title='bbox 3437 745 3779 816; x_wconf 85' lang='grc' dir='ltr'>ὅσοιτυγχά-</span> 
     </span>
    </p>
   </div>
   <div class='ocr_carea' id='block_1_22' title="bbox 2196 837 3779 915">
    <p class='ocr_par' dir='ltr' id='par_1_22' title="bbox 2196 837 3779 915">
     <span class='ocr_line' id='line_1_22' title="bbox 2196 837 3779 915; baseline -0.005 -19"><span class='ocrx_word' id='word_1_141' title='bbox 2196 860 2346 896; x_wconf 90' lang='grc' dir='ltr'>νουσι</span> <span class='ocrx_word' id='word_1_142' title='bbox 2370 841 2738 915; x_wconf 81' lang='grc' dir='ltr'>βαρυκάρδιοι,</span> <span class='ocrx_word' id='word_1_143' title='bbox 2761 841 2886 905; x_wconf 87' lang='grc' dir='ltr'>τούς</span> <span class='ocrx_word' id='word_1_144' title='bbox 2919 859 2973 894; x_wconf 85' lang='grc' dir='ltr'><strong>τε</strong></span> <span class='ocrx_word' id='word_1_145' title='bbox 2998 841 3329 910; x_wconf 86' lang='grc' dir='ltr'>ἀγαπῶντας</span> <span class='ocrx_word' id='word_1_146' title='bbox 3351 839 3420 892; x_wconf 80' lang='grc' dir='ltr'>τὰ</span> <span class='ocrx_word' id='word_1_147' title='bbox 3452 839 3653 909; x_wconf 84' lang='grc' dir='ltr'>μάταια</span> <span class='ocrx_word' id='word_1_148' title='bbox 3679 837 3779 889; x_wconf 72' lang='grc' dir='ltr'>καὶ</span> 
     </span>
    </p>
   </div>
   <div class='ocr_carea' id='block_1_23' title="bbox 2197 926 3776 1006">
    <p class='ocr_par' dir='ltr' id='par_1_23' title="bbox 2197 926 3776 1006">
     <span class='ocr_line' id='line_1_23' title="bbox 2197 926 3776 1006; baseline -0.006 -18"><span class='ocrx_word' id='word_1_149' title='bbox 2197 934 2489 1006; x_wconf 76' lang='grc' dir='ltr'><strong>ζητοῦντας</strong></span> <span class='ocrx_word' id='word_1_150' title='bbox 2513 933 2574 986; x_wconf 87' lang='grc' dir='ltr'><strong>τὸ</strong></span> <span class='ocrx_word' id='word_1_151' title='bbox 2603 931 2822 1002; x_wconf 76' lang='grc' dir='ltr'>ψεῦδος.</span> <span class='ocrx_word' id='word_1_152' title='bbox 2843 932 2915 984; x_wconf 90' lang='grc' dir='ltr'>Τὸ</span> <span class='ocrx_word' id='word_1_153' title='bbox 2933 931 2990 984; x_wconf 79' lang='grc' dir='ltr'>δὲ</span> <span class='ocrx_word' id='word_1_154' title='bbox 3016 931 3222 1003; x_wconf 78' lang='grc' dir='ltr'>μελῲδη</span> <span class='ocrx_word' id='word_1_155' title='bbox 3232 948 3308 1002; x_wconf 87' lang='grc' dir='ltr'><strong>μα</strong></span> <span class='ocrx_word' id='word_1_156' title='bbox 3337 930 3486 1000; x_wconf 72' lang='grc' dir='ltr'>παρὰ</span> <span class='ocrx_word' id='word_1_157' title='bbox 3503 929 3603 998; x_wconf 85' lang='grc' dir='ltr'>τὴν</span> <span class='ocrx_word' id='word_1_158' title='bbox 3633 926 3776 998; x_wconf 79' lang='grc' dir='ltr'>ᾠδὴν</span> 
     </span>
    </p>
   </div>
   <div class='ocr_carea' id='block_1_24' title="bbox 2197 1017 3771 1098">
    <p class='ocr_par' dir='ltr' id='par_1_24' title="bbox 2197 1017 3771 1098">
     <span class='ocr_line' id='line_1_24' title="bbox 2197 1017 3771 1098; baseline -0.005 -19"><span class='ocrx_word' id='word_1_159' title='bbox 2197 1027 2335 1081; x_wconf 79' lang='grc' dir='ltr'>ἔοικε</span> <span class='ocrx_word' id='word_1_160' title='bbox 2366 1026 2559 1098; x_wconf 81' lang='grc' dir='ltr'>δηλοῦν</span> <span class='ocrx_word' id='word_1_161' title='bbox 2588 1026 2683 1079; x_wconf 65' lang='grc' dir='ltr'>καὶ</span> <span class='ocrx_word' id='word_1_162' title='bbox 2718 1025 2778 1077; x_wconf 89' lang='grc' dir='ltr'><strong>τὸ</strong></span> <span class='ocrx_word' id='word_1_163' title='bbox 2817 1023 2908 1076; x_wconf 87' lang='grc' dir='ltr'><strong>τοῦ</strong></span> <span class='ocrx_word' id='word_1_164' title='bbox 2948 1023 3210 1094; x_wconf 77' lang='grc' dir='ltr'>μυστικοῦ</span> <span class='ocrx_word' id='word_1_165' title='bbox 3257 1021 3463 1093; x_wconf 81' lang='grc' dir='ltr'>ῥυθμοῦ</span> <span class='ocrx_word' id='word_1_166' title='bbox 3497 1017 3771 1090; x_wconf 75' lang='grc' dir='ltr'>τεχνικόνο</span> 
     </span>
    </p>
   </div>
   <div class='ocr_carea' id='block_1_25' title="bbox 2197 1108 3775 1186">
    <p class='ocr_par' dir='ltr' id='par_1_25' title="bbox 2197 1108 3775 1186">
     <span class='ocr_line' id='line_1_25' title="bbox 2197 1108 3775 1186; baseline -0.005 -14"><span class='ocrx_word' id='word_1_167' title='bbox 2197 1118 2339 1172; x_wconf 88' lang='grc' dir='ltr'><strong>κατά</strong></span> <span class='ocrx_word' id='word_1_168' title='bbox 2367 1119 2423 1172; x_wconf 86' lang='grc' dir='ltr'><strong>δέ</strong></span> <span class='ocrx_word' id='word_1_169' title='bbox 2446 1116 2736 1186; x_wconf 84' lang='grc' dir='ltr'>ἀναγωγὴν</span> <span class='ocrx_word' id='word_1_170' title='bbox 2782 1114 2966 1186; x_wconf 79' lang='grc' dir='ltr'>ὀρθὴν,</span> <span class='ocrx_word' id='word_1_171' title='bbox 3003 1115 3247 1168; x_wconf 80' lang='grc' dir='ltr'><strong>πολιτεία</strong></span> <span class='ocrx_word' id='word_1_172' title='bbox 3279 1114 3415 1184; x_wconf 88' lang='grc' dir='ltr'>πρὸς</span> <span class='ocrx_word' id='word_1_173' title='bbox 3449 1111 3606 1176; x_wconf 80' lang='grc' dir='ltr'>δόξαν</span> <span class='ocrx_word' id='word_1_174' title='bbox 3637 1108 3775 1166; x_wconf 82' lang='grc' dir='ltr'>Θεοῦ</span> 
     </span>
    </p>
   </div>
   <div class='ocr_carea' id='block_1_26' title="bbox 2201 1199 3775 1280">
    <p class='ocr_par' dir='ltr' id='par_1_26' title="bbox 2201 1199 3775 1280">
     <span class='ocr_line' id='line_1_26' title="bbox 2201 1199 3775 1280; baseline -0.006 -17"><span class='ocrx_word' id='word_1_175' title='bbox 2201 1210 2337 1280; x_wconf 84' lang='grc' dir='ltr'><strong>μετά</strong></span> <span class='ocrx_word' id='word_1_176' title='bbox 2367 1210 2651 1280; x_wconf 79' lang='grc' dir='ltr'><strong>δογμάτων</strong></span> <span class='ocrx_word' id='word_1_177' title='bbox 2686 1206 2854 1276; x_wconf 83' lang='grc' dir='ltr'><strong>ὑγιῶν</strong></span> <span class='ocrx_word' id='word_1_178' title='bbox 2889 1207 2985 1261; x_wconf 73' lang='grc' dir='ltr'>καὶ</span> <span class='ocrx_word' id='word_1_179' title='bbox 3012 1207 3184 1274; x_wconf 83' lang='grc' dir='ltr'>λόγων</span> <span class='ocrx_word' id='word_1_180' title='bbox 3214 1205 3308 1258; x_wconf 73' lang='grc' dir='ltr'>καὶ</span> <span class='ocrx_word' id='word_1_181' title='bbox 3337 1203 3542 1274; x_wconf 78' lang='grc' dir='ltr'>ἑτέροις</span> <span class='ocrx_word' id='word_1_182' title='bbox 3570 1199 3775 1272; x_wconf 72' lang='grc' dir='ltr'>ὠφελί-</span> 
     </span>
    </p>
   </div>
   <div class='ocr_carea' id='block_1_27' title="bbox 2211 1321 2347 1374">
    <p class='ocr_par' dir='ltr' id='par_1_27' title="bbox 2211 1321 2347 1374">
     <span class='ocr_line' id='line_1_27' title="bbox 2211 1321 2347 1374; baseline 0.007 -19"><span class='ocrx_word' id='word_1_183' title='bbox 2211 1321 2347 1374; x_wconf 84' lang='grc' dir='ltr'>μων.</span> 
     </span>
    </p>
   </div>
   <div class='ocr_carea' id='block_1_28' title="bbox 2279 1471 3777 1544">
    <p class='ocr_par' dir='ltr' id='par_1_28' title="bbox 2279 1471 3777 1544">
     <span class='ocr_line' id='line_1_28' title="bbox 2279 1471 3777 1544; baseline -0.003 -15"><span class='ocrx_word' id='word_1_184' title='bbox 2279 1477 2382 1529; x_wconf 80' lang='lat' dir='ltr'><strong>’Er</strong></span> <span class='ocrx_word' id='word_1_185' title='bbox 2409 1476 2488 1541; x_wconf 84' lang='grc' dir='ltr'>τῷ</span> <span class='ocrx_word' id='word_1_186' title='bbox 2524 1476 2936 1530; x_wconf 76' lang='grc' dir='ltr'>ἐπικαλεῖσθαί</span> <span class='ocrx_word' id='word_1_187' title='bbox 2957 1491 3052 1544; x_wconf 87' lang='grc' dir='ltr'><strong>με,</strong></span> <span class='ocrx_word' id='word_1_188' title='bbox 3083 1471 3406 1540; x_wconf 76' lang='grc' dir='ltr'>εἰσήκουσέ</span> <span class='ocrx_word' id='word_1_189' title='bbox 3427 1489 3544 1540; x_wconf 85' lang='grc' dir='ltr'><strong>μου</strong></span> <span class='ocrx_word' id='word_1_190' title='bbox 3577 1473 3610 1525; x_wconf 82' lang='grc' dir='ltr'><em>ὁ</em></span> <span class='ocrx_word' id='word_1_191' title='bbox 3631 1471 3777 1538; x_wconf 81' lang='grc' dir='ltr'>Θεὸς</span> 
     </span>
    </p>
   </div>
   <div class='ocr_carea' id='block_1_29' title="bbox 2197 1562 3772 1637">
    <p class='ocr_par' dir='ltr' id='par_1_29' title="bbox 2197 1562 3772 1637">
     <span class='ocr_line' id='line_1_29' title="bbox 2197 1562 3772 1637; baseline -0.002 -17"><span class='ocrx_word' id='word_1_192' title='bbox 2197 1566 2307 1634; x_wconf 74' lang='grc' dir='ltr'>τῆς</span> <span class='ocrx_word' id='word_1_193' title='bbox 2345 1567 2736 1635; x_wconf 70' lang='grc' dir='ltr'><strong>δικαιοσύνης</strong></span> <span class='ocrx_word' id='word_1_194' title='bbox 2769 1587 2902 1637; x_wconf 86' lang='grc' dir='ltr'>μου,</span> <span class='ocrx_word' id='word_1_195' title='bbox 2937 1569 3007 1620; x_wconf 74' lang='grc' dir='ltr'><strong>ἐν</strong></span> <span class='ocrx_word' id='word_1_196' title='bbox 3043 1568 3242 1634; x_wconf 72' lang='grc' dir='ltr'>θλίψει</span> <span class='ocrx_word' id='word_1_197' title='bbox 3296 1562 3638 1628; x_wconf 63' lang='lat' dir='ltr'><strong>emititur-dc</strong></span> <span class='ocrx_word' id='word_1_198' title='bbox 3671 1579 3772 1632; x_wconf 81' lang='grc' dir='ltr'>με.</span> 
     </span>
    </p>
   </div>
   <div class='ocr_carea' id='block_1_30' title="bbox 2210 1651 3772 1726">
    <p class='ocr_par' dir='ltr' id='par_1_30' title="bbox 2210 1651 3772 1726">
     <span class='ocr_line' id='line_1_30' title="bbox 2210 1651 3772 1726; baseline 0 -21"><span class='ocrx_word' id='word_1_199' title='bbox 2210 1653 2267 1706; x_wconf 85' lang='lat'><strong>&#39;0</strong></span> <span class='ocrx_word' id='word_1_200' title='bbox 2294 1653 2391 1725; x_wconf 83' lang='grc' dir='ltr'>μὲν</span> <span class='ocrx_word' id='word_1_201' title='bbox 2420 1655 2527 1724; x_wconf 83' lang='grc' dir='ltr'><strong>πρὸ</strong></span> <span class='ocrx_word' id='word_1_202' title='bbox 2552 1651 2739 1708; x_wconf 84' lang='grc' dir='ltr'>τούτου</span> <span class='ocrx_word' id='word_1_203' title='bbox 2773 1655 2985 1726; x_wconf 68' lang='grc' dir='ltr'>ψαλμὸς</span> <span class='ocrx_word' id='word_1_204' title='bbox 3017 1656 3232 1723; x_wconf 77' lang='grc' dir='ltr'><strong>ἐλέγετο</strong></span> <span class='ocrx_word' id='word_1_205' title='bbox 3277 1657 3334 1707; x_wconf 88' lang='grc' dir='ltr'><strong>ἐν</strong></span> <span class='ocrx_word' id='word_1_206' title='bbox 3372 1653 3448 1723; x_wconf 81' lang='grc' dir='ltr'><strong>τῷ</strong></span> <span class='ocrx_word' id='word_1_207' title='bbox 3480 1652 3772 1725; x_wconf 80' lang='grc' dir='ltr'>ἀποδιδρά-</span> 
     </span>
    </p>
   </div>
   <div class='ocr_carea' id='block_1_31' title="bbox 2200 1743 3771 1818">
    <p class='ocr_par' dir='ltr' id='par_1_31' title="bbox 2200 1743 3771 1818">
     <span class='ocr_line' id='line_1_31' title="bbox 2200 1743 3771 1818; baseline 0.001 -21"><span class='ocrx_word' id='word_1_208' title='bbox 2200 1762 2350 1798; x_wconf 87' lang='grc' dir='ltr'>σκειν</span> <span class='ocrx_word' id='word_1_209' title='bbox 2372 1745 2535 1799; x_wconf 72' lang='grc' dir='ltr'>Δαυῒδ</span> <span class='ocrx_word' id='word_1_210' title='bbox 2587 1746 2694 1799; x_wconf 85' lang='grc' dir='ltr'><strong>ἀπὸ</strong></span> <span class='ocrx_word' id='word_1_211' title='bbox 2745 1745 3036 1818; x_wconf 81' lang='grc' dir='ltr'><strong>προσώπου</strong></span> <span class='ocrx_word' id='word_1_212' title='bbox 3095 1744 3447 1815; x_wconf 78' lang='grc' dir='ltr'>Ἀϐεσσαλὼμ</span> <span class='ocrx_word' id='word_1_213' title='bbox 3505 1745 3596 1799; x_wconf 89' lang='grc' dir='ltr'><strong>τοῦ</strong></span> <span class='ocrx_word' id='word_1_214' title='bbox 3653 1743 3771 1798; x_wconf 76' lang='grc' dir='ltr'>υἱοῦ</span> 
     </span>
    </p>
   </div>
   <div class='ocr_carea' id='block_1_32' title="bbox 519 1837 2090 1923">
    <p class='ocr_par' dir='ltr' id='par_1_32' title="bbox 519 1853 2090 1923">
     <span class='ocr_line' id='line_1_32' title="bbox 519 1853 2090 1923; baseline 0.002 -19"><span class='ocrx_word' id='word_1_215' title='bbox 519 1862 642 1922; x_wconf 85' lang='lat' dir='ltr'><strong>post</strong></span> <span class='ocrx_word' id='word_1_216' title='bbox 673 1862 884 1922; x_wconf 89' lang='lat' dir='ltr'><strong>partam</strong></span> <span class='ocrx_word' id='word_1_217' title='bbox 947 1854 1156 1908; x_wconf 84' lang='lat' dir='ltr'><strong>scilicet</strong></span> <span class='ocrx_word' id='word_1_218' title='bbox 1203 1854 1270 1908; x_wconf 85' lang='lat' dir='ltr'><strong>de</strong></span> <span class='ocrx_word' id='word_1_219' title='bbox 1302 1853 1577 1910; x_wconf 83' lang='lat' dir='ltr'><strong>Absalone</strong></span> <span class='ocrx_word' id='word_1_220' title='bbox 1604 1853 1896 1910; x_wconf 81' lang='lat' dir='ltr'><strong>victoriam</strong></span> <span class='ocrx_word' id='word_1_221' title='bbox 1931 1873 1944 1908; x_wconf 89' lang='lat'>:</span> <span class='ocrx_word' id='word_1_222' title='bbox 1981 1871 2090 1923; x_wconf 92' lang='lat' dir='ltr'><strong>quo</strong></span> 
     </span>
    </p>
   </div>
   <div class='ocr_carea' id='block_1_33' title="bbox 2192 1837 3773 1923">
    <p class='ocr_par' dir='ltr' id='par_1_33' title="bbox 2193 1837 3773 1911">
     <span class='ocr_line' id='line_1_33' title="bbox 2193 1837 3773 1911; baseline 0 -21"><span class='ocrx_word' id='word_1_223' title='bbox 2193 1837 2354 1890; x_wconf 75' lang='grc' dir='ltr'>αὑτοῦ</span> <span class='ocrx_word' id='word_1_224' title='bbox 2380 1857 2392 1870; x_wconf 94' lang='grc'><strong>·</strong></span> <span class='ocrx_word' id='word_1_225' title='bbox 2424 1840 2452 1890; x_wconf 91' lang='grc' dir='ltr'><strong>ὁ</strong></span> <span class='ocrx_word' id='word_1_226' title='bbox 2479 1838 2534 1890; x_wconf 85' lang='grc' dir='ltr'>δὲ</span> <span class='ocrx_word' id='word_1_227' title='bbox 2562 1838 2751 1910; x_wconf 87' lang='grc' dir='ltr'>παρὼν</span> <span class='ocrx_word' id='word_1_228' title='bbox 2779 1840 2950 1892; x_wconf 77' lang='grc' dir='ltr'>ἔοικεν</span> <span class='ocrx_word' id='word_1_229' title='bbox 2985 1840 3107 1909; x_wconf 78' lang='grc' dir='ltr'><strong>ἑξῆς</strong></span> <span class='ocrx_word' id='word_1_230' title='bbox 3140 1840 3333 1910; x_wconf 79' lang='grc' dir='ltr'>ἐκείνῳ</span> <span class='ocrx_word' id='word_1_231' title='bbox 3360 1837 3610 1911; x_wconf 75' lang='grc' dir='ltr'>εἰρῆσθαι</span> <span class='ocrx_word' id='word_1_232' title='bbox 3639 1837 3773 1908; x_wconf 79' lang='grc' dir='ltr'>μετὰ</span> 
     </span>
    </p>
   </div>
   <div class='ocr_carea' id='block_1_34' title="bbox 516 1943 2091 2016">
    <p class='ocr_par' dir='ltr' id='par_1_34' title="bbox 516 1943 2091 2016">
     <span class='ocr_line' id='line_1_34' title="bbox 516 1943 2091 2016; baseline 0.001 -19"><span class='ocrx_word' id='word_1_233' title='bbox 516 1954 689 2010; x_wconf 80' lang='lat' dir='ltr'><strong>gesto,</strong></span> <span class='ocrx_word' id='word_1_234' title='bbox 752 1945 1134 2014; x_wconf 86' lang='lat' dir='ltr'><strong>triumphalem</strong></span> <span class='ocrx_word' id='word_1_235' title='bbox 1173 1943 1433 2016; x_wconf 80' lang='lat' dir='ltr'><strong>hymnum</strong></span> <span class='ocrx_word' id='word_1_236' title='bbox 1488 1946 1773 1999; x_wconf 86' lang='lat' dir='ltr'><strong>victoriam</strong></span> <span class='ocrx_word' id='word_1_237' title='bbox 1830 1945 2091 2016; x_wconf 70' lang='lat' dir='ltr'><strong>prazbenti</strong></span> 
     </span>
    </p>
   </div>
   <div class='ocr_carea' id='block_1_35' title="bbox 517 2032 2092 2106">
    <p class='ocr_par' dir='ltr' id='par_1_35' title="bbox 517 2032 2092 2106">
     <span class='ocr_line' id='line_1_35' title="bbox 517 2032 2092 2106; baseline 0.003 -20"><span class='ocrx_word' id='word_1_238' title='bbox 517 2034 626 2088; x_wconf 85' lang='lat' dir='ltr'><strong>Dco</strong></span> <span class='ocrx_word' id='word_1_239' title='bbox 656 2032 962 2098; x_wconf 71' lang='lat' dir='ltr'><strong>consecrat,</strong></span> <span class='ocrx_word' id='word_1_240' title='bbox 993 2042 1313 2103; x_wconf 69' lang='lat' dir='ltr'><strong>praesentem</strong></span> <span class='ocrx_word' id='word_1_241' title='bbox 1352 2033 1603 2089; x_wconf 77' lang='lat' dir='ltr'><strong>videlicet</strong></span> <span class='ocrx_word' id='word_1_242' title='bbox 1635 2036 1908 2104; x_wconf 89' lang='lat' dir='ltr'><strong>psalmum</strong></span> <span class='ocrx_word' id='word_1_243' title='bbox 1941 2053 1956 2102; x_wconf 89' lang='lat'><strong>;</strong></span> <span class='ocrx_word' id='word_1_244' title='bbox 1984 2053 2092 2106; x_wconf 90' lang='lat' dir='ltr'><strong>quo</strong></span> 
     </span>
    </p>
   </div>
   <div class='ocr_carea' id='block_1_36' title="bbox 517 2125 2090 2197">
    <p class='ocr_par' dir='ltr' id='par_1_36' title="bbox 517 2125 2090 2197">
     <span class='ocr_line' id='line_1_36' title="bbox 517 2125 2090 2197; baseline 0.001 -17"><span class='ocrx_word' id='word_1_245' title='bbox 517 2126 779 2180; x_wconf 73' lang='lat' dir='ltr'><strong>suadetur</strong></span> <span class='ocrx_word' id='word_1_246' title='bbox 809 2127 970 2180; x_wconf 89' lang='lat' dir='ltr'><strong>nobis</strong></span> <span class='ocrx_word' id='word_1_247' title='bbox 1009 2139 1066 2179; x_wconf 84' lang='lat' dir='ltr'><strong>ut</strong></span> <span class='ocrx_word' id='word_1_248' title='bbox 1101 2141 1167 2178; x_wconf 90' lang='lat' dir='ltr'><strong>ne</strong></span> <span class='ocrx_word' id='word_1_249' title='bbox 1198 2125 1371 2180; x_wconf 89' lang='lat' dir='ltr'><strong>simus</strong></span> <span class='ocrx_word' id='word_1_250' title='bbox 1399 2126 1492 2181; x_wconf 89' lang='lat' dir='ltr'><strong>Dei</strong></span> <span class='ocrx_word' id='word_1_251' title='bbox 1511 2142 1638 2197; x_wconf 84' lang='lat' dir='ltr'><strong>erga</strong></span> <span class='ocrx_word' id='word_1_252' title='bbox 1673 2145 1774 2182; x_wconf 87' lang='lat' dir='ltr'><strong>nos</strong></span> <span class='ocrx_word' id='word_1_253' title='bbox 1800 2128 2090 2182; x_wconf 80' lang='lat' dir='ltr'><strong>beneﬂcio-</strong></span> 
     </span>
    </p>
   </div>
   <div class='ocr_carea' id='block_1_37' title="bbox 518 2216 2087 2290">
    <p class='ocr_par' dir='ltr' id='par_1_37' title="bbox 518 2216 2087 2290">
     <span class='ocr_line' id='line_1_37' title="bbox 518 2216 2087 2290; baseline 0.001 -19"><span class='ocrx_word' id='word_1_254' title='bbox 518 2234 636 2271; x_wconf 91' lang='lat' dir='ltr'><strong>rnm</strong></span> <span class='ocrx_word' id='word_1_255' title='bbox 695 2218 1068 2272; x_wconf 89' lang='lat' dir='ltr'><strong>immemores.</strong></span> <span class='ocrx_word' id='word_1_256' title='bbox 1103 2216 1295 2272; x_wconf 82' lang='lat' dir='ltr'><strong>Merito</strong></span> <span class='ocrx_word' id='word_1_257' title='bbox 1349 2219 1514 2290; x_wconf 84' lang='lat' dir='ltr'><strong>igitur</strong></span> <span class='ocrx_word' id='word_1_258' title='bbox 1539 2222 1594 2274; x_wconf 89' lang='lat' dir='ltr'><strong>in</strong></span> <span class='ocrx_word' id='word_1_259' title='bbox 1623 2221 1794 2289; x_wconf 86' lang='lat' dir='ltr'><strong>priori</strong></span> <span class='ocrx_word' id='word_1_260' title='bbox 1828 2220 2042 2275; x_wconf 90' lang='lat' dir='ltr'><strong>dicebat</strong></span> <span class='ocrx_word' id='word_1_261' title='bbox 2075 2238 2087 2273; x_wconf 91' lang='lat'><strong>:</strong></span> 
     </span>
    </p>
   </div>
   <div class='ocr_carea' id='block_1_38' title="bbox 518 2309 2088 2383">
    <p class='ocr_par' dir='ltr' id='par_1_38' title="bbox 518 2309 2088 2383">
     <span class='ocr_line' id='line_1_38' title="bbox 518 2309 2088 2383; baseline 0.003 -21"><span class='ocrx_word' id='word_1_262' title='bbox 518 2309 764 2374; x_wconf 81' lang='lat' dir='ltr'><strong>Domine,</strong></span> <span class='ocrx_word' id='word_1_263' title='bbox 798 2310 922 2380; x_wconf 86' lang='lat' dir='ltr'><strong>quid</strong></span> <span class='ocrx_word' id='word_1_264' title='bbox 953 2310 1294 2378; x_wconf 83' lang='lat' dir='ltr'><strong>multiplicati</strong></span> <span class='ocrx_word' id='word_1_265' title='bbox 1327 2322 1450 2366; x_wconf 80' lang='lat' dir='ltr'><strong>sunt</strong></span> <span class='ocrx_word' id='word_1_266' title='bbox 1481 2318 1569 2383; x_wconf 89' lang='lat' dir='ltr'><strong>qui</strong></span> <span class='ocrx_word' id='word_1_267' title='bbox 1602 2313 1861 2367; x_wconf 84' lang='lat' dir='ltr'><strong>tribulant</strong></span> <span class='ocrx_word' id='word_1_268' title='bbox 1893 2330 1972 2367; x_wconf 88' lang='lat' dir='ltr'><strong>me</strong></span> <span class='ocrx_word' id='word_1_269' title='bbox 2002 2315 2047 2345; x_wconf 78' lang='lat'>“</span> <span class='ocrx_word' id='word_1_270' title='bbox 2074 2331 2088 2381; x_wconf 91' lang='lat'><strong>;</strong></span> 
     </span>
    </p>
   </div>
   <div class='ocr_carea' id='block_1_39' title="bbox 521 2401 2093 2467">
    <p class='ocr_par' dir='ltr' id='par_1_39' title="bbox 521 2401 2093 2467">
     <span class='ocr_line' id='line_1_39' title="bbox 521 2401 2093 2467; baseline 0.005 -14"><span class='ocrx_word' id='word_1_271' title='bbox 521 2401 574 2453; x_wconf 90' lang='lat' dir='ltr'><strong>in</strong></span> <span class='ocrx_word' id='word_1_272' title='bbox 601 2401 703 2455; x_wconf 86' lang='lat' dir='ltr'><strong>hoc</strong></span> <span class='ocrx_word' id='word_1_273' title='bbox 725 2414 926 2467; x_wconf 88' lang='lat' dir='ltr'><strong>autem,</strong></span> <span class='ocrx_word' id='word_1_274' title='bbox 957 2405 1009 2456; x_wconf 90' lang='lat' dir='ltr'><strong>in</strong></span> <span class='ocrx_word' id='word_1_275' title='bbox 1040 2403 1384 2458; x_wconf 82' lang='lat' dir='ltr'><strong>tribulatione</strong></span> <span class='ocrx_word' id='word_1_276' title='bbox 1417 2405 1662 2458; x_wconf 76' lang='lat' dir='ltr'><strong>dilatasti</strong></span> <span class='ocrx_word' id='word_1_277' title='bbox 1694 2423 1792 2459; x_wconf 90' lang='lat' dir='ltr'><strong>me.</strong></span> <span class='ocrx_word' id='word_1_278' title='bbox 1812 2406 1935 2460; x_wconf 59' lang='lat' dir='ltr'><strong>llaec</strong></span> <span class='ocrx_word' id='word_1_279' title='bbox 1960 2422 2093 2461; x_wconf 88' lang='lat' dir='ltr'><strong>sane</strong></span> 
     </span>
    </p>
   </div>
   <div class='ocr_carea' id='block_1_40' title="bbox 519 2490 2091 2568">
    <p class='ocr_par' dir='ltr' id='par_1_40' title="bbox 519 2490 2091 2568">
     <span class='ocr_line' id='line_1_40' title="bbox 519 2490 2091 2568; baseline 0.004 -24"><span class='ocrx_word' id='word_1_280' title='bbox 519 2490 760 2561; x_wconf 88' lang='lat' dir='ltr'><strong>loquitur</strong></span> <span class='ocrx_word' id='word_1_281' title='bbox 790 2493 856 2546; x_wconf 93' lang='lat' dir='ltr'><strong>de</strong></span> <span class='ocrx_word' id='word_1_282' title='bbox 881 2495 1190 2550; x_wconf 87' lang='lat' dir='ltr'><strong>calamitate</strong></span> <span class='ocrx_word' id='word_1_283' title='bbox 1224 2512 1319 2564; x_wconf 89' lang='lat' dir='ltr'><strong>per</strong></span> <span class='ocrx_word' id='word_1_284' title='bbox 1340 2498 1667 2551; x_wconf 84' lang='lat' dir='ltr'><strong>Absalonem</strong></span> <span class='ocrx_word' id='word_1_285' title='bbox 1701 2497 2012 2568; x_wconf 89' lang='lat' dir='ltr'><strong>importata,</strong></span> <span class='ocrx_word' id='word_1_286' title='bbox 2035 2498 2091 2551; x_wconf 88' lang='lat' dir='ltr'><strong>in</strong></span> 
     </span>
    </p>
   </div>
   <div class='ocr_carea' id='block_1_41' title="bbox 516 2584 2087 2660">
    <p class='ocr_par' dir='ltr' id='par_1_41' title="bbox 516 2584 2087 2660">
     <span class='ocr_line' id='line_1_41' title="bbox 516 2584 2087 2660; baseline 0.008 -27"><span class='ocrx_word' id='word_1_287' title='bbox 516 2597 650 2652; x_wconf 85' lang='lat' dir='ltr'><strong>qua,</strong></span> <span class='ocrx_word' id='word_1_288' title='bbox 677 2599 799 2636; x_wconf 91' lang='lat' dir='ltr'><strong>cum</strong></span> <span class='ocrx_word' id='word_1_289' title='bbox 828 2584 995 2639; x_wconf 82' lang='lat' dir='ltr'><strong>Deum</strong></span> <span class='ocrx_word' id='word_1_290' title='bbox 1021 2589 1352 2655; x_wconf 78' lang='lat' dir='ltr'><strong>invocasset,</strong></span> <span class='ocrx_word' id='word_1_291' title='bbox 1385 2591 1679 2660; x_wconf 89' lang='lat' dir='ltr'><strong>propitium</strong></span> <span class='ocrx_word' id='word_1_292' title='bbox 1697 2600 1957 2660; x_wconf 86' lang='lat' dir='ltr'><strong>expertus</strong></span> <span class='ocrx_word' id='word_1_293' title='bbox 1983 2600 2087 2654; x_wconf 89' lang='lat' dir='ltr'><strong>est,</strong></span> 
     </span>
    </p>
   </div>
   <div class='ocr_carea' id='block_1_42' title="bbox 515 2683 2089 2753">
    <p class='ocr_par' dir='ltr' id='par_1_42' title="bbox 515 2683 2089 2753">
     <span class='ocr_line' id='line_1_42' title="bbox 515 2683 2089 2753; baseline 0.004 -22"><span class='ocrx_word' id='word_1_294' title='bbox 515 2685 590 2740; x_wconf 87' lang='lat' dir='ltr'><strong>et,</strong></span> <span class='ocrx_word' id='word_1_295' title='bbox 627 2693 749 2732; x_wconf 89' lang='lat' dir='ltr'><strong>cum</strong></span> <span class='ocrx_word' id='word_1_296' title='bbox 777 2689 998 2749; x_wconf 89' lang='lat' dir='ltr'><strong>propter</strong></span> <span class='ocrx_word' id='word_1_297' title='bbox 1033 2683 1287 2750; x_wconf 92' lang='lat' dir='ltr'><strong>populum</strong></span> <span class='ocrx_word' id='word_1_298' title='bbox 1312 2691 1364 2738; x_wconf 91' lang='lat' dir='ltr'><strong>et</strong></span> <span class='ocrx_word' id='word_1_299' title='bbox 1400 2693 1623 2753; x_wconf 91' lang='lat' dir='ltr'><strong>propter</strong></span> <span class='ocrx_word' id='word_1_300' title='bbox 1659 2699 1843 2738; x_wconf 90' lang='lat' dir='ltr'><strong>arcam</strong></span> <span class='ocrx_word' id='word_1_301' title='bbox 1876 2684 2089 2740; x_wconf 90' lang='lat' dir='ltr'><strong>Domini</strong></span> 
     </span>
    </p>
   </div>
   <div class='ocr_carea' id='block_1_43' title="bbox 517 2771 2091 2844">
    <p class='ocr_par' dir='ltr' id='par_1_43' title="bbox 517 2771 2091 2844">
     <span class='ocr_line' id='line_1_43' title="bbox 517 2771 2091 2844; baseline 0.006 -20"><span class='ocrx_word' id='word_1_302' title='bbox 517 2771 570 2824; x_wconf 92' lang='lat' dir='ltr'><strong>in</strong></span> <span class='ocrx_word' id='word_1_303' title='bbox 600 2774 862 2828; x_wconf 57' lang='lat' dir='ltr'><strong>arumnis</strong></span> <span class='ocrx_word' id='word_1_304' title='bbox 893 2774 1152 2844; x_wconf 81' lang='lat' dir='ltr'><strong>degeret,</strong></span> <span class='ocrx_word' id='word_1_305' title='bbox 1187 2777 1422 2844; x_wconf 90' lang='lat' dir='ltr'><strong>quietem</strong></span> <span class='ocrx_word' id='word_1_306' title='bbox 1455 2792 1517 2830; x_wconf 92' lang='lat' dir='ltr'><strong>ac</strong></span> <span class='ocrx_word' id='word_1_307' title='bbox 1544 2776 1938 2844; x_wconf 84' lang='lat' dir='ltr'><strong>dilatationem,</strong></span> <span class='ocrx_word' id='word_1_308' title='bbox 1971 2795 2091 2834; x_wconf 88' lang='lat' dir='ltr'><strong>ces-</strong></span> 
     </span>
    </p>
   </div>
   <div class='ocr_carea' id='block_1_44' title="bbox 517 2865 2090 2942">
    <p class='ocr_par' dir='ltr' id='par_1_44' title="bbox 517 2865 2090 2942">
     <span class='ocr_line' id='line_1_44' title="bbox 517 2865 2090 2942; baseline 0.004 -25"><span class='ocrx_word' id='word_1_309' title='bbox 517 2872 676 2918; x_wconf 85' lang='lat' dir='ltr'><strong>sante</strong></span> <span class='ocrx_word' id='word_1_310' title='bbox 712 2865 874 2928; x_wconf 88' lang='lat' dir='ltr'><strong>bello,</strong></span> <span class='ocrx_word' id='word_1_311' title='bbox 909 2881 972 2919; x_wconf 90' lang='lat' dir='ltr'><strong>ac</strong></span> <span class='ocrx_word' id='word_1_312' title='bbox 997 2865 1433 2936; x_wconf 85' lang='lat' dir='ltr'><strong>profundissima</strong></span> <span class='ocrx_word' id='word_1_313' title='bbox 1465 2884 1600 2938; x_wconf 91' lang='lat' dir='ltr'><strong>pace</strong></span> <span class='ocrx_word' id='word_1_314' title='bbox 1629 2886 1687 2924; x_wconf 89' lang='lat' dir='ltr'><strong>se</strong></span> <span class='ocrx_word' id='word_1_315' title='bbox 1721 2882 1884 2940; x_wconf 87' lang='lat' dir='ltr'><strong>atque</strong></span> <span class='ocrx_word' id='word_1_316' title='bbox 1915 2887 2090 2942; x_wconf 88' lang='lat' dir='ltr'><strong>popu-</strong></span> 
     </span>
    </p>
   </div>
   <div class='ocr_carea' id='block_1_45' title="bbox 517 2957 2091 3030">
    <p class='ocr_par' dir='ltr' id='par_1_45' title="bbox 517 2957 2091 3030">
     <span class='ocr_line' id='line_1_45' title="bbox 517 2957 2091 3030; baseline 0.005 -20"><span class='ocrx_word' id='word_1_317' title='bbox 517 2957 627 3010; x_wconf 92' lang='lat' dir='ltr'><strong>lum</strong></span> <span class='ocrx_word' id='word_1_318' title='bbox 663 2973 886 3019; x_wconf 19' lang='lat' dir='ltr'><strong>lomnem</strong></span> <span class='ocrx_word' id='word_1_319' title='bbox 915 2961 1256 3030; x_wconf 79' lang='lat' dir='ltr'><strong>excipiente,</strong></span> <span class='ocrx_word' id='word_1_320' title='bbox 1308 2972 1505 3016; x_wconf 90' lang='lat' dir='ltr'><strong>nactus</strong></span> <span class='ocrx_word' id='word_1_321' title='bbox 1553 2971 1656 3016; x_wconf 85' lang='lat' dir='ltr'><strong>est.</strong></span> <span class='ocrx_word' id='word_1_322' title='bbox 1691 2961 1788 3015; x_wconf 81' lang='lat' dir='ltr'><strong>Vel</strong></span> <span class='ocrx_word' id='word_1_323' title='bbox 1840 2963 2091 3018; x_wconf 81' lang='lat' dir='ltr'><strong>fortassis</strong></span> 
     </span>
    </p>
   </div>
   <div class='ocr_carea' id='block_1_46' title="bbox 517 3049 2093 3124">
    <p class='ocr_par' dir='ltr' id='par_1_46' title="bbox 517 3049 2093 3124">
     <span class='ocr_line' id='line_1_46' title="bbox 517 3049 2093 3124; baseline 0.004 -22"><span class='ocrx_word' id='word_1_324' title='bbox 517 3049 630 3103; x_wconf 77' lang='lat' dir='ltr'><strong>lizec</strong></span> <span class='ocrx_word' id='word_1_325' title='bbox 661 3051 792 3103; x_wconf 90' lang='lat' dir='ltr'><strong>dicit</strong></span> <span class='ocrx_word' id='word_1_326' title='bbox 823 3052 1117 3107; x_wconf 88' lang='lat' dir='ltr'><strong>occasione</strong></span> <span class='ocrx_word' id='word_1_327' title='bbox 1146 3054 1333 3124; x_wconf 88' lang='lat' dir='ltr'><strong>lapsus</strong></span> <span class='ocrx_word' id='word_1_328' title='bbox 1367 3071 1491 3109; x_wconf 91' lang='lat' dir='ltr'><strong>cum</strong></span> <span class='ocrx_word' id='word_1_329' title='bbox 1527 3071 1695 3110; x_wconf 83' lang='lat' dir='ltr'><strong>uxore</strong></span> <span class='ocrx_word' id='word_1_330' title='bbox 1719 3055 1884 3119; x_wconf 66' lang='lat' dir='ltr'><strong>Uriae,</strong></span> <span class='ocrx_word' id='word_1_331' title='bbox 1916 3057 2093 3110; x_wconf 89' lang='lat' dir='ltr'><strong>rebel-</strong></span> 
     </span>
    </p>
   </div>
   <div class='ocr_carea' id='block_1_47' title="bbox 515 3141 2090 3216">
    <p class='ocr_par' dir='ltr' id='par_1_47' title="bbox 515 3141 2090 3216">
     <span class='ocr_line' id='line_1_47' title="bbox 515 3141 2090 3216; baseline 0.005 -24"><span class='ocrx_word' id='word_1_332' title='bbox 515 3141 678 3195; x_wconf 89' lang='lat' dir='ltr'><strong>lionis</strong></span> <span class='ocrx_word' id='word_1_333' title='bbox 714 3141 828 3205; x_wconf 83' lang='lat' dir='ltr'><strong>filii,</strong></span> <span class='ocrx_word' id='word_1_334' title='bbox 853 3152 905 3198; x_wconf 75' lang='lat' dir='ltr'><strong>et.</strong></span> <span class='ocrx_word' id='word_1_335' title='bbox 935 3147 1269 3214; x_wconf 83' lang='lat' dir='ltr'><strong>reliquarum</strong></span> <span class='ocrx_word' id='word_1_336' title='bbox 1291 3146 1534 3199; x_wconf 89' lang='lat' dir='ltr'><strong>omnium</strong></span> <span class='ocrx_word' id='word_1_337' title='bbox 1564 3148 1939 3200; x_wconf 85' lang='lat' dir='ltr'><strong>calamitatum</strong></span> <span class='ocrx_word' id='word_1_338' title='bbox 1970 3160 2090 3216; x_wconf 72' lang='lat' dir='ltr'><strong>qua:</strong></span> 
     </span>
    </p>
   </div>
   <div class='ocr_carea' id='block_1_48' title="bbox 515 3233 2087 3309">
    <p class='ocr_par' dir='ltr' id='par_1_48' title="bbox 515 3233 2087 3309">
     <span class='ocr_line' id='line_1_48' title="bbox 515 3233 2087 3309; baseline 0.004 -23"><span class='ocrx_word' id='word_1_339' title='bbox 515 3233 694 3302; x_wconf 89' lang='lat' dir='ltr'><strong>ipsum</strong></span> <span class='ocrx_word' id='word_1_340' title='bbox 728 3233 874 3288; x_wconf 87' lang='lat' dir='ltr'><strong>domi</strong></span> <span class='ocrx_word' id='word_1_341' title='bbox 905 3252 1192 3306; x_wconf 86' lang='lat' dir='ltr'><strong>excepere.</strong></span> <span class='ocrx_word' id='word_1_342' title='bbox 1218 3236 1354 3290; x_wconf 86' lang='lat' dir='ltr'><strong>Cum</strong></span> <span class='ocrx_word' id='word_1_343' title='bbox 1379 3238 1524 3293; x_wconf 91' lang='lat' dir='ltr'><strong>enim</strong></span> <span class='ocrx_word' id='word_1_344' title='bbox 1572 3247 1795 3309; x_wconf 82' lang='lat' dir='ltr'><strong>propter</strong></span> <span class='ocrx_word' id='word_1_345' title='bbox 1821 3240 1934 3293; x_wconf 62' lang='lat' dir='ltr'><strong>haec</strong></span> <span class='ocrx_word' id='word_1_346' title='bbox 1968 3255 2087 3293; x_wconf 91' lang='lat' dir='ltr'><strong>om-</strong></span> 
     </span>
    </p>
   </div>
   <div class='ocr_carea' id='block_1_49' title="bbox 517 3313 2089 3401">
    <p class='ocr_par' dir='ltr' id='par_1_49' title="bbox 517 3313 2089 3401">
     <span class='ocr_line' id='line_1_49' title="bbox 517 3313 2089 3401; baseline 0.004 -23"><span class='ocrx_word' id='word_1_347' title='bbox 517 3327 606 3379; x_wconf 92' lang='lat' dir='ltr'><strong>nia</strong></span> <span class='ocrx_word' id='word_1_348' title='bbox 638 3341 759 3380; x_wconf 90' lang='lat' dir='ltr'><strong>sese</strong></span> <span class='ocrx_word' id='word_1_349' title='bbox 813 3326 1090 3382; x_wconf 68' lang='lat' dir='ltr'><strong>amictioni</strong></span> <span class='ocrx_word' id='word_1_350' title='bbox 1144 3313 1443 3384; x_wconf 82' lang='lat' dir='ltr'><strong>dedidisset</strong></span> <span class='ocrx_word' id='word_1_351' title='bbox 1476 3371 1491 3394; x_wconf 90' lang='lat'><strong>,</strong></span> <span class='ocrx_word' id='word_1_352' title='bbox 1525 3331 1590 3385; x_wconf 91' lang='lat' dir='ltr'><strong>ad</strong></span> <span class='ocrx_word' id='word_1_353' title='bbox 1624 3332 2001 3401; x_wconf 63' lang='lat' dir='ltr'><strong>paenitentiam</strong></span> <span class='ocrx_word' id='word_1_354' title='bbox 2035 3340 2089 3387; x_wconf 88' lang='lat' dir='ltr'><strong>et</strong></span> 
     </span>
    </p>
   </div>
   <div class='ocr_carea' id='block_1_50' title="bbox 515 3418 2091 3494">
    <p class='ocr_par' dir='ltr' id='par_1_50' title="bbox 515 3418 2091 3494">
     <span class='ocr_line' id='line_1_50' title="bbox 515 3418 2091 3494; baseline 0.008 -27"><span class='ocrx_word' id='word_1_355' title='bbox 515 3418 919 3473; x_wconf 76' lang='lat' dir='ltr'><strong>confessionem</strong></span> <span class='ocrx_word' id='word_1_356' title='bbox 953 3435 1073 3475; x_wconf 84' lang='lat' dir='ltr'><strong>sese</strong></span> <span class='ocrx_word' id='word_1_357' title='bbox 1107 3423 1378 3486; x_wconf 84' lang='lat' dir='ltr'><strong>vertisset,</strong></span> <span class='ocrx_word' id='word_1_358' title='bbox 1408 3433 1461 3478; x_wconf 85' lang='lat' dir='ltr'><strong>et</strong></span> <span class='ocrx_word' id='word_1_359' title='bbox 1483 3425 1645 3493; x_wconf 90' lang='lat' dir='ltr'><strong>quasi</strong></span> <span class='ocrx_word' id='word_1_360' title='bbox 1679 3425 1924 3479; x_wconf 83' lang='lat' dir='ltr'><strong>certatim</strong></span> <span class='ocrx_word' id='word_1_361' title='bbox 1959 3441 2091 3494; x_wconf 91' lang='lat' dir='ltr'><strong>sup-</strong></span> 
     </span>
    </p>
   </div>
   <div class='ocr_carea' id='block_1_51' title="bbox 516 3510 2090 3587">
    <p class='ocr_par' dir='ltr' id='par_1_51' title="bbox 516 3510 2090 3587">
     <span class='ocr_line' id='line_1_51' title="bbox 516 3510 2090 3587; baseline 0.008 -26"><span class='ocrx_word' id='word_1_362' title='bbox 516 3510 742 3578; x_wconf 91' lang='lat' dir='ltr'><strong>plicium</strong></span> <span class='ocrx_word' id='word_1_363' title='bbox 796 3512 850 3564; x_wconf 87' lang='lat' dir='ltr'><strong>in</strong></span> <span class='ocrx_word' id='word_1_364' title='bbox 887 3528 944 3566; x_wconf 86' lang='lat' dir='ltr'><strong>se</strong></span> <span class='ocrx_word' id='word_1_365' title='bbox 974 3514 1040 3567; x_wconf 89' lang='lat' dir='ltr'><strong>de</strong></span> <span class='ocrx_word' id='word_1_366' title='bbox 1066 3522 1290 3583; x_wconf 85' lang='lat' dir='ltr'><strong>peccato</strong></span> <span class='ocrx_word' id='word_1_367' title='bbox 1317 3517 1666 3585; x_wconf 88' lang='lat' dir='ltr'><strong>sumpsisset,</strong></span> <span class='ocrx_word' id='word_1_368' title='bbox 1695 3517 1925 3586; x_wconf 77' lang='lat' dir='ltr'><strong>justitize</strong></span> <span class='ocrx_word' id='word_1_369' title='bbox 1957 3533 2090 3587; x_wconf 88' lang='lat' dir='ltr'><strong>ope-</strong></span> 
     </span>
    </p>
   </div>
   <div class='ocr_carea' id='block_1_52' title="bbox 514 3603 2090 3679">
    <p class='ocr_par' dir='ltr' id='par_1_52' title="bbox 514 3603 2090 3679">
     <span class='ocr_line' id='line_1_52' title="bbox 514 3603 2090 3679; baseline 0.006 -25"><span class='ocrx_word' id='word_1_370' title='bbox 514 3603 669 3656; x_wconf 88' lang='lat' dir='ltr'><strong>ribus</strong></span> <span class='ocrx_word' id='word_1_371' title='bbox 712 3603 1090 3675; x_wconf 86' lang='lat' dir='ltr'><strong>fructibusque</strong></span> <span class='ocrx_word' id='word_1_372' title='bbox 1140 3617 1286 3661; x_wconf 90' lang='lat' dir='ltr'><strong>recte</strong></span> <span class='ocrx_word' id='word_1_373' title='bbox 1335 3608 1602 3663; x_wconf 79' lang='lat' dir='ltr'><strong>iactorun</strong></span> <span class='ocrx_word' id='word_1_374' title='bbox 1654 3610 1878 3679; x_wconf 74' lang='lat' dir='ltr'><strong>eptimis</strong></span> <span class='ocrx_word' id='word_1_375' title='bbox 1921 3608 2090 3664; x_wconf 90' lang='lat' dir='ltr'><strong>Deum</strong></span> 
     </span>
    </p>
   </div>
   <div class='ocr_carea' id='block_1_53' title="bbox 515 3695 2088 3772">
    <p class='ocr_par' dir='ltr' id='par_1_53' title="bbox 515 3695 2088 3772">
     <span class='ocr_line' id='line_1_53' title="bbox 515 3695 2088 3772; baseline 0.006 -25"><span class='ocrx_word' id='word_1_376' title='bbox 515 3695 862 3765; x_wconf 86' lang='lat' dir='ltr'><strong>propitiatus,</strong></span> <span class='ocrx_word' id='word_1_377' title='bbox 901 3697 1100 3752; x_wconf 82' lang='lat' dir='ltr'><strong>bonam</strong></span> <span class='ocrx_word' id='word_1_378' title='bbox 1165 3709 1454 3756; x_wconf 85' lang='lat' dir='ltr'><strong>assecutus</strong></span> <span class='ocrx_word' id='word_1_379' title='bbox 1504 3702 1950 3771; x_wconf 90' lang='lat' dir='ltr'><strong>promissionem,</strong></span> <span class='ocrx_word' id='word_1_380' title='bbox 1984 3717 2088 3772; x_wconf 92' lang='lat' dir='ltr'><strong>qua</strong></span> 
     </span>
    </p>
   </div>
   <div class='ocr_carea' id='block_1_54' title="bbox 515 3792 2086 3870">
    <p class='ocr_par' dir='ltr' id='par_1_54' title="bbox 515 3792 2086 3870">
     <span class='ocr_line' id='line_1_54' title="bbox 515 3792 2086 3870; baseline 0.008 -31"><span class='ocrx_word' id='word_1_381' title='bbox 515 3799 793 3856; x_wconf 88' lang='lat' dir='ltr'><strong>permotus</strong></span> <span class='ocrx_word' id='word_1_382' title='bbox 826 3793 878 3844; x_wconf 86' lang='lat' dir='ltr'><strong>in</strong></span> <span class='ocrx_word' id='word_1_383' title='bbox 913 3792 1238 3860; x_wconf 71' lang='lat' dir='ltr'><strong>praecedenti</strong></span> <span class='ocrx_word' id='word_1_384' title='bbox 1278 3795 1487 3870; x_wconf 66' lang='lat' dir='ltr'><strong>psalmo</strong></span> <span class='ocrx_word' id='word_1_385' title='bbox 1550 3796 1868 3866; x_wconf 88' lang='lat' dir='ltr'><strong>prophetice</strong></span> <span class='ocrx_word' id='word_1_386' title='bbox 1906 3795 2045 3850; x_wconf 90' lang='lat' dir='ltr'><strong>dixit</strong></span> <span class='ocrx_word' id='word_1_387' title='bbox 2074 3814 2086 3851; x_wconf 93' lang='lat'><strong>:</strong></span> 
     </span>
    </p>
   </div>
   <div class='ocr_carea' id='block_1_55' title="bbox 517 3880 2089 3960">
    <p class='ocr_par' dir='ltr' id='par_1_55' title="bbox 517 3880 2089 3960">
     <span class='ocr_line' id='line_1_55' title="bbox 517 3880 2089 3960; baseline 0.008 -28"><span class='ocrx_word' id='word_1_388' title='bbox 517 3880 594 3933; x_wconf 90' lang='lat' dir='ltr'><strong>Tu</strong></span> <span class='ocrx_word' id='word_1_389' title='bbox 622 3894 819 3947; x_wconf 89' lang='lat' dir='ltr'><strong>autem,</strong></span> <span class='ocrx_word' id='word_1_390' title='bbox 861 3884 1098 3949; x_wconf 85' lang='lat' dir='ltr'><strong>Domine,</strong></span> <span class='ocrx_word' id='word_1_391' title='bbox 1129 3899 1400 3957; x_wconf 75' lang='lat' dir='ltr'><strong>susceptor</strong></span> <span class='ocrx_word' id='word_1_392' title='bbox 1438 3906 1582 3942; x_wconf 76' lang='lat' dir='ltr'><strong>meus</strong></span> <span class='ocrx_word' id='word_1_393' title='bbox 1621 3907 1696 3951; x_wconf 74' lang='lat' dir='ltr'><strong>es,</strong></span> <span class='ocrx_word' id='word_1_394' title='bbox 1749 3891 1923 3960; x_wconf 87' lang='lat' dir='ltr'><strong>gloria</strong></span> <span class='ocrx_word' id='word_1_395' title='bbox 1973 3907 2089 3944; x_wconf 88' lang='lat' dir='ltr'><strong>mea</strong></span> 
     </span>
    </p>
   </div>
   <div class='ocr_carea' id='block_1_56' title="bbox 512 3980 2088 4052">
    <p class='ocr_par' dir='ltr' id='par_1_56' title="bbox 512 3980 2088 4052">
     <span class='ocr_line' id='line_1_56' title="bbox 512 3980 2088 4052; baseline 0.007 -26"><span class='ocrx_word' id='word_1_396' title='bbox 512 3984 562 4027; x_wconf 88' lang='lat' dir='ltr'><strong>et</strong></span> <span class='ocrx_word' id='word_1_397' title='bbox 591 3980 834 4030; x_wconf 71' lang='lat' dir='ltr'><strong>exaltans</strong></span> <span class='ocrx_word' id='word_1_398' title='bbox 884 3990 1039 4047; x_wconf 86' lang='lat' dir='ltr'><strong>caput</strong></span> <span class='ocrx_word' id='word_1_399' title='bbox 1079 3997 1251 4034; x_wconf 89' lang='lat' dir='ltr'><strong>meum</strong></span> <span class='ocrx_word' id='word_1_400' title='bbox 1280 3982 1345 4048; x_wconf 72' lang='lat'><strong>”,</strong></span> <span class='ocrx_word' id='word_1_401' title='bbox 1381 3996 1444 4035; x_wconf 88' lang='lat' dir='ltr'><strong>ac</strong></span> <span class='ocrx_word' id='word_1_402' title='bbox 1474 3991 1669 4036; x_wconf 76' lang='lat' dir='ltr'><strong>caetera</strong></span> <span class='ocrx_word' id='word_1_403' title='bbox 1695 4022 1710 4046; x_wconf 96' lang='lat'><strong>,</strong></span> <span class='ocrx_word' id='word_1_404' title='bbox 1747 3999 1868 4052; x_wconf 72' lang='lat' dir='ltr'><strong>qua:</strong></span> <span class='ocrx_word' id='word_1_405' title='bbox 1919 3984 2088 4052; x_wconf 90' lang='lat' dir='ltr'><strong>priori</strong></span> 
     </span>
    </p>
   </div>
   <div class='ocr_carea' id='block_1_57' title="bbox 515 4070 2090 4142">
    <p class='ocr_par' dir='ltr' id='par_1_57' title="bbox 515 4070 2090 4142">
     <span class='ocr_line' id='line_1_57' title="bbox 515 4070 2090 4142; baseline 0.006 -23"><span class='ocrx_word' id='word_1_406' title='bbox 515 4081 768 4122; x_wconf 87' lang='lat' dir='ltr'><strong>sermone</strong></span> <span class='ocrx_word' id='word_1_407' title='bbox 804 4070 964 4123; x_wconf 82' lang='lat' dir='ltr'><strong>allata</strong></span> <span class='ocrx_word' id='word_1_408' title='bbox 997 4081 1124 4126; x_wconf 90' lang='lat' dir='ltr'><strong>sunt</strong></span> <span class='ocrx_word' id='word_1_409' title='bbox 1159 4091 1173 4139; x_wconf 93' lang='lat'>;</span> <span class='ocrx_word' id='word_1_410' title='bbox 1215 4081 1615 4142; x_wconf 86' lang='lat' dir='ltr'><strong>consequenter</strong></span> <span class='ocrx_word' id='word_1_411' title='bbox 1650 4075 1702 4128; x_wconf 94' lang='lat' dir='ltr'><strong>in</strong></span> <span class='ocrx_word' id='word_1_412' title='bbox 1737 4075 1886 4130; x_wconf 85' lang='lat' dir='ltr'><strong>hisce</strong></span> <span class='ocrx_word' id='word_1_413' title='bbox 1909 4076 2090 4129; x_wconf 88' lang='lat' dir='ltr'><strong>decla-</strong></span> 
     </span>
    </p>
   </div>
   <div class='ocr_carea' id='block_1_58' title="bbox 514 4160 2091 4237">
    <p class='ocr_par' dir='ltr' id='par_1_58' title="bbox 514 4160 2091 4237">
     <span class='ocr_line' id='line_1_58' title="bbox 514 4160 2091 4237; baseline 0.006 -27"><span class='ocrx_word' id='word_1_414' title='bbox 514 4167 600 4211; x_wconf 90' lang='lat' dir='ltr'><strong>rat</strong></span> <span class='ocrx_word' id='word_1_415' title='bbox 635 4180 646 4214; x_wconf 90' lang='lat'>:</span> <span class='ocrx_word' id='word_1_416' title='bbox 686 4160 818 4214; x_wconf 83' lang='lat' dir='ltr'><strong>Cum</strong></span> <span class='ocrx_word' id='word_1_417' title='bbox 873 4164 1202 4229; x_wconf 84' lang='lat' dir='ltr'><strong>invocarem,</strong></span> <span class='ocrx_word' id='word_1_418' title='bbox 1259 4166 1527 4220; x_wconf 74' lang='lat' dir='ltr'><strong>exaudivit</strong></span> <span class='ocrx_word' id='word_1_419' title='bbox 1563 4183 1642 4219; x_wconf 89' lang='lat' dir='ltr'><strong>me</strong></span> <span class='ocrx_word' id='word_1_420' title='bbox 1673 4165 1815 4220; x_wconf 80' lang='lat' dir='ltr'><strong>Deus</strong></span> <span class='ocrx_word' id='word_1_421' title='bbox 1857 4167 2091 4237; x_wconf 77' lang='lat' dir='ltr'><strong>justitia:</strong></span> 
     </span>
    </p>
   </div>
   <div class='ocr_carea' id='block_1_59' title="bbox 513 4254 2090 4323">
    <p class='ocr_par' dir='ltr' id='par_1_59' title="bbox 513 4254 2090 4323">
     <span class='ocr_line' id='line_1_59' title="bbox 513 4254 2090 4323; baseline 0.008 -22"><span class='ocrx_word' id='word_1_422' title='bbox 513 4267 661 4314; x_wconf 73' lang='lat' dir='ltr'><strong>mete,</strong></span> <span class='ocrx_word' id='word_1_423' title='bbox 697 4254 748 4306; x_wconf 88' lang='lat' dir='ltr'><strong>in</strong></span> <span class='ocrx_word' id='word_1_424' title='bbox 801 4255 1142 4312; x_wconf 82' lang='lat' dir='ltr'><strong>tribulatione</strong></span> <span class='ocrx_word' id='word_1_425' title='bbox 1166 4259 1408 4313; x_wconf 76' lang='lat' dir='ltr'><strong>dilatasti</strong></span> <span class='ocrx_word' id='word_1_426' title='bbox 1444 4275 1543 4313; x_wconf 86' lang='lat' dir='ltr'><strong>me.</strong></span> <span class='ocrx_word' id='word_1_427' title='bbox 1579 4259 1835 4315; x_wconf 80' lang='lat' dir='ltr'><strong>Miserere</strong></span> <span class='ocrx_word' id='word_1_428' title='bbox 1889 4263 2010 4323; x_wconf 88' lang='lat' dir='ltr'><strong>mei,</strong></span> <span class='ocrx_word' id='word_1_429' title='bbox 2041 4271 2090 4314; x_wconf 90' lang='lat' dir='ltr'><strong>et</strong></span> 
     </span>
    </p>
   </div>
   <div class='ocr_carea' id='block_1_60' title="bbox 511 4343 2089 4420">
    <p class='ocr_par' dir='ltr' id='par_1_60' title="bbox 511 4343 2089 4420">
     <span class='ocr_line' id='line_1_60' title="bbox 511 4343 2089 4420; baseline 0.009 -26"><span class='ocrx_word' id='word_1_430' title='bbox 511 4343 704 4397; x_wconf 75' lang='lat' dir='ltr'><strong>exaudi</strong></span> <span class='ocrx_word' id='word_1_431' title='bbox 732 4348 1022 4401; x_wconf 86' lang='lat' dir='ltr'><strong>orationem</strong></span> <span class='ocrx_word' id='word_1_432' title='bbox 1055 4366 1244 4406; x_wconf 86' lang='lat' dir='ltr'><strong>meam.</strong></span> <span class='ocrx_word' id='word_1_433' title='bbox 1267 4350 1332 4403; x_wconf 79' lang='lat' dir='ltr'><strong>Et</strong></span> <span class='ocrx_word' id='word_1_434' title='bbox 1365 4353 1622 4420; x_wconf 85' lang='lat' dir='ltr'><strong>primum,</strong></span> <span class='ocrx_word' id='word_1_435' title='bbox 1656 4353 1945 4409; x_wconf 81' lang='lat' dir='ltr'><strong>exauditus</strong></span> <span class='ocrx_word' id='word_1_436' title='bbox 1965 4371 2089 4408; x_wconf 88' lang='lat' dir='ltr'><strong>cum</strong></span> 
     </span>
    </p>
   </div>
   <div class='ocr_carea' id='block_1_61' title="bbox 511 4436 2092 4518">
    <p class='ocr_par' dir='ltr' id='par_1_61' title="bbox 511 4436 2092 4518">
     <span class='ocr_line' id='line_1_61' title="bbox 511 4436 2092 4518; baseline 0.012 -34"><span class='ocrx_word' id='word_1_437' title='bbox 511 4447 788 4489; x_wconf 59' lang='lat' dir='ltr'><strong>invocaret</strong></span> <span class='ocrx_word' id='word_1_438' title='bbox 809 4436 1114 4503; x_wconf 88' lang='lat' dir='ltr'><strong>Dominum,</strong></span> <span class='ocrx_word' id='word_1_439' title='bbox 1135 4457 1243 4495; x_wconf 84' lang='lat' dir='ltr'><strong>non</strong></span> <span class='ocrx_word' id='word_1_440' title='bbox 1260 4444 1485 4512; x_wconf 80' lang='lat' dir='ltr'><strong>erigitur</strong></span> <span class='ocrx_word' id='word_1_441' title='bbox 1502 4445 1633 4514; x_wconf 69' lang='lat'><strong>(25;,</strong></span> <span class='ocrx_word' id='word_1_442' title='bbox 1655 4461 1830 4516; x_wconf 89' lang='lat' dir='ltr'><strong>neque</strong></span> <span class='ocrx_word' id='word_1_443' title='bbox 1847 4447 1898 4500; x_wconf 92' lang='lat' dir='ltr'><strong>in</strong></span> <span class='ocrx_word' id='word_1_444' title='bbox 1919 4450 2092 4518; x_wconf 82' lang='lat' dir='ltr'><strong>segni-</strong></span> 
     </span>
    </p>
   </div>
   <div class='ocr_carea' id='block_1_62' title="bbox 533 4525 2086 4612">
    <p class='ocr_par' dir='ltr' id='par_1_62' title="bbox 533 4525 2086 4612">
     <span class='ocr_line' id='line_1_62' title="bbox 533 4525 2086 4612; baseline 0.013 -34"><span class='ocrx_word' id='word_1_445' title='bbox 533 4525 637 4580; x_wconf 89' lang='lat' dir='ltr'><strong>icm</strong></span> <span class='ocrx_word' id='word_1_446' title='bbox 661 4530 807 4582; x_wconf 86' lang='lat' dir='ltr'><strong>cadit</strong></span> <span class='ocrx_word' id='word_1_447' title='bbox 842 4549 854 4584; x_wconf 91' lang='lat'>:</span> <span class='ocrx_word' id='word_1_448' title='bbox 888 4531 982 4585; x_wconf 89' lang='lat' dir='ltr'><strong>sed</strong></span> <span class='ocrx_word' id='word_1_449' title='bbox 1008 4535 1216 4594; x_wconf 87' lang='lat' dir='ltr'><strong>statim,</strong></span> <span class='ocrx_word' id='word_1_450' title='bbox 1243 4535 1311 4590; x_wconf 90' lang='lat' dir='ltr'><strong>de</strong></span> <span class='ocrx_word' id='word_1_451' title='bbox 1345 4540 1528 4593; x_wconf 78' lang='lat' dir='ltr'><strong>l&#39;uturo</strong></span> <span class='ocrx_word' id='word_1_452' title='bbox 1551 4540 1846 4603; x_wconf 89' lang='lat' dir='ltr'><strong>sollicitus.</strong></span> <span class='ocrx_word' id='word_1_453' title='bbox 1891 4559 2086 4612; x_wconf 83' lang='lat' dir='ltr'><strong>preca-</strong></span> 
     </span>
    </p>
   </div>
   <div class='ocr_carea' id='block_1_63' title="bbox 535 4619 2163 4705">
    <p class='ocr_par' dir='ltr' id='par_1_63' title="bbox 535 4619 2163 4705">
     <span class='ocr_line' id='line_1_63' title="bbox 535 4619 2163 4705; baseline 0.015 -38"><span class='ocrx_word' id='word_1_454' title='bbox 535 4633 600 4669; x_wconf 89' lang='lat' dir='ltr'><strong>ur</strong></span> <span class='ocrx_word' id='word_1_455' title='bbox 633 4619 853 4684; x_wconf 88' lang='lat' dir='ltr'><strong>iterum,</strong></span> <span class='ocrx_word' id='word_1_456' title='bbox 897 4638 1094 4692; x_wconf 80' lang='lat' dir='ltr'><strong>rogans</strong></span> <span class='ocrx_word' id='word_1_457' title='bbox 1145 4624 1310 4680; x_wconf 88' lang='lat' dir='ltr'><strong>Deum</strong></span> <span class='ocrx_word' id='word_1_458' title='bbox 1368 4639 1626 4698; x_wconf 83' lang='lat' dir='ltr'><strong>perpetuo</strong></span> <span class='ocrx_word' id='word_1_459' title='bbox 1656 4634 1760 4688; x_wconf 88' lang='lat' dir='ltr'><strong>sibi</strong></span> <span class='ocrx_word' id='word_1_460' title='bbox 1806 4637 1920 4690; x_wconf 79' lang='lat' dir='ltr'><strong>fore</strong></span> <span class='ocrx_word' id='word_1_461' title='bbox 1955 4652 2083 4705; x_wconf 84' lang='lat' dir='ltr'><strong>pro-</strong></span> <span class='ocrx_word' id='word_1_462' title='bbox 2115 4624 2163 4681; x_wconf 69' lang='grc' dir='ltr'><strong>Β</strong></span> 
     </span>
    </p>
   </div>
   <div class='ocr_carea' id='block_1_64' title="bbox 511 4709 2082 4791">
    <p class='ocr_par' dir='ltr' id='par_1_64' title="bbox 511 4709 2082 4791">
     <span class='ocr_line' id='line_1_64' title="bbox 511 4709 2082 4791; baseline 0.013 -33"><span class='ocrx_word' id='word_1_463' title='bbox 511 4709 725 4777; x_wconf 72' lang='grc' dir='ltr'>μίιὶιωι.</span> <span class='ocrx_word' id='word_1_464' title='bbox 749 4710 1030 4782; x_wconf 77' lang='lat' dir='ltr'><strong>Supplicat</strong></span> <span class='ocrx_word' id='word_1_465' title='bbox 1047 4725 1224 4769; x_wconf 87' lang='lat' dir='ltr'><strong>autem</strong></span> <span class='ocrx_word' id='word_1_466' title='bbox 1249 4719 1495 4771; x_wconf 87' lang='lat' dir='ltr'><strong>exaudiri</strong></span> <span class='ocrx_word' id='word_1_467' title='bbox 1517 4737 1573 4776; x_wconf 90' lang='lat' dir='ltr'><strong>se</strong></span> <span class='ocrx_word' id='word_1_468' title='bbox 1595 4737 1657 4775; x_wconf 84' lang='lat' dir='ltr'><strong>ex</strong></span> <span class='ocrx_word' id='word_1_469' title='bbox 1682 4725 2082 4791; x_wconf 85' lang='lat' dir='ltr'><strong>misericordia,</strong></span> 
     </span>
    </p>
   </div>
   <div class='ocr_carea' id='block_1_65' title="bbox 511 4802 2086 4887">
    <p class='ocr_par' dir='ltr' id='par_1_65' title="bbox 511 4802 2086 4887">
     <span class='ocr_line' id='line_1_65' title="bbox 511 4802 2086 4887; baseline 0.014 -36"><span class='ocrx_word' id='word_1_470' title='bbox 511 4813 618 4852; x_wconf 88' lang='lat' dir='ltr'><strong>non</strong></span> <span class='ocrx_word' id='word_1_471' title='bbox 653 4816 719 4854; x_wconf 78' lang='lat' dir='ltr'><strong>ex</strong></span> <span class='ocrx_word' id='word_1_472' title='bbox 767 4802 970 4859; x_wconf 82' lang='lat' dir='ltr'><strong>debito.</strong></span> <span class='ocrx_word' id='word_1_473' title='bbox 1027 4803 1252 4862; x_wconf 88' lang='lat' dir='ltr'><strong>Etiamsi</strong></span> <span class='ocrx_word' id='word_1_474' title='bbox 1305 4811 1450 4864; x_wconf 91' lang='lat' dir='ltr'><strong>enim</strong></span> <span class='ocrx_word' id='word_1_475' title='bbox 1506 4812 1609 4881; x_wconf 88' lang='lat' dir='ltr'><strong>ipsi</strong></span> <span class='ocrx_word' id='word_1_476' title='bbox 1645 4814 1836 4869; x_wconf 85' lang='lat' dir='ltr'><strong>aderat</strong></span> <span class='ocrx_word' id='word_1_477' title='bbox 1886 4819 2086 4887; x_wconf 72' lang='lat' dir='ltr'><strong>aliquis</strong></span> 
     </span>
    </p>
   </div>
   <div class='ocr_carea' id='block_1_66' title="bbox 508 4891 2081 4976">
    <p class='ocr_par' dir='ltr' id='par_1_66' title="bbox 508 4891 2081 4976">
     <span class='ocr_line' id='line_1_66' title="bbox 508 4891 2081 4976; baseline 0.015 -33"><span class='ocrx_word' id='word_1_478' title='bbox 508 4891 735 4961; x_wconf 71' lang='lat' dir='ltr'><strong>justitite</strong></span> <span class='ocrx_word' id='word_1_479' title='bbox 766 4895 977 4950; x_wconf 83' lang='lat' dir='ltr'><strong>fructus</strong></span> <span class='ocrx_word' id='word_1_480' title='bbox 1013 4917 1026 4964; x_wconf 91' lang='lat'><strong>;</strong></span> <span class='ocrx_word' id='word_1_481' title='bbox 1065 4909 1118 4951; x_wconf 88' lang='lat' dir='ltr'><strong>at</strong></span> <span class='ocrx_word' id='word_1_482' title='bbox 1160 4902 1261 4970; x_wconf 88' lang='lat' dir='ltr'><strong>ipsi</strong></span> <span class='ocrx_word' id='word_1_483' title='bbox 1311 4919 1420 4957; x_wconf 86' lang='lat' dir='ltr'><strong>non</strong></span> <span class='ocrx_word' id='word_1_484' title='bbox 1456 4907 1732 4964; x_wconf 81' lang='lat' dir='ltr'><strong>conlidere</strong></span> <span class='ocrx_word' id='word_1_485' title='bbox 1759 4925 1820 4964; x_wconf 88' lang='lat' dir='ltr'><strong>se</strong></span> <span class='ocrx_word' id='word_1_486' title='bbox 1845 4911 2081 4976; x_wconf 80' lang='lat' dir='ltr'><strong>dicebat,</strong></span> 
     </span>
    </p>
   </div>
   <div class='ocr_carea' id='block_1_67' title="bbox 512 4983 1730 5056">
    <p class='ocr_par' dir='ltr' id='par_1_67' title="bbox 512 4983 1730 5056">
     <span class='ocr_line' id='line_1_67' title="bbox 512 4983 1730 5056; baseline 0.016 -20"><span class='ocrx_word' id='word_1_487' title='bbox 512 4984 604 5037; x_wconf 88' lang='lat' dir='ltr'><strong>sed</strong></span> <span class='ocrx_word' id='word_1_488' title='bbox 635 4983 726 5039; x_wconf 89' lang='lat' dir='ltr'><strong>Dei</strong></span> <span class='ocrx_word' id='word_1_489' title='bbox 763 4988 1156 5045; x_wconf 64' lang='lat' dir='ltr'><strong>misericordiae</strong></span> <span class='ocrx_word' id='word_1_490' title='bbox 1177 5000 1230 5046; x_wconf 93' lang='lat' dir='ltr'><strong>et</strong></span> <span class='ocrx_word' id='word_1_491' title='bbox 1267 4996 1730 5056; x_wconf 86' lang='lat' dir='ltr'><strong>miserationibus.</strong></span> 
     </span>
    </p>
   </div>
   <div class='ocr_carea' id='block_1_68' title="bbox 583 5076 2084 5164">
    <p class='ocr_par' dir='ltr' id='par_1_68' title="bbox 583 5076 2084 5164">
     <span class='ocr_line' id='line_1_68' title="bbox 583 5076 2084 5164; baseline 0.015 -34"><span class='ocrx_word' id='word_1_492' title='bbox 583 5076 746 5134; x_wconf 72' lang='lat' dir='ltr'><strong>Vens.</strong></span> <span class='ocrx_word' id='word_1_493' title='bbox 784 5081 837 5135; x_wconf 80' lang='lat'><strong>&#39;5.</strong></span> <span class='ocrx_word' id='word_1_494' title='bbox 871 5081 1002 5134; x_wconf 82' lang='lat' dir='ltr'><strong>Filii</strong></span> <span class='ocrx_word' id='word_1_495' title='bbox 1033 5083 1322 5152; x_wconf 80' lang='lat' dir='ltr'><strong>hominum,</strong></span> <span class='ocrx_word' id='word_1_496' title='bbox 1351 5105 1611 5162; x_wconf 80' lang='lat' dir='ltr'><strong>usquequo</strong></span> <span class='ocrx_word' id='word_1_497' title='bbox 1633 5098 1785 5164; x_wconf 80' lang='lat' dir='ltr'><strong>gravi</strong></span> <span class='ocrx_word' id='word_1_498' title='bbox 1811 5097 1989 5160; x_wconf 78' lang='lat' dir='ltr'><strong>corde,</strong></span> <span class='ocrx_word' id='word_1_499' title='bbox 2027 5109 2084 5153; x_wconf 91' lang='lat' dir='ltr'><strong>ut</strong></span> 
     </span>
    </p>
   </div>
   <div class='ocr_carea' id='block_1_69' title="bbox 508 5171 2084 5252">
    <p class='ocr_par' dir='ltr' id='par_1_69' title="bbox 508 5171 2084 5252">
     <span class='ocr_line' id='line_1_69' title="bbox 508 5171 2084 5252; baseline 0.018 -31"><span class='ocrx_word' id='word_1_500' title='bbox 508 5171 632 5238; x_wconf 86' lang='lat' dir='ltr'><strong>quid</strong></span> <span class='ocrx_word' id='word_1_501' title='bbox 653 5173 875 5242; x_wconf 80' lang='lat' dir='ltr'><strong>diligitis</strong></span> <span class='ocrx_word' id='word_1_502' title='bbox 908 5177 1191 5230; x_wconf 85' lang='lat' dir='ltr'><strong>vanitatem</strong></span> <span class='ocrx_word' id='word_1_503' title='bbox 1226 5190 1275 5233; x_wconf 87' lang='lat' dir='ltr'><strong>et</strong></span> <span class='ocrx_word' id='word_1_504' title='bbox 1310 5185 1548 5252; x_wconf 71' lang='lat' dir='ltr'><strong>quaeritis</strong></span> <span class='ocrx_word' id='word_1_505' title='bbox 1579 5189 1907 5245; x_wconf 86' lang='lat' dir='ltr'><strong>mendacium</strong></span> <span class='ocrx_word' id='word_1_506' title='bbox 1928 5195 1954 5248; x_wconf 79' lang='lat'><strong><em>?</em></strong></span> <span class='ocrx_word' id='word_1_507' title='bbox 1977 5193 2084 5250; x_wconf 89' lang='lat' dir='ltr'><strong>Eos</strong></span> 
     </span>
    </p>
   </div>
   <div class='ocr_carea' id='block_1_70' title="bbox 510 5265 2085 5353">
    <p class='ocr_par' dir='ltr' id='par_1_70' title="bbox 510 5265 2085 5353">
     <span class='ocr_line' id='line_1_70' title="bbox 510 5265 2085 5353; baseline 0.019 -38"><span class='ocrx_word' id='word_1_508' title='bbox 510 5265 601 5332; x_wconf 86' lang='lat' dir='ltr'><strong>qui</strong></span> <span class='ocrx_word' id='word_1_509' title='bbox 643 5279 936 5336; x_wconf 85' lang='lat' dir='ltr'><strong>aggravata</strong></span> <span class='ocrx_word' id='word_1_510' title='bbox 970 5280 1150 5326; x_wconf 89' lang='lat' dir='ltr'><strong>mente</strong></span> <span class='ocrx_word' id='word_1_511' title='bbox 1182 5284 1330 5341; x_wconf 90' lang='lat' dir='ltr'><strong>sunt,</strong></span> <span class='ocrx_word' id='word_1_512' title='bbox 1374 5281 1623 5353; x_wconf 85' lang='lat' dir='ltr'><strong>tardique</strong></span> <span class='ocrx_word' id='word_1_513' title='bbox 1655 5285 1720 5338; x_wconf 91' lang='lat' dir='ltr'><strong>ad</strong></span> <span class='ocrx_word' id='word_1_514' title='bbox 1750 5288 1973 5342; x_wconf 86' lang='lat' dir='ltr'><strong>verbum</strong></span> <span class='ocrx_word' id='word_1_515' title='bbox 2001 5292 2085 5344; x_wconf 92' lang='lat' dir='ltr'><strong>di-</strong></span> 
     </span>
    </p>
   </div>
   <div class='ocr_carea' id='block_1_71' title="bbox 510 5360 2082 5444">
    <p class='ocr_par' dir='ltr' id='par_1_71' title="bbox 510 5360 2082 5444">
     <span class='ocr_line' id='line_1_71' title="bbox 510 5360 2082 5444; baseline 0.02 -36"><span class='ocrx_word' id='word_1_516' title='bbox 510 5361 696 5410; x_wconf 83' lang='lat' dir='ltr'><strong>vinum</strong></span> <span class='ocrx_word' id='word_1_517' title='bbox 733 5360 1084 5426; x_wconf 89' lang='lat' dir='ltr'><strong>audiendum,</strong></span> <span class='ocrx_word' id='word_1_518' title='bbox 1127 5382 1320 5436; x_wconf 82' lang='lat' dir='ltr'><strong>graves</strong></span> <span class='ocrx_word' id='word_1_519' title='bbox 1355 5373 1520 5429; x_wconf 92' lang='lat' dir='ltr'><strong>corde</strong></span> <span class='ocrx_word' id='word_1_520' title='bbox 1549 5379 1782 5444; x_wconf 84' lang='lat' dir='ltr'><strong>vocavit,</strong></span> <span class='ocrx_word' id='word_1_521' title='bbox 1827 5381 1943 5436; x_wconf 85' lang='lat' dir='ltr'><strong>sive</strong></span> <span class='ocrx_word' id='word_1_522' title='bbox 1986 5397 2082 5438; x_wconf 81' lang='lat' dir='ltr'><strong>eos</strong></span> 
     </span>
    </p>
   </div>
   <div class='ocr_carea' id='block_1_72' title="bbox 509 5451 2084 5536">
    <p class='ocr_par' dir='ltr' id='par_1_72' title="bbox 509 5451 2084 5536">
     <span class='ocr_line' id='line_1_72' title="bbox 509 5451 2084 5536; baseline 0.022 -38"><span class='ocrx_word' id='word_1_523' title='bbox 509 5451 602 5520; x_wconf 89' lang='lat' dir='ltr'><strong>qni</strong></span> <span class='ocrx_word' id='word_1_524' title='bbox 632 5453 970 5508; x_wconf 89' lang='lat' dir='ltr'><strong>conscientia</strong></span> <span class='ocrx_word' id='word_1_525' title='bbox 1012 5457 1271 5528; x_wconf 77' lang='lat' dir='ltr'><strong>improbis</strong></span> <span class='ocrx_word' id='word_1_526' title='bbox 1301 5466 1723 5536; x_wconf 84' lang='lat' dir='ltr'><strong>cogitationibus</strong></span> <span class='ocrx_word' id='word_1_527' title='bbox 1752 5482 1951 5528; x_wconf 86' lang='lat' dir='ltr'><strong>onusta</strong></span> <span class='ocrx_word' id='word_1_528' title='bbox 1995 5491 2084 5531; x_wconf 88' lang='lat' dir='ltr'><strong>es-</strong></span> 
     </span>
    </p>
   </div>
   <div class='ocr_carea' id='block_1_73' title="bbox 509 5543 2082 5636">
    <p class='ocr_par' dir='ltr' id='par_1_73' title="bbox 509 5543 2082 5636">
     <span class='ocr_line' id='line_1_73' title="bbox 509 5543 2082 5636; baseline 0.017 -40"><span class='ocrx_word' id='word_1_529' title='bbox 509 5551 652 5596; x_wconf 88' lang='lat' dir='ltr'><strong>sent.</strong></span> <span class='ocrx_word' id='word_1_530' title='bbox 691 5543 840 5608; x_wconf 89' lang='lat' dir='ltr'><strong>Quos</strong></span> <span class='ocrx_word' id='word_1_531' title='bbox 874 5549 1043 5602; x_wconf 86' lang='lat' dir='ltr'><strong>verbo</strong></span> <span class='ocrx_word' id='word_1_532' title='bbox 1079 5552 1360 5612; x_wconf 86' lang='lat' dir='ltr'><strong>incessens</strong></span> <span class='ocrx_word' id='word_1_533' title='bbox 1390 5560 1465 5613; x_wconf 91' lang='lat' dir='ltr'><strong>ait</strong></span> <span class='ocrx_word' id='word_1_534' title='bbox 1493 5580 1503 5614; x_wconf 93' lang='lat'>:</span> <span class='ocrx_word' id='word_1_535' title='bbox 1532 5561 1827 5633; x_wconf 86' lang='lat' dir='ltr'><strong>Usquequo</strong></span> <span class='ocrx_word' id='word_1_536' title='bbox 1859 5566 1913 5619; x_wconf 93' lang='lat' dir='ltr'><strong>in</strong></span> <span class='ocrx_word' id='word_1_537' title='bbox 1955 5582 2082 5636; x_wconf 83' lang='lat' dir='ltr'><strong>pec-</strong></span> 
     </span>
    </p>
   </div>
   <div class='ocr_carea' id='block_1_74' title="bbox 509 5639 2080 5718">
    <p class='ocr_par' dir='ltr' id='par_1_74' title="bbox 509 5639 2080 5718">
     <span class='ocr_line' id='line_1_74' title="bbox 509 5639 2080 5718; baseline 0.017 -29"><span class='ocrx_word' id='word_1_538' title='bbox 509 5639 648 5690; x_wconf 89' lang='lat' dir='ltr'><strong>catis</strong></span> <span class='ocrx_word' id='word_1_539' title='bbox 697 5643 894 5698; x_wconf 88' lang='lat' dir='ltr'><strong>vestris</strong></span> <span class='ocrx_word' id='word_1_540' title='bbox 943 5652 1380 5718; x_wconf 85' lang='lat' dir='ltr'><strong>perseverabitis,</strong></span> <span class='ocrx_word' id='word_1_541' title='bbox 1423 5672 1547 5711; x_wconf 89' lang='lat' dir='ltr'><strong>eum</strong></span> <span class='ocrx_word' id='word_1_542' title='bbox 1594 5658 1966 5715; x_wconf 87' lang='lat' dir='ltr'><strong>festinandum</strong></span> <span class='ocrx_word' id='word_1_543' title='bbox 2013 5661 2080 5716; x_wconf 90' lang='lat' dir='ltr'><strong>ad</strong></span> 
     </span>
    </p>
   </div>
   <div class='ocr_carea' id='block_1_75' title="bbox 586 5795 1993 5881">
    <p class='ocr_par' dir='ltr' id='par_1_75' title="bbox 586 5795 1993 5881">
     <span class='ocr_line' id='line_1_75' title="bbox 586 5795 1993 5881; baseline 0.018 -35"><span class='ocrx_word' id='word_1_544' title='bbox 586 5795 627 5826; x_wconf 75' lang='grc'><strong>⁸⁸</strong></span> <span class='ocrx_word' id='word_1_545' title='bbox 674 5795 713 5848; x_wconf 93' lang='grc'><strong>11</strong></span> <span class='ocrx_word' id='word_1_546' title='bbox 747 5797 872 5853; x_wconf 90' lang='lat' dir='ltr'><strong>Cor.</strong></span> <span class='ocrx_word' id='word_1_547' title='bbox 909 5819 987 5868; x_wconf 87' lang='lat' dir='ltr'><strong>Iv,</strong></span> <span class='ocrx_word' id='word_1_548' title='bbox 1027 5805 1078 5860; x_wconf 91' lang='lat'><strong>8.</strong></span> <span class='ocrx_word' id='word_1_549' title='bbox 1158 5809 1201 5840; x_wconf 77' lang='lat'>&quot;</span> <span class='ocrx_word' id='word_1_550' title='bbox 1241 5810 1384 5866; x_wconf 85' lang='lat' dir='ltr'><strong>Psal.</strong></span> <span class='ocrx_word' id='word_1_551' title='bbox 1424 5830 1515 5881; x_wconf 81' lang='grc' dir='ltr'>ιιι,</span> <span class='ocrx_word' id='word_1_552' title='bbox 1555 5816 1610 5873; x_wconf 75' lang='lat'><strong>2.</strong></span> <span class='ocrx_word' id='word_1_553' title='bbox 1685 5817 1729 5850; x_wconf 74' lang='lat'>“</span> <span class='ocrx_word' id='word_1_554' title='bbox 1770 5818 1900 5872; x_wconf 86' lang='lat' dir='ltr'><strong>ibid.</strong></span> <span class='ocrx_word' id='word_1_555' title='bbox 1939 5819 1993 5872; x_wconf 74' lang='grc'><strong>4.</strong></span> 
     </span>
    </p>
   </div>
   <div class='ocr_carea' id='block_1_76' title="bbox 2193 1927 3772 2001">
    <p class='ocr_par' dir='ltr' id='par_1_76' title="bbox 2193 1927 3772 2001">
     <span class='ocr_line' id='line_1_76' title="bbox 2193 1927 3772 2001; baseline 0.001 -22"><span class='ocrx_word' id='word_1_556' title='bbox 2193 1930 2294 1999; x_wconf 79' lang='grc' dir='ltr'>τὴν</span> <span class='ocrx_word' id='word_1_557' title='bbox 2325 1927 2463 1981; x_wconf 83' lang='grc' dir='ltr'><strong>κατά</strong></span> <span class='ocrx_word' id='word_1_558' title='bbox 2488 1928 2582 1982; x_wconf 91' lang='grc' dir='ltr'><strong>τοῦ</strong></span> <span class='ocrx_word' id='word_1_559' title='bbox 2610 1928 2959 1998; x_wconf 48' lang='grc' dir='ltr'>Ἀδεσσαᾘομ</span> <span class='ocrx_word' id='word_1_560' title='bbox 2980 1930 3165 2000; x_wconf 71' lang='grc' dir='ltr'>νίκην*</span> <span class='ocrx_word' id='word_1_561' title='bbox 3208 1931 3326 2001; x_wconf 80' lang='grc' dir='ltr'>μεθ’</span> <span class='ocrx_word' id='word_1_562' title='bbox 3357 1929 3414 1982; x_wconf 85' lang='grc' dir='ltr'>ὃν</span> <span class='ocrx_word' id='word_1_563' title='bbox 3456 1927 3621 1998; x_wconf 74' lang='grc' dir='ltr'>ὕμνον</span> <span class='ocrx_word' id='word_1_564' title='bbox 3653 1929 3772 1981; x_wconf 54' lang='grc' dir='ltr'>ἐπιδ</span> 
     </span>
    </p>
   </div>
   <div class='ocr_carea' id='block_1_77' title="bbox 2194 2019 3771 2093">
    <p class='ocr_par' dir='ltr' id='par_1_77' title="bbox 2194 2019 3771 2093">
     <span class='ocr_line' id='line_1_77' title="bbox 2194 2019 3771 2093; baseline 0 -21"><span class='ocrx_word' id='word_1_565' title='bbox 2194 2023 2364 2073; x_wconf 85' lang='grc' dir='ltr'>νίκιον</span> <span class='ocrx_word' id='word_1_566' title='bbox 2392 2020 2469 2090; x_wconf 75' lang='grc' dir='ltr'>τῷ</span> <span class='ocrx_word' id='word_1_567' title='bbox 2500 2021 2759 2093; x_wconf 82' lang='grc' dir='ltr'>νικοποιῷ</span> <span class='ocrx_word' id='word_1_568' title='bbox 2788 2021 2906 2092; x_wconf 85' lang='grc' dir='ltr'><strong>Θεῴ</strong></span> <span class='ocrx_word' id='word_1_569' title='bbox 2935 2021 3217 2092; x_wconf 79' lang='grc' dir='ltr'>ἀνατίθησι</span> <span class='ocrx_word' id='word_1_570' title='bbox 3250 2021 3341 2074; x_wconf 86' lang='grc' dir='ltr'><strong>τὸν</strong></span> <span class='ocrx_word' id='word_1_571' title='bbox 3375 2020 3617 2091; x_wconf 82' lang='grc' dir='ltr'>παρόντα</span> <span class='ocrx_word' id='word_1_572' title='bbox 3637 2019 3771 2088; x_wconf 75' lang='grc' dir='ltr'>ψαλ-</span> 
     </span>
    </p>
   </div>
   <div class='ocr_carea' id='block_1_78' title="bbox 2199 2105 3771 2184">
    <p class='ocr_par' dir='ltr' id='par_1_78' title="bbox 2199 2105 3771 2184">
     <span class='ocr_line' id='line_1_78' title="bbox 2199 2105 3771 2184; baseline 0.001 -21"><span class='ocrx_word' id='word_1_573' title='bbox 2199 2105 2316 2182; x_wconf 88' lang='grc' dir='ltr'>μὸν,</span> <span class='ocrx_word' id='word_1_574' title='bbox 2342 2111 2407 2164; x_wconf 83' lang='grc' dir='ltr'><strong>δι’</strong></span> <span class='ocrx_word' id='word_1_575' title='bbox 2435 2106 2496 2164; x_wconf 70' lang='grc' dir='ltr'><strong>οὗ</strong></span> <span class='ocrx_word' id='word_1_576' title='bbox 2527 2113 2620 2166; x_wconf 68' lang='grc' dir='ltr'>καὶ</span> <span class='ocrx_word' id='word_1_577' title='bbox 2641 2114 2800 2184; x_wconf 78' lang='grc' dir='ltr'>ἡμεῖς</span> <span class='ocrx_word' id='word_1_578' title='bbox 2828 2112 3186 2183; x_wconf 82' lang='grc' dir='ltr'>παιδευόμεθα</span> <span class='ocrx_word' id='word_1_579' title='bbox 3212 2112 3285 2184; x_wconf 82' lang='grc' dir='ltr'>μὴ</span> <span class='ocrx_word' id='word_1_580' title='bbox 3311 2114 3640 2183; x_wconf 85' lang='grc' dir='ltr'>ἀμνημονεῖν</span> <span class='ocrx_word' id='word_1_581' title='bbox 3665 2112 3771 2165; x_wconf 83' lang='grc' dir='ltr'><strong>τῶν</strong></span> 
     </span>
    </p>
   </div>
   <div class='ocr_carea' id='block_1_79' title="bbox 2193 2199 3772 2273">
    <p class='ocr_par' dir='ltr' id='par_1_79' title="bbox 2193 2199 3772 2273">
     <span class='ocr_line' id='line_1_79' title="bbox 2193 2199 3772 2273; baseline 0.002 -20"><span class='ocrx_word' id='word_1_582' title='bbox 2193 2201 2286 2254; x_wconf 85' lang='grc' dir='ltr'><strong>τοῦ</strong></span> <span class='ocrx_word' id='word_1_583' title='bbox 2320 2201 2454 2254; x_wconf 79' lang='grc' dir='ltr'>Θεοῦ</span> <span class='ocrx_word' id='word_1_584' title='bbox 2488 2204 2564 2264; x_wconf 85' lang='grc' dir='ltr'>εἰς</span> <span class='ocrx_word' id='word_1_585' title='bbox 2608 2204 2756 2273; x_wconf 77' lang='grc' dir='ltr'>ἡμᾶς</span> <span class='ocrx_word' id='word_1_586' title='bbox 2787 2201 3134 2273; x_wconf 78' lang='grc' dir='ltr'>εὐεργεσιῶν.</span> <span class='ocrx_word' id='word_1_587' title='bbox 3174 2204 3410 2265; x_wconf 77' lang='grc' dir='ltr'><strong>Εἰκότως</strong></span> <span class='ocrx_word' id='word_1_588' title='bbox 3447 2199 3539 2257; x_wconf 73' lang='grc' dir='ltr'>οὖν</span> <span class='ocrx_word' id='word_1_589' title='bbox 3580 2203 3636 2256; x_wconf 82' lang='grc' dir='ltr'><strong>ἐν</strong></span> <span class='ocrx_word' id='word_1_590' title='bbox 3673 2202 3772 2272; x_wconf 80' lang='grc' dir='ltr'>μὲν</span> 
     </span>
    </p>
   </div>
   <div class='ocr_carea' id='block_1_80' title="bbox 2193 2293 3772 2365">
    <p class='ocr_par' dir='ltr' id='par_1_80' title="bbox 2193 2293 3772 2365">
     <span class='ocr_line' id='line_1_80' title="bbox 2193 2293 3772 2365; baseline 0.001 -19"><span class='ocrx_word' id='word_1_591' title='bbox 2193 2293 2271 2364; x_wconf 80' lang='grc' dir='ltr'>τῷ</span> <span class='ocrx_word' id='word_1_592' title='bbox 2301 2294 2407 2365; x_wconf 90' lang='grc' dir='ltr'><strong>πρὸ</strong></span> <span class='ocrx_word' id='word_1_593' title='bbox 2435 2293 2624 2346; x_wconf 86' lang='grc' dir='ltr'>τούτου</span> <span class='ocrx_word' id='word_1_594' title='bbox 2655 2293 2838 2361; x_wconf 77' lang='grc' dir='ltr'>ἔλεγεν</span> <span class='ocrx_word' id='word_1_595' title='bbox 2858 2311 2870 2324; x_wconf 78' lang='grc'><em>’</em></span> <span class='ocrx_word' id='word_1_596' title='bbox 2904 2295 3101 2362; x_wconf 76' lang='grc' dir='ltr'>Κύριε,</span> <span class='ocrx_word' id='word_1_597' title='bbox 3127 2295 3184 2347; x_wconf 83' lang='grc' dir='ltr'><strong>τί</strong></span> <span class='ocrx_word' id='word_1_598' title='bbox 3211 2295 3683 2363; x_wconf 61' lang='grc' dir='ltr'>ἐπυίηθύνθησαν</span> <span class='ocrx_word' id='word_1_599' title='bbox 3719 2296 3772 2348; x_wconf 84' lang='lat' dir='ltr'><strong>ot</strong></span> 
     </span>
    </p>
   </div>
   <div class='ocr_carea' id='block_1_81' title="bbox 2194 2381 3766 2452">
    <p class='ocr_par' dir='ltr' id='par_1_81' title="bbox 2194 2381 3766 2452">
     <span class='ocr_line' id='line_1_81' title="bbox 2194 2381 3766 2452; baseline 0.001 -17"><span class='ocrx_word' id='word_1_600' title='bbox 2194 2381 2500 2448; x_wconf 78' lang='grc' dir='ltr'>θλίϐοντές</span> <span class='ocrx_word' id='word_1_601' title='bbox 2524 2398 2600 2450; x_wconf 76' lang='grc' dir='ltr'><strong>με</strong></span> <span class='ocrx_word' id='word_1_602' title='bbox 2621 2395 2638 2444; x_wconf 88' lang='lat'><em>;</em></span> <span class='ocrx_word' id='word_1_603' title='bbox 2662 2384 2718 2434; x_wconf 86' lang='grc' dir='ltr'>ὲν</span> <span class='ocrx_word' id='word_1_604' title='bbox 2741 2383 2796 2434; x_wconf 83' lang='grc' dir='ltr'>δὲ</span> <span class='ocrx_word' id='word_1_605' title='bbox 2818 2385 3019 2452; x_wconf 77' lang='grc' dir='ltr'>τούτῳ·</span> <span class='ocrx_word' id='word_1_606' title='bbox 3059 2384 3162 2437; x_wconf 79' lang='grc' dir='ltr'><strong>Ἐν</strong></span> <span class='ocrx_word' id='word_1_607' title='bbox 3193 2385 3396 2452; x_wconf 70' lang='grc' dir='ltr'>θλίψει</span> <span class='ocrx_word' id='word_1_608' title='bbox 3430 2381 3766 2450; x_wconf 76' lang='grc' dir='ltr'>ὲπλάτυνάς</span> 
     </span>
    </p>
   </div>
   <div class='ocr_carea' id='block_1_82' title="bbox 2188 2474 3773 2547">
    <p class='ocr_par' dir='ltr' id='par_1_82' title="bbox 2188 2474 3773 2547">
     <span class='ocr_line' id='line_1_82' title="bbox 2188 2474 3773 2547; baseline 0.001 -20"><span class='ocrx_word' id='word_1_609' title='bbox 2188 2492 2282 2543; x_wconf 81' lang='grc' dir='ltr'>με.</span> <span class='ocrx_word' id='word_1_610' title='bbox 2315 2474 2475 2542; x_wconf 82' lang='grc' dir='ltr'>Λέγει</span> <span class='ocrx_word' id='word_1_611' title='bbox 2507 2474 2564 2526; x_wconf 81' lang='grc' dir='ltr'>δὲ</span> <span class='ocrx_word' id='word_1_612' title='bbox 2602 2475 2773 2527; x_wconf 83' lang='grc' dir='ltr'>ταῦτα</span> <span class='ocrx_word' id='word_1_613' title='bbox 2806 2475 2932 2546; x_wconf 70' lang='grc' dir='ltr'>περὶ</span> <span class='ocrx_word' id='word_1_614' title='bbox 2979 2475 3074 2547; x_wconf 79' lang='grc' dir='ltr'>τῆς</span> <span class='ocrx_word' id='word_1_615' title='bbox 3112 2476 3249 2528; x_wconf 86' lang='grc' dir='ltr'><strong>κατά</strong></span> <span class='ocrx_word' id='word_1_616' title='bbox 3281 2477 3371 2528; x_wconf 90' lang='grc' dir='ltr'><strong>τὸν</strong></span> <span class='ocrx_word' id='word_1_617' title='bbox 3423 2476 3773 2547; x_wconf 79' lang='grc' dir='ltr'>Ἀϐεσσαλὼμ</span> 
     </span>
    </p>
   </div>
   <div class='ocr_carea' id='block_1_83' title="bbox 2197 2565 3771 2639">
    <p class='ocr_par' dir='ltr' id='par_1_83' title="bbox 2197 2565 3771 2639">
     <span class='ocr_line' id='line_1_83' title="bbox 2197 2565 3771 2639; baseline 0.001 -21"><span class='ocrx_word' id='word_1_618' title='bbox 2197 2569 2508 2636; x_wconf 65' lang='grc' dir='ltr'>συμφοράς’</span> <span class='ocrx_word' id='word_1_619' title='bbox 2541 2565 2661 2618; x_wconf 85' lang='grc' dir='ltr'>καθ’</span> <span class='ocrx_word' id='word_1_620' title='bbox 2696 2566 2761 2637; x_wconf 81' lang='grc' dir='ltr'>ἢν</span> <span class='ocrx_word' id='word_1_621' title='bbox 2791 2566 2882 2619; x_wconf 83' lang='grc' dir='ltr'><strong>τὸν</strong></span> <span class='ocrx_word' id='word_1_622' title='bbox 2914 2567 3046 2622; x_wconf 84' lang='grc' dir='ltr'>Θεὸν</span> <span class='ocrx_word' id='word_1_623' title='bbox 3069 2567 3557 2639; x_wconf 79' lang='grc' dir='ltr'>ἐπικαλεσάμενος,</span> <span class='ocrx_word' id='word_1_624' title='bbox 3587 2568 3771 2639; x_wconf 73' lang='grc' dir='ltr'>ἔτυχεν</span> 
     </span>
    </p>
   </div>
   <div class='ocr_carea' id='block_1_84' title="bbox 2195 2659 3772 2730">
    <p class='ocr_par' dir='ltr' id='par_1_84' title="bbox 2195 2659 3772 2730">
     <span class='ocr_line' id='line_1_84' title="bbox 2195 2659 3772 2730; baseline 0.001 -18"><span class='ocrx_word' id='word_1_625' title='bbox 2195 2659 2356 2712; x_wconf 74' lang='grc' dir='ltr'>αὑτοῦ</span> <span class='ocrx_word' id='word_1_626' title='bbox 2383 2660 2617 2729; x_wconf 77' lang='grc' dir='ltr'><strong>ἐπηκόου</strong></span> <span class='ocrx_word' id='word_1_627' title='bbox 2637 2677 2652 2692; x_wconf 77' lang='grc' dir='ltr'><strong><em>ο</em></strong></span> <span class='ocrx_word' id='word_1_628' title='bbox 2687 2677 2781 2713; x_wconf 89' lang='grc' dir='ltr'><strong>και</strong></span> <span class='ocrx_word' id='word_1_629' title='bbox 2811 2659 3101 2730; x_wconf 81' lang='grc' dir='ltr'>γενόμενος</span> <span class='ocrx_word' id='word_1_630' title='bbox 3127 2662 3182 2713; x_wconf 85' lang='grc' dir='ltr'>ὲν</span> <span class='ocrx_word' id='word_1_631' title='bbox 3211 2660 3387 2729; x_wconf 73' lang='grc' dir='ltr'>θλίψει</span> <span class='ocrx_word' id='word_1_632' title='bbox 3406 2660 3492 2714; x_wconf 83' lang='grc' dir='ltr'><strong>διὰ</strong></span> <span class='ocrx_word' id='word_1_633' title='bbox 3516 2661 3607 2714; x_wconf 88' lang='grc' dir='ltr'><strong>τὸν</strong></span> <span class='ocrx_word' id='word_1_634' title='bbox 3624 2659 3772 2726; x_wconf 80' lang='grc' dir='ltr'>λαὸν,</span> 
     </span>
    </p>
   </div>
   <div class='ocr_carea' id='block_1_85' title="bbox 2195 2746 3772 2820">
    <p class='ocr_par' dir='ltr' id='par_1_85' title="bbox 2195 2746 3772 2820">
     <span class='ocr_line' id='line_1_85' title="bbox 2195 2746 3772 2820; baseline 0.004 -22"><span class='ocrx_word' id='word_1_635' title='bbox 2195 2747 2289 2799; x_wconf 72' lang='grc' dir='ltr'>καὶ</span> <span class='ocrx_word' id='word_1_636' title='bbox 2320 2746 2414 2817; x_wconf 78' lang='grc' dir='ltr'>τὴν</span> <span class='ocrx_word' id='word_1_637' title='bbox 2451 2747 2679 2801; x_wconf 77' lang='grc' dir='ltr'>κιϐωτὸν</span> <span class='ocrx_word' id='word_1_638' title='bbox 2709 2747 2805 2801; x_wconf 88' lang='grc' dir='ltr'><strong>τοῦ</strong></span> <span class='ocrx_word' id='word_1_639' title='bbox 2833 2748 2989 2814; x_wconf 82' lang='grc' dir='ltr'>Θεοῦ,</span> <span class='ocrx_word' id='word_1_640' title='bbox 3025 2751 3258 2814; x_wconf 87' lang='grc' dir='ltr'>ἀνέσεως</span> <span class='ocrx_word' id='word_1_641' title='bbox 3293 2752 3384 2803; x_wconf 79' lang='grc' dir='ltr'>καὶ</span> <span class='ocrx_word' id='word_1_642' title='bbox 3414 2751 3772 2820; x_wconf 78' lang='grc' dir='ltr'>πλατυσμοῦ</span> 
     </span>
    </p>
   </div>
   <div class='ocr_carea' id='block_1_86' title="bbox 2193 2837 3772 2915">
    <p class='ocr_par' dir='ltr' id='par_1_86' title="bbox 2193 2837 3772 2915">
     <span class='ocr_line' id='line_1_86' title="bbox 2193 2837 3772 2915; baseline 0.005 -26"><span class='ocrx_word' id='word_1_643' title='bbox 2193 2837 2399 2910; x_wconf 68' lang='grc' dir='ltr'>ἠξιώθη</span> <span class='ocrx_word' id='word_1_644' title='bbox 2421 2881 2434 2903; x_wconf 96' lang='grc'><strong>,</strong></span> <span class='ocrx_word' id='word_1_645' title='bbox 2472 2841 2826 2911; x_wconf 78' lang='grc' dir='ltr'>παυσαμένου</span> <span class='ocrx_word' id='word_1_646' title='bbox 2871 2842 2968 2912; x_wconf 80' lang='grc' dir='ltr'>μὲν</span> <span class='ocrx_word' id='word_1_647' title='bbox 3002 2841 3092 2896; x_wconf 83' lang='grc' dir='ltr'><strong>τοῦ</strong></span> <span class='ocrx_word' id='word_1_648' title='bbox 3151 2843 3419 2913; x_wconf 85' lang='grc' dir='ltr'>πολέμου,</span> <span class='ocrx_word' id='word_1_649' title='bbox 3463 2845 3683 2915; x_wconf 77' lang='grc' dir='ltr'>εἰρήνης</span> <span class='ocrx_word' id='word_1_650' title='bbox 3716 2844 3772 2897; x_wconf 80' lang='grc' dir='ltr'>δὲ</span> 
     </span>
    </p>
   </div>
   <div class='ocr_carea' id='block_1_87' title="bbox 2197 2932 3772 3009">
    <p class='ocr_par' dir='ltr' id='par_1_87' title="bbox 2197 2932 3772 3009">
     <span class='ocr_line' id='line_1_87' title="bbox 2197 2932 3772 3009; baseline 0.005 -24"><span class='ocrx_word' id='word_1_651' title='bbox 2197 2932 2502 3005; x_wconf 81' lang='grc' dir='ltr'>βαθυτάτης</span> <span class='ocrx_word' id='word_1_652' title='bbox 2555 2937 2918 3009; x_wconf 75' lang='grc' dir='ltr'>διαλαὸούσης</span> <span class='ocrx_word' id='word_1_653' title='bbox 2964 2941 3124 2993; x_wconf 76' lang='grc' dir='ltr'>αὐτὸν</span> <span class='ocrx_word' id='word_1_654' title='bbox 3175 2957 3234 2992; x_wconf 82' lang='grc' dir='ltr'><strong>τε</strong></span> <span class='ocrx_word' id='word_1_655' title='bbox 3316 2941 3407 2994; x_wconf 67' lang='grc' dir='ltr'>καὶ</span> <span class='ocrx_word' id='word_1_656' title='bbox 3456 2945 3630 2995; x_wconf 88' lang='grc' dir='ltr'>πάντα</span> <span class='ocrx_word' id='word_1_657' title='bbox 3680 2940 3772 2993; x_wconf 90' lang='grc' dir='ltr'><strong>τὸν</strong></span> 
     </span>
    </p>
   </div>
   <div class='ocr_carea' id='block_1_88' title="bbox 2194 3025 3771 3102">
    <p class='ocr_par' dir='ltr' id='par_1_88' title="bbox 2194 3025 3771 3102">
     <span class='ocr_line' id='line_1_88' title="bbox 2194 3025 3771 3102; baseline 0.005 -25"><span class='ocrx_word' id='word_1_658' title='bbox 2194 3025 2339 3078; x_wconf 88' lang='grc' dir='ltr'>λαόν.</span> <span class='ocrx_word' id='word_1_659' title='bbox 2373 3029 2442 3079; x_wconf 85' lang='grc' dir='ltr'>Ἤ</span> <span class='ocrx_word' id='word_1_660' title='bbox 2473 3028 2646 3094; x_wconf 80' lang='grc' dir='ltr'>ἄλλως</span> <span class='ocrx_word' id='word_1_661' title='bbox 2677 3030 2824 3099; x_wconf 86' lang='grc' dir='ltr'>λέγει</span> <span class='ocrx_word' id='word_1_662' title='bbox 2849 3031 3023 3085; x_wconf 87' lang='grc' dir='ltr'>ταῦτα</span> <span class='ocrx_word' id='word_1_663' title='bbox 3057 3033 3149 3085; x_wconf 71' lang='grc' dir='ltr'>ἐπὶ</span> <span class='ocrx_word' id='word_1_664' title='bbox 3183 3032 3277 3085; x_wconf 87' lang='grc' dir='ltr'><strong>τοῦ</strong></span> <span class='ocrx_word' id='word_1_665' title='bbox 3309 3033 3646 3102; x_wconf 85' lang='grc' dir='ltr'>πταίσματος</span> <span class='ocrx_word' id='word_1_666' title='bbox 3672 3031 3771 3102; x_wconf 76' lang='grc' dir='ltr'>τῆς</span> 
     </span>
    </p>
   </div>
   <div class='ocr_carea' id='block_1_89' title="bbox 2194 3118 3772 3193">
    <p class='ocr_par' dir='ltr' id='par_1_89' title="bbox 2194 3118 3772 3193">
     <span class='ocr_line' id='line_1_89' title="bbox 2194 3118 3772 3193; baseline 0.005 -23"><span class='ocrx_word' id='word_1_667' title='bbox 2194 3118 2288 3170; x_wconf 86' lang='grc' dir='ltr'><strong>τοῦ</strong></span> <span class='ocrx_word' id='word_1_668' title='bbox 2320 3120 2538 3190; x_wconf 74' lang='grc' dir='ltr'>Οὐρίου,</span> <span class='ocrx_word' id='word_1_669' title='bbox 2568 3124 2662 3175; x_wconf 72' lang='grc' dir='ltr'>καὶ</span> <span class='ocrx_word' id='word_1_670' title='bbox 2691 3125 2723 3193; x_wconf 83' lang='grc' dir='ltr'><strong>ἡ</strong></span> <span class='ocrx_word' id='word_1_671' title='bbox 2751 3123 2846 3176; x_wconf 86' lang='grc' dir='ltr'><strong>τοῦ</strong></span> <span class='ocrx_word' id='word_1_672' title='bbox 2871 3124 2986 3177; x_wconf 77' lang='grc' dir='ltr'>υἱοῦ</span> <span class='ocrx_word' id='word_1_673' title='bbox 3021 3125 3404 3188; x_wconf 78' lang='grc' dir='ltr'>ἐπανάστασις,</span> <span class='ocrx_word' id='word_1_674' title='bbox 3443 3125 3536 3177; x_wconf 74' lang='grc' dir='ltr'>καὶ</span> <span class='ocrx_word' id='word_1_675' title='bbox 3570 3125 3637 3179; x_wconf 81' lang='grc' dir='ltr'><strong>τὰ</strong></span> <span class='ocrx_word' id='word_1_676' title='bbox 3668 3125 3772 3178; x_wconf 82' lang='grc' dir='ltr'>λοι-</span> 
     </span>
    </p>
   </div>
   <div class='ocr_carea' id='block_1_90' title="bbox 2191 3207 3768 3288">
    <p class='ocr_par' dir='ltr' id='par_1_90' title="bbox 2191 3207 3768 3288">
     <span class='ocr_line' id='line_1_90' title="bbox 2191 3207 3768 3288; baseline 0.005 -28"><span class='ocrx_word' id='word_1_677' title='bbox 2191 3207 2267 3261; x_wconf 87' lang='grc' dir='ltr'><strong>πά</strong></span> <span class='ocrx_word' id='word_1_678' title='bbox 2294 3209 2470 3264; x_wconf 83' lang='grc' dir='ltr'>πάντα</span> <span class='ocrx_word' id='word_1_679' title='bbox 2495 3213 2561 3265; x_wconf 77' lang='grc' dir='ltr'>τὰ</span> <span class='ocrx_word' id='word_1_680' title='bbox 2583 3214 2724 3268; x_wconf 76' lang='grc' dir='ltr'>κατὰ</span> <span class='ocrx_word' id='word_1_681' title='bbox 2746 3214 2835 3267; x_wconf 88' lang='grc' dir='ltr'><strong>τὸν</strong></span> <span class='ocrx_word' id='word_1_682' title='bbox 2855 3211 2998 3269; x_wconf 70' lang='grc' dir='ltr'>οἷκον</span> <span class='ocrx_word' id='word_1_683' title='bbox 3017 3214 3163 3269; x_wconf 71' lang='grc' dir='ltr'>κακὰ</span> <span class='ocrx_word' id='word_1_684' title='bbox 3185 3215 3220 3269; x_wconf 72' lang='grc' dir='ltr'><strong>ἃ.</strong></span> <span class='ocrx_word' id='word_1_685' title='bbox 3243 3215 3582 3288; x_wconf 77' lang='grc' dir='ltr'>συμϐέϐηκεν</span> <span class='ocrx_word' id='word_1_686' title='bbox 3604 3216 3768 3286; x_wconf 79' lang='grc' dir='ltr'>αὐτῷ.</span> 
     </span>
    </p>
   </div>
   <div class='ocr_carea' id='block_1_91' title="bbox 2204 3300 3775 3380">
    <p class='ocr_par' dir='ltr' id='par_1_91' title="bbox 2204 3300 3775 3380">
     <span class='ocr_line' id='line_1_91' title="bbox 2204 3300 3775 3380; baseline 0.007 -29"><span class='ocrx_word' id='word_1_687' title='bbox 2204 3300 2327 3352; x_wconf 80' lang='grc' dir='ltr'>Ἐπὶ</span> <span class='ocrx_word' id='word_1_688' title='bbox 2350 3301 2558 3366; x_wconf 80' lang='grc' dir='ltr'>τούτοις</span> <span class='ocrx_word' id='word_1_689' title='bbox 2599 3305 2707 3376; x_wconf 72' lang='grc' dir='ltr'><strong>γὰρ</strong></span> <span class='ocrx_word' id='word_1_690' title='bbox 2744 3307 2933 3360; x_wconf 78' lang='grc' dir='ltr'>ἑαυτὸν</span> <span class='ocrx_word' id='word_1_691' title='bbox 2970 3307 3248 3370; x_wconf 81' lang='grc' dir='ltr'>κακώσας,</span> <span class='ocrx_word' id='word_1_692' title='bbox 3283 3309 3539 3380; x_wconf 70' lang='grc' dir='ltr'>μετανοίᾳ</span> <span class='ocrx_word' id='word_1_693' title='bbox 3582 3327 3640 3362; x_wconf 85' lang='grc' dir='ltr'><strong>τε</strong></span> <span class='ocrx_word' id='word_1_694' title='bbox 3683 3310 3775 3362; x_wconf 76' lang='grc' dir='ltr'>καὶ</span> 
     </span>
    </p>
   </div>
   <div class='ocr_carea' id='block_1_92' title="bbox 2192 3385 3774 3472">
    <p class='ocr_par' dir='ltr' id='par_1_92' title="bbox 2192 3391 3774 3472">
     <span class='ocr_line' id='line_1_92' title="bbox 2192 3391 3774 3472; baseline 0.008 -29"><span class='ocrx_word' id='word_1_695' title='bbox 2192 3391 2573 3466; x_wconf 75' lang='grc' dir='ltr'>ἐξομολογήσει</span> <span class='ocrx_word' id='word_1_696' title='bbox 2609 3398 2800 3451; x_wconf 81' lang='grc' dir='ltr'>ἑαυτὸν</span> <span class='ocrx_word' id='word_1_697' title='bbox 2849 3401 3159 3472; x_wconf 73' lang='grc' dir='ltr'>παραδοὺς,</span> <span class='ocrx_word' id='word_1_698' title='bbox 3219 3403 3313 3456; x_wconf 60' lang='grc' dir='ltr'><strong>καὶ¹</strong></span> <span class='ocrx_word' id='word_1_699' title='bbox 3364 3400 3442 3472; x_wconf 83' lang='grc' dir='ltr'>τῷ</span> <span class='ocrx_word' id='word_1_700' title='bbox 3475 3401 3774 3472; x_wconf 81' lang='grc' dir='ltr'>πταίσματι</span> 
     </span>
    </p>
   </div>
   <div class='ocr_carea' id='block_1_93' title="bbox 2189 3484 3775 3562">
    <p class='ocr_par' dir='ltr' id='par_1_93' title="bbox 2189 3484 3775 3562">
     <span class='ocr_line' id='line_1_93' title="bbox 2189 3484 3775 3562; baseline 0.006 -27"><span class='ocrx_word' id='word_1_701' title='bbox 2189 3484 2498 3552; x_wconf 64' lang='grc' dir='ltr'>ἐφαμίλλως</span> <span class='ocrx_word' id='word_1_702' title='bbox 2529 3489 2717 3541; x_wconf 83' lang='grc' dir='ltr'>ἑαυτὸν</span> <span class='ocrx_word' id='word_1_703' title='bbox 2757 3492 3234 3562; x_wconf 82' lang='grc' dir='ltr'>τιμωρησάμενος,</span> <span class='ocrx_word' id='word_1_704' title='bbox 3271 3493 3456 3562; x_wconf 79' lang='grc' dir='ltr'>ἔργοις</span> <span class='ocrx_word' id='word_1_705' title='bbox 3486 3511 3541 3546; x_wconf 88' lang='grc' dir='ltr'><strong>τε</strong></span> <span class='ocrx_word' id='word_1_706' title='bbox 3574 3493 3775 3547; x_wconf 83' lang='grc' dir='ltr'>δικαιο-</span> 
     </span>
    </p>
   </div>
   <div class='ocr_carea' id='block_1_94' title="bbox 2196 3573 3771 3654">
    <p class='ocr_par' dir='ltr' id='par_1_94' title="bbox 2196 3573 3771 3654">
     <span class='ocr_line' id='line_1_94' title="bbox 2196 3573 3771 3654; baseline 0.005 -28"><span class='ocrx_word' id='word_1_707' title='bbox 2196 3573 2360 3645; x_wconf 85' lang='grc' dir='ltr'>σύνης</span> <span class='ocrx_word' id='word_1_708' title='bbox 2398 3579 2492 3630; x_wconf 67' lang='grc' dir='ltr'>καὶ</span> <span class='ocrx_word' id='word_1_709' title='bbox 2523 3582 2755 3651; x_wconf 82' lang='grc' dir='ltr'>καρποῖς</span> <span class='ocrx_word' id='word_1_710' title='bbox 2779 3583 3002 3651; x_wconf 80' lang='grc' dir='ltr'>ἀγαθοῖς</span> <span class='ocrx_word' id='word_1_711' title='bbox 3032 3585 3212 3654; x_wconf 84' lang='grc' dir='ltr'>πάσης</span> <span class='ocrx_word' id='word_1_712' title='bbox 3244 3584 3490 3647; x_wconf 80' lang='grc' dir='ltr'>εὐποιίας</span> <span class='ocrx_word' id='word_1_713' title='bbox 3520 3584 3611 3638; x_wconf 81' lang='grc' dir='ltr'><strong>τὸν</strong></span> <span class='ocrx_word' id='word_1_714' title='bbox 3643 3584 3771 3635; x_wconf 62' lang='grc' dir='ltr'>Θεὸν</span> 
     </span>
    </p>
   </div>
   <div class='ocr_carea' id='block_1_95' title="bbox 2195 3667 3773 3746">
    <p class='ocr_par' dir='ltr' id='par_1_95' title="bbox 2195 3667 3773 3746">
     <span class='ocr_line' id='line_1_95' title="bbox 2195 3667 3773 3746; baseline 0.004 -26"><span class='ocrx_word' id='word_1_715' title='bbox 2195 3667 2532 3737; x_wconf 83' lang='grc' dir='ltr'>ἱλασάμενος,</span> <span class='ocrx_word' id='word_1_716' title='bbox 2563 3672 2655 3724; x_wconf 74' lang='grc' dir='ltr'><strong>καὶ</strong></span> <span class='ocrx_word' id='word_1_717' title='bbox 2686 3673 2862 3744; x_wconf 86' lang='grc' dir='ltr'>τυχὼν</span> <span class='ocrx_word' id='word_1_718' title='bbox 2895 3675 3227 3744; x_wconf 81' lang='grc' dir='ltr'>ἐπαγγελίας</span> <span class='ocrx_word' id='word_1_719' title='bbox 3253 3675 3482 3746; x_wconf 81' lang='grc' dir='ltr'>ἀγαθῆς,</span> <span class='ocrx_word' id='word_1_720' title='bbox 3511 3675 3578 3728; x_wconf 86' lang='grc' dir='ltr'>δι’</span> <span class='ocrx_word' id='word_1_721' title='bbox 3603 3675 3669 3744; x_wconf 77' lang='grc' dir='ltr'>ἣν</span> <span class='ocrx_word' id='word_1_722' title='bbox 3696 3673 3773 3744; x_wconf 80' lang='grc' dir='ltr'><strong>τῷ</strong></span> 
     </span>
    </p>
   </div>
   <div class='ocr_carea' id='block_1_96' title="bbox 2193 3757 3766 3836">
    <p class='ocr_par' dir='ltr' id='par_1_96' title="bbox 2193 3757 3766 3836">
     <span class='ocr_line' id='line_1_96' title="bbox 2193 3757 3766 3836; baseline 0.01 -26"><span class='ocrx_word' id='word_1_723' title='bbox 2193 3757 2297 3830; x_wconf 86' lang='grc' dir='ltr'><strong>πρὸ</strong></span> <span class='ocrx_word' id='word_1_724' title='bbox 2326 3760 2516 3814; x_wconf 87' lang='grc' dir='ltr'>τούτου</span> <span class='ocrx_word' id='word_1_725' title='bbox 2549 3763 2747 3834; x_wconf 70' lang='grc' dir='ltr'>ψαλμῷ</span> <span class='ocrx_word' id='word_1_726' title='bbox 2779 3766 3131 3836; x_wconf 73' lang='grc' dir='ltr'>προφητικῶς</span> <span class='ocrx_word' id='word_1_727' title='bbox 3146 3766 3295 3835; x_wconf 79' lang='grc' dir='ltr'>ἔλεγε</span> <span class='ocrx_word' id='word_1_728' title='bbox 3314 3783 3328 3799; x_wconf 77' lang='grc' dir='ltr'><strong><em>ο</em></strong></span> <span class='ocrx_word' id='word_1_729' title='bbox 3357 3767 3440 3820; x_wconf 88' lang='grc' dir='ltr'><strong>Σὺ</strong></span> <span class='ocrx_word' id='word_1_730' title='bbox 3465 3767 3550 3831; x_wconf 86' lang='grc' dir='ltr'>δὲ,</span> <span class='ocrx_word' id='word_1_731' title='bbox 3577 3768 3766 3833; x_wconf 72' lang='grc' dir='ltr'>Κύριε.</span> 
     </span>
    </p>
   </div>
   <div class='ocr_carea' id='block_1_97' title="bbox 2191 3850 3771 3929">
    <p class='ocr_par' dir='ltr' id='par_1_97' title="bbox 2191 3850 3771 3929">
     <span class='ocr_line' id='line_1_97' title="bbox 2191 3850 3771 3929; baseline 0.004 -24"><span class='ocrx_word' id='word_1_732' title='bbox 2191 3850 2569 3928; x_wconf 68' lang='grc' dir='ltr'>ἀντιλήπτωρ</span> <span class='ocrx_word' id='word_1_733' title='bbox 2613 3873 2728 3924; x_wconf 81' lang='grc' dir='ltr'>μου</span> <span class='ocrx_word' id='word_1_734' title='bbox 2755 3857 2828 3922; x_wconf 77' lang='grc' dir='ltr'>εἶ,</span> <span class='ocrx_word' id='word_1_735' title='bbox 2863 3857 3011 3921; x_wconf 79' lang='grc' dir='ltr'>δόξα</span> <span class='ocrx_word' id='word_1_736' title='bbox 3037 3876 3157 3927; x_wconf 81' lang='grc' dir='ltr'>μου</span> <span class='ocrx_word' id='word_1_737' title='bbox 3186 3859 3282 3912; x_wconf 75' lang='grc' dir='ltr'><strong>καί</strong></span> <span class='ocrx_word' id='word_1_738' title='bbox 3323 3859 3498 3929; x_wconf 69' lang='grc' dir='ltr'><strong>ὑψῶν</strong></span> <span class='ocrx_word' id='word_1_739' title='bbox 3523 3859 3635 3926; x_wconf 75' lang='grc' dir='ltr'><strong>τὴν</strong></span> <span class='ocrx_word' id='word_1_740' title='bbox 3675 3875 3771 3911; x_wconf 77' lang='grc' dir='ltr'>κε-</span> 
     </span>
    </p>
   </div>
   <div class='ocr_carea' id='block_1_98' title="bbox 2190 3943 3768 4024">
    <p class='ocr_par' dir='ltr' id='par_1_98' title="bbox 2190 3943 3768 4024">
     <span class='ocr_line' id='line_1_98' title="bbox 2190 3943 3768 4024; baseline 0.006 -29"><span class='ocrx_word' id='word_1_741' title='bbox 2190 3943 2396 4012; x_wconf 69' lang='grc' dir='ltr'><em>φαλήν</em></span> <span class='ocrx_word' id='word_1_742' title='bbox 2419 3963 2559 4013; x_wconf 79' lang='grc' dir='ltr'>μου,</span> <span class='ocrx_word' id='word_1_743' title='bbox 2583 3947 2676 3999; x_wconf 74' lang='grc' dir='ltr'>καὶ</span> <span class='ocrx_word' id='word_1_744' title='bbox 2707 3948 2777 4001; x_wconf 80' lang='grc' dir='ltr'>τὰ</span> <span class='ocrx_word' id='word_1_745' title='bbox 2808 3949 2968 4002; x_wconf 83' lang='grc' dir='ltr'>λοιπά</span> <span class='ocrx_word' id='word_1_746' title='bbox 3001 3951 3102 4004; x_wconf 84' lang='grc' dir='ltr'>ὅσα</span> <span class='ocrx_word' id='word_1_747' title='bbox 3125 3952 3362 4023; x_wconf 83' lang='grc' dir='ltr'>παρίστη</span> <span class='ocrx_word' id='word_1_748' title='bbox 3395 3953 3424 4005; x_wconf 87' lang='grc' dir='ltr'>ὁ</span> <span class='ocrx_word' id='word_1_749' title='bbox 3459 3951 3561 4024; x_wconf 87' lang='grc' dir='ltr'><strong>πρὸ</strong></span> <span class='ocrx_word' id='word_1_750' title='bbox 3583 3951 3768 4005; x_wconf 87' lang='grc' dir='ltr'>τούτου</span> 
     </span>
    </p>
   </div>
   <div class='ocr_carea' id='block_1_99' title="bbox 2189 4032 3772 4114">
    <p class='ocr_par' dir='ltr' id='par_1_99' title="bbox 2189 4032 3772 4114">
     <span class='ocr_line' id='line_1_99' title="bbox 2189 4032 3772 4114; baseline 0.006 -28"><span class='ocrx_word' id='word_1_751' title='bbox 2189 4032 2366 4102; x_wconf 83' lang='grc' dir='ltr'>λόγος,</span> <span class='ocrx_word' id='word_1_752' title='bbox 2400 4036 2709 4102; x_wconf 80' lang='grc' dir='ltr'>ἀκολούθως</span> <span class='ocrx_word' id='word_1_753' title='bbox 2739 4038 2825 4092; x_wconf 81' lang='grc' dir='ltr'><strong>διὰ</strong></span> <span class='ocrx_word' id='word_1_754' title='bbox 2867 4039 2976 4093; x_wconf 86' lang='grc' dir='ltr'><strong>τῶν</strong></span> <span class='ocrx_word' id='word_1_755' title='bbox 3011 4043 3388 4112; x_wconf 81' lang='grc' dir='ltr'>προκειμένων</span> <span class='ocrx_word' id='word_1_756' title='bbox 3425 4044 3621 4114; x_wconf 85' lang='grc' dir='ltr'>φησίν·</span> <span class='ocrx_word' id='word_1_757' title='bbox 3671 4045 3772 4098; x_wconf 81' lang='grc' dir='ltr'><strong>Ἐν</strong></span> 
     </span>
    </p>
   </div>
   <div class='ocr_carea' id='block_1_100' title="bbox 2189 4123 3770 4202">
    <p class='ocr_par' dir='ltr' id='par_1_100' title="bbox 2189 4123 3770 4202">
     <span class='ocr_line' id='line_1_100' title="bbox 2189 4123 3770 4202; baseline 0.008 -26"><span class='ocrx_word' id='word_1_758' title='bbox 2189 4123 2268 4189; x_wconf 81' lang='grc' dir='ltr'>τῷ</span> <span class='ocrx_word' id='word_1_759' title='bbox 2305 4126 2719 4182; x_wconf 75' lang='grc' dir='ltr'>ἐπικαλεῖσθαί</span> <span class='ocrx_word' id='word_1_760' title='bbox 2749 4147 2825 4199; x_wconf 85' lang='grc' dir='ltr'><strong>με</strong></span> <span class='ocrx_word' id='word_1_761' title='bbox 2868 4129 3196 4198; x_wconf 79' lang='grc' dir='ltr'>είσήκουσέ</span> <span class='ocrx_word' id='word_1_762' title='bbox 3243 4151 3361 4202; x_wconf 84' lang='grc' dir='ltr'><strong>μου</strong></span> <span class='ocrx_word' id='word_1_763' title='bbox 3403 4138 3436 4188; x_wconf 78' lang='grc' dir='ltr'><em>ὁ</em></span> <span class='ocrx_word' id='word_1_764' title='bbox 3475 4133 3619 4200; x_wconf 75' lang='grc' dir='ltr'>Θεὸς</span> <span class='ocrx_word' id='word_1_765' title='bbox 3660 4132 3770 4199; x_wconf 81' lang='grc' dir='ltr'>τῆς</span> 
     </span>
    </p>
   </div>
   <div class='ocr_carea' id='block_1_101' title="bbox 2189 4213 3762 4295">
    <p class='ocr_par' dir='ltr' id='par_1_101' title="bbox 2189 4213 3762 4295">
     <span class='ocr_line' id='line_1_101' title="bbox 2189 4213 3762 4295; baseline 0.008 -29"><span class='ocrx_word' id='word_1_766' title='bbox 2189 4213 2581 4284; x_wconf 71' lang='grc' dir='ltr'>δικαιοσύνης</span> <span class='ocrx_word' id='word_1_767' title='bbox 2623 4235 2774 4287; x_wconf 81' lang='grc' dir='ltr'>μου,</span> <span class='ocrx_word' id='word_1_768' title='bbox 2817 4221 2888 4273; x_wconf 80' lang='grc' dir='ltr'>ἐν</span> <span class='ocrx_word' id='word_1_769' title='bbox 2927 4223 3128 4290; x_wconf 65' lang='grc' dir='ltr'>θλίψει</span> <span class='ocrx_word' id='word_1_770' title='bbox 3169 4224 3510 4290; x_wconf 73' lang='grc' dir='ltr'>ἐπλίὶτυνάς</span> <span class='ocrx_word' id='word_1_771' title='bbox 3540 4243 3635 4295; x_wconf 83' lang='grc' dir='ltr'>με.</span> <span class='ocrx_word' id='word_1_772' title='bbox 3679 4228 3762 4280; x_wconf 76' lang='grc' dir='ltr'><strong>υί-</strong></span> 
     </span>
    </p>
   </div>
   <div class='ocr_carea' id='block_1_102' title="bbox 2189 4306 3770 4384">
    <p class='ocr_par' dir='ltr' id='par_1_102' title="bbox 2189 4306 3770 4384">
     <span class='ocr_line' id='line_1_102' title="bbox 2189 4306 3770 4384; baseline 0.015 -28"><span class='ocrx_word' id='word_1_773' title='bbox 2189 4306 2510 4372; x_wconf 80' lang='grc' dir='ltr'>κτείρησόν</span> <span class='ocrx_word' id='word_1_774' title='bbox 2563 4325 2638 4374; x_wconf 81' lang='grc' dir='ltr'><strong>με</strong></span> <span class='ocrx_word' id='word_1_775' title='bbox 2693 4309 2791 4362; x_wconf 81' lang='grc' dir='ltr'>καὶ</span> <span class='ocrx_word' id='word_1_776' title='bbox 2838 4311 3206 4366; x_wconf 73' lang='grc' dir='ltr'>εἰσάκουσον</span> <span class='ocrx_word' id='word_1_777' title='bbox 3261 4313 3372 4380; x_wconf 84' lang='grc' dir='ltr'>τῆς</span> <span class='ocrx_word' id='word_1_778' title='bbox 3421 4313 3770 4384; x_wconf 80' lang='grc' dir='ltr'>προσευχῆς</span> 
     </span>
    </p>
   </div>
   <div class='ocr_carea' id='block_1_103' title="bbox 2181 4398 3770 4476">
    <p class='ocr_par' dir='ltr' id='par_1_103' title="bbox 2181 4398 3770 4476">
     <span class='ocr_line' id='line_1_103' title="bbox 2181 4398 3770 4476; baseline 0.007 -28"><span class='ocrx_word' id='word_1_779' title='bbox 2181 4414 2322 4464; x_wconf 85' lang='grc' dir='ltr'>μου.</span> <span class='ocrx_word' id='word_1_780' title='bbox 2363 4398 2434 4450; x_wconf 89' lang='grc' dir='ltr'><strong>Τὸ</strong></span> <span class='ocrx_word' id='word_1_781' title='bbox 2458 4399 2671 4471; x_wconf 82' lang='grc' dir='ltr'>πρῶτον</span> <span class='ocrx_word' id='word_1_782' title='bbox 2699 4403 3059 4468; x_wconf 74' lang='grc' dir='ltr'>ἐπακουσθεὶς</span> <span class='ocrx_word' id='word_1_783' title='bbox 3088 4405 3145 4456; x_wconf 83' lang='grc' dir='ltr'><strong>ἐν</strong></span> <span class='ocrx_word' id='word_1_784' title='bbox 3173 4405 3252 4476; x_wconf 82' lang='grc' dir='ltr'>τῷ</span> <span class='ocrx_word' id='word_1_785' title='bbox 3277 4406 3652 4460; x_wconf 86' lang='grc' dir='ltr'>ἐπικαλεῖσθαι</span> <span class='ocrx_word' id='word_1_786' title='bbox 3680 4407 3770 4459; x_wconf 88' lang='grc' dir='ltr'><strong>τὸν</strong></span> 
     </span>
    </p>
   </div>
   <div class='ocr_carea' id='block_1_104' title="bbox 2188 4487 3772 4570">
    <p class='ocr_par' dir='ltr' id='par_1_104' title="bbox 2188 4487 3772 4570">
     <span class='ocr_line' id='line_1_104' title="bbox 2188 4487 3772 4570; baseline 0.008 -31"><span class='ocrx_word' id='word_1_787' title='bbox 2188 4487 2412 4560; x_wconf 81' lang='grc' dir='ltr'>Κύριον,</span> <span class='ocrx_word' id='word_1_788' title='bbox 2437 4491 2536 4543; x_wconf 85' lang='grc' dir='ltr'>οὐκ</span> <span class='ocrx_word' id='word_1_789' title='bbox 2570 4492 2852 4565; x_wconf 77' lang='grc' dir='ltr'>ἐπαίρεται</span> <span class='ocrx_word' id='word_1_790' title='bbox 2881 4494 3002 4547; x_wconf 69' lang='grc' dir='ltr'>οὐδὲ</span> <span class='ocrx_word' id='word_1_791' title='bbox 3026 4496 3437 4570; x_wconf 71' lang='grc' dir='ltr'>ἀπορῤᾳθυμεῖ·</span> <span class='ocrx_word' id='word_1_792' title='bbox 3469 4498 3583 4552; x_wconf 81' lang='grc' dir='ltr'>ἀλλ’</span> <span class='ocrx_word' id='word_1_793' title='bbox 3608 4497 3772 4562; x_wconf 80' lang='grc' dir='ltr'>εὐθὺς</span> 
     </span>
    </p>
   </div>
   <div class='ocr_carea' id='block_1_105' title="bbox 2192 4580 3768 4658">
    <p class='ocr_par' dir='ltr' id='par_1_105' title="bbox 2192 4580 3768 4658">
     <span class='ocr_line' id='line_1_105' title="bbox 2192 4580 3768 4658; baseline 0.007 -28"><span class='ocrx_word' id='word_1_794' title='bbox 2192 4580 2433 4650; x_wconf 74' lang='grc' dir='ltr'>περὶτοῦ</span> <span class='ocrx_word' id='word_1_795' title='bbox 2466 4581 2746 4651; x_wconf 86' lang='grc' dir='ltr'>μέλλοντος</span> <span class='ocrx_word' id='word_1_796' title='bbox 2779 4588 2968 4658; x_wconf 84' lang='grc' dir='ltr'>χρόνου</span> <span class='ocrx_word' id='word_1_797' title='bbox 3001 4588 3163 4640; x_wconf 87' lang='grc' dir='ltr'>πάλιν</span> <span class='ocrx_word' id='word_1_798' title='bbox 3190 4588 3387 4653; x_wconf 82' lang='grc' dir='ltr'>δέεται,</span> <span class='ocrx_word' id='word_1_799' title='bbox 3422 4591 3649 4643; x_wconf 86' lang='grc' dir='ltr'>πάντοτε</span> <span class='ocrx_word' id='word_1_800' title='bbox 3677 4589 3768 4642; x_wconf 81' lang='grc' dir='ltr'><strong>τὸν</strong></span> 
     </span>
    </p>
   </div>
   <div class='ocr_carea' id='block_1_106' title="bbox 2189 4670 3764 4750">
    <p class='ocr_par' dir='ltr' id='par_1_106' title="bbox 2189 4670 3764 4750">
     <span class='ocr_line' id='line_1_106' title="bbox 2189 4670 3764 4750; baseline 0.008 -30"><span class='ocrx_word' id='word_1_801' title='bbox 2189 4670 2320 4723; x_wconf 79' lang='grc' dir='ltr'>Θεὸν</span> <span class='ocrx_word' id='word_1_802' title='bbox 2370 4672 2605 4742; x_wconf 73' lang='grc' dir='ltr'>ἐπήκοον</span> <span class='ocrx_word' id='word_1_803' title='bbox 2658 4674 2802 4746; x_wconf 81' lang='grc' dir='ltr'>ἔχειν</span> <span class='ocrx_word' id='word_1_804' title='bbox 2847 4679 3212 4750; x_wconf 73' lang='grc' dir='ltr'>παρακαλῶνο</span> <span class='ocrx_word' id='word_1_805' title='bbox 3253 4681 3483 4733; x_wconf 77' lang='grc' dir='ltr'>ἱκετεύει</span> <span class='ocrx_word' id='word_1_806' title='bbox 3527 4697 3586 4733; x_wconf 90' lang='grc' dir='ltr'><strong>τε</strong></span> <span class='ocrx_word' id='word_1_807' title='bbox 3646 4682 3764 4734; x_wconf 84' lang='grc' dir='ltr'>κατ’</span> 
     </span>
    </p>
   </div>
   <div class='ocr_carea' id='block_1_107' title="bbox 2185 4758 3766 4844">
    <p class='ocr_par' dir='ltr' id='par_1_107' title="bbox 2185 4758 3766 4844">
     <span class='ocr_line' id='line_1_107' title="bbox 2185 4758 3766 4844; baseline 0.008 -31"><span class='ocrx_word' id='word_1_808' title='bbox 2185 4758 2365 4815; x_wconf 70' lang='grc' dir='ltr'>οἶκτον</span> <span class='ocrx_word' id='word_1_809' title='bbox 2407 4764 2828 4837; x_wconf 80' lang='grc' dir='ltr'>ἐπακουσθῆναι,</span> <span class='ocrx_word' id='word_1_810' title='bbox 2862 4769 2923 4822; x_wconf 78' lang='grc' dir='ltr'>οὐ</span> <span class='ocrx_word' id='word_1_811' title='bbox 2976 4771 3097 4823; x_wconf 85' lang='grc' dir='ltr'>κατ’</span> <span class='ocrx_word' id='word_1_812' title='bbox 3141 4769 3379 4842; x_wconf 66' lang='grc' dir='ltr'>ὁςςειλήν.</span> <span class='ocrx_word' id='word_1_813' title='bbox 3425 4773 3487 4824; x_wconf 84' lang='lat' dir='ltr'><strong>Ei</strong></span> <span class='ocrx_word' id='word_1_814' title='bbox 3535 4771 3642 4844; x_wconf 83' lang='grc' dir='ltr'>γὰρ</span> <span class='ocrx_word' id='word_1_815' title='bbox 3672 4772 3766 4825; x_wconf 73' lang='grc' dir='ltr'>καὶ</span> 
     </span>
    </p>
   </div>
   <div class='ocr_carea' id='block_1_108' title="bbox 2185 4853 3764 4932">
    <p class='ocr_par' dir='ltr' id='par_1_108' title="bbox 2185 4853 3764 4932">
     <span class='ocr_line' id='line_1_108' title="bbox 2185 4853 3764 4932; baseline 0.007 -27"><span class='ocrx_word' id='word_1_816' title='bbox 2185 4853 2368 4924; x_wconf 79' lang='grc' dir='ltr'>παρῆν</span> <span class='ocrx_word' id='word_1_817' title='bbox 2401 4871 2484 4917; x_wconf 88' lang='grc' dir='ltr'><strong>τις</strong></span> <span class='ocrx_word' id='word_1_818' title='bbox 2517 4856 2666 4927; x_wconf 78' lang='grc' dir='ltr'>αὐτῷ</span> <span class='ocrx_word' id='word_1_819' title='bbox 2713 4860 2924 4930; x_wconf 86' lang='grc' dir='ltr'>καρπὸς</span> <span class='ocrx_word' id='word_1_820' title='bbox 2956 4861 3332 4932; x_wconf 83' lang='grc' dir='ltr'>δικαιοσύνης,</span> <span class='ocrx_word' id='word_1_821' title='bbox 3370 4861 3482 4915; x_wconf 79' lang='grc' dir='ltr'>ἀλλ’</span> <span class='ocrx_word' id='word_1_822' title='bbox 3530 4865 3630 4915; x_wconf 76' lang='grc' dir='ltr'>οὐκ</span> <span class='ocrx_word' id='word_1_823' title='bbox 3673 4863 3764 4916; x_wconf 70' lang='grc' dir='ltr'><strong>ἐπὶ</strong></span> 
     </span>
    </p>
   </div>
   <div class='ocr_carea' id='block_1_109' title="bbox 2183 4938 3765 5021">
    <p class='ocr_par' dir='ltr' id='par_1_109' title="bbox 2183 4938 3765 5021">
     <span class='ocr_line' id='line_1_109' title="bbox 2183 4938 3765 5021; baseline 0.006 -27"><span class='ocrx_word' id='word_1_824' title='bbox 2183 4938 2357 5012; x_wconf 84' lang='grc' dir='ltr'>τούτῳ</span> <span class='ocrx_word' id='word_1_825' title='bbox 2400 4942 2618 5014; x_wconf 86' lang='grc' dir='ltr'>θαρσεῖν</span> <span class='ocrx_word' id='word_1_826' title='bbox 2662 4946 2880 5015; x_wconf 72' lang='grc' dir='ltr'><strong>ἔλεγεν⁸</strong></span> <span class='ocrx_word' id='word_1_827' title='bbox 2927 4948 3040 5001; x_wconf 80' lang='grc' dir='ltr'>ἀλλ’</span> <span class='ocrx_word' id='word_1_828' title='bbox 3091 4949 3184 5001; x_wconf 73' lang='grc' dir='ltr'>ἐπὶ</span> <span class='ocrx_word' id='word_1_829' title='bbox 3213 4948 3289 5020; x_wconf 84' lang='grc' dir='ltr'>τῷ</span> <span class='ocrx_word' id='word_1_830' title='bbox 3338 4949 3474 5021; x_wconf 83' lang='grc' dir='ltr'>ἐλέῳ</span> <span class='ocrx_word' id='word_1_831' title='bbox 3528 4950 3765 5012; x_wconf 78' lang='grc' dir='ltr'>καὶτοῖς</span> 
     </span>
    </p>
   </div>
   <div class='ocr_carea' id='block_1_110' title="bbox 2188 5032 2813 5102">
    <p class='ocr_par' dir='ltr' id='par_1_110' title="bbox 2188 5032 2813 5102">
     <span class='ocr_line' id='line_1_110' title="bbox 2188 5032 2813 5102; baseline 0.011 -20"><span class='ocrx_word' id='word_1_832' title='bbox 2188 5032 2494 5102; x_wconf 85' lang='grc' dir='ltr'>οἱκτιρμοῖς</span> <span class='ocrx_word' id='word_1_833' title='bbox 2525 5034 2623 5086; x_wconf 90' lang='grc' dir='ltr'><strong>τοῦ</strong></span> <span class='ocrx_word' id='word_1_834' title='bbox 2658 5035 2813 5090; x_wconf 87' lang='grc' dir='ltr'>Θεοῦ.</span> 
     </span>
    </p>
   </div>
   <div class='ocr_carea' id='block_1_111' title="bbox 2259 5122 3766 5198">
    <p class='ocr_par' dir='ltr' id='par_1_111' title="bbox 2259 5122 3766 5198">
     <span class='ocr_line' id='line_1_111' title="bbox 2259 5122 3766 5198; baseline 0.006 -25"><span class='ocrx_word' id='word_1_835' title='bbox 2259 5123 2375 5174; x_wconf 71' lang='grc' dir='ltr'><strong>Υἱοὶ</strong></span> <span class='ocrx_word' id='word_1_836' title='bbox 2414 5122 2756 5190; x_wconf 77' lang='grc' dir='ltr'>ἀνθρώπων,</span> <span class='ocrx_word' id='word_1_837' title='bbox 2791 5126 2902 5192; x_wconf 79' lang='grc' dir='ltr'>ἕως</span> <span class='ocrx_word' id='word_1_838' title='bbox 2939 5129 3087 5182; x_wconf 85' lang='grc' dir='ltr'>πότε</span> <span class='ocrx_word' id='word_1_839' title='bbox 3121 5129 3513 5198; x_wconf 78' lang='grc' dir='ltr'>βαρυκάρδιοι</span> <span class='ocrx_word' id='word_1_840' title='bbox 3535 5146 3553 5193; x_wconf 88' lang='grc'><em>;</em></span> <span class='ocrx_word' id='word_1_841' title='bbox 3575 5130 3673 5183; x_wconf 80' lang='grc' dir='ltr'><strong>ἵνα</strong></span> <span class='ocrx_word' id='word_1_842' title='bbox 3710 5126 3766 5182; x_wconf 82' lang='grc' dir='ltr'><strong>τί</strong></span> 
     </span>
    </p>
   </div>
   <div class='ocr_carea' id='block_1_112' title="bbox 2189 5210 3765 5290">
    <p class='ocr_par' dir='ltr' id='par_1_112' title="bbox 2189 5210 3765 5290">
     <span class='ocr_line' id='line_1_112' title="bbox 2189 5210 3765 5290; baseline 0.005 -24"><span class='ocrx_word' id='word_1_843' title='bbox 2189 5210 2454 5280; x_wconf 56' lang='grc' dir='ltr'>ἀγαπᾶτε</span> <span class='ocrx_word' id='word_1_844' title='bbox 2491 5217 2885 5283; x_wconf 81' lang='grc' dir='ltr'>ματαιότητα,</span> <span class='ocrx_word' id='word_1_845' title='bbox 2927 5220 3025 5272; x_wconf 79' lang='grc' dir='ltr'>καὶ</span> <span class='ocrx_word' id='word_1_846' title='bbox 3081 5217 3300 5289; x_wconf 64' lang='lat' dir='ltr'><strong>(fingite</strong></span> <span class='ocrx_word' id='word_1_847' title='bbox 3334 5221 3593 5290; x_wconf 47' lang='grc' dir='ltr'>ψεῦδος</span> <span class='ocrx_word' id='word_1_848' title='bbox 3629 5220 3765 5283; x_wconf 79' lang='grc' dir='ltr'>Τοὺς</span> 
     </span>
    </p>
   </div>
   <div class='ocr_carea' id='block_1_113' title="bbox 2189 5298 3764 5386">
    <p class='ocr_par' dir='ltr' id='par_1_113' title="bbox 2189 5298 3764 5386">
     <span class='ocr_line' id='line_1_113' title="bbox 2189 5298 3764 5386; baseline 0.008 -32"><span class='ocrx_word' id='word_1_849' title='bbox 2189 5298 2286 5371; x_wconf 81' lang='grc' dir='ltr'>τὴν</span> <span class='ocrx_word' id='word_1_850' title='bbox 2322 5303 2559 5357; x_wconf 85' lang='grc' dir='ltr'>διάνοιαν</span> <span class='ocrx_word' id='word_1_851' title='bbox 2594 5310 3073 5378; x_wconf 85' lang='grc' dir='ltr'>πεπαχυμμένους,</span> <span class='ocrx_word' id='word_1_852' title='bbox 3108 5314 3199 5366; x_wconf 80' lang='grc' dir='ltr'>καὶ</span> <span class='ocrx_word' id='word_1_853' title='bbox 3234 5315 3360 5386; x_wconf 79' lang='grc' dir='ltr'>περὶ</span> <span class='ocrx_word' id='word_1_854' title='bbox 3383 5314 3481 5386; x_wconf 83' lang='grc' dir='ltr'>τὴν</span> <span class='ocrx_word' id='word_1_855' title='bbox 3520 5314 3764 5383; x_wconf 80' lang='grc' dir='ltr'>ὑπακοὴν</span> 
     </span>
    </p>
   </div>
   <div class='ocr_carea' id='block_1_114' title="bbox 2188 5394 3760 5478">
    <p class='ocr_par' dir='ltr' id='par_1_114' title="bbox 2188 5394 3760 5478">
     <span class='ocr_line' id='line_1_114' title="bbox 2188 5394 3760 5478; baseline 0.008 -33"><span class='ocrx_word' id='word_1_856' title='bbox 2188 5394 2284 5446; x_wconf 84' lang='grc' dir='ltr'><strong>τοῦ</strong></span> <span class='ocrx_word' id='word_1_857' title='bbox 2311 5395 2454 5447; x_wconf 87' lang='grc' dir='ltr'>θείου</span> <span class='ocrx_word' id='word_1_858' title='bbox 2500 5395 2656 5464; x_wconf 84' lang='grc' dir='ltr'>λόγου</span> <span class='ocrx_word' id='word_1_859' title='bbox 2703 5398 2936 5469; x_wconf 83' lang='grc' dir='ltr'>βραδεῖς,</span> <span class='ocrx_word' id='word_1_860' title='bbox 2969 5402 3366 5478; x_wconf 81' lang='grc' dir='ltr'>βαρυκαρδίους</span> <span class='ocrx_word' id='word_1_861' title='bbox 3395 5406 3692 5477; x_wconf 86' lang='grc' dir='ltr'>ὠνόμασεν,</span> <span class='ocrx_word' id='word_1_862' title='bbox 3727 5405 3760 5476; x_wconf 85' lang='grc' dir='ltr'>ἤ</span> 
     </span>
    </p>
   </div>
   <div class='ocr_carea' id='block_1_115' title="bbox 2188 5485 3763 5572">
    <p class='ocr_par' dir='ltr' id='par_1_115' title="bbox 2188 5485 3763 5572">
     <span class='ocr_line' id='line_1_115' title="bbox 2188 5485 3763 5572; baseline 0.013 -36"><span class='ocrx_word' id='word_1_863' title='bbox 2188 5487 2314 5548; x_wconf 81' lang='grc' dir='ltr'>τοὺς</span> <span class='ocrx_word' id='word_1_864' title='bbox 2348 5485 2753 5559; x_wconf 79' lang='grc' dir='ltr'>βεϐαρημένους</span> <span class='ocrx_word' id='word_1_865' title='bbox 2781 5494 2841 5545; x_wconf 82' lang='grc' dir='ltr'><strong>τὸ</strong></span> <span class='ocrx_word' id='word_1_866' title='bbox 2883 5495 3119 5562; x_wconf 83' lang='grc' dir='ltr'>συνειδὸς</span> <span class='ocrx_word' id='word_1_867' title='bbox 3150 5498 3254 5552; x_wconf 87' lang='grc' dir='ltr'>ὑπὸ</span> <span class='ocrx_word' id='word_1_868' title='bbox 3288 5498 3577 5572; x_wconf 86' lang='grc' dir='ltr'>μοχθηρῶν</span> <span class='ocrx_word' id='word_1_869' title='bbox 3616 5498 3763 5566; x_wconf 73' lang='grc' dir='ltr'>λογιο</span> 
     </span>
    </p>
   </div>
   <div class='ocr_carea' id='block_1_116' title="bbox 2191 5576 3764 5662">
    <p class='ocr_par' dir='ltr' id='par_1_116' title="bbox 2191 5576 3764 5662">
     <span class='ocr_line' id='line_1_116' title="bbox 2191 5576 3764 5662; baseline 0.007 -33"><span class='ocrx_word' id='word_1_870' title='bbox 2191 5576 2373 5645; x_wconf 81' lang='grc' dir='ltr'>σμῶν·</span> <span class='ocrx_word' id='word_1_871' title='bbox 2420 5577 2670 5648; x_wconf 83' lang='grc' dir='ltr'>πλήττων</span> <span class='ocrx_word' id='word_1_872' title='bbox 2717 5581 2773 5636; x_wconf 81' lang='grc' dir='ltr'>δὲ</span> <span class='ocrx_word' id='word_1_873' title='bbox 2813 5585 3036 5650; x_wconf 75' lang='grc' dir='ltr'>τούτους</span> <span class='ocrx_word' id='word_1_874' title='bbox 3075 5588 3151 5660; x_wconf 82' lang='grc' dir='ltr'>τῷ</span> <span class='ocrx_word' id='word_1_875' title='bbox 3190 5589 3331 5661; x_wconf 84' lang='grc' dir='ltr'>λόγῳ</span> <span class='ocrx_word' id='word_1_876' title='bbox 3375 5590 3566 5662; x_wconf 79' lang='grc' dir='ltr'>φησίνο</span> <span class='ocrx_word' id='word_1_877' title='bbox 3620 5588 3764 5652; x_wconf 86' lang='grc' dir='ltr'>Ἕως</span> 
     </span>
    </p>
   </div>
   <div class='ocr_carea' id='block_1_117' title="bbox 2189 5673 3764 5754">
    <p class='ocr_par' dir='ltr' id='par_1_117' title="bbox 2189 5673 3764 5754">
     <span class='ocr_line' id='line_1_117' title="bbox 2189 5673 3764 5754; baseline 0.009 -35"><span class='ocrx_word' id='word_1_878' title='bbox 2189 5683 2318 5721; x_wconf 87' lang='grc' dir='ltr'>ποτε</span> <span class='ocrx_word' id='word_1_879' title='bbox 2365 5673 2483 5736; x_wconf 87' lang='grc' dir='ltr'>ταῖς</span> <span class='ocrx_word' id='word_1_880' title='bbox 2527 5673 2728 5728; x_wconf 82' lang='grc' dir='ltr'>ἑαυτῶν</span> <span class='ocrx_word' id='word_1_881' title='bbox 2770 5677 3065 5752; x_wconf 78' lang='grc' dir='ltr'>ἁμαρτίαις</span> <span class='ocrx_word' id='word_1_882' title='bbox 3105 5682 3480 5754; x_wconf 85' lang='grc' dir='ltr'>παραμένετε,</span> <span class='ocrx_word' id='word_1_883' title='bbox 3515 5681 3764 5736; x_wconf 85' lang='grc' dir='ltr'>σπεύδειν</span> 
     </span>
    </p>
   </div>
  </div>
