4086 6536
277 355 380 411 105

1401 351 1907 407 COMMENTARlA
1947 354 2015 406 ΙΝ
2048 355 2378 408 PSALMUS.

3399 365 3501 418 1⁸⁵0

270 468 388 522 δέον
420 468 517 521 ἐπὶ
545 466 831 538 μετάνοιαν
862 465 959 520 καὶ
1004 464 1101 536 τὴν
1138 465 1297 537 φίλην
1330 465 1406 537 τῷ
1438 468 1557 538 Θεῷ
1600 468 1826 539 ἐξομολό-

1953 469 2327 538 pmuiteutiam
2358 478 2412 526 et
2452 470 2518 524 ad
2559 468 2809 523 dilectam
2844 467 2951 521 Deo
2994 464 3390 523 confessionem
3422 487 3500 520 cs-

273 574 462 629 γησινς
494 559 632 611 κατά
678 558 734 611 δὲ
786 556 883 627 τὴν
936 556 1196 627 ἱστορίαν,
1238 557 1409 610 ἔοικεν
1441 560 1469 610 6
1498 558 1659 611 Δαυῖδ
1713 560 1848 629 πρὸς

270 651 396 716 τοὺς
439 650 529 703 ἐπὶ
576 652 689 712 τοῖς
728 649 1055 717 πειρασμοῖς
1096 649 1189 701 καὶ
1220 651 1338 711 ταῖς
1365 652 1713 720 περιστάσεσι
1750 668 1845 704 τα-

276 740 653 811 ραττομένους,
690 740 781 794 καὶ
812 739 1259 811 θορυϐουμένους,
1295 742 1387 793 καὶ
1429 742 1606 796 πάντα
1649 743 1847 813 μᾶλλον

269 831 605 900 πράττοντας
641 830 673 901 ἢ
712 831 805 883 ἐπὶ
852 831 942 883 τὸν
981 831 1111 884 Θεὸν
1163 833 1638 901 καταφεύγοντας,
1674 836 1845 890 ταῦτα

267 926 464 994 λέγειν.
502 926 567 978 Τί
596 925 703 997 γὰρ
743 926 847 996 χρὴ
879 926 1161 996 ταράττειν
1198 926 1291 979 καὶ
1321 928 1698 997 ταράττεσθαι,
1743 947 1845 1001 φη-

269 1018 372 1080 σὶν,
409 1018 466 1069 ὲν
514 1020 629 1079 τοῖς
668 1019 1073 1087 περιστατικοῖς
1117 1020 1365 1088 καιροῖς;
1394 1019 1457 1070 Τί
1498 1019 1555 1071 δὲ
1597 1019 1701 1091 χρὴ
1739 1038 1841 1092 μα-

265 1106 509 1177 ταιότητι
554 1107 778 1169 ἑαυτοὺς
829 1106 1120 1170 ἐκδιδόναι,
1156 1100 1200 1159 ὦ
1235 1107 1586 1179 βαρυκάρδιοι
1616 1110 1837 1180 ἄνδρες;

264 1195 331 1245 Τί
364 1194 419 1246 δὲ
462 1196 519 1248 τὸ
544 1195 735 1265 ψεῦδος
776 1197 1039 1265 μετιέναι,
1075 1197 1134 1250 τὸ
1182 1198 1380 1269 ἀληθὲς
1412 1200 1837 1268 καταλιπόντας;

279 1285 437 1338 Ἀλλά
470 1287 576 1357 γὰρ
611 1286 857 1340 ἐντεῦθεν
902 1288 1184 1358 μαθόντες,
1220 1289 1302 1343 ὅτι
1342 1289 1473 1353 θεὸς
1514 1291 1609 1344 καὶ
1637 1290 1841 1362 Κύριός

264 1378 411 1429 ἐστιν
443 1380 470 1431 6
501 1378 607 1431 τῶν
637 1379 770 1432 ὅλων
794 1378 987 1450 ἔφορος
1026 1380 1119 1433 καὶ
1157 1384 1478 1457 προνοητὴς,
1511 1386 1539 1436 ὁ
1570 1383 1839 1454 μηδέποτε

265 1468 602 1521 καταλείπων
638 1468 814 1523 πάντα
853 1471 999 1522 ὅσιον
1035 1469 1198 1522 αὑτοῦ
1219 1510 1233 1534 ,
1272 1470 1386 1523 ἀλλ’
1416 1472 1503 1523 ἀεὶ
1551 1470 1837 1542 θαυμαστᾶ

213 1590 223 1601 -
262 1562 349 1613 ἐπ’
376 1560 521 1631 αὐτῷ
549 1561 781 1623 δεικνὺς,
828 1560 1158 1624 σπουδάζετε
1190 1562 1282 1613 καὶ
1319 1561 1473 1613 αὐτοὶ⁹
1511 1561 1646 1614 ὅσιοι
1684 1561 1837 1632 γενέ-

262 1652 407 1715 σθαι,
444 1648 502 1706 εὖ
551 1652 643 1705 καὶ
687 1653 929 1724 ἀκριϐῶς
973 1652 1191 1716 εἰδότες,
1220 1653 1301 1704 ὅτι
1330 1653 1423 1706 καὶ
1462 1651 1613 1722 ὑμῶν
1647 1651 1835 1724 ὥσπερ

258 1740 351 1797 οὖν
384 1746 478 1797 καὶ
526 1745 660 1815 ἐμοῦ
703 1744 868 1798 αὐτοῦ
926 1744 1130 1815 Κύριος
1188 1744 1603 1806 εἰσακούσεται,
1656 1746 1713 1796 ὲν
1756 1745 1834 1815 τῷ

259 1834 587 1905 κεκραγέναι
622 1835 757 1905 πρὸς
784 1835 963 1888 αὐτόν.
1002 1834 1434 1898 Ἐπακούσαντος
1465 1835 1521 1888 δὲ
1555 1835 1708 1906 ὑμῶν
1738 1835 1831 1889 τοῦ

256 1926 509 1996 Κυρίου,
570 1926 724 1979 οὐδὲν
761 1926 841 1978 δεῖ
893 1926 1075 1977 λοιπὸν
1141 1927 1443 1995 μεριμνᾷν,
1507 1924 1725 1994 ἔχοντας
1774 1926 1833 1979 τὸ

256 2017 496 2085 ἀσφαλὲς
526 2018 633 2070 ἀπὸ
670 2018 768 2089 τῆς
804 2018 933 2087 παρ’
970 2016 1134 2069 αὑτοῦ
1179 2016 1446 2087 βοηθείας.
1482 2016 1617 2083 Δόξα
1650 2035 1708 2071 τε
1738 2017 1831 2071 τοῦ

260 2104 405 2157 θείου
436 2105 596 2173 λόγου
647 2101 755 2157 εἷεν
783 2105 848 2159 ἂν
881 2106 930 2159 οἱ
961 2106 1065 2158 υἱοὶ
1091 2106 1199 2158 τῶν
1231 2104 1530 2177 ἀνθρώπων
1562 2106 1701 2159 κατά
1743 2107 1832 2159 τὸν

274 2194 503 2247 Ἀκύλαν
536 2196 627 2247 καὶ
650 2194 938 2265 Σύμμαχον
968 2196 1063 2265 (·1)’
1089 2196 1116 2247 6
1151 2196 1248 2265 μὲν
1269 2198 1374 2267 γὰρ
1410 2196 1654 2259 Ἀκύλας⁸
1681 2198 1830 2264 ’Ἕως

258 2286 423 2349 πότε,
452 2290 505 2340 cl
532 2286 770 2349 ἔνδοξοί
787 2303 941 2354 μου;
970 2287 996 2337 6
1016 2286 1071 2339 δὲ
1100 2287 1407 2357 Σύμμαχος·
1437 2288 1586 2352 Ἕως
1610 2288 1828 2356 πότε,ἠ

256 2374 407 2439 δόξα
428 2392 582 2444 μου;
614 2375 700 2427 διὰ
733 2374 830 2445 τὴν
866 2377 922 2427 ἐν
956 2376 1138 2439 αὐτοῖς
1173 2376 1364 2447 νοερὰν
1392 2375 1569 2448 ψυχὴν
1616 2377 1707 2435 καὶ
1742 2376 1827 2430 λο-

256 2466 417 2537 γικὴν
456 2466 553 2537 τὴν
599 2469 718 2520 κατ’
749 2468 929 2521 εἰκόνα
972 2468 1065 2521 τοῦ
1101 2466 1233 2521 Θεοῦ
1280 2468 1669 2540 πεποιημένην.
1719 2468 1826 2533 Οὓς

257 2557 350 2608 ἐπὶ
383 2557 441 2609 τὸ
469 2560 647 2629 χεῖρον
676 2559 900 2623 ἑαυτοὺς
924 2560 1342 2631 διαστρέφοντας
1369 2563 1397 2614 ὁ
1436 2560 1593 2630 λόγος
1618 2561 1827 2613 ὲπονειυ

254 2647 862 2718 δίζει,βαρυκαρδίους
883 2650 1081 2713 καλῶν,
1099 2650 1192 2704 καὶ
1209 2649 1507 2721 ἀνθρώπων
1525 2650 1690 2714 υἱούς·
1709 2650 1825 2704 δέον

255 2736 395 2793 εἶναι
421 2741 567 2804 υἱοὺς
600 2740 756 2808 Θεοῦ,
791 2742 932 2797 κατὰ
954 2742 1012 2795 τό
1033 2759 1044 2771 ·
1083 2741 1229 2811 Ἐγὼ
1257 2739 1431 2796 εἷπον
1449 2759 1461 2772 ·
1501 2742 1633 2796 Θεοί
1661 2740 1821 2807 ἐστε,

254 2828 353 2881 καὶ
391 2829 507 2882 υἱοὶ
549 2831 828 2897 Ὑψίστου
856 2830 1096 2897 πάντες.

326 2917 435 2970 Καὶ
464 2917 667 2988 γνῶτε,
699 2919 786 2972 ὅτι
824 2920 1247 2990 ἐθαυμάστωσε
1266 2921 1482 2988 Κύριος
1514 2920 1620 2975 τὸν
1654 2920 1825 2975 ὅσιον

253 3006 458 3061 αὐτοῦ.
498 3009 553 3061 Ὀ
585 3010 868 3080 προφήτης
898 3012 1021 3081 περὶ
1052 3009 1286 3083 Χριστοῦ
1316 3010 1551 3064 διδάσκει
1578 3012 1744 3083 ἡμᾶς,
1768 3012 1826 3075 ὃς

252 3097 399 3147 ἐστιν
453 3096 658 3169 ἀληθὴς
699 3100 871 3163 ὅσιος,
916 3100 1057 3153 κατά
1110 3100 1170 3152 τὸ
1226 3101 1514 3173 εἰρημένον
1563 3101 1621 3155 ἐν
1654 3100 1731 3173 τῷ
1766 3108 1824 3155 ιε’

470 3205 483 3217 ·
516 3190 609 3242 καὶ
648 3191 695 3242 oi
738 3190 1022 3244 ἀπόστολοι
1055 3191 1111 3246 δὲ
1139 3192 1525 3265 ἐμαρτύρησαν
1544 3232 1559 3257 ,
1594 3193 1669 3256 ὡς
1700 3193 1826 3264 περὶ

250 3281 485 3353 Χριστοῦ
517 3284 993 3355 προφητευομένου
1019 3286 1266 3355 λέγοντες
1304 3285 1553 3359 εἰρῆσθαι
1580 3286 1671 3349 τὸ,
1705 3288 1826 3340 Οὐκ

250 3373 699 3444 ἐγκαταλείψεις
742 3374 855 3444 τὴν
904 3376 1116 3445 ψυχήν
1155 3395 1275 3446 μου
1312 3380 1397 3443 εὶς
1450 3378 1639 3446 ᾅδην,
1683 3376 1826 3431 οὐδὲ

248 3463 459 3530 δώσεις
484 3466 589 3519 τὸν
611 3466 783 3520 ὅσιόν
815 3484 931 3521 σου
960 3467 1107 3521 ἰδεῖν
1126 3468 1471 3538 διαφθοράν.
1506 3470 1737 3524 Δυνατδν
1768 3470 1824 3524 δὲ

248 3557 343 3609 καὶ
377 3558 503 3629 περὶ
531 3546 730 3621 παντὸς
761 3558 907 3611 ὁσίου
939 3559 1284 3613 διδάσκεσθαι
1322 3563 1488 3631 ἡμᾶς.
1526 3563 1600 3615 Οὐ
1626 3562 1822 3616 ταυτὸν

244 3645 301 3699 δέ
332 3650 447 3699 ἐστι
490 3647 812 3709 πιστεῦσαι,
858 3647 946 3700 ὅτι
991 3650 1414 3717 ἐθαυμάστωσε
1468 3654 1677 3720 Κύριος
1716 3652 1823 3706 τὸν

244 3738 423 3792 ὅσιον
453 3736 661 3802 αὐτοῦ,
703 3740 796 3792 καὶ
827 3739 1047 3808 γνῶναι,
1086 3740 1161 3804 ὡς
1193 3742 1313 3794 οὐδὲ
1357 3744 1554 3796 ταυτόν
1606 3746 1721 3796 ἐστι
1753 3748 1819 3815 τῇ

244 3826 473 3897 ἀληθείᾳ
509 3827 829 3893 πιστεῦσαι,
880 3829 973 3881 καὶ
1019 3829 1219 3897 γνῶναι
1253 3832 1350 3901 τὴν
1383 3832 1674 3903 ἀλήθειαν,
1731 3834 1823 3886 καὶ

247 3915 534 3968 πιστεῦσαι
566 3914 644 3985 τῷ
664 3915 780 3985 Θεῷ
810 3917 904 3970 καὶ
925 3917 1125 3985 γνῶναι
1153 3919 1243 3971 τὸν
1263 3918 1413 3971 Θεόν.
1443 3920 1507 3972 Οἱ
1537 3920 1821 3973 ἀπόστολοι

244 4001 341 4058 οὖν
372 4008 437 4075 τῇ
469 4006 692 4077 ἀληθεία
724 4007 1005 4061 ἐπίστευον
1025 4026 1037 4037 ’
1075 4009 1188 4063 ἀλλ’
1219 4010 1279 4062 οὐ
1335 4026 1549 4073 παντως
1580 4012 1669 4064 ὅτε
1701 4010 1819 4063 ἐπί-

246 4114 437 4150 στευον
478 4096 807 4165 ὲγνώκεισαν
838 4100 1027 4171 αὑτήν.
1086 4100 1380 4165 Ἀπόδειξις
1427 4101 1484 4154 δὲ
1526 4102 1633 4154 τῶν
1668 4104 1819 4173 εἰρη-

247 4187 431 4257 μένων
476 4187 534 4239 τὸ
566 4188 914 4257 Εὑαγγέλιον,
957 4190 1082 4244 ἔνθα
1108 4192 1354 4264 sign-car
1400 4192 1543 4246 Ἐὰν
1577 4194 1819 4263 μείνητε

240 4276 317 4328 ἐν
344 4275 423 4339 τῷ
458 4275 577 4344 ἐμῷ
607 4278 783 4346 λόγῳ,
824 4279 1059 4347 ἀληθῶς
1092 4284 1351 4350 μαθηταί
1369 4283 1487 4351 μού
1514 4282 1685 4348 ἐστε,
1722 4285 1819 4339 καὶ

239 4367 551 4438 γνώσεσθε
579 4368 694 4438 τὴν
718 4371 1025 4437 ἀλήθειαν,
1064 4373 1160 4425 καὶ
1206 4376 1244 4441 ἡ
1283 4372 1532 4440 ἀλήθεια
1582 4375 1813 4430 ἐλευθε-

1952 561 2075 616 set?
2102 562 2257 626 Quod
2293 562 2339 616 si
2372 561 2599 616 historia
2627 567 2920 629 spectetur,
2959 558 3173 613 videtur
3203 556 3371 612 David
3412 572 3505 612 eos

1949 653 2172 722 alloqui,
2209 652 2305 723 qui
2345 652 2402 706 in
2433 651 2824 707 tentatiouibus
2849 659 2902 703 et
2938 649 2992 702 in
3023 650 3301 704 eventibus
3339 648 3504 703 variis

1946 742 2258 807 turbantur,
2304 742 2593 812 omniaque
2615 740 2793 811 potius
2824 746 3010 809 agunt,
3050 753 3211 807 quam
3243 739 3307 792 ad
3336 736 3503 791 Deum

1946 832 2287 904 confugiant.
2332 832 2472 898 Quid
2524 848 2682 903 opus,
2719 831 2913 900 inquit,
2953 829 3160 884 turbari
3207 843 3269 880 ac
3297 829 3502 882 tumul-

1945 926 2086 978 tuari
2125 939 2224 993 pro
2252 922 2568 979 conditione
2597 922 2939 992 temporum?
2972 919 3113 986 Quid
3142 918 3293 988 juvat
3324 934 3382 973 se
3419 932 3505 970 va-

1944 1016 2103 1070 nitati
2129 1015 2364 1087 tradere,
2396 1031 2429 1070 o
2459 1016 2610 1086 gravi
2657 1015 2823 1069 corde
2860 1014 3142 1067 homines?
3169 1011 3307 1077 Quid
3353 1027 3505 1065 meu-

1941 1104 2157 1158 dacium
2203 1119 2469 1174 quaerere,
2502 1104 2694 1159 relicta
2743 1101 3007 1157 veritate?
3035 1099 3175 1164 Quin
3216 1099 3396 1169 potius
3433 1112 3499 1151 ex

1939 1194 2092 1251 hisce
2117 1193 2317 1260 edocti,
2352 1194 2520 1249 Deum
2565 1208 2628 1248 ac
2658 1192 2946 1246 Dominum
2986 1206 3109 1246 esse
3145 1191 3385 1245 omnium
3417 1189 3503 1241 in-

1940 1297 2245 1358 spectorem
2296 1301 2360 1341 ac
2408 1286 2826 1349 moderatorem,
2865 1285 2957 1353 qui
3002 1284 3209 1336 nullum
3261 1296 3498 1351 unquam

1938 1385 2256 1433 sanctorum
2296 1392 2520 1431 suorum
2566 1376 2789 1442 deserit,
2840 1373 2935 1429 sed
2981 1373 3251 1428 mirabilia
3286 1385 3502 1441 semper

1935 1468 2149 1523 illorum
2183 1484 2349 1523 causa
2377 1466 2553 1531 efﬁcit,
2582 1477 2770 1522 curate
2807 1482 2904 1522 vos
2928 1467 3030 1535 ipsi
3059 1472 3118 1519 ut
3146 1465 3319 1520 sancti
3353 1464 3498 1528 sitis,

1937 1558 2177 1626 apprime
2198 1558 2375 1628 gnari,
2407 1556 2695 1611 Dominum
2724 1556 2903 1620 vobis,
2933 1554 3156 1625 perinde
3181 1562 3344 1623 atque
3364 1553 3498 1606 mihi

1936 1648 2229 1718 propitium
2260 1647 2397 1713 fore,
2434 1648 2480 1703 si
2506 1647 2724 1718 quando
2756 1646 2821 1700 ad
2867 1647 3043 1716 ipsum
3079 1644 3407 1699 clamabitis.
3439 1641 3496 1697 Si

1938 1745 2117 1791 autem
2150 1753 2248 1792 vos
2281 1736 2542 1791 Dominus
2589 1737 2913 1799 exaudierit,
2949 1736 3098 1789 nulla
3142 1735 3373 1789 ulterius
3401 1749 3497 1788 vo-

1862 1822 1904 1877 B
1933 1827 2019 1881 bis
2047 1826 2355 1882 sollicitudo
2385 1828 2568 1893 fuerit,
2596 1832 2719 1881 cum
2748 1828 2867 1897 ejus
2893 1829 3155 1882 auxilium
3177 1827 3330 1882 vobis
3356 1827 3498 1882 scia-

1935 1920 2005 1973 tis
2051 1919 2386 1975 adfuturum.
2434 1918 2617 1974 Gloria
2669 1930 2847 1975 autem
2899 1922 3067 1975 divini
3118 1922 3267 1977 verbi
3297 1921 3499 1977 fuerint

1934 2009 2029 2063 filii
2062 2010 2366 2074 hominum,
2397 2010 2551 2079 juxta
2574 2011 2820 2081 Aquilam
2848 2018 2902 2064 et
2930 2009 3348 2081 Symmachum;
3372 2026 3497 2064 nam

1931 2098 2126 2168 Aquila
2156 2100 2234 2154 sic
2269 2100 2466 2153 habet:
2498 2099 2791 2169 Usquequo,
2821 2100 3040 2169 gloriosi
3074 2100 3217 2155 mei?
3248 2098 3498 2170 Symma-

1932 2190 2070 2244 chus
2102 2205 2268 2245 vero:
2302 2188 2594 2259 Usquequo,
2616 2190 2789 2258 gloria
2823 2191 2983 2244 mea?
3010 2188 3257 2244 videlicet
3280 2197 3497 2258 propter

1930 2278 2166 2331 animam
2211 2277 2548 2348 intelligendi
2582 2278 2631 2332 vi
2667 2276 2947 2346 prarditam
2996 2288 3049 2333 et
3096 2279 3493 2340 rationabilem,

1929 2368 1997 2423 ad
2046 2369 2338 2440 imaginem
2395 2368 2488 2424 Dei
2535 2368 2756 2424 factam.
2805 2370 3016 2436 Quibus
3064 2370 3153 2424 hic
3206 2371 3497 2440 exprobrat

1926 2455 2234 2521 Psalmista,
2270 2474 2491 2529 eosque,
2543 2466 2729 2528 utpote
2761 2460 2829 2513 ad
2884 2460 3068 2529 pejora
3103 2475 3313 2524 versos,
3344 2459 3494 2528 grari

1927 2549 2084 2605 corde
2120 2551 2386 2613 homines,
2431 2567 2495 2605 ac
2540 2551 2678 2606 filios
2712 2551 2995 2605 hominum
3028 2561 3219 2618 vocat;
3262 2568 3399 2620 quos
3432 2552 3488 2606 ﬁ-

1925 2641 2028 2696 lios
2076 2655 2197 2697 esse
2242 2640 2331 2696 Dei
2374 2642 2724 2710 oportuisset,
2764 2644 2920 2713 juxta
2967 2642 3098 2697 illud
3132 2661 3145 2696 :
3177 2642 3289 2713 Ego
3330 2641 3445 2695 dixi
3470 2657 3491 2696 :

1925 2731 2017 2787 Dii
2036 2734 2180 2799 estis,
2203 2743 2252 2787 et
2274 2735 2375 2803 ﬁlii
2396 2734 2605 2789 Επείεὶ
2636 2753 2811 2789 omnes
2834 2735 2899 2789 δι.

1998 2909 2162 2965 Vsus.
2196 2910 2249 2964 4.
2295 2909 2363 2963 Ει
2405 2912 2590 2963 scitote
2631 2911 2879 2980 quoniam
2910 2910 3211 2979 miriﬁcavit
3235 2909 3493 2961 Dominus

1928 3010 2170 3057 sanctum
2191 3017 2367 3057 suum.
2410 3006 2485 3055 De
2511 2999 2731 3055 Christo
2774 3015 2876 3055 nos
2906 2998 3174 3069 Propheta
3216 3000 3490 3061 admonet,

1927 3090 2021 3161 qui
2068 3104 2230 3145 verus
2266 3097 2489 3144 sanctus
2535 3096 2641 3151 est,
2691 3095 2752 3141 ut
2791 3089 2845 3142 iu
2885 3089 3095 3158 psalmo
3128 3105 3195 3142 xv
3238 3089 3490 3153 habetur,

1853 3159 1895 3217 δ
1928 3159 2087 3252 quem
2121 3183 2299 3236 locum
2348 3180 2711 3236 testificantur
2761 3180 2991 3251 apostoli
3023 3180 3090 3235 de
3111 3181 3333 3236 Christo
3366 3197 3493 3251 pru-

1926 3276 2141 3348 pbetice
2188 3274 2623 3344 intelligendum,
2664 3275 2918 3330 videlicet
2948 3293 2964 3331 :
2998 3275 3122 3330 Non
3162 3276 3489 3348 derelinques

1928 3368 2159 3421 animam
2195 3382 2363 3420 meam
2394 3366 2447 3419 in
2498 3366 2727 3434 inferno,
2773 3384 2863 3421 nec
2893 3366 3045 3422 dabis
3076 3378 3314 3422 sanctum
3340 3378 3489 3422 tuum

1924 3459 2094 3515 videre
2120 3460 2501 3527 corruptionem
2520 3459 2585 3514 ⁸⁸.
2612 3458 2754 3515 Fieri
2783 3468 2967 3514 tamen
2988 3468 3164 3530 potest
3186 3470 3241 3515 ut
3270 3460 3336 3515 de
3365 3477 3491 3516 san-

1923 3561 2011 3606 cto
2038 3551 2285 3621 quolibet.
2319 3552 2409 3604 hic
2451 3551 2765 3606 doceamur.
2809 3552 2996 3623 Neque
3039 3561 3220 3609 tamen
3251 3554 3488 3623 idipsum

1922 3652 2007 3698 est
2048 3646 2291 3709 credere,
2322 3645 2571 3713 quoniam
2611 3646 2914 3713 miriﬁcavit
2945 3645 3205 3701 Dominus
3247 3658 3487 3701 sanctum

1924 3752 2099 3799 suum,
2150 3750 2213 3789 ac
2246 3750 2573 3805 cognoscere
2628 3752 2737 3789 non
2766 3737 2906 3791 idem
2957 3752 3079 3792 esse
3126 3739 3347 3793 credere
3399 3754 3491 3792 ve-

1921 3827 2090 3894 ritati,
2120 3835 2175 3882 et
2202 3842 2365 3882 nosse
2387 3828 2704 3895 veritatem;
2734 3836 2788 3883 et
2820 3828 3041 3884 credere
3071 3829 3200 3899 Deo,
3235 3846 3299 3885 ac
3327 3846 3489 3886 nosse

1921 3918 2111 3975 Deum.
2142 3920 2386 3991 Apostoli
2422 3928 2572 3975 certe
2613 3920 2829 3976 veritati
2872 3922 3198 3989 credebant;
3229 3923 3323 3978 sed
3354 3924 3484 3978 dum

1922 4013 2226 4077 crederent,
2255 4028 2362 4067 non
2396 4027 2621 4084 prorsus
2649 4014 2951 4070 noscebant
2980 4014 3149 4070 illam.
3180 4014 3311 4081 Quae
3346 4016 3484 4070 dici-

1920 4120 2042 4160 mus
2071 4104 2239 4174 probe
2259 4112 2759 4159 commoustrantur
2790 4120 2856 4160 ex
2888 4105 2992 4160 hoc
3016 4104 3292 4177 Evangelii
3325 4107 3445 4161 loco
3471 4126 3484 4160 :

1921 4194 1981 4249 Si
2010 4196 2311 4250 manseritis
2338 4197 2390 4249 in
2414 4212 2648 4251 sermone
2672 4214 2805 4259 meo,
2844 4214 2954 4251 vere
2974 4198 3222 4265 discipuli
3253 4198 3353 4252 mei
3382 4200 3489 4251 eri-

1921 4288 2009 4351 tis,
2030 4298 2079 4341 et
2101 4289 2417 4358 cognoscetis
2442 4290 2735 4349 veritatem,
2765 4297 2815 4343 et
2839 4290 3032 4342 veritas
3054 4289 3297 4343 liberabit
3317 4306 3403 4342 vos
3418 4290 3483 4343 “.

1918 4379 2158 4435 Credunt
2185 4381 2351 4446 enim,
2380 4382 2578 4451 inquit,
2614 4382 2854 4446 veritati,
2891 4391 2949 4436 ut
2976 4392 3313 4453 cognoscant
3346 4382 3488 4436 veri-

238 4461 419 4531 ρώσει
454 4461 629 4529 ὑμᾶς.
678 4464 995 4518 Πιστεύουσι
1021 4464 1128 4536 γὰρ
1162 4469 1228 4537 τῇ
1267 4467 1513 4538 ἀληθείᾳ,
1555 4469 1707 4539 φησὶ,
1753 4470 1812 4522 τὸ

1925 4478 2083 4525 tatem
2128 4486 2325 4535 :nam,
2397 4472 2695 4526 secundum
2772 4472 3101 4543 prophetas,
3156 4472 3487 4528 credendum

239 4554 548 4623 γνώσεσθαι
600 4556 697 4628 τὴν
726 4559 1009 4627 ἀλήθειαν·
1045 4561 1185 4613 κατά
1227 4560 1335 4632 γὰρ
1382 4560 1505 4623 τοὺς
1534 4562 1815 4632 προφήτας

242 4644 534 4699 πιστεῦσαι
568 4646 649 4699 δεῖ
689 4649 818 4719 πρὶν
863 4649 1097 4703 συνιέναι
1142 4652 1235 4704 καὶ
1285 4650 1539 4722 λαλῆσαι·
1580 4652 1674 4705 τοῦ
1716 4653 1815 4724 μὲν

253 4736 472 4790 Ἡσαΐου
510 4738 784 4808 λέγοντος·
840 4742 981 4795 Ἐὰν
1016 4742 1102 4812 μὴ
1147 4746 1541 4813 πιστεύσητε,
1586 4745 1710 4799 οὐδ’
1743 4748 1814 4801 οὺ

235 4824 325 4897 μὴ
368 4827 624 4895 συνῆτεο
671 4829 765 4881 τοῦ
807 4829 863 4883 δὲ
899 4832 1091 4883 Δαυῒδο
1143 4834 1527 4899 Ἐπίστευσα,
1552 4834 1642 4888 διὸ
1674 4835 1812 4889 ἐλά-

235 4920 428 4985 λησα.
458 4919 575 4971 Ὀτι
605 4920 662 4972 δὲ
688 4920 749 4973 τὸ
793 4919 1079 4988 γινώσκειν
1110 4923 1202 4975 τὸν
1245 4923 1376 4976 Θεὸν
1407 4924 1501 4977 τοῦ
1543 4924 1813 4979 πιστεύειν

236 5007 393 5078 αύτῷ
424 5009 688 5082 διαφέρει,
739 5012 796 5064 ὲν
840 5015 954 5076 τοῖς
1004 5013 1250 5084 Ψαλμοῖς
1281 5015 1692 5085 ἀναγέγραπται
1724 5015 1811 5069 διὰ

229 5098 359 5163 1τοῦ,
408 5101 760 5169 Σχολάσατε
789 5104 885 5156 καὶ
921 5102 1125 5172 γνῶτε,
1154 5106 1243 5159 ὅτι
1283 5107 1395 5177 ἐγώ
1427 5110 1542 5176 ειμι
1575 5111 1608 5161 ὀ
1640 5111 1812 5175 Θεόςο

235 5191 300 5243 ού
327 5191 435 5261 γὰρ
461 5195 571 5257 τοῖς
601 5193 888 5246 ἀπιστοῦσί
915 5212 1079 5264 φησι·
1111 5197 1453 5257 Σχ)λάσατε
1482 5200 1579 5252 καὶ
1610 5199 1811 5268 γνῶτε,

234 5282 328 5335 ὅτι
355 5282 470 5351 ἐγιῦ
505 5287 621 5354 ειμι
656 5288 690 5338 ὁ
720 5287 884 5351 Θεός.
925 5287 1045 5339 Ἐπὶ
1075 5291 1273 5357 γνῶσιν
1303 5287 1394 5344 οῦν
1423 5293 1570 5363 ἡμᾶς
1598 5294 1625 5345 6
1657 5291 1813 5359 λόγος

236 5374 679 5447 προκαλούμενος
713 5377 1001 5431 ὑποϐάλλει
1042 5382 1136 5433 καὶ
1160 5381 1257 5453 τὴν
1284 5384 1427 5447 τίνος
1454 5383 1653 5453 γνῶσιν
1683 5385 1813 5439 ἀνα-

1920 4561 2071 4632 prius
2113 4570 2197 4617 est
2231 4577 2393 4632 quam
2426 4564 2795 4633 intelligamus
2836 4573 2889 4618 et
2912 4565 3224 4634 loquamur,
3271 4563 3489 4618 dicente

1918 4652 2053 4707 Isaia
2085 4673 2098 4708 :
2155 4654 2219 4709 Si
2263 4671 2366 4708 non
2414 4654 2763 4717 credideritis,
2798 4672 2958 4725 neque
2992 4655 3294 4724 intelligetis
3316 4655 3399 4720 ‘7;
3433 4663 3489 4710 et

1920 4740 2122 4799 Davide
2150 4763 2163 4799 :
2198 4742 2435 4811 Credidi,
2465 4754 2676 4813 propter
2716 4744 2853 4813 quod
2890 4744 3095 4798 locutus
3112 4760 3230 4798 sum
3246 4742 3311 4801 ⁸⁸.
3329 4742 3486 4810 Quod

1918 4842 2098 4888 autem
2129 4833 2425 4889 discrimen
2455 4835 2528 4890 sit
2560 4834 2702 4889 inter
2728 4833 2898 4889 Deum
2939 4848 3103 4890 nosse
3132 4843 3187 4890 et
3226 4834 3336 4891 Deo
3367 4851 3486 4891 cre-

1919 4924 2066 4987 dere,
2110 4925 2165 4978 in
2197 4926 2422 4995 psalmis
2460 4925 2791 4981 describitur
2831 4925 2919 4981 his
2951 4926 3171 4982 verbis:
3215 4927 3410 4982 Vacate
3434 4936 3484 4982 et

1917 5015 2085 5069 videte
2111 5016 2358 5085 quoniam
2390 5033 2480 5087 ego
2509 5034 2624 5071 sum
2654 5015 2791 5069 Deus
2818 5010 2864 5044 δ’
2894 5037 2907 5071 :
2940 5033 3049 5072 non
3083 5019 3227 5071 enim
3262 5018 3376 5073 haec
3402 5020 3482 5073 lo-

1916 5106 2102 5177 quitur
2132 5124 2242 5163 nou
2274 5108 2625 5165 credentibus
2656 5130 2669 5163 :
2706 5109 2900 5164 Vacate
2940 5121 2990 5165 et
3036 5112 3201 5166 videte
3231 5114 3481 5180 quoniam

1914 5216 2004 5270 ego
2032 5216 2149 5255 sum
2193 5199 2357 5255 Deus.
2417 5204 2556 5260 Cum
2608 5204 2793 5273 itaque
2838 5220 2937 5259 nos
2975 5218 3155 5258 sermo
3185 5205 3252 5259 ad
3291 5206 3481 5274 cogni-

1914 5293 2118 5349 tionem
2147 5301 2357 5362 evocat,
2379 5294 2584 5349 indicat
2614 5297 2776 5351 simul
2810 5297 2968 5366 cujus
3004 5298 3078 5352 rei
3105 5299 3352 5351 notitiam
3382 5312 3483 5351 nos

1915 5387 2131 5458 assequi
2160 5394 2439 5459 Oporteat;
2466 5386 2717 5442 videlicet
2760 5387 3037 5442 mirabiles
3068 5388 3204 5442 ellici
3236 5394 3477 5449 sanctos,

309 5528 519 5586 “Psal.
553 5531 807 5597 Lxxxr,6.
886 5532 1088 5587 M’Psal.
1124 5551 1223 5598 xv,
1260 5538 1342 5591 IO.
1388 5538 1749 5607 “Joau.vm,
1780 5541 1962 5608 51,52.
2004 5544 2046 5574 ⁸⁷
2087 5543 2187 5598 lsa.
2222 5560 2320 5610 vn,
2357 5544 2410 5599 9.
2444 5544 2487 5576 ’⁵⁸
2517 5543 2662 5599 Psal.
2694 5544 2933 5608 cxv,10.
2999 5544 3041 5577 ⁸³
3072 5542 3344 5605 Psal.xt.v,
3388 5542 3476 5596 Η.

305 5734 380 5805 (t)
422 5734 480 5788 ln
520 5733 785 5791 llebraico
812 5738 1006 5809 legitur
1029 5747 1199 5805 νηὶ),
1240 5741 1292 5796 id
1323 5750 1426 5808 est,
1462 5741 1630 5813 gloria
1662 5760 1796 5811 mea,
1827 5752 1885 5801 ut
1916 5747 2083 5817 probe
2109 5748 2466 5819 Symmachus
2491 5750 2898 5820 interpretatur.

439 5836 709 5895 Pin-net.
743 5835 857 5893 Gn.
898 5834 947 5891 Χ
963 5833 1124 5895 iﬁlli.
