4086 6536
350 362 450 416 109

1465 358 1976 412 LOMMENTAHIA
2014 357 2075 409 ΙΝ
2118 356 2448 412 PSALMOS.

3477 363 3578 414 H0

344 474 502 537 αὐτὰ,
524 471 600 543 τῷ
636 472 708 544 μὴ
742 472 1175 540 καταυγάζεσθαι
1208 472 1283 541 τῷ
1322 472 1458 541 φωτὶ
1495 474 1586 525 τοῦ
1623 470 1905 543 προσώπου.

2020 470 2204 524 vultus
2224 471 2299 523 tui
2326 471 2531 525 lumine
2557 486 2665 527 non
2696 472 3040 527 illustrantur
3068 492 3079 527 :
3106 466 3454 543 quamobrem
3478 475 3581 527 rati

347 582 473 619 O'OU'
514 565 592 617 διὸ
620 564 684 635 δὴ
719 565 853 635 μόνα
884 565 950 617 τὰ
996 562 1171 633 γεώδη
1210 563 1303 616 καὶ
1344 562 1557 635 φθαρτά
1600 563 1921 634 ὑπολαμϐά-

345 673 525 717 νοντες
550 651 687 708 εἶναι
709 654 909 723 ἀγαθὰ,
937 655 1066 725 περὶ
1092 653 1261 708 ταῦτα
1298 653 1650 725 ἀσχολοῦνται
1671 654 1764 706 καὶ
1790 654 1922 707 ταῦ-

344 763 412 800 τα
441 746 878 816 μεταδιώκουσιν.
914 747 975 799 Ei
1007 746 1061 799 δέ
1098 764 1181 808 τις
1208 745 1390 808 αὐτοῖς
1417 745 1544 817 περὶ
1564 745 1687 798 τῶν
1714 743 1920 799 θειοτέ-

348 856 456 911 ρων
481 840 574 891 καὶ
598 838 935 909 ἐπουρανίων
966 837 1133 906 λέγοι,
1157 839 1366 909 ἐρωτᾷν
1393 838 1643 892 εἰώθασιν
1663 856 1675 867 ·
1708 837 1814 891 Καὶ
1835 838 1922 899 τίς

346 926 456 1000 ἆρά
490 933 635 984 ἐστιν
687 933 715 983 ό
761 930 945 995 δείξων
992 932 1123 1001 ἡμῖν
1164 930 1368 997 ταῦτα;
1412 931 1550 984 Ἀλλ’
1583 933 1776 985 ἐκεῖνοι
1820 932 1919 999 μὲν

345 1022 574 1075 τοιοῦτοί
602 1040 763 1086 τινες.
792 1024 979 1093 Ἡμεῖς
999 1023 1055 1075 δὲ
1079 1024 1206 1094 παρ’
1228 1017 1309 1085 οἷς
1339 1021 1666 1091 ἐσημειώθη
1700 1020 1763 1075 τὸ
1794 1020 1921 1090 φῶς

344 1112 453 1163 τοῦ
480 1109 799 1177 προσώπου
828 1126 965 1175 σου,
990 1106 1035 1164 ὦ
1062 1112 1259 1179 Κύριε,
1293 1110 1386 1164 καὶ
1418 1110 1507 1162 τὸν
1553 1108 1791 1173 δείξοντα
1824 1098 1919 1163 καὶ

347 1202 441 1254 τὸν
494 1202 730 1258 δώσοντα
777 1205 907 1274 ἡμῖν
951 1204 1090 1258 αύτά
1139 1202 1479 1274 ἐπιστάμεθα
1527 1202 1630 1255 ὑπὸ
1683 1201 1775 1254 τοῦ
1822 1219 1918 1255 σου

348 1294 525 1362 φωτὸς
568 1296 644 1357 είς
681 1295 777 1366 τὴν
809 1296 1007 1364 γνῶσιν
1040 1296 1218 1349 αὐτῶν
1257 1296 1606 1366 ἐληλυθότες⁸
1651 1295 1918 1362 Ἐδωκας

348 1387 731 1454 εὐφροσύνην
760 1390 846 1454 εἰς
879 1389 993 1457 τὴν
1017 1388 1267 1456 καρδίαν
1289 1405 1427 1457 μου.

427 1477 557 1531 Ἀπὸ
602 1480 832 1546 καρποῦ
868 1481 975 1535 τοῦ
1017 1482 1191 1534 σίτου
1229 1480 1327 1535 καὶ
1366 1481 1532 1535 οἴνου
1570 1483 1667 1535 καὶ
1707 1481 1917 1535 ἐλαίου

342 1567 539 1620 αὐτῶν
565 1568 1053 1639 ἐπληθύνθησαν.
1090 1571 1243 1625 Ἐπεὶ
1263 1572 1319 1623 δὲ
1354 1572 1619 1644 πολλαχοῦ
1647 1572 1752 1627 τῶν
1777 1574 1917 1643 Γρα-

345 1657 460 1726 φῶν
492 1660 548 1710 ἐν
578 1659 847 1728 εὐλογίαις
882 1664 1025 1724 σῖτος
1054 1662 1147 1715 καὶ
1179 1656 1317 1724 οἶνος
1343 1664 1458 1724 τοῖς
1502 1663 1678 1731 ἁγίοις
1707 1665 1914 1716 κεῖνται

339 1751 398 1802 ἐν
422 1749 741 1821 ἐπαγγελίᾳ,
770 1750 846 1815 ὡς
893 1751 986 1804 τοῦ
1031 1753 1272 1807 ἐναντίου
1335 1756 1447 1818 τοῖς
1501 1754 1842 1824 ἁμαρτωλοῖς
1878 1756 1913 1825 ἡ

2026 563 2139 617 sola
2169 571 2385 617 terrena
2416 574 2469 618 et
2496 564 2871 636 corruptibilia
2904 566 3043 619 bona
3073 580 3213 629 esse,
3244 566 3312 619 iis
3340 564 3578 630 student,

2021 670 2082 709 ea
2130 666 2551 725 persequuntur.
2588 657 2743 723 Quod
2790 659 2836 712 si
2878 659 3002 728 quis
3037 674 3131 712 eos
3172 658 3241 713 de
3281 658 3478 713 divinis
3516 674 3580 713 ac

2022 747 2339 802 caelestibus
2392 748 2720 817 alloquatur,
2770 765 2962 819 rogare
3014 749 3184 805 solent
3221 767 3236 804 :
3273 750 3406 815 Quis
3453 766 3581 820 ergo

2020 845 2104 891 est
2132 838 2223 907 qui
2272 840 2384 893 haec
2425 840 2675 894 ostendet
2726 841 2921 897 nobis?
2950 840 3026 894 Eo
3080 840 3156 893 illi
3204 842 3363 895 modo
3406 841 3580 895 allecti

2020 938 2167 985 sunt.
2203 929 2315 987 Nos
2352 948 2483 987 vero
2515 932 2659 1003 apud
2688 948 2826 1003 quos
2856 934 3121 1003 signatum
3149 942 3224 987 est
3256 934 3426 988 lumen
3467 934 3581 988 vul-

2021 1029 2103 1075 tus
2132 1022 2230 1085 tui,
2261 1022 2503 1087 Domine,
2539 1024 2631 1094 qui
2659 1025 2863 1079 lumine
2896 1031 2989 1078 tuo
3022 1025 3276 1079 illustrati
3311 1025 3366 1078 in
3391 1040 3577 1079 eorum

2018 1114 2381 1184 cognitionem
2415 1115 2682 1181 venimus,
2713 1117 2883 1187 probe
2914 1116 3118 1171 scimus
3149 1124 3202 1169 et
3237 1115 3359 1185 quis
3395 1124 3577 1172 osten-

2017 1201 2111 1256 dat
2139 1211 2193 1257 et
2225 1205 2349 1275 quis
2382 1203 2625 1259 conferat
2654 1204 2747 1259 illa
2780 1223 2794 1259 :
2831 1204 3034 1259 Dedisti
3073 1203 3313 1258 lwtitiam
3342 1204 3397 1257 in
3426 1204 3579 1260 corde

2016 1311 2148 1349 ηιεο.

2087 1470 2252 1526 Vens.
2281 1472 2335 1527 8.
2373 1473 2416 1526 Α
2445 1474 2621 1542 fructu
2659 1474 2932 1543 frumenti,
2972 1476 3077 1529 vini
3104 1485 3154 1529 et
3183 1476 3286 1530 olei
3322 1475 3406 1529 sui
3440 1474 3579 1528 mul-

2016 1562 2241 1630 tiplicati
2285 1573 2430 1618 sunt.
2479 1564 2614 1629 Quia
2658 1564 2713 1619 in
2758 1566 2945 1621 multis
2988 1565 3395 1636 Scripturarum
3444 1566 3579 1620 locis

2017 1651 2346 1707 frumentum
2388 1661 2441 1709 et
2478 1654 2665 1708 vinum
2712 1655 2854 1711 inter
2893 1656 3286 1726 promissiones
3321 1671 3384 1709 ac
3416 1656 3582 1709 bene—

2014 1742 2282 1797 dictiones
2326 1751 2621 1813 ponuntur,
2651 1751 2816 1814 atque
2844 1761 2909 1800 ex
2944 1746 3172 1800 adverso
3201 1745 3581 1814 peccatoribus

339 1839 543 1892 τούτων
569 1841 848 1912 στέρησις·
877 1842 1026 1907 ἀξιον
1054 1843 1360 1913 ἀποστῆσαι
1384 1844 1481 1913 τῆς
1507 1843 1649 1896 κατὰ
1674 1843 1734 1895 τὸ
1755 1844 1905 1914 ῥητὸν

2017 1834 2332 1887 eorumdem
2364 1834 2595 1903 privatio
2618 1835 2989 1902 denuntiatur;
3008 1837 3119 1906 jam
3142 1852 3319 1907 Operae
3345 1836 3578 1906 pretium

338 1928 491 1997 ψιλὸν
529 1931 871 2002 ὑπολήψεως,
908 1931 1037 1995 τούς
1061 1949 1120 1984 τε
1158 1933 1572 2005 ἀκεραιοτέρους
1608 1932 1714 1986 τῶν
1754 1951 1915 1987 πεπι-

341 2023 666 2084 στευκότων,
697 2022 941 2085 καὶτοὺς
987 2023 1073 2080 διὰ
1118 2023 1216 2093 τὴν
1270 2024 1567 2095 μικρότητα
1596 2023 1696 2094 τῆς
1745 2026 1917 2093 ἐπαγ-

340 2112 526 2178 γελίας
553 2112 724 2182 ἐτέρῳ
750 2111 867 2182 Θεῷ
900 2111 1357 2184 ἀναπλαττομένῳ
1393 2114 1484 2166 ὑπ’
1512 2115 1690 2167 αὐτῶν
1727 2114 1913 2184 βουλο-

345 2202 542 2272 μένους
578 2206 932 2273 προσκυνεῖν·
989 2204 1083 2257 καὶ
1132 2204 1508 2275 φιλοτιμητέον
1555 2207 1616 2259 τὸ
1671 2207 1913 2261 ποικίλον

339 2294 448 2345 τῶν
484 2294 810 2363 σωματικῶν
840 2295 1142 2366 βρωμάτων
1179 2296 1474 2365 ἀναγαγεῖν
1501 2298 1593 2351 ἐπὶ
1615 2298 1806 2362 ταῦτα,
1835 2292 1911 2353 ὧν

342 2384 827 2454 μεταλαμϐάνουσα
856 2388 976 2440 κατ’
1021 2387 1178 2451 ἀξίαν
1210 2388 1411 2459 ἐκάστη
1452 2388 1595 2461 ψυχὴ
1628 2390 1911 2459 ἁγιάζεται

338 2491 398 2526 τε
432 2476 524 2527 καὶ
546 2476 759 2529 εὐεκτεῑ
790 2478 883 2531 καὶ
914 2479 1329 2549 ίσχυροποιεῑται
1370 2481 1506 2552 πρὸς
1537 2482 1598 2535 τὸ
1650 2482 1909 2539 δύνασθαι

337 2560 405 2613 τά
444 2562 798 2618 ἐπιϐάλλοντα
830 2566 963 2637 αὐτῇ
1015 2566 1150 2639 ἔργα
1199 2570 1483 2624 ἐπιτελεῖν·
1508 2572 1649 2641 Ἐγὼ
1681 2574 1736 2627 δέ
1756 2570 1909 2645 οἶμαι

339 2652 477 2706 αὐτὰ
502 2656 595 2707 καὶ
627 2657 707 2719 είς
730 2657 819 2709 τὸν
855 2657 1114 2727 μέλλοντα
1149 2660 1320 2715 αἰῶνα
1346 2662 1660 2730 ἀνάγεσθαι.
1688 2666 1797 2719 Καὶ
1824 2667 1910 2720 ἵνα

342 2746 417 2812 μὴ
448 2746 573 2815 περὶ
619 2746 727 2799 τῶν
769 2747 1098 2819 τηλικούτων
1140 2752 1472 2823 ἀμαρτύρως
1501 2754 1738 2825 δόξωμεν
1776 2758 1910 2809 ἀπο-

336 2835 644 2902 φαίνεσθαι,
682 2838 903 2910 ἀρκέσει
954 2843 1083 2911 ἡμῖν
1136 2841 1347 2905 Παῦλος
1399 2843 1709 2912 σαφέστατα
1753 2845 1909 2899 τοῦτο

335 2924 601 2979 διδάσκων
646 2928 704 2982 ἐν
724 2933 790 3001 τῇ
825 2931 961 3001 πρὸς
986 2930 1376 3003 Φιλιππησίους
1400 2934 1683 3001 Ἐπιστολῇ
1703 2934 1873 3000 οὕτως
1890 2952 1905 2968 ³

334 3017 432 3083 Μὴ
463 3014 576 3072 οὗν
605 3037 693 3086 τις
722 3019 878 3089 ὑμᾶς
901 3023 1145 3091 κρινέτω
1181 3023 1252 3077 ἐν
1276 3024 1503 3093 ,ϐρώσει
1532 3025 1572 3093 ἢ
1609 3026 1680 3079 ἐν
1712 3027 1903 3093 πόσει,

334 3109 375 3177 ἢ
401 3109 470 3160 ἐν
488 3109 653 3177 μέρει
685 3111 951 3182 ἑορτῆςῆ
978 3116 1308 3185 νουμηνίας
1333 3115 1672 3172 σαϐϐάτων
1701 3118 1739 3173 ἄ
1776 3118 1907 3175 ἐστι

334 3202 479 3255 σκιὰ
499 3202 615 3255 τῶν
631 3206 1006 3273 μελλόντων.

417 3383 510 3435 Ἐν
558 3384 763 3455 εἰρήνῃ
815 3386 913 3439 ἐπὶ
973 3388 1039 3441 τὸ
1100 3388 1246 3442 αὐτὸ
1309 3390 1739 3459 κοιμηθήσομαι
1804 3393 1902 3448 καί

332 3473 620 3535 ὐπνώσω,
661 3475 750 3529 ὅτι
781 3476 885 3541 σὺ,
924 3479 1120 3547 Κύριε,
1164 3478 1314 3533 κατὰ
1348 3481 1539 3548 μόνας
1575 3482 1667 3534 ἐπ’
1704 3482 1904 3538 ἐλπίδι

336 3563 672 3632 κατῴκισάς
693 3584 787 3634 με.
818 3569 1002 3621 Ἔοικε
1028 3568 1215 3638 δηλοῦν
1242 3570 1340 3640 τὴν
1369 3571 1577 3641 ἀϐλαϐῆ
1599 3571 1779 3627 ἄνεσιν
1812 3575 1904 3627 καὶ

335 3652 644 3705 ἀνάπαυσιν
673 3653 772 3724 τῆς
801 3654 1000 3725 ψυχῆς,
1032 3656 1335 3727 συμφώνως
1362 3659 1439 3729 τῷ
1457 3659 1583 3730 θείῳ
1614 3661 1756 3732 λόγῳ
1784 3666 1904 3716 ἐσο-

337 3742 507 3813 μένην
552 3743 689 3812 μετά
730 3743 829 3807 τάς
871 3743 1006 3815 πρὸς
1051 3746 1121 3799 τὰ
1164 3746 1421 3799 κάλλιστα
1468 3749 1715 3821 θεωρίας.
1754 3733 1904 3821 Τάχα

332 3834 441 3906 γάρ
473 3834 531 3888 ὃν
558 3835 758 3907 τρόπον
801 3836 942 3890 κατὰ
977 3837 1036 3890 τὸ
1082 3838 1240 3909 σῶμα
1272 3841 1533 3909 φαγόντες
1573 3843 1666 3894 καὶ
1694 3842 1904 3905 πιόντες

333 3926 572 3986 ἀνέσεως
590 3926 818 3998 δεόμεθα
843 3928 942 3997 τῆς
964 3929 1105 3984 κατά
1136 3931 1225 3984 τὸν
1250 3932 1441 3985 ὕπνονο
1473 3932 1643 3996 οὕτως
1678 3933 1736 3985 ού
1771 3933 1905 3987 πάν-

332 4033 458 4069 τοτε
493 4016 763 4088 δυναμένη
788 4018 1031 4089 διαρκεῖν
1062 4021 1094 4090 ἡ
1127 4020 1271 4093 ψυχὴ
1310 4024 1445 4093 πρὸς
1472 4024 1534 4076 τὸ
1571 4023 1814 4094 θεωρεῖν,
1846 4025 1904 4076 ἐν

334 4107 511 4179 καιρῷ
538 4108 832 4173 ἐνατενίζει
860 4113 971 4173 τοῖς
1013 4111 1153 4165 κατά
1196 4113 1294 4184 τὴν
1327 4114 1527 4184 ἑαυτῆς
1566 4114 1790 4184 δύναμιν
1824 4114 1902 4184 τῷ

332 4200 618 4272 αὐτάρκει·
648 4197 763 4255 εἶτα
803 4201 1154 4257 διανάπαυσιν
1188 4205 1467 4276 ἡγούμεθα
1500 4206 1786 4275 δηλοῦσθαι
1813 4208 1898 4262 διά

329 4291 425 4342 τοῦ
450 4307 463 4319 ο
512 4290 615 4343 Ἐν
657 4290 864 4359 εἰρήνῃ
900 4292 997 4345 ἐπὶ
1037 4293 1104 4346 τὸ
1141 4296 1286 4348 αὐτὸ
1326 4297 1757 4365 κοιμηθήσομαι
1799 4298 1897 4352 καὶ

332 4379 608 4435 ὑπνώσω.

413 4556 637 4610 Ἐκεῖνοι
682 4558 800 4629 μὲν,
835 4562 1018 4631 φησὶν,
1052 4563 1101 4613 οἱ
1154 4563 1340 4616 πολλοὶ
1396 4564 1489 4617 ἆτε
1537 4566 1601 4636 δὴ
1642 4567 1895 4622 πλατεῖαν

330 4646 424 4697 καὶ
455 4646 765 4717 εὐρύχωρον
799 4648 1092 4714 ὁδεύοντες,
1127 4650 1191 4703 δι’
1219 4648 1286 4723 ἦς
1313 4656 1360 4706 οἱ
1392 4654 1574 4707 πολλοὶ
1602 4656 1894 4726 βαδίζουσι,

327 4735 425 4788 οὐκ
451 4735 664 4801 ἐλπίζον
680 4739 779 4803 τες,
820 4741 903 4803 τίς
932 4741 1093 4805 δείξει
1125 4743 1308 4806 αὐτοῖς
1343 4744 1409 4797 τά
1450 4746 1588 4799 κατὰ
1643 4748 1896 4819 ἀλήθειαν

326 4827 524 4893 ἀγαθὰ,
557 4831 613 4881 ἐν
642 4831 768 4901 οἴνῳ
797 4834 889 4886 καὶ
922 4833 1084 4904 ἐλαίῳ
1127 4836 1221 4888 καὶ
1250 4836 1383 4907 σίτῳ
1416 4838 1793 4909 πληθύνοντες,
1821 4842 1896 4905 ὡς

326 4918 545 4985 ἀγαθῶν
578 4921 779 4976 τούτων
812 4924 1103 4978 ἀπολαύειν
1129 4926 1384 4995 ἡγοῦνται
1405 4945 1418 4959 °
1448 4930 1570 4999 ἐμοὶ
1610 4931 1665 4983 δέ
1688 4931 1763 5001 τῷ
1794 4951 1892 4985 κα-

321 5008 645 5081 ταξιωμένῳ
686 5012 780 5065 τοῦ
824 5016 999 5084 φωτὸς
1045 5016 1136 5070 τοῦ
1181 5016 1468 5089 προσώπου
1513 5038 1635 5084 σου,
1686 5022 1889 5092 Κύριε,

322 5096 529 5161 ἔδωκας
565 5101 898 5174 εὐφροσύνην
929 5104 1153 5175 καρδίας
1173 5122 1184 5134 ·
1214 5106 1327 5158 ἀλλ’
1361 5107 1479 5160 οὐδὲ
1513 5109 1730 5179 σαρκῶν
1770 5110 1891 5162 οὐδὲ

322 5191 610 5259 σωμάτων,
644 5194 738 5247 καὶ
771 5194 832 5246 ού
859 5195 956 5266 τὴν
997 5197 1056 5261 ἐξ
1092 5198 1233 5250 οἴνου
1261 5198 1353 5252 καὶ
1390 5198 1532 5252 σίτου
1577 5200 1669 5253 καὶ
1701 5200 1888 5253 ,ἐλαίου

270 5318 273 5321 -
320 5282 535 5352 σώμασι
593 5288 1039 5359 χορηγουμένην,
1084 5290 1197 5342 ἀλλ’
1232 5291 1564 5362 εὐφροσύνην
1610 5292 1707 5362 τὴν
1752 5294 1890 5347 κατά

319 5371 579 5429 διάνοιαν.
620 5375 826 5430 Μαθὼν
872 5378 980 5447 γάρ
1015 5380 1162 5451 παρὰ
1205 5381 1297 5434 τοῦ
1348 5382 1594 5453 Σωτῆρος
1633 5382 1727 5435 καὶ
1780 5383 1888 5436 τῶν

320 5463 432 5515 σῶν
471 5466 831 5535 ἐπαγγελιῶν,
859 5468 961 5533 ὅτι,
1006 5472 1052 5522 εἰ
1086 5471 1180 5525 καὶ
1211 5473 1278 5524 τά
1327 5473 1558 5542 μάλιστα
1616 5474 1755 5527 κατά
1799 5475 1889 5528 τὸν

314 5548 588 5603 ἐνεστῶτα
625 5553 736 5621 βίον
775 5554 939 5608 λύπαι
975 5574 1062 5625 μοι
1103 5558 1194 5610 κει)⁴
1238 5559 1441 5629 θλίψεις
1476 5564 1567 5616 καὶ
1597 5565 1887 5635 πειρασμοὶ

314 5639 411 5689 καὶ
443 5644 789 5708 περιστάσεις
814 5648 875 5699 ού
903 5647 1285 5714 διαλείπουσιν,
1320 5651 1431 5704 ἀλλ’
1464 5654 1610 5707 ἔσται
1646 5673 1735 5725 μοι
1766 5674 1883 5710 και-

388 5752 435 5781 ⁵⁰
474 5753 684 5812 Coloss.
721 5773 792 5822 tt,
830 5760 923 5821 16,
962 5762 1048 5817 17.

2015 1929 2120 1986 est,
2149 1931 2209 1976 ut
2237 1924 2572 1979 credentium
2602 1926 2983 1996 simpliciores,
3012 1942 3224 1982 necnon
3252 1944 3346 1984 eos
3378 1928 3471 1997 qui
3508 1928 3581 1982 ob

2015 2013 2397 2082 promissionis
2448 2017 2765 2070 tenuitatem
2812 2017 2972 2070 deum
3021 2017 3219 2084 alium,
3266 2033 3427 2087 quem
3476 2018 3581 2087 ipsi

2014 2103 2118 2159 sibi
2158 2104 2672 2170 comminiscuntur,
2705 2107 2934 2163 adorare
2964 2108 3175 2172 volunt,
3209 2110 3277 2163 ab
3323 2110 3581 2179 opinione

2012 2204 2176 2266 atque
2208 2197 2481 2251 sententia
2513 2197 2849 2267 bujusmodi,
2884 2213 2948 2253 ex
2982 2199 3175 2255 litterae
3204 2200 3414 2254 vilitate
3446 2215 3579 2254 con-

2011 2296 2187 2357 cepta,
2214 2287 2578 2344 retrahamus.
2613 2288 2678 2342 Et
2707 2304 2918 2344 summo
2944 2289 3160 2359 quidem
3187 2306 3350 2359 Opere
3380 2305 3580 2343 curan-

2010 2378 2163 2445 dum,
2193 2387 2254 2433 ut
2283 2380 2464 2434 varios
2494 2381 2617 2435 illos
2648 2382 2960 2450 corporales
2990 2382 3143 2437 cibos
3168 2382 3234 2436 ad
3270 2382 3407 2436 alios
3432 2382 3578 2435 refe-

2010 2485 2217 2535 ramus,
2253 2472 2408 2540 queis
2456 2486 2557 2542 pro
2603 2472 2801 2527 merito
2847 2471 3051 2528 refecta
3100 2473 3283 2533 anima
3327 2489 3575 2543 quaeque,

2009 2569 2196 2615 sancta
2228 2561 2481 2626 edicitur,
2514 2563 2652 2618 bene
2695 2564 2856 2628 valet,
2890 2564 3142 2635 viresque
3183 2565 3382 2634 accipit
3416 2564 3482 2618 ad
3512 2579 3577 2618 ea

2009 2665 2194 2721 opera,
2226 2668 2346 2723 qua:
2391 2655 2477 2709 sui
2529 2654 2690 2709 ollicii
2735 2663 2863 2709 sunt
2908 2658 3273 2726 exsequenda.
3304 2656 3415 2726 Ego
3448 2670 3578 2710 vero

2008 2742 2219 2798 mstimo
2251 2744 2367 2813 ipsa
2396 2745 2557 2799 etiam
2590 2746 2653 2797 ad
2682 2746 2926 2800 futurum
2962 2748 3218 2801 saeculum
3246 2744 3573 2801 reducenda.

2007 2833 2086 2886 Ac
2131 2848 2200 2887 ne
2242 2834 2308 2888 de
2354 2835 2521 2890 tantis
2562 2836 2726 2891 rebus
2766 2838 3048 2892 videamur
3091 2839 3210 2893 sine
3259 2838 3575 2892 testimonio

2009 2924 2330 2977 sententiam
2367 2925 2530 2989 ferre,
2572 2925 2800 2982 suiliciat
2842 2928 3000 2982 nobis
3040 2926 3268 2982 Paulum
3298 2927 3491 2982 allerre
3518 2927 3577 2982 in

2009 3010 2251 3082 Epistola
2304 3014 2370 3070 ad
2422 3015 2803 3088 Philippenses
2854 3019 3088 3089 idipsum
3143 3019 3427 3074 docentem
3487 3017 3576 3074 his

2007 3106 2188 3162 verbis
2212 3126 2225 3161 :
2257 3106 2426 3163 Nemo
2451 3126 2539 3163 vos
2558 3109 2762 3178 judicet
2786 3111 2840 3164 in
2866 3110 3000 3176 cibo,
3027 3120 3117 3163 aut
3145 3111 3199 3164 in
3224 3120 3372 3178 potu,
3397 3118 3488 3163 aut
3520 3113 3574 3162 in

2004 3203 2155 3263 parte
2209 3195 2314 3250 diei
2362 3198 2485 3266 [esti
2552 3211 2641 3251 aut
2688 3201 2965 3254 neomenia.’
3029 3198 3400 3265 sabbatorum,
3452 3215 3570 3269 qua

2005 3295 2127 3342 sunt
2156 3288 2345 3343 umbra
2371 3290 2670 3358 fututorum
2694 3292 2762 3343 ⁸ο.

2073 3377 2241 3436 Vens.
2274 3380 2329 3447 9,
2355 3381 2442 3436 it).
2487 3380 2551 3435 In
2579 3399 2706 3452 pace
2745 3384 2803 3436 in
2838 3383 3068 3453 idipsum
3113 3382 3379 3437 dormiam
3408 3390 3456 3435 et
3486 3397 3573 3434 re-

2002 3472 2305 3542 quiescam;
2345 3474 2594 3545 quoniam
2642 3484 2718 3542 tu,
2749 3474 2992 3543 Domine,
3021 3474 3361 3545 singulariter
3396 3474 3451 3526 in
3481 3488 3571 3543 spe

2004 3565 2325 3619 constituisti
2368 3583 2467 3620 me.
2510 3566 2756 3621 lndicare
2786 3566 3002 3623 videtur
3028 3567 3302 3620 innoxiam
3333 3564 3569 3634 quietem

2002 3657 2277 3727 animique
2322 3658 2722 3722 remissionem,
2757 3675 2879 3728 qua:
2922 3668 3046 3729 post
3088 3658 3571 3728 praestantissima-

2002 3764 2122 3802 rum
2151 3764 2331 3803 rerum
2360 3750 2898 3818 contemplationem,
2929 3756 2987 3804 ut
3022 3749 3207 3803 divino
3236 3748 3402 3803 verbo
3430 3763 3567 3802 con-

2001 3841 2169 3906 venit,
2203 3841 2467 3896 sumenda
2489 3850 2593 3897 est.
2621 3842 2877 3897 Fortasse
2904 3840 3049 3896 enim
3073 3841 3213 3895 sicut
3236 3849 3356 3909 post
3384 3840 3567 3893 cibum

2003 3938 2295 4004 potumque
2337 3935 2695 4001 corporalem,
2725 3935 2906 4004 quiete
2944 3933 3035 3986 illa
3078 3948 3299 4001 egemus
3324 3947 3445 4001 quae
3471 3945 3567 4000 per

2002 4036 2252 4077 somnum
2283 4024 2536 4088 sumitur,
2570 4024 2644 4077 ita
2674 4040 2797 4079 cum
2830 4039 2938 4079 non
2977 4025 3155 4080 valeat
3196 4025 3377 4078 anima
3425 4040 3568 4079 sem-

2000 4129 2096 4182 per
2138 4129 2203 4169 ac
2244 4114 2364 4170 sine
2412 4116 2818 4171 intermissione
2866 4115 3312 4185 contemplationi
3349 4129 3566 4178 vacare,

1999 4212 2150 4258 certo
2194 4206 2411 4274 quidem
2459 4213 2702 4275 tempore
2755 4205 3064 4274 spiritualia
3111 4204 3334 4274 respicit
3373 4219 3436 4257 ac
3468 4218 3567 4272 pro

1996 4295 2205 4352 viribus
2254 4298 2603 4367 speculatur;
2639 4296 2835 4351 deinde
2874 4310 3004 4351 vero
3032 4296 3323 4366 requiescit
3354 4313 3368 4349 :
3400 4310 3565 4364 quam

1993 4395 2250 4456 putamus
2274 4390 2518 4459 requiem
2550 4389 2635 4444 liis
2666 4388 2964 4459 signiﬁcari
2988 4406 3001 4441 :
3023 4385 3088 4441 In
3108 4402 3233 4455 pace
3257 4387 3315 4440 in
3338 4386 3564 4455 idipsum

1996 4476 2258 4532 dormiam
2285 4489 2334 4533 et
2365 4480 2705 4549 requiescam.

2067 4571 2147 4625 Illi
2177 4580 2344 4636 certe,
2369 4573 2463 4636 ait,
2493 4572 2585 4640 qui
2620 4570 2774 4624 multi
2802 4584 3029 4625 numero
3056 4576 3204 4633 sunt,
3223 4569 3380 4622 multi
3411 4583 3565 4622 nam-

1998 4680 2104 4734 que
2148 4665 2205 4718 in
2249 4666 2357 4718 lata
2396 4666 2745 4735 spatiosaque
2775 4664 2859 4718 via
2891 4664 3248 4733 gradiuntur;
3296 4677 3407 4716 non
3439 4675 3562 4728 spe-

1996 4763 2181 4811 rantes
2212 4756 2403 4812 adesse
2429 4755 2760 4825 quempiam,
2791 4757 2883 4824 qui
2907 4755 3158 4810 ostendat
3184 4754 3319 4826 ipsis
3348 4769 3411 4808 ea
3440 4768 3561 4823 quae

1995 4847 2295 4902 secundum
2324 4846 2403 4901 rei
2428 4846 2714 4901 veritatem
2754 4846 2892 4899 bona
2937 4855 3093 4915 sunt;
3126 4848 3272 4912 vino,
3303 4846 3424 4901 oleo
3475 4853 3560 4898 at-

1992 4953 2099 5006 que
2135 4937 2409 4991 frumento
2435 4936 2717 4992 atlluentes
2736 4975 2753 5002 ,
2781 4937 2848 4992 iis
2875 4952 2934 4992 se
2961 4946 3218 5007 tanquam
3247 4953 3372 4992 vere
3399 4937 3560 4992 bonis

1993 5028 2101 5083 frui
2144 5030 2504 5085 arbitrantur.
2560 5029 2689 5085 Mihi
2724 5046 2887 5096 vero,
2922 5045 3083 5101 quem
3128 5031 3333 5085 lumine
3375 5031 3558 5085 vultus

1992 5120 2069 5173 tui
2101 5119 2356 5189 dignatus
2387 5136 2481 5184 es,
2520 5120 2780 5186 Domine,
2821 5123 3005 5177 cordis
3040 5122 3282 5176 laetitiam
3313 5121 3553 5186 dedisti;

1990 5227 2101 5265 non
2151 5213 2300 5266 illam
2351 5228 2483 5267 sane
2526 5228 2646 5283 qua:
2685 5214 2838 5267 carni
2887 5214 3215 5283 corporique
3265 5213 3553 5282 competit,

1992 5319 2169 5374 neque
2203 5304 2348 5357 illam
2384 5320 2505 5374 quae
2535 5304 2845 5371 frumento,
2876 5306 3004 5359 vino
3072 5312 3125 5360 et
3157 5305 3276 5361 oleo
3306 5304 3551 5365 affertur.

1989 5394 2085 5450 sed
2137 5395 2377 5449 laetitiam
2426 5411 2548 5466 qua:
2589 5405 2770 5452 mente
2814 5396 3132 5466 percipitur.
3178 5397 3312 5450 Cum
3341 5396 3483 5449 enim
3520 5410 3551 5445 a

1991 5485 2273 5542 Salvatore
2298 5503 2478 5557 exque
2505 5489 2793 5557 promissis
2820 5487 2931 5541 tuis
2958 5486 3271 5540 edidicerint
3290 5525 3306 5547 ,
3338 5486 3552 5538 etiamsi

1988 5579 2121 5632 mihi
2173 5580 2423 5646 dolores,
2474 5595 2763 5647 aerumnre,
2806 5582 3163 5643 tentationes,
3216 5576 3551 5631 calamitates

1988 5669 2045 5723 in
2106 5673 2359 5740 praesenti
2408 5672 2515 5729 vita
2567 5687 2678 5728 non
2729 5671 3020 5736 deﬁciant,
3074 5668 3318 5724 futurum
3370 5677 3550 5722 tamen
