4086 6528
536 340 636 394 Hi

1237 327 1502 395 EUSEBII
1542 337 2020 394 CAESARIENSIS
2057 337 2207 393 OPP.
2251 335 2430 389 PARS
2469 334 2552 388 Ill.
2592 365 2653 373 ———
2695 334 3102 391 EXEGETICA.

3664 332 3765 386 HQ

530 464 664 519 mihi
698 471 911 533 tempus
943 478 1053 533 quo
1086 478 1114 516 a
1147 477 1372 532 corpore
1422 461 1678 516 decedam
1701 503 1715 526 ,
1763 479 1825 515 ac
1870 464 1922 515 in
1963 476 2096 531 pace

2205 458 2295 530 ρὸς
2328 459 2355 509 6
2375 457 2476 527 τῆς
2500 456 2817 526 ἀπαλλαγῆς
2843 453 2937 507 τοῦ
2962 452 3228 521 σώματος,
3254 449 3375 505 καθ’
3399 450 3455 503 ὃν
3491 452 3547 502 ἐν
3576 450 3766 520 εἰρήνη

530 556 797 611 dormiam
821 595 835 620 ,
869 566 922 611 et
955 571 983 610 a
1014 570 1237 623 corpore
1268 554 1578 619 liberabor;
1613 571 1906 625 persuasus
1940 558 2097 625 plane

531 662 653 701 sum
694 654 829 699 tunc
869 646 1001 699 mihi
1043 644 1227 699 adfore
1250 644 1448 699 laetitiae.
1479 645 1637 700 linem
1668 660 1731 699 ac
1757 661 2099 701 consumma-

530 739 737 792 tionem
764 756 776 803 ;
811 751 933 791 cum
966 737 1173 792 scilicet
1202 751 1286 793 me
1312 752 1481 807 s0por
1508 738 1597 791 ille
1623 738 1923 808 mortisque
1953 756 2099 795 som-

532 845 639 884 nus
671 828 1160 899 comprehenderit.
1196 828 1350 881 Tunc
1379 828 1524 883 enim
1556 836 1613 882 tu
1651 829 1798 899 ipse,
1840 829 2093 892 Domine.

530 937 621 975 mc
654 922 747 974 tali
778 936 871 990 spe
915 920 1057 975 bona
1097 922 1423 975 instructum
1469 922 1713 991 excipies
1755 930 1808 975 et
1846 922 1899 974 in
1930 923 2097 976 cmic-

532 1013 710 1067 stihus
735 1013 1112 1069 mansionibus
1142 1014 1456 1068 collocabis.
1485 1012 1722 1068 Observa
1746 1029 1910 1083 porro
1937 1014 2096 1066 etiam

534 1088 644 1153 hoc.
670 1101 788 1154 loco
817 1101 1237 1170 diapsalmatum
1268 1102 1650 1157 distinctiones
1670 1143 1683 1163 ,
1716 1118 1834 1172 quae
1862 1102 1945 1156 vel
1977 1118 2100 1156 sen-

532 1190 719 1244 tentia:
746 1192 1104 1245 mutationem
1134 1193 1410 1255 indicant,
1440 1194 1523 1248 vel
1553 1194 1784 1249 fortasse
1812 1194 2097 1247 melodiam

532 1292 888 1347 conversam,
922 1282 1037 1335 sive
1071 1281 1305 1351 denique
1338 1282 1675 1353 rhythmum.

606 1452 858 1508 Asterius
886 1461 1068 1508 autem
1097 1456 1319 1509 arianus
1347 1454 1491 1507 hunc
1519 1453 1786 1522 psalmum
1821 1454 1901 1507 sic
1932 1469 2101 1521 expo-

536 1544 686 1599 suit:
741 1542 954 1609 Quare.
1003 1545 1054 1596 in
1100 1544 1254 1611 ﬁnem
1300 1544 1353 1597 in
1391 1543 1627 1613 hymnis,
1676 1543 1971 1612 inscriptus
2014 1544 2103 1598 hic

533 1636 779 1705 psalmus
828 1637 955 1691 est?
995 1636 1132 1700 Quia
1177 1636 1345 1706 probe
1388 1637 1585 1704 coepit,
1624 1650 1686 1688 ac
1722 1635 1889 1704 probe
1936 1635 2100 1688 vitam

532 1727 669 1782 obiit
698 1746 710 1781 :
744 1730 861 1792 vel,
889 1728 1017 1797 quia
1045 1728 1184 1781 male
1212 1728 1489 1796 inceperat
1513 1768 1526 1789 ,
1558 1741 1681 1779 cum
1714 1724 1854 1779 Urize
1879 1742 2100 1779 uxorem

2206 553 2501 621 ποιήσομαι
2532 549 2629 619 τὴν
2658 550 2909 619 κοίμησιν
2946 547 3039 601 καὶ
3068 546 3164 615 τὴν
3197 542 3510 612 ἀπαλλαγὴν
3542 541 3633 594 τοῦ
3665 541 3770 594 σώο

2207 659 2373 714 ματος
2394 659 2407 672 ’
2458 637 2515 694 εὖ
2554 641 2609 693 δὲ
2647 640 2887 711 ἀκριϐῶς
2915 640 3243 707 πέπεισμαι,
3272 636 3352 688 ὅτι
3386 635 3503 687 τότε
3535 650 3622 704 μοι
3660 652 3769 687 πα-

2207 735 2391 807 ρέσται
2423 733 2492 787 τά
2530 733 2652 803 τέλη
2680 733 2778 802 τῆς
2819 730 3172 803 εὐφροσύνης,
3208 727 3423 782 ἐπειδὰν
3456 729 3487 797 ἡ
3518 726 3770 797 κοίμησίς

2207 845 2273 899 με
2308 825 2588 897 καταλάϐῃ
2620 826 2713 877 καὶ
2761 826 2789 876 6
2838 823 2978 877 κατὰ
3016 822 3105 875 τὸν
3150 821 3374 875 θάνατον
3417 819 3595 882 ὖπνος.
3636 819 3768 871 Τότε

2202 920 2311 989 γὰρ
2343 918 2407 971 σὺ
2456 916 2617 979 αὐτὸς
2655 917 2703 979 6,
2755 915 2947 987 Κύριε,
2981 912 3118 984 μετὰ
3168 914 3264 983 τῆς
3306 911 3513 980 ἀγαθῆς
3565 910 3771 981 ταύτης

2202 1009 2415 1071 ἐλπίδος
2444 1005 2726 1061 ἀναλαϐών
2761 1024 2825 1077 με
2857 1008 3149 1068 κατοικιεῖς
3184 1006 3241 1057 ἐν
3283 1005 3398 1065 ταῖς
3434 1002 3771 1071 ἐπουρανίοις

2206 1102 2413 1172 μοναῖς.
2446 1099 2758 1169 Σημείωσαι
2779 1098 2833 1150 δὲ
2864 1097 3138 1151 κάνταῦθα
3167 1096 3264 1159 τὰς
3293 1095 3383 1146 ἐπὶ
3413 1098 3521 1155 τοῖς
3551 1093 3774 1162 διαψάλ-

2206 1210 2335 1262 μασι
2375 1190 2677 1253 διαστολὰς,
2708 1191 2825 1260 ἦτοι
2864 1190 2961 1259 τῆς
3002 1189 3236 1251 διανοίας
3280 1187 3574 1257 ἐναλλαγὴν
3612 1203 3775 1255 παρι-

2204 1283 2437 1347 στώσας,
2460 1284 2491 1353 ἢ
2516 1283 2654 1352 τάχα
2678 1281 2977 1353 μεταϐολὴν
2998 1280 3089 1333 τοῦ
3123 1279 3312 1351 μέλους
3345 1278 3773 1343 ἐναλλάττοντος,

2205 1374 2236 1443 ἢ
2272 1373 2360 1425 τὸν
2398 1373 2622 1443 ῥυθμόν.

2276 1465 2349 1533 (l)
2409 1464 2681 1535 Ἀστέριος
2728 1464 2785 1517 δὲ
2840 1465 2867 1517 6
2913 1464 3160 1535 ἀρειανὸς
3206 1464 3374 1527 οὕτως
3436 1464 3523 1515 τὸν
3562 1461 3775 1532 ψαλμὸν

2206 1557 2528 1628 ἐξηγήσατο·
2560 1555 2657 1608 Διὰ
2686 1555 2759 1618 τί,
2798 1558 2885 1621 εἰς
2918 1556 2980 1609 τὸ
3016 1556 3189 1621 τέλος
3225 1557 3294 1608 ἐν
3326 1556 3554 1623 ὕμνοις,
3584 1554 3774 1621 ἐπιγέ-

2206 1666 2447 1719 γραπται
2475 1650 2503 1701 6
2531 1647 2776 1717 ψαλμός;
2824 1646 3035 1717 Ἐπειδὴ
3072 1647 3251 1710 καλῶς
3282 1649 3379 1717 μὲν
3416 1647 3635 1717 ἤρξατο,
3674 1664 3777 1699 κα-

2206 1740 2314 1803 λῶς
2333 1740 2386 1791 δὲ
2412 1738 2501 1791 τὸν
2536 1738 2645 1807 βίον
2674 1738 2884 1789 ἐτέλεσε
2903 1755 2915 1767 ·
2942 1738 2973 1807 ἦ
3004 1738 3187 1808 ἐπειδὴ
3215 1738 3394 1801 κακῶς
3426 1738 3521 1807 μὲν
3550 1737 3772 1807 ἦρξατο,

534 1820 847 1873 abluentem
890 1834 948 1874 se
990 1820 1371 1889 conspicatus,
1424 1818 1528 1887 ipsi
1578 1828 1827 1887 stuprum
1881 1817 2101 1883 intulit;

2208 1829 2489 1900 θεωρήσας
2524 1830 2619 1899 τὴν
2664 1828 2756 1880 τοῦ
2806 1828 3001 1899 Οὐρίου
3056 1832 3287 1895 γυναῖκα
3330 1828 3619 1897 λουομένην
3677 1825 3775 1879 καὶ

531 1911 672 1967 bene
702 1920 883 1967 autem
915 1928 974 1966 se
1006 1913 1174 1983 gessit
1203 1911 1345 1981 quod
1381 1920 1600 1982 peracta
1641 1912 1959 1980 pmnitentia
1994 1912 2100 1963 vita

532 2002 754 2057 functus
787 2004 877 2057 sit.
912 2002 1177 2072 Ideoque,
1213 2004 1265 2056 in
1297 2002 1613 2071 principium
1649 2002 1703 2055 in
1727 2003 2025 2069 vituperiis,
2050 2002 2103 2055 in

535 2096 691 2163 ﬁnem
731 2096 782 2147 in
822 2096 1026 2164 hymnis
1068 2096 1302 2149 dicatur.
1341 2094 1591 2148 Psalmus
1629 2093 1816 2151 Ι)αυὶάί
1846 2134 1860 2156 ,
1900 2093 1952 2145 id
1984 2101 2100 2156 est,

534 2188 868 2257 pmnitcntia:
922 2203 1123 2257 opera,
1171 2188 1295 2256 quia
1348 2187 1436 2240 ubi
1485 2186 1771 2239 abundavit
1819 2185 2100 2247 delictum,

536 2278 995 2344 superabundavit
1030 2279 1248 2347 justilia
1295 2280 1362 2335 ¹⁵¹.
1412 2278 1772 2344 Quamobrem
1821 2280 1937 2333 ait:
1971 2278 2103 2351 Cum

534 2366 831 2420 invocarem
858 2369 1123 2422 exaudivit
1152 2386 1230 2422 me
1257 2369 1391 2422 Deus
1407 2370 1635 2438 justitia:
1661 2386 1807 2433 meae,
1832 2369 2102 2437 justitiam

536 2471 693 2511 suam
724 2457 893 2513 David
928 2462 1300 2529 penitentiam
1341 2471 1517 2515 vocat.
1555 2460 1701 2514 Vidit
1740 2460 1881 2516 Deus
1912 2476 2105 2515 emun-

535 2546 717 2601 datam
768 2549 1040 2613 animam,
1085 2552 1412 2620 admisitque
1449 2552 1771 2606 orationem.
1817 2552 1945 2607 Sive
1994 2552 2101 2606 for-

533 2647 682 2693 tasse
713 2641 841 2708 quia
872 2640 926 2694 in
970 2642 1287 2711 praecedenti
1339 2643 1568 2712 psalmo,
1622 2658 1745 2697 cum
1803 2644 1873 2698 ab
1925 2643 2103 2697 Absa-

535 2730 662 2785 lone
711 2733 854 2787 bello
906 2734 1186 2803 impetitus
1240 2736 1484 2805 lugeret,
1520 2735 1884 2791 interveniens
1932 2736 2104 2790 oratio

534 2828 832 2892 tyrannum
864 2824 931 2878 de
958 2826 1139 2879 medio
1172 2827 1394 2881 sustulit
1422 2844 1436 2891 ;
1471 2842 1570 2879 ceu
1598 2827 1965 2896 interrogatus
1996 2841 2102 2894 qua

534 2914 746 2967 ratione
810 2915 1139 2970 Absalonem
1205 2917 1540 2982 debellaret,
1604 2916 1898 2987 respondet
1950 2917 2104 2971 initio

532 3007 751 3075 psalmi.
788 3005 943 3061 Sicut
979 3009 1123 3063 enim
1149 3048 1163 3073 ,
1203 3009 1413 3079 inquit,
1453 3016 1574 3079 post
1608 3017 1891 3080 peccatum
1924 3024 2101 3063 meum

536 3096 679 3152 Deus
712 3099 861 3152 illum
897 3100 1185 3155 adversum
1218 3116 1304 3155 me
1345 3102 1660 3164 suscitavit,
1703 3102 1782 3156 sic
1819 3100 2101 3169 ptenitenti

2206 1919 2489 1989 ἐμοίχευσε
2510 1935 2521 1947 ’
2556 1917 2735 1979 καλῶς
2772 1916 2847 1981 δέ,
2886 1917 3239 1987 μετανοήσας,
3265 1915 3354 1967 τὸν
3386 1913 3497 1982 βίον
3521 1912 3733 1964 ἐτέλεσε
3752 1928 3769 1945 ο

2203 2011 2289 2064 διὰ
2322 2008 2477 2062 τοῦτο
2502 2011 2588 2073 εἰς
2616 2006 2731 2073 τὴν·
2762 2005 2958 2075 ἀρχὴν
2990 2007 3060 2059 ἐν
3092 2009 3334 2074 ψόγοις,
3376 2008 3462 2070 εἰς
3490 2004 3556 2057 τὸ
3602 2002 3775 2068 τέλος

2205 2102 2273 2153 ἐν
2300 2101 2527 2170 ὕμνοις.
2560 2098 2805 2167 Ψαλμὸς
2834 2096 2911 2163 τῷ
2956 2096 3133 2151 Δαυῒδ
3164 2099 3196 2167 ὴ
3229 2094 3423 2166 πρᾶξις
3465 2093 3563 2163 τῆς
3609 2109 3774 2163 μετα-

2204 2194 2382 2256 νοίας·
2424 2194 2519 2245 καὶ
2566 2192 2751 2262 ἐπειδὴ
2800 2192 2950 2244 ὅπου
2995 2190 3367 2243 ἐπλεόνασεν
3400 2189 3438 2255 ἠ
3483 2186 3772 2256 ἁμαρτία,

2204 2284 2795 2353 ὑπερεπερίσσευσεν
2843 2285 2880 2350 ἠ
2918 2282 3290 2347 δικαιοσύνη,
3331 2278 3418 2332 διὰ
3465 2278 3619 2330 τοῦτο
3661 2279 3776 2330 ἕλε-

2205 2395 2324 2448 γεν-
2347 2375 2534 2443 Ἐντῷ
2554 2375 2966 2431 ἐπικαλεῖσθαί
2980 2392 3055 2443 με
3102 2372 3419 2438 ςὶσήκουσέ
3440 2390 3557 2440 μου
3582 2374 3613 2424 ό
3631 2368 3774 2434 Θεὸς

2206 2470 2314 2539 τῆς
2339 2471 2727 2536 δικαιοσύνης
2763 2486 2900 2539 μου.
2951 2464 3301 2535 Δικαιοσύνην
3341 2465 3445 2535 γὰρ
3488 2461 3650 2516 αὑτοῦ
3677 2460 3773 2515 νῦν

2204 2558 2351 2627 λέγει
2390 2561 2418 2611 6
2464 2558 2622 2611 Δαυῒδ
2658 2558 2754 2628 τὴν
2791 2557 3095 2627 μετάνοιαν.
3134 2550 3284 2607 Εἰδεν
3312 2556 3339 2607 6
3392 2552 3520 2615 Θεὸς
3568 2550 3773 2621 καθαρ-

2206 2650 2390 2704 θεῖσαν
2434 2650 2533 2720 τὴν
2573 2649 2746 2720 ψυχὴν
2769 2688 2782 2711 ,
2818 2649 2911 2701 καὶ
2951 2647 3166 2711 ἐδέξατο
3200 2645 3297 2716 τὴν
3348 2644 3669 2715 προσευχήν.
3703 2642 3772 2694 Ἢ

2207 2742 2394 2813 ἐπειδὴ
2430 2744 2486 2795 ἐν
2532 2741 2609 2811 τῷ
2644 2740 2747 2811 πρὸ
2791 2740 2978 2792 τούτου
3012 2737 3210 2808 ψαλμῷ
3264 2736 3353 2789 τὸν
3400 2735 3634 2804 διωγμὸν
3684 2733 3774 2786 τὸν

2206 2837 2309 2889 ὑπὸ
2336 2836 2429 2889 τοῦ
2483 2834 2816 2887 Ἀϐεσσαλὼν
2867 2832 3133 2903 ὼδύρετο’
3185 2827 3459 2901 προσευχὴ
3516 2828 3572 2880 δὲ
3624 2844 3773 2897 μεσι-

2206 2929 2445 2982 τεύσασα
2476 2928 2565 2980 τὸν
2613 2926 2872 2997 τύραννον
2901 2924 3141 2977 ἀνεῖλενο
3174 2922 3249 2984 ὡς
3269 2960 3282 2982 ,
3335 2918 3625 2990 ἐρωτηθεὶς
3656 2918 3771 2979 πῶς

2204 3021 2299 3074 τοῦ
2360 3018 2708 3088 Ἀϐεσσαλὼμ
2749 3018 3031 3087 ἐνίκησεν,
3087 3014 3420 3086 ἀπεκρίνατο
3465 3012 3562 3079 τὴν
3601 3009 3770 3080 ἀρχὴν

2206 3114 2298 3167 τοῦ
2331 3112 2561 3184 ψαλμοῦ.
2596 3113 2804 3182 Ὥσπερ
2836 3109 2963 3180 γὰρ,
3000 3108 3188 3179 φησὶν.
3222 3102 3597 3176 άμαρτήσαντί
3626 3119 3711 3173 μοι
3742 3101 3772 3153 6

534 3190 823 3243 victoriam
876 3192 1110 3260 paravit.
1161 3192 1275 3246 Cur
1317 3200 1496 3248 autem
1536 3194 1621 3248 vel
1661 3192 1780 3263 ipso
1814 3192 2101 3247 invocandi

2206 3206 2337 3268 Θεὸς
2364 3204 2523 3256 αὑτὸν
2550 3204 2669 3256 κατ’
2709 3200 2841 3271 ἐμοῦ
2875 3201 3116 3270 ἤγειρεν,
3159 3196 3333 3259 οὕτως
3387 3194 3773 3266 μετανοήσαντι

537 3287 781 3349 tempore
811 3282 1100 3337 exauditus
1146 3291 1231 3337 est
1282 3282 1493 3337 David?
1540 3283 1679 3349 Quia
1729 3283 2041 3352 increpatus
2074 3297 2104 3336 a

537 3370 749 3426 Natltan
777 3375 1027 3442 protinus
1058 3373 1125 3427 ad
1162 3374 1533 3444 paenitentiam
1578 3391 1770 3430 versus
1812 3382 1895 3429 est
1924 3394 1935 3428 :
1969 3391 2103 3444 qua-

537 3472 761 3531 prepter
788 3478 913 3517 cum
944 3475 1280 3533 precaretur,
1309 3466 1490 3520 subito
1518 3466 1806 3520 exauditus
1836 3474 1937 3521 est.
1968 3464 2102 3519 Nam

538 3554 718 3618 Deus,
775 3557 867 3626 qui
926 3559 1105 3611 omnia
1145 3575 1467 3628 quwcunque
1510 3557 1619 3613 vult
1660 3559 1789 3627 facit
1820 3559 1886 3621 ⁸²,
1918 3558 2103 3612 statim

538 3648 801 3715 exaudit;
850 3659 904 3704 et
955 3651 1132 3705 adhuc
1186 3652 1443 3722 loquente
1490 3652 1715 3706 homine
1764 3649 1935 3705 dicit:
1970 3649 2104 3703 Ecce

538 3738 727 3792 adsum
760 3741 825 3791 ³³.

604 3914 808 3972 Deinde
837 3933 965 3973 vero
999 3927 1286 3989 postquam
1318 3920 1679 3976 familiaribus
1712 3921 1943 3977 dixisset
1992 3937 2101 3990 quo

538 4016 698 4075 pacto
732 4010 915 4063 statim
946 4012 1235 4067 exauditus
1278 4021 1444 4079 esset,
1504 4027 1815 4067 sermonem
1842 4014 2003 4067 vertit
2034 4012 2100 4065 ad

539 4098 728 4164 Deum,
791 4102 1216 4175 propitiantique
1245 4106 1348 4161 sibi
1382 4104 1585 4175 gratias
1617 4104 1762 4174 agit,
1795 4105 1848 4157 in
1880 4104 2105 4158 tribula—

540 4192 681 4245 tione
736 4192 981 4248 dilatasti
1024 4197 1173 4249 mihi.
1210 4197 1603 4251 .lEruntnarum
1650 4195 1872 4261 ﬂuctus,
1902 4196 2100 4265 inquit,

540 4286 819 4353 repentina
852 4290 1224 4358 tranquillitas
1269 4288 1609 4359 compescuit
1646 4306 1657 4341 :
1692 4288 1942 4358 fameque
1971 4304 2102 4342 cono

538 4372 737 4429 fectum
768 4393 851 4432 me
884 4378 1066 4434 fructu
1087 4380 1366 4443 frumenti,
1392 4380 1504 4434 vini
1535 4390 1588 4435 et
1620 4382 1722 4436 olei
1744 4381 1984 4435 dilatasti
2007 4399 2021 4447 ;
2045 4390 2102 4434 ut

539 4485 647 4524 non
705 4474 855 4527 solus
892 4490 1027 4544 ego,
1090 4475 1183 4529 sed
1217 4490 1408 4529 omnes
1460 4475 1663 4530 subditi
1722 4474 1827 4529 mei
1856 4489 1917 4529 ea
1946 4476 2102 4545 copia

2204 3296 2301 3367 τὴν
2336 3295 2452 3348 κατ’
2491 3292 2654 3346 αὐτοῦ
2688 3292 2997 3363 ἐδωρήσατο
3029 3290 3204 3360 νίκην.
3252 3288 3348 3340 Διὰ
3380 3286 3430 3338 τί
3453 3285 3497 3338 δ’
3537 3286 3594 3336 ἐν
3625 3280 3773 3352 αὑτῷ

2204 3386 2281 3457 τῷ
2306 3382 2677 3438 ἐπικαλεῖσθαι
2701 3380 3026 3452 εἰσηκούσθη
3057 3381 3085 3432 6
3114 3379 3307 3444 Δαυῒδ;
3356 3374 3589 3445 Ἐπειδὴ,
3620 3373 3773 3441 ἐλεγ-

2204 3476 2427 3547 χόμενος
2461 3474 2565 3527 ὑπὸ
2592 3474 2686 3526 τοῦ
2733 3472 2939 3537 Νάθαν,
2963 3470 3123 3533 εὐθὺς
3155 3470 3235 3531 εἰς
3282 3468 3563 3539 μετάνοιαν
3604 3464 3773 3533 ἐκάμ-

2206 3566 2333 3636 φθη,
2365 3565 2452 3618 διὰ
2481 3564 2637 3618 τοῦτο
2677 3564 2835 3625 εὐθὺς
2880 3561 3310 3633 προσευχόμενος
3336 3555 3677 3627 εἰσηκούσθη.
3713 3554 3771 3606 '0

2204 3658 2312 3728 γὰρ
2331 3656 2525 3709 πάντα
2547 3656 2734 3710 ποιῶν
2756 3655 2873 3709 ὅσα
2894 3654 3201 3717 βούλεται,
3228 3652 3255 3701 6
3272 3649 3422 3712 Θεὸς,
3442 3647 3768 3699 ὑπακούεται

2205 3749 2543 3820 παραχρῆμα
2566 3788 2579 3813 ,
2612 3748 2705 3801 καὶ
2739 3746 2819 3799 ἔτι
2853 3744 3135 3807 λαλοῦντος
3180 3744 3295 3813 ἐρεῖ
3336 3743 3364 3793 6
3407 3739 3539 3802 Θεός
3562 3754 3575 3767 ο
3624 3734 3768 3791 Ἰδοὺ

2207 3835 2460 3904 πάρειμι.

2275 3924 2406 3980 Εἶτα
2434 3925 2667 3998 εἰρηκὼς
2706 3928 2818 3989 τοῖς
2861 3923 3087 3995 πλησίον
3130 3923 3278 3983 ὅπως
3309 3920 3493 3989 τάχιον
3522 3913 3773 3987 εἰσηκού-

2207 4018 2328 4088 σθη,
2360 4018 2550 4089 τρέπει
2596 4019 2687 4069 τὸν
2729 4016 2884 4084 λόγον
2936 4014 3072 4085 πρὸς
3100 4014 3189 4065 τὸν
3216 4012 3366 4075 Θεὸν,
3401 4010 3494 4062 καὶ
3521 4009 3597 4078 τῷ
3626 4008 3775 4059 εἱσα-

2204 4110 2460 4163 κούσαντι
2514 4109 2853 4178 εὐχαριστεῖ’
2915 4107 3010 4159 Ἐν
3052 4106 3253 4172 θλίψει
3289 4101 3627 4165 ἐπλάτυνάς
3645 4117 3768 4167 μοι.

2203 4202 2284 4254 Τά
2306 4200 2522 4270 κύματα
2546 4199 2651 4251 τῶν
2670 4197 2916 4266 θλίψεων,
2943 4196 3124 4266 φησὶν,
3155 4197 3188 4266 ὴ
3221 4198 3407 4264 ταχεῖα
3436 4193 3638 4261 γαλήνη
3662 4190 3768 4243 διέ-

2202 4293 2349 4353 λυσε,
2372 4292 2463 4343 καὶ
2486 4289 2627 4359 λιμῷ
2660 4306 2726 4360 με
2778 4289 3077 4359 τηκόμενον
3117 4286 3224 4341 άπὸ
3258 4282 3469 4355 καρποῦ
3504 4282 3647 4333 σίτου
3682 4280 3773 4332 καὶ

2202 4385 2341 4436 οἴνου
2368 4381 2459 4434 καὶ
2489 4381 2666 4434 ἐλαίου
2696 4379 3034 4443 ἐπλούτισας,
3065 4379 3139 4440 ὡς
3181 4376 3253 4447 μὴ
3291 4376 3446 4445 μόνον
3488 4374 3605 4442 ἐμὲ,
3638 4370 3774 4423 ἀλλὰ

2204 4475 2295 4527 καὶ
2321 4473 2527 4535 πάντας
2560 4472 2683 4533 τοὺς
2711 4471 2801 4523 ὑπ’
2827 4471 2925 4541 ἐμὲ
2946 4466 3266 4523 ἀπολαῦσαι.
3295 4463 3385 4516 Διὸ
3413 4460 3770 4521 ὑπωκαταϐἁς

508 4560 872 4621 ,ΐιπιιρτςηιιιη
903 4568 1260 4631 Quamobrem
1306 4568 1419 4621 haec
1462 4567 1692 4622 inferius
1737 4567 2036 4638 subiungit,
2070 4583 2101 4619 a

2207 4565 2407 4633 ἔλεγεν·
2450 4533 2592 4619 uina
2646 4533 2875 4631 καρποῦ
2914 4562 3085 4615 σίτου
3116 4559 3211 4612 καὶ
3245 4557 3413 4610 οἴνου
3443 4555 3538 4607 καὶ
3567 4554 3772 4608 ἐλαίου

537 4654 716 4722 fructu
769 4656 1038 4723 frumenti,
1068 4658 1177 4710 vini
1216 4667 1264 4711 et
1308 4658 1410 4712 olei
1441 4662 1523 4713 sui
1568 4660 1908 4729 multiplicati
1958 4670 2107 4714 sunt:

540 4748 779 4809 illorum,
812 4748 1008 4817 inquit,
1041 4750 1368 4804 abundantia
1400 4752 1584 4807 cordis
1614 4754 1743 4805 mihi
1770 4752 1953 4805 laetitia
1979 4752 2099 4807 fuit.

530 4839 675 4895 Illud
707 4850 885 4894 autem
921 4843 989 4897 ab
1024 4844 1137 4913 ipsa
1169 4842 1396 4899 historia
1432 4846 1749 4902 ediscimus.
1792 4845 1925 4899 Nam
1978 4863 2102 4900 cum

538 4928 681 4984 bello
711 4930 990 5000 impetitus
1017 4934 1084 4987 ab
1110 4935 1382 4990 Absalone
1416 4937 1625 5006 fugeret
1654 4936 1710 4989 in
1746 4936 1963 4991 deserta
2024 4945 2105 4992 at-

538 5036 665 5089 que-
696 5032 932 5090 montes,
969 5024 1110 5080 fame
1144 5042 1208 5080 ac
1249 5044 1429 5081 rerum
1468 5028 1712 5097 penuria,
1755 5043 1821 5083 eo
1864 5037 2106 5098 tempore

539 5113 885 5177 calamitatis,
924 5117 1214 5172 alllictatus
1242 5158 1255 5180 ,
1306 5119 1427 5187 ejus
1475 5121 1757 5188 angustias
1795 5121 1937 5176 Deus
1974 5138 2103 5175 con-

540 5204 770 5261 solatur.
808 5207 1021 5262 Primus
1053 5210 1196 5261 enim
1232 5208 1391 5273 Siba,
1423 5226 1489 5266 ex
1522 5211 1683 5267 domo
1718 5211 1897 5268 Saulis
1925 5212 2103 5265 famu-

540 5296 648 5359 lus,
679 5298 859 5351 attulit
889 5298 988 5367 ipsi
1016 5313 1183 5367 panes
1213 5300 1497 5365 ducentos,
1526 5302 1735 5366 vinum,
1772 5304 2018 5373 palathas
2048 5312 2098 5357 et

540 5400 676 5440 uvas
702 5401 894 5457 passas
929 5405 942 5439 :
1016 5394 1200 5456 postea
1231 5404 1359 5444 vero
1407 5389 1631 5446 Berzelli
1667 5390 1978 5447 Galaadites
2007 5392 2103 5446 ob-

611 5566 653 5596 "
700 5568 855 5621 Rom.
894 5583 958 5632 ν,
995 5570 1082 5623 20.
1161 5572 1206 5603 ⁸¹
1249 5571 1390 5628 l’sal.
1424 5588 1591 5635 cxm,
1628 5574 1679 5626 5.

2207 4656 2403 4712 αὐτῶν
2428 4656 2913 4723 ἐπληθύνθησαν.
2953 4654 3017 4705 Ἠ
3048 4652 3270 4704 ἐκείνων
3300 4647 3546 4700 συνουσία
3576 4646 3771 4715 εὐφρο-

2212 4751 2343 4821 σύνη
2373 4750 2595 4820 καρδίας
2632 4764 2720 4818 μοι
2744 4746 2981 4814 γέγονεν.
3018 4743 3185 4796 Τοῦτο
3228 4742 3283 4793 δὲ
3318 4739 3654 4811 μανθάνομεν
3680 4734 3771 4788 ἀπ’

2206 4843 2377 4912 αὐτῆς
2408 4843 2504 4911 τῆς
2540 4839 2798 4911 ἱστορίας.
2824 4839 2948 4891 Ὅτε
2966 4836 3073 4907 γὰρ
3109 4832 3509 4903 πολεμούμενος
3536 4831 3639 4881 ὑπὸ
3679 4827 3772 4882 τοῦ

2220 4932 2569 5002 ’Δϐεσσαλὼμ
2593 4932 2788 5000 ἔφυγεν
2814 4931 2871 4982 ἐν
2908 4931 3024 4989 ταῖς
3051 4926 3276 4995 ἐρήμοις
3305 4923 3396 4976 καὶ
3421 4925 3477 4973 ἐν
3508 4924 3617 4985 τοῖς
3652 4922 3773 4990 δρε-

2210 5044 2315 5089 σιν,
2344 5025 2486 5094 λιμῷ
2510 5026 2602 5077 καὶ
2624 5022 2839 5093 ἀνάγκῃ
2872 5020 2951 5082 ὡς
2981 5020 3038 5071 ἐν
3066 5015 3287 5086 διωγμῷ
3316 5013 3588 5086 ἐκρατήθη
3613 5032 3625 5046 υ
3659 5011 3772 5065 ἀλλ’
3850 5086 3858 5097 .

2210 5120 2236 5171 6
2260 5118 2391 5179 Θεὸς
2435 5114 2597 5169 αὑτοῦ
2640 5115 2739 5185 τὴν
2779 5112 3020 5179 ἀνάγκην
3061 5107 3504 5178 παρεμυθήσατο.
3556 5104 3773 5175 Πρῶτος

2209 5208 2316 5278 γὰρ
2343 5209 2370 5259 ὁ
2396 5206 2525 5258 Σίὸα
2554 5208 2581 5257 6
2612 5206 2675 5256 ὲκ
2722 5203 2816 5255 τοῦ
2861 5202 3008 5254 οἴκου
3038 5201 3133 5253 τοῦ
3162 5199 3331 5252 Σαοὺλ
3374 5199 3599 5268 ἣνεγκεν
3628 5191 3772 5260 αὐτῷ

2211 5300 2402 5367 ἄρτους
2422 5296 2743 5358 διακοσίους,
2785 5294 2878 5346 καὶ
2912 5288 3048 5347 οἶνον
3078 5293 3170 5345 καὶ
3196 5291 3441 5351 παλάθας
3474 5289 3567 5341 καὶ
3590 5282 3775 5352 σταφί-

2209 5392 2305 5453 δας
2328 5409 2341 5420 ·
2393 5387 2509 5443 εἶτα
2548 5388 2684 5459 μετὰ
2737 5386 2925 5440 τοῦτον
2962 5386 3213 5457 Βερζελλὶ
3240 5388 3267 5439 6
3300 5380 3647 5451 Γαλααδίτης,
3680 5376 3773 5431 καὶ

1756 5572 1803 5604 ⁵³
1844 5570 1943 5627 lsa.
1982 5587 2141 5636 LVIII,
2176 5570 2228 5625 9.

613 5742 696 5807 (ll
734 5741 854 5795 llaec
899 5742 948 5795 in
974 5746 1161 5802 codice
1196 5746 1519 5805 Taurincusi
1550 5751 1617 5805 ab
1656 5766 1986 5807 amanuense
2016 5751 2265 5815 adjuncta
2308 5756 2455 5811 sunt,
2493 5764 2589 5803 nec
2617 5747 2882 5803 habentur
2915 5745 2968 5799 in
2996 5743 3116 5797 aliis
3151 5756 3281 5795 mss.
