4086 6540
361 394 462 450 113

1485 364 1990 460 constreinum
2029 403 2097 459 IN
2135 403 2474 472 PSALMOS.

3499 411 3598 467 114

354 506 517 571 αὐτὸς
537 507 684 580 αὐτῷ
709 511 1049 582 προσήνεγκε
1077 512 1208 567 δέκα
1230 513 1432 578 κοίτας,
1456 515 1541 569 ἵνα
1565 516 1637 587 μὴ
1665 519 1917 590 χαμευνῇ.

2042 520 2164 574 tulit
2196 523 2296 592 ipsi
2325 522 2511 580 decem
2539 522 2709 579 lectos
2745 540 2811 580 ne
2836 524 2985 580 humi
3018 525 3274 591 cubaret,
3304 537 3356 582 et
3389 528 3600 598 amphi-

354 599 450 655 καὶ
478 601 890 674 άμφιτάπητας,
925 605 1052 669 τοὺς
1098 605 1464 677 καλουμένους
1500 606 1596 662 νῦν
1622 609 1930 681 τυλοτάπη-

353 708 470 756 τας,
502 694 594 746 καὶ
618 693 762 747 οἴνου
797 695 1040 768 κεράμια
1091 698 1184 750 καὶ
1225 699 1433 770 πυροὺς
1467 701 1561 754 κα)⁸
1601 702 1796 774 κριθὰς
1836 703 1930 757 καὶ

353 784 580 858 ἄλευρον
608 786 702 840 καὶ
724 785 934 858 κύαμον
949 788 1043 841 καὶ
1071 789 1258 857 φακὸν,
1276 791 1372 842 καὶ
1395 790 1514 862 μέλι
1541 793 1633 846 καὶ
1650 792 1925 867 βούτυρον,

352 876 445 930 καὶ
475 877 740 950 πρόϐατα,
799 879 892 932 καὶ
929 877 1207 951 γαλαθηνὰ
1252 882 1542 954 μοσχάρια·
1579 884 1930 956 Εὑχαριστῶν

349 962 442 1020 οὖν
470 968 560 1020 ἐπὶ
583 968 790 1033 τούτοις
815 969 1007 1042 φησίν·
1055 972 1158 1027 Ἐν
1197 974 1396 1042 θλίψει
1425 975 1771 1044 ἐπλάτυνιίς
1805 995 1924 1047 μοι.

421 1057 488 1109 Τί
522 1057 598 1124 δὲ,
650 1058 820 1127 λέγων
864 1061 1242 1134 εἰσηκούσθην,
1276 1063 1351 1135 μὴ
1399 1065 1606 1136 μακρὸν
1639 1063 1928 1134 κατέτονας

349 1145 506 1216 λόγον
530 1164 544 1210 ;
575 1148 666 1221 Μὴ
696 1149 899 1204 πλατὺν
928 1151 1208 1222 ὀνομάτων
1236 1153 1331 1207 καὶ
1366 1152 1626 1225 ῥημάτων
1656 1156 1927 1230 κατέγρα-

347 1240 457 1310 ψας
477 1241 708 1307 πίνακα;
733 1243 1018 1315 Οὐδαμῶς,
1050 1245 1216 1316 φησιν
1241 1247 1270 1300 6
1295 1247 1454 1301 Δαυῖδ
1472 1265 1486 1279 ·
1520 1249 1579 1302 ού
1609 1248 1718 1322 γὰρ
1737 1251 1928 1324 χρῄζει

351 1333 668 1398 πολυλογίας
699 1335 727 1388 6
757 1333 908 1400 Θεὸς,
951 1336 980 1388 ὁ
1017 1337 1110 1391 καὶ
1143 1338 1288 1409 μόνῳ
1322 1342 1610 1414 στεναγμῷ
1651 1344 1925 1416 ἀρχούμε-

349 1442 455 1488 νος.
489 1424 656 1479 Τοῦτο
681 1428 840 1498 μόνον
871 1428 1058 1498 ἔλεγον
1095 1433 1533 1505 προσευχόμενος
1555 1452 1570 1466 ο
1629 1438 1926 1506 Οἰκτείρη-

344 1531 478 1581 σον,
515 1519 612 1594 καὶ
654 1518 1026 1576 εἰσάκουσον
1061 1521 1173 1592 τῆς
1204 1526 1552 1596 προσευχῆς
1588 1546 1727 1598 μου.
1769 1528 1926 1583 Εἰποι

341 1607 397 1659 δὲ
425 1608 596 1662 ταῦτα
627 1610 721 1664 καὶ
753 1613 782 1664 6
813 1611 1014 1684 λῃστὴς
1056 1615 1115 1667 ἐν
1149 1599 1240 1685 θεῷ’
1271 1616 1487 1689 σταυρῷ
1520 1618 1655 1689 πρὸς
1683 1619 1774 1672 τὸν
1811 1620 1925 1672 Κύ-

344 1717 485 1771 ριον·
516 1701 684 1756 εἰπὼν
730 1704 838 1778 γάρ
888 1707 983 1759 καὶ
1037 1705 1501 1780 ἐπικαλεσάμενος
1546 1712 1604 1764 ὲν
1651 1714 1715 1784 τῇ
1761 1712 1925 1766 αὑτοῦ

340 1789 548 1863 θλίψειο
609 1795 932 1867 Μνήσθητί
955 1815 1097 1867 μου,
1143 1800 1336 1868 Κύριε,
1373 1800 1520 1856 ὅταν
1549 1803 1733 1872 ἔλθῃς
1754 1805 1824 1859 ἐν
1852 1803 1927 1874 τῇ

2036 613 2236 681 tapetia
2270 629 2395 682 qum
2421 615 2534 684 jam
2587 617 2906 687 tylotapetia
2958 626 3223 672 vocantur
3255 657 3269 682 ,
3303 617 3416 672 vini
3470 631 3601 672 vasa

2037 705 2242 776 ﬁglina,
2279 705 2634 771 frumentum,
2684 708 2988 774 hordeum,
3037 709 3290 776 farinam,
3339 707 3493 765 fabas
3548 716 3603 764 et

2033 799 2231 864 lentes,
2266 801 2372 855 mel
2393 809 2447 856 et
2477 801 2755 872 butyrum,
2817 818 2946 859 oves
2967 811 3020 858 et
3045 803 3250 859 lacteos
3271 801 3490 858 vitulos.
3526 802 3598 859 De

2032 892 2117 948 his
2153 893 2336 964 itaque
2357 893 2562 964 gratias
2588 909 2754 967 agens
2773 895 2869 962 ait,
2897 896 2950 948 in
2969 895 3304 950 tribulatione
3359 895 3600 950 dilatasli

2034 983 2182 1036 mihi.

2101 1075 2216 1131 Cur
2245 1084 2427 1132 autem
2456 1093 2579 1131 cum
2609 1084 2659 1131 te
2688 1076 3002 1132 exauditam
3038 1078 3139 1143 ais,
3173 1093 3279 1132 non
3330 1077 3599 1148 prolixum

2032 1179 2344 1221 sermonem
2403 1166 2782 1222 contexuisti?
2829 1166 3009 1233 Quare
3037 1183 3146 1222 non
3186 1168 3399 1238 longam
3430 1169 3609 1243 nouli-5

2032 1273 2160 1310 num
2191 1257 2594 1330 verborumque
2626 1259 2878 1329 paginam
2922 1261 3206 1316 exarasti?
3258 1259 3601 1325 Nullatenus,

2033 1348 2210 1420 inquit
2247 1349 2415 1407 David
2449 1395 2464 1420 ,
2491 1367 2668 1422 neque
2693 1354 2865 1408 multo
2895 1358 3324 1424 sermone'opus
3357 1352 3467 1408 Deo
3497 1360 3602 1418 est,

2029 1443 2119 1496 cui
2171 1443 2254 1498 vel
2301 1444 2454 1500 solus
2486 1447 2718 1511 gemitus
2766 1445 2838 1501 sit
2868 1447 3025 1512 ,satis
3063 1463 3076 1500 :
3124 1446 3257 1500 illud
3308 1454 3516 1500 tantum
3549 1448 3603 1500 in

2031 1534 2282 1590 oratione
2295 1535 2432 1600 dixi,
2453 1532 2699 1592 Miserere
2733 1539 2854 1603 mei,
2886 1547 2935 1591 et
2961 1536 3157 1592 exaudi
3185 1537 3472 1591 orationem
3492 1553 3603 1590 me-

2029 1642 2138 1680 am.
2183 1624 2321 1681 Illud
2354 1629 2520 1683 etiam
2550 1629 2779 1685 Domino
2824 1631 3029 1686 dixerit
3058 1630 3114 1684 in
3148 1645 3314 1685 cruce
3361 1629 3606 1700 pendens

2033 1720 2196 1786 latro,
2231 1721 2324 1790 qui
2355 1721 2408 1775 in
2443 1723 2691 1777 cruciatu
2722 1724 2901 1794 ipsum
2944 1723 3214 1779 invocavit
3259 1725 3348 1780 his
3372 1724 3556 1778 verbis
3589 1739 3602 1774 :

2034 1813 2296 1868 Memento
2312 1815 2433 1876 mei,
2454 1814 2696 1880 Domine,
2713 1833 2830 1870 cum
2847 1819 3044 1872 veneris
3061 1819 3116 1872 in
3138 1835 3349 1888 regnum
3373 1827 3520 1872 tuum
3539 1819 3604 1874 ⁵⁵.

333 1882 624 1951 ,Βασιλείᾳ
672 1900 811 1950 σου,
867 1886 1220 1959 εἰσηκούσθη,
1264 1890 1360 1943 καὶ
1410 1891 1532 1944 ἀντὶ
1563 1893 1796 1964 σταυροῦ
1836 1893 1917 1947 τὸι

2029 1903 2080 1959 ls
2114 1905 2244 1961 item
2305 1906 2594 1962 exauditus
2624 1915 2744 1973 est,
2777 1923 2841 1962 ac
2874 1909 3054 1965 crucis
3105 1910 3228 1966 loco
3288 1909 3605 1979 paradisum

341 1975 671 2047 παράδεισον
702 1975 909 2048 ᾤκησε,
941 1979 1035 2032 καὶ
1067 1977 1290 2050 πολίτης
1319 1981 1512 2050 γέγονε
1549 1983 1643 2038 τοῦ
1672 1983 1922 2056 ούρανοῦ.

340 2068 514 2130 Αὐτὸς
542 2068 637 2121 καὶ
670 2067 808 2138 πρὸς
851 2069 979 2132 τοὺς
1032 2069 1316 2134 Ἰουδαίους
1340 2071 1626 2144 βοήσεται·
1676 2077 1793 2130 Υἱοί
1819 2078 1926 2131 ἀν-

341 2158 608 2226 θρώπων,
628 2158 738 2225 ἕως
754 2160 1296 2230 πότεβαρυκάρδιοι
1315 2179 1333 2225 ;
1358 2162 1625 2217 θεάσασθε
1638 2165 1736 2236 τὴν
1749 2166 1925 2219 κτίσιν

337 2253 417 2323 τῷ
436 2253 628 2324 κτίστῃ
657 2255 1106 2326 συμπάσχουσαν.
1129 2256 1212 2320 Εἰ,
1235 2255 1326 2308 τὸν
1344 2255 1596 2328 Λάζαρον
1622 2261 1820 2330 τετραή
1829 2278 1924 2330 με-

341 2362 433 2414 ρον
451 2345 557 2398 ἀπὸ
574 2345 667 2398 τοῦ
688 2347 861 2416 τάφου
883 2347 1144 2418 τρέχοντα
1167 2347 1383 2413 ἰδόντες,
1416 2349 1516 2402 οὐκ
1543 2350 1920 2417 ἐπιστεύσατε,

335 2433 432 2487 νῦν
464 2433 592 2503 γοῦν
624 2436 1042 2507 προσκυνήσατε
1075 2435 1167 2489 τοῦ
1201 2437 1615 2509 Σταυρωθέντος
1637 2439 1733 2513 τὴν
1758 2440 1919 2496 δύνα-

338 2543 428 2596 μιν
457 2542 469 2556 ο
504 2526 730 2597 νεκροὺς
781 2526 811 2578 6
863 2528 1086 2598 σεισμὸς
1136 2527 1454 2600 ἀνέστησεν,
1500 2530 1597 2584 καὶ
1642 2532 1803 2603 ὑμεῖς
1852 2536 1918 2607 τῇ

333 2618 562 2690 ἀπιστίᾳ.
590 2618 902 2674 καθεύδετε.
963 2619 1063 2674 Διὰ
1104 2621 1156 2674 τί
1195 2621 1578 2695 βαρυκάρδιοι;
1615 2624 1785 2681 Τοῦτο
1820 2628 1921 2699 μὲν

331 2709 418 2763 διὰ
442 2711 501 2764 τὸ
525 2711 598 2783 μὴ
624 2713 990 2784 κατανυγῆναι
1017 2716 1129 2779 τοῖς
1156 2713 1254 2768 Θαύ
1265 2732 1448 2787 μασιν,
1487 2698 1722 2773 τοῦτοδὲ
1739 2698 1830 2774 διὰ
1858 2720 1919 2775 τδ

332 2799 393 2866 ἐξ
423 2802 734 2875 ἀφροσύνης
779 2803 988 2876 βαρέως
1039 2808 1181 2862 κατά
1208 2809 1302 2863 τοῦ
1336 2811 1579 2884 Χριστοῦ
1613 2813 1916 2885 ὀργίζεσθε.

333 2897 558 2968 Μάρτυς
591 2900 623 2969 ἡ
649 2899 838 2972 Γραφὴ
859 2901 1089 2958 εἰποῦσα.
1109 2919 1123 2932 '
1160 2901 1322 2972 Βαρὺ
1355 2905 1524 2971 λίθος
1556 2904 1655 2958 καὶ
1693 2905 1919 2960 δυσϐά-

333 3004 594 3056 στακτος
638 2989 857 3061 ἅμμοςο
894 2992 1039 3062 ὀργὴ
1067 2993 1135 3046 δὲ
1171 2994 1433 3064 ἄφρονος
1467 2996 1803 3067 βαρυτέραο
1837 2999 1920 3052 ὅτι

331 3078 454 3133 οὕτε
504 3081 756 3156 νουθεσίᾳ
811 3083 1082 3153 θέλγεται,
1112 3086 1204 3139 καὶ
1249 3085 1501 3158 θαύματα
1525 3087 1739 3158 βλέπων
1768 3087 1919 3160 ὀργί-

329 3170 502 3234 ζεται.

2031 1996 2244 2063 incolit,
2278 2003 2441 2067 atque
2476 1999 2620 2053 inter
2650 1999 2797 2055 cives
2825 2001 2951 2054 coeli
2995 2001 3290 2071 ascriptus,
3326 2002 3406 2058 sic
3427 2000 3608 2055 Judae-

2029 2101 2092 2142 os
2125 2086 2374 2142 clamans
2424 2087 2771 2157 compellabit
2801 2107 2814 2144 :
2858 2086 2992 2142 Filii
3019 2089 3311 2156 hominum,
3341 2104 3604 2159 usquequo

2028 2178 2178 2248 gravi
2203 2171 2382 2243 corde,
2408 2193 2498 2234 res
2524 2187 2740 2236 creatas
2769 2181 3089 2250 conspicitis
3120 2180 3369 2236 Creatori
3400 2181 3605 2235 condo—

2027 2268 2239 2324 lentes?
2268 2268 2327 2324 Si
2356 2269 2785 2340 quatriduanum
2825 2269 3090 2326 Lazarum
3125 2285 3156 2327 θ
3199 2272 3450 2341 sepulcro
3477 2286 3604 2325 cur-
3705 2276 3708 2279 '

2021 2368 2232 2413 rentem
2257 2373 2379 2413 cum
2405 2359 2682 2426 videretis,
2712 2376 2822 2417 non
2851 2361 3184 2427 credidistis,
3224 2371 3279 2415 at
3317 2377 3464 2416 nunc
3493 2362 3604 2417 sal-

2023 2454 2132 2503 tem
2169 2449 2429 2505 Crucilixi
2464 2458 2786 2522 potestatem
2843 2451 3068 2509 adoiate
3097 2472 3111 2508 :
3139 2460 3387 2510 mortuos
3443 2461 3614 2508 terrae.

2023 2547 2206 2595 motus
2242 2540 2522 2607 excitavit,
2560 2548 2611 2596 et
2634 2557 2731 2597 vos
2763 2541 2817 2596 in
2852 2543 3170 2598 inlidelitate
3197 2552 3378 2599 vestra
3395 2543 3602 2598 dormi-

2025 2632 2118 2687 tis.
2144 2631 2325 2698 Quare
2343 2633 2494 2704 gravi
2525 2633 2690 2690 corde
2713 2635 2927 2706 praediti
2956 2637 2979 2689 ?
3011 2637 3236 2692 Scilicet
3260 2637 3387 2707 quia
3415 2639 3482 2692 ob
3499 2639 3605 2692 mi-

2020 2724 2218 2779 rabilia
2264 2733 2415 2796 gesta
2445 2741 2557 2780 non
2591 2728 3024 2798 compungimini
3065 2746 3078 2795 ;
3127 2729 3241 2784 sive
3268 2745 3331 2784 ex
3368 2730 3601 2784 stultitia

2018 2816 2258 2886 graviter
2281 2814 2503 2871 Christo
2524 2818 2886 2873 succensetis.
2916 2817 3157 2889 Hujusce
3205 2819 3283 2872 rei
3328 2819 3484 2874 teStis
3516 2827 3601 2875 est

2022 2906 2309 2978 Scriptura
2343 2924 2464 2980 qua:
2498 2911 2577 2966 sic
2611 2910 2773 2965 habet
2803 2929 2816 2966 :
2853 2909 3021 2964 Grave
3053 2920 3130 2965 est
3158 2926 3370 2976 saxum,
3398 2921 3446 2966 et
3477 2929 3600 2966 one-

2020 3018 2145 3055 rosa
2193 3018 2357 3056 arena
2389 3002 2523 3058 :sed
2561 3004 2645 3058 ira
2673 3005 2827 3058 stulti
2857 3004 3074 3070 gravior
3117 3003 3206 3070 ‘5;
3248 3003 3377 3074 quia
3424 3021 3600 3076 neque

2021 3094 2246 3150 monitis
2277 3095 2536 3163 allicitur,
2564 3105 2618 3153 et
2649 3097 2919 3152 miracula
2947 3112 3070 3152 cum
3098 3095 3262 3160 videt,
3298 3097 3432 3151 iram
3464 3115 3598 3153 con-

2021 3183 2173 3254 cipit.

401 3289 526 3343 ’Ἱνα
557 3291 616 3343 τί
659 3288 926 3360 ἀγαπᾶτε
951 3293 1336 3362 ματαιότητα,
1371 3294 1462 3348 τὸν
1491 3293 1783 3367 Βαραῶάν
1816 3295 1910 3351 τοῦ

2093 3296 2162 3352 Ut
2177 3299 2304 3371 quid
2323 3298 2547 3371 diligitis
2581 3303 2867 3356 vanitatem
2892 3303 3022 3374 ;qui
3055 3303 3356 3362 Barabbam
3378 3305 3597 3362 Christo

328 3381 565 3452 Χριστοῦ
612 3385 1072 3454 προτιμήσαντες,
1121 3387 1212 3440 τὸν
1259 3387 1426 3456 φονέα
1478 3388 1620 3461 ὑπὲρ
1659 3388 1750 3445 τὸν
1779 3387 1912 3454 ζωο-

327 3475 480 3528 ποιὸν
506 3513 519 3537 ,
547 3473 644 3546 τὴν
675 3475 953 3545 βασιλείαν
1004 3477 1098 3532 τοῦ
1141 3479 1420 3551 Καίσαρος
1461 3480 1603 3552 ὑπὲρ
1634 3481 1733 3552 τὴν
1759 3480 1911 3552 βασι.⁹

327 3565 478 3619 λείαν
508 3567 615 3620 τῶν
645 3569 911 3638 οὐρανῶν,
945 3571 1044 3641 τὴν
1087 3572 1361 3642 ἁμαρτίαν
1392 3573 1492 3645 τὴν
1521 3572 1708 3645 ἄμμου
1737 3591 1912 3645 παρα-

328 3655 449 3719 λίας
479 3656 786 3728 βαρυτέραν
817 3660 957 3732 ὑπὲρ
976 3660 1074 3732 τὴν
1107 3661 1475 3734 δικαιοσύνην,
1512 3666 1581 3718 τὰ
1602 3665 1914 3736 πρόσκαιρα

327 3748 471 3819 ὑπὲρ
499 3748 569 3801 τά
617 3747 832 3813 αἰώνια,
881 3751 980 3823 τὴν
1016 3752 1221 3822 φθορὰν
1267 3754 1410 3825 ὑπὲρ
1442 3756 1539 3825 τὴν
1574 3755 1911 3825 ἀφθαρσίαν;

337 3841 501 3896 Ἀλλὰ
523 3843 660 3913 πρὸς
672 3843 883 3907 τούτοις
907 3846 1000 3898 καὶ
1033 3843 1292 3915 ζητεῖσθε
1317 3845 1566 3915 ψεῦδος,
1606 3847 1916 3920 ψευδομάρ-

325 3951 496 4008 τυρας
550 3935 904 4007 ἐξωνούμενοι
961 3937 1106 3992 κατὰ
1175 3938 1276 4010 τῆς
1324 3938 1574 4011 ἰιληθείας
1626 3937 1910 4007 λέγοντας*

332 4027 552 4080 Τοῦτον
576 4027 830 4096 εὕρομεν
875 4027 1312 4100 διαστρέφοντα
1354 4029 1421 4084 τὸ
1452 4030 1650 4097 ἔθνος,
1681 4030 1775 4084 καί
1801 4047 1914 4083 κω-

323 4119 552 4172 λύοντα
575 4117 654 4183 τῷ
679 4120 934 4188 Καίσαρι
961 4123 1153 4190 φόρον
1189 4121 1438 4178 διδόναι.
1490 4123 1775 4176 Ἀνασείει
1809 4122 1916 4176 τὸν

323 4209 479 4264 ..λαὸν
512 4208 834 4264 διδάσκων.
865 4213 935 4265 Ei
960 4211 1048 4281 μὴ
1086 4208 1166 4284 ἦν
1197 4207 1375 4280 οὗτος
1419 4212 1760 4279 κακοποιὸς,
1801 4215 1913 4267 οὐκ

325 4299 404 4352 ἄν
435 4314 535 4353 σοι
560 4301 984 4373 παρεδώκαμεν
1016 4305 1221 4358 αὐτόν.
1248 4305 1358 4358 Καὶ
1397 4305 1448 4358 τί
1481 4303 1911 4376 ἐκακοποίησεν;

324 4391 408 4444 ὅτι
430 4391 718 4458 νοσοῦντας
765 4395 974 4460 ἰάσατο,
1005 4397 1086 4450 ὅτι
1131 4397 1392 4469 δαίμονας
1418 4399 1805 4468 ἐφυγάδευσεν,
1832 4400 1914 4453 ὃτι

324 4484 554 4555 νεκροὺς
613 4486 832 4556 ἤγειρεν
858 4527 872 4551 ,
916 4488 998 4541 ὃτι
1039 4490 1104 4542 ὲκ
1163 4489 1325 4544 πέντε
1368 4489 1549 4561 άρτων
1594 4489 1916 4562 ἰσαρίθμους

326 4576 572 4647 χιλιάδας
608 4577 666 4630 ὲν
689 4578 881 4650 ἐρήμῳ
906 4579 1154 4651 διέθρεψε
1189 4579 1358 4652 χωρὶς
1378 4582 1654 4650 γυναικῶν
1674 4583 1767 4635 καὶ
1788 4581 1914 4636 παί-

324 4669 461 4734 δων;
490 4670 664 4741 ’Έτιὴ
690 4670 865 4743 τροφὴ
909 4673 967 4726 ὲν
1017 4672 1096 4744 τῷ
1140 4673 1375 4746 λάρυγγι
1421 4674 1516 4728 καὶ
1543 4674 1604 4727 τὸ
1631 4672 1826 4743 ψεῦδος
1854 4675 1913 4728 ἐν

324 4761 402 4833 τῷ
426 4762 671 4834 στόματι.
715 4765 825 4817 Καὶ
866 4767 981 4829 τοῖς
1021 4765 1100 4834 τῷ
1140 4765 1496 4838 Ἀϐεσσαλὼμ
1538 4766 1914 4832 συναποξενω-

325 4857 498 4911 Θεῖσιν
528 4857 712 4926 ἔλεγεν
747 4859 776 4910 6
805 4858 967 4911 Δαυῒδ
985 4875 998 4889 ·
1035 4857 1100 4911 Τί
1131 4857 1208 4929 τῷ
1232 4858 1454 4930 ἀτάκτῳ
1492 4859 1643 4913 παιδὶ
1672 4860 1911 4930 συναπή-

324 4949 528 5021 χθητε;
575 4950 640 5002 Τί
683 4950 774 5003 τὸν
821 4951 948 5005 Υίὸν
983 4951 1126 5005 κατὰ
1159 4951 1366 5023 πατρὸς
1405 4951 1690 5021 άλείιρετε;
1729 4951 1793 5004 Τί
1839 4953 1905 5023 τῇ

212 5095 221 5106 ,
326 5042 534 5114 ματαίᾳ
571 5042 730 5115 βουλῇ
766 5043 862 5097 τοῦ
929 5045 1209 5115 Ἀχιτόφελ
1254 5044 1690 5117 ὴκολουθήσατε;
1755 5045 1820 5096 Εἰ
1878 5046 1907 5097 6

325 5133 642 5203 κακολογῶν
677 5136 890 5207 πατέρα
917 5135 950 5208 ἢ
982 5136 1198 5209 μητέρα
1246 5137 1476 5192 θανάτου
1508 5135 1676 5202 ἄξιος,
1705 5137 1734 5190 6
1763 5135 1908 5191 κατὰ

292 5239 297 5244 ·
324 5226 531 5298 πατρὸς
556 5228 768 5282 ἀκονῶν
807 5228 959 5297 ξίφος
990 5229 1106 5294 υἱὸς
1149 5229 1380 5293 ποσάκις
1415 5229 1564 5282 ἐστὶν
1589 5227 1738 5292 ἄξιος
1771 5228 1908 5281 ἀπο-

321 5319 540 5386 θανεῖν;
595 5322 720 5376 Ἵνα
760 5320 819 5375 τί
867 5315 959 5374 οῦν
996 5319 1263 5392 ἀγαπᾶτε
1284 5323 1652 5392 ματαιότητα
1678 5320 1776 5374 καὶ
1819 5319 1908 5389 ζη-

321 5410 474 5464 τεῖτε
532 5411 797 5489 ψεῦδος;
854 5412 1065 5476 Ψεῦδος
1122 5414 1272 5484 λέγει
1347 5413 1443 5468 νῦν
1503 5415 1612 5468 πᾶν
1672 5415 1906 5485 πρᾶγμα

327 5500 577 5572 μάταιον,
625 5505 849 5574 ταχεῖαν
900 5504 1001 5574 τὴν
1045 5505 1253 5558 πτῶσιν
1296 5506 1390 5560 καὶ
1426 5505 1728 5577 μεταϐολὴν
1761 5504 1904 5576 ἕχον.

322 5593 498 5662 Πλὴν
512 5593 750 5663 μάταιοι
781 5599 834 5650 οὶ
866 5597 985 5651 υἱοὶ
1023 5595 1140 5650 τῶν
1172 5597 1516 5664 ἀνθρώπων,
1562 5597 1810 5667 ψευδεῖς
1849 5601 1905 5651 oi

322 5685 439 5739 υἱοί
472 5685 590 5739 τῶν
626 5687 958 5757 ἀνθρώπων
979 5689 1049 5742 ἐν
1071 5688 1288 5760 ζυγοῖς,
1316 5691 1424 5745 τοῦ
1473 5689 1777 5760 ἀδικῆσαι.

2013 3392 2352 3460 ριἰειιιιὶεῑίε,
2371 3393 2700 3449 homicidam
2720 3397 2843 3450 vitze
2860 3397 3091 3461 auctori,
3116 3413 3344 3468 regnum
3367 3397 3600 3453 Caesaris

2015 3498 2182 3554 regno
2196 3485 2484 3549 cmlorum,
2508 3495 2790 3555 peccatum
2809 3503 2974 3542 arena
2992 3489 3161 3544 maris
3189 3489 3413 3560 gravius
3443 3489 3602 3560 justi-

2014 3573 2122 3635 tiaz,
2175 3579 2526 3642 temporanea
2574 3574 2818 3637 aeternis,
2854 3577 3262 3644 corruptionem
3313 3575 3602 3644 incorrup-

2013 3663 2178 3734 tioni?.
2187 3661 2293 3718 Sed
2307 3664 2592 3734 etinsuper
2605 3666 2841 3736 quazritis
2860 3665 3504 3737 mendaciumhl‘alsosque
3521 3672 3601 3720 te-

2015 3763 2126 3810 stes
2149 3763 2339 3809 contra
2358 3756 2641 3809 veritatem
2681 3757 2988 3812 conducitis
3007 3758 3120 3811 hazc
3137 3757 3382 3813 dicentes
3408 3777 3421 3811 :
3444 3757 3601 3811 Hunc

2014 3843 2306 3897 invenimus
2369 3841 2749 3896 subvertenlem
2808 3844 3082 3913 populum,
3140 3851 3191 3897 et
3241 3843 3599 3912 prohibentem

2017 3934 2217 3987 tributa
2239 3933 2370 3988 dare
2400 3931 2629 3988 Caesari.
2687 3932 2989 3990 Commovet
3031 3934 3282 4004 populum
3311 3933 3500 3988 docens
3529 3935 3596 3989 ⁵³.

2017 4026 2143 4081 Nisi
2178 4035 2312 4081 esset
2339 4027 2422 4080 hic
2448 4026 2784 4095 malefactor,
2811 4043 2915 4080 non
2936 4025 3028 4080 tibi
3053 4025 3462 4080 tradidissemus
3480 4041 3598 4079 eum

2015 4121 2082 4176 ⁸⁷.
2113 4119 2255 4190 Quid
2287 4129 2468 4174 autem
2511 4120 2648 4175 mali
2681 4118 2809 4175 fecit
2837 4120 2860 4173 ?
2888 4135 2957 4173 an
2999 4121 3127 4189 quia
3157 4135 3336 4190 aegros
3359 4119 3596 4182 curavit,

2015 4210 2298 4265 daemones
2329 4210 2554 4281 fugavit,
2599 4217 2850 4264 mortuos
2888 4209 3178 4264 suscitavit
3211 4209 3234 4262 ἱ)
3265 4225 3332 4262 an
3368 4209 3495 4279 quia
3531 4224 3598 4262 ex

2019 4303 2266 4374 quinque
2292 4302 2528 4372 panibus
2556 4300 2784 4356 totidem
2823 4301 2992 4355 millia
3014 4301 3297 4355 hominum
3334 4302 3386 4354 in
3416 4317 3598 4355 eremo

2017 4396 2239 4450 satiavit
2267 4395 2511 4465 exceptis
2533 4377 2855 4449 mulieribus
2877 4402 2930 4450 et
2954 4394 3239 4466 parvulis?
3258 4393 3450 4448 Adhuc
3470 4409 3598 4450 esca

2016 4489 2072 4542 in
2106 4495 2328 4558 gutture
2375 4487 2621 4557 ipsorum
2653 4495 2792 4551 erat,
2832 4486 2962 4541 dum
3003 4486 3352 4542 mendacium
3389 4487 3445 4540 in
3480 4500 3595 4540 ore.

2017 4580 2196 4650 Atque
2225 4579 2293 4636 iis
2321 4582 2414 4651 Qui
2443 4581 2510 4635 ad
2544 4580 2878 4636 Absalonem
2904 4579 3248 4634 desciverant
3285 4577 3463 4632 aiebat
3493 4575 3598 4629 Da-

2017 4673 2109 4728 vid
2142 4693 2155 4729 :
2184 4672 2296 4728 Cur
2325 4689 2450 4729 cum
2475 4673 2727 4744 improbo
2772 4672 2882 4725 lilio
2916 4669 3244 4725 defecistls?
3275 4668 3388 4723 Cur
3424 4668 3597 4721 ﬁlium

2017 4766 2282 4822 adversus
2312 4775 2531 4836 patrem
2563 4763 2898 4819 concitatis?
2954 4761 3139 4830 Quare
3184 4761 3341 4816 vanis
3369 4759 3596 4817 Achito-

2019 4857 2195 4928 phelis
2226 4857 2476 4913 consiliis
2535 4873 2740 4912 morem
2775 4857 2968 4927 geritis
2998 4858 3020 4911 ?
3051 4855 3107 4911 Si
3147 4856 3194 4912 is
3238 4857 3330 4926 qui
3369 4856 3577 4911 maledi-

2019 4949 2159 5004 xerit
2184 4949 2324 5019 patri
2355 4949 2438 5003 vel
2469 4949 2632 5002 matri
2683 4961 2857 5004 morte
2880 4948 3080 5020 dignus
3108 4960 3192 5005 est
3225 4988 3240 5016 ,
3277 4949 3370 5020 qui
3402 4957 3592 5003 contra

2017 5053 2226 5114 patrem
2260 5043 2498 5113 gladium
2540 5043 2688 5096 acuit
2747 5051 2881 5113 quot
2910 5043 3182 5100 mortibus
3217 5058 3281 5098 ac
3313 5043 3594 5113 suppliciis

2014 5138 2216 5208 dignus
2244 5139 2267 5191 ?
2319 5134 2386 5191 Ut
2412 5137 2538 5208 quid
2581 5137 2746 5208 igitur
2776 5136 2999 5207 diligitis
3030 5138 3316 5191 vanitatem
3361 5145 3413 5191 et
3451 5153 3600 5207 qua}-

2016 5229 2135 5283 ritis
2190 5227 2582 5283 mendacium?
2643 5229 2985 5284 Mendacium
3016 5237 3175 5283 vocat
3225 5228 3592 5299 quodcunque

2017 5334 2217 5374 vanum
2240 5335 2399 5390 Opus,
2418 5321 2581 5390 cujus
2604 5329 2853 5390 prompta
2886 5319 3068 5382 ruina,
3104 5324 3385 5390 repentina
3412 5325 3591 5371 muta-

2015 5413 2111 5467 tio.
2161 5413 2526 5468 Vernmlamen
2556 5415 2677 5469 vani
2708 5414 2811 5484 ﬁlii
2843 5414 3137 5486 hominum,
3171 5412 3443 5468 mendaces
3487 5407 3590 5479 ﬁlii

2011 5507 2281 5562 hominum
2317 5509 2371 5562 in
2395 5510 2630 5576 slaleris,
2670 5518 2726 5564 ut
2750 5509 2944 5579 injuste
2971 5519 3132 5581 agant
3164 5509 3225 5562 ⁸⁸.

400 5867 447 5901 ⁵⁸
486 5866 627 5924 Luc.
658 5885 825 5934 xxiii,
871 5872 950 5926 5:3.
1029 5875 1070 5903 ‘”
1114 5871 1272 5928 l‘rov.
1313 5889 1490 5938 xsvn,
1523 5873 1575 5929 3.
1654 5875 1698 5906 ⁵⁸
1744 5873 1870 5930 Luc.
1909 5889 1917 5930 ι

2027 5891 2078 5948 1,,
2112 5873 2166 5928 ξ’.
2248 5875 2291 5906 ⁸⁷
2334 5872 2490 5929 ιιο.ιη.
2531 5887 2641 5927 xvn
2669 5912 2681 5936 ,
2713 5873 2800 5928 50.
2878 5871 2922 5901 ⁵³
2963 5867 3108 5925 Psal.
3141 5882 3270 5934 ut,
3305 5867 3392 5926 ιο.
