4086 6532
554 394 661 451 115

870 511 1422 569 INTERPRETATIO
1460 514 1710 570 PSALMI
1748 515 1811 570 Υ.

552 637 607 693 ί.
625 638 692 693 In
721 640 877 709 ﬁnem
905 657 999 709 pro
1020 658 1082 695 ea
1110 658 1226 710 quw
1243 642 1605 718 hereditatem
1626 648 1962 718 consequitur
1984 648 2120 716 psal-

1168 730 1282 767 mus
1312 714 1506 771 David.

621 821 679 877 In
704 824 862 879 tinem
892 824 1125 897 hymnus
1154 827 1457 896 gratiarum
1499 829 1731 884 actionis
1762 830 1981 885 canitur
2019 847 2119 901 pro

550 916 729 969 anima
757 918 870 971 sive
902 934 1001 987 pro
1023 918 1291 981 Ecclesia,
1320 936 1441 989 qua:
1475 920 1529 973 in
1551 921 1791 975 divinam
1834 922 2119 976 haeredita-

549 1017 656 1059 tem
695 1005 786 1072 Qei
820 1005 1040 1063 famulis
1093 1019 1454 1078 praeparatam
1514 1010 1755 1067 ducitur.
1790 1008 1886 1067 Est
1916 1012 2117 1081 quippe

547 1098 837 1154 tuereditas
860 1098 1033 1155 Deum
1055 1102 1383 1156 .colcntibus
1418 1114 1636 1172 parata,
1671 1112 1725 1159 et
1754 1104 1869 1159 haec
1900 1104 2116 1174 quidem

546 1207 653 1245 non
680 1194 1081 1262 corruptibilis,
1114 1210 1291 1264 neque
1322 1195 1375 1271 i_n
1408 1196 1619 1252 divitiis
1653 1212 1873 1251 sensum
1904 1212 2119 1252 moven-

542 1282 691 1337 tibus
722 1284 996 1339 consistit.
1031 1284 1245 1339 Dicitur
1278 1287 1425 1341 enim
1478 1287 1822 1343 inducendos
1873 1288 2117 1343 haeredes

543 1373 719 1442 ipsius
737 1389 880 1439 esse,
912 1376 964 1429 in
980 1375 1343 1431 hwreditatem
1370 1379 1847 1447 incorruptibilem,
1874 1382 2118 1434 inconta-

542 1468 826 1531 minatum,
855 1468 1370 1534 immarcescibilem,
1407 1481 1773 1525 conservatam
1804 1474 1857 1525 in
1884 1472 2026 1526 cwlis
2044 1474 2112 1525 ⁸³.

542 1557 600 1612 lu
634 1558 779 1614 illam
818 1574 915 1614 eos
955 1560 1049 1629 qui
1083 1559 1236 1631 digni
1290 1569 1419 1616 sunt
1460 1578 1697 1617 evocans
1728 1561 1979 1617 Salvator
1999 1562 2110 1616 ait:

550 1651 731 1705 Venite
763 1654 853 1722 qui
886 1670 917 1705 a
942 1652 1144 1708 dextris
1173 1655 1301 1709 meis
1327 1656 1476 1719 estis,
1511 1655 1763 1711 benedicti
1796 1656 1978 1709 Patris
1992 1658 2111 1720 mei,

539 1742 800 1812 possidete
819 1754 1068 1816 paratum
1097 1745 1241 1799 vobis
1277 1762 1494 1815 regnum
1520 1748 1587 1803 ⁸ο,
1621 1745 1798 1814 Hujus
1818 1760 2003 1801 amore
2022 1761 2115 1799 ca-

1221 397 1487 453 EUSEBll
1528 398 2007 455 C/ESARIENSIS
2044 400 2194 456 OPP.
2238 400 2418 456 PARS
2457 400 2540 456 lll.
2576 429 2648 441 —
2684 396 3091 453 EXEGETICA.

3686 394 3793 451 H6

2609 518 2749 570 EPM
2760 517 2964 570 llNEl’A
2992 515 3291 568 ΨΑΛΜΟΥ
3322 516 3396 567 E'.

2222 651 2326 717 Εἰς
2361 652 2424 705 τὸ
2459 651 2635 717 τέλος
2676 648 2827 720 ὑπὲρ
2882 648 2991 720 τῆς
3016 648 3509 716 κληρονομούσης
3550 647 3790 715 ψαλμὸς

2841 718 2919 785 τῷ
2964 720 3161 772 Δαυΐδ.

2289 835 2384 897 Εἰς
2417 833 2481 887 τὸ
2529 832 2679 895 τέλος
2734 834 3085 904 χαριστήριός
3112 830 3277 902 ὕμνος
3308 830 3491 901 ᾄδεται
3531 830 3669 900 ὑπὲρ
3689 828 3793 899 τῆς

2218 925 2491 996 ἀγομένης
2520 925 2717 995 ψυχῆς,
2752 926 2871 995 ἦτοι
2922 924 3263 994 Ἐκκλησίας,
3296 925 3375 985 είς
3411 922 3558 975 θείαν
3591 920 3790 992 κληρο-

2217 1018 2405 1088 νομίαν
2425 1018 2833 1089 ἡτοιμασμένην
2855 1021 2966 1080 τοῖς
2980 1017 3073 1071 τοῦ
3087 1017 3220 1069 Θεοῦ
3238 1017 3613 1087 θεραπευταῖς.
3642 1016 3792 1069 Ἐστι

2217 1110 2323 1181 γὰρ
2356 1110 2686 1182 κληρονομία
2740 1113 2850 1173 τοῖς
2904 1108 3261 1180 θεραπεύουσι
3288 1108 3516 1180 Κύριον·
3553 1108 3791 1160 Ἔστιδέ

2217 1202 2352 1273 αῦτη
2376 1202 2436 1255 ού
2471 1202 2680 1273 φθαρτὴ
2701 1203 2793 1255 καὶ
2819 1204 2876 1255 ἐν
2902 1201 3142 1271 αἰσθητῷ
3161 1200 3373 1271 πλούτῳ
3403 1200 3598 1269 ἔχουσα
3627 1196 3786 1253 εἶναι.

2216 1294 2444 1367 Εἴρηται
2481 1296 2587 1366 γὰρ
2638 1295 2950 1363 εἰσάγεσθαι
3000 1295 3126 1357 τοὺς
3165 1292 3365 1362 ταύτης
3423 1292 3791 1363 κληρονόμους

2214 1389 2302 1451 εὶς
2322 1387 2723 1455 κληρονομίαν
2750 1387 3053 1455 ἄφθαρτον
3079 1384 3177 1437 καὶ
3197 1385 3485 1453 ἀμίαντον
3516 1383 3612 1435 καὶ
3644 1382 3795 1451 ἀμά-

2208 1496 2454 1546 ραντον,
2478 1478 2879 1547 τετηρημένην
2896 1480 2967 1532 ἐν
2983 1478 3282 1546 οὐρανοῖς.
3314 1477 3405 1540 Εἰς
3436 1476 3637 1547 ταύτην
3664 1477 3793 1540 τοὺς

2215 1571 2397 1635 ἀξίους
2422 1570 2601 1624 καλῶν
2633 1573 2661 1623 6
2683 1570 2872 1640 Σωτήρ
2890 1586 2902 1598 ³
2933 1568 3109 1621 Δεῦτε
3137 1567 3203 1620 ἐκ
3227 1564 3441 1630 δεξιῶν
3455 1583 3593 1633 μου,
3626 1560 3794 1631 εἶπερ

2216 1665 2333 1734 (sic)
2372 1668 2425 1717 οὶ
2471 1662 2864 1731 εὐλογημένοι
2908 1660 3013 1715 τοῦ
3065 1661 3295 1727 Πατρός
3329 1676 3468 1728 μου,
3506 1660 3793 1723 κληρονο-

2206 1757 2442 1825 μήσατε
2464 1756 2578 1823 τὴν
2594 1753 3040 1823 ἡτοιμασμένην
3055 1751 3198 1821 ὑμῖν
3213 1751 3559 1816 βασιλείαν.
3574 1748 3793 1820 Ταύτης

539 1843 667 1904 ptus
725 1837 818 1905 qui
885 1845 1206 1905 przesentem
1264 1838 1530 1907 psalmum
1600 1839 1812 1901 recitat,
1864 1837 1972 1893 Deo
2019 1837 2107 1907 qui

2214 1846 2391 1916 ἔρωτα
2423 1845 2601 1899 λαὸὼν
2620 1848 2649 1899 6
2676 1846 2766 1897 τὸν
2792 1844 3107 1913 ἐγκείμενον
3146 1842 3358 1913 ψαλμὸν
3398 1841 3592 1909 λέγων,
3628 1841 3791 1910 εὐχὴν

540 1930 715 1999 ipsam
741 1930 1061 2001 praeparavit
1089 1929 1391 1986 orationem
1409 1931 1626 1995 emittit,
1647 1939 1704 1985 ut
1722 1931 1918 2001 dignus
1952 1931 2107 1986 babe-

2213 1939 2526 2010 ἀναπέμπει
2568 1939 2645 2009 τῷ
2690 1939 3067 2009 εύτρεπίσαντι
3094 1937 3265 2009 αὐτὴν
3299 1935 3438 2005 Θεῷ,
3472 1938 3558 1989 ἵνα
3585 1934 3789 2005 ἀξιωθῇ

538 2032 659 2077 atur
685 2023 777 2091 qui
807 2037 929 2077 eam
958 2024 1259 2079 secundum
1309 2032 1697 2079 testamentum
1733 2039 1935 2078 novum
1976 2039 2109 2079 con-

537 2122 819 2183 sequatur,
852 2114 926 2168 ita
955 2123 1013 2168 ut
1039 2114 1399 2184 inscriptione
1432 2114 1546 2179 illa,
1578 2131 1673 2183 pro
1710 2130 1772 2167 ea
1802 2130 1919 2186 qua:
1944 2114 2109 2170 heare-

536 2204 757 2259 ditatem
807 2206 1164 2276 consequitur,
1195 2220 1351 2261 suam
1408 2205 1583 2276 ipsam
1634 2207 1872 2261 animam
1932 2208 2107 2277 signi-

536 2294 685 2349 licet.

607 2387 775 2445 Vens.
799 2390 857 2445 2.
895 2390 1062 2445 Verba
1093 2407 1207 2445 mea
1236 2390 1454 2445 auribus
1493 2392 1715 2461 percipe,
1748 2389 1987 2457 Domine,
2024 2393 2106 2446 iu-

535 2483 709 2555 tellige
740 2485 1023 2538 clamorem
1058 2501 1245 2538 meum.
1282 2483 1425 2540 Sane
1450 2486 1615 2540 verba
1644 2500 1740 2539 ore
1772 2486 1983 2553 prolata
2012 2500 2109 2539 au-

532 2570 689 2626 ribus
738 2572 1118 2642 percipiuntur
1147 2580 1200 2628 et
1231 2573 1530 2628 audiuntur
1582 2594 1595 2629 :
1651 2574 1859 2629 clamor
1903 2582 2105 2640 autem,

531 2677 642 2716 non
675 2662 897 2731 quidem
927 2663 1130 2727 verbis,
1185 2663 1397 2719 etiamsi
1432 2665 1535 2734 ipsi
1569 2665 1767 2721 dican't
1786 2664 1955 2721 Deum
1988 2667 2110 2722 uni-

529 2768 813 2809 versorum
848 2770 909 2811 se
937 2770 1289 2827 cognoscere,
1314 2772 1377 2811 ac
1406 2757 1564 2812 labiis
1593 2758 1841 2813 conﬁteri
1865 2776 1881 2824 ;
1922 2759 2017 2813 sed
2052 2760 2109 2813 in

528 2844 717 2908 corde,
766 2845 882 2899 sive
927 2846 981 2900 in
1010 2854 1190 2901 mente
1236 2861 1425 2901 eorum
1460 2848 1674 2903 exsistit
1715 2867 1729 2904 :
1783 2864 1848 2903 ac
1885 2865 1953 2904 ne
2000 2865 2107 2904 una

526 2937 748 3007 quidem
776 2952 904 2994 vera
937 2937 1004 2993 de
1026 2937 1136 2994 Deo
1168 2938 1430 3009 cogitatio
1454 2945 1589 2994 erat.
1622 2938 1947 3009 Hujusmodi
1981 2955 2109 3010 pro-

527 3027 669 3083 fecto
691 3038 809 3084 erat
841 3037 965 3086 ante
984 3030 1281 3087 Salvatoris
1298 3032 1590 3104 adventum
1618 3038 1790 3085 totum
1824 3031 2105 3085 hominum

526 3135 720 3188 genus.
748 3119 1016 3189 lnsipiens
1056 3129 1236 3175 autem
1279 3121 1572 3175 admodum
1598 3136 1726 3174 vere
1754 3136 1819 3174 ac
1849 3136 2107 3190 germane

2212 2028 2546 2100 κληρονόμος
2610 2030 2777 2099 αὐτῆς
2835 2028 2975 2082 κατά
3000 2026 3099 2098 τὴν
3132 2027 3322 2097 καινὴν
3364 2026 3625 2097 διαθήκην
3656 2025 3789 2077 ἀνα-

2209 2121 2485 2191 δειχθῆναι
2509 2139 2523 2152 '
2554 2122 2629 2185 ὡς
2668 2122 2762 2174 καὶ
2830 2122 2959 2192 περὶ¹
3005 2120 3103 2189 τῆς
3131 2118 3295 2173 αὐτοῦ
3333 2116 3508 2188 ψυχῆς
3536 2116 3790 2188 σημαίνει

2210 2213 2307 2285 τὴν
2341 2214 2649 2285 ἐπιγραφὴν
2681 2212 2778 2284 τὴν
2805 2211 2956 2280 ὑπὲρ
2986 2210 3095 2279 τῆς
3132 2210 3650 2279 κληρονομούσης.

2286 2392 2361 2445 Τὰ
2407 2389 2647 2459 ῥήματά
2696 2408 2815 2458 μου
2873 2389 3172 2451 ἐνωτίσαι,
3219 2390 3429 2457 Κύριε,
3476 2388 3660 2453 σύνες
3709 2384 3785 2454 τῇ

2208 2482 2441 2551 κραυγῇ
2489 2500 2629 2551 μου.
2676 2482 2757 2535 Τὰ
2812 2480 2912 2551 μὲν
2962 2476 3055 2533 οῦν
3113 2481 3332 2551 ῥήματα
3383 2478 3471 2531 διὰ
3520 2478 3788 2548 στόματος

2209 2572 2651 2642 ἐπαγγελλόμενα
2686 2571 2818 2623 ὠσὶν
2865 2568 3117 2623 ἀκούεται
3164 2570 3255 2623 καί⁸
3282 2567 3592 2631 ἐνωτίζεται
3614 2586 3627 2598 ·
3660 2570 3691 2637 ὴ
3726 2566 3787 2621 δὲ

2210 2662 2422 2733 κραυγὴ
2470 2663 2530 2715 οὐ
2584 2662 2670 2715 διὰ
2701 2660 2808 2714 τῶν
2860 2660 3052 2729 λόγων,
3097 2659 3199 2714 κᾶν
3246 2660 3400 2713 αὐτοὶ
3447 2651 3783 2713 εἰδέναιὲκαὶ

2207 2756 2486 2825 ὁμολογεῖν
2512 2754 2602 2807 τὸν
2624 2755 2716 2807 ἐπὶ
2748 2754 2964 2809 πάντων
2982 2754 3114 2808 Θεὸν
3135 2755 3247 2816 τοῖς
3263 2752 3463 2823 χείλεσι
3490 2752 3779 2820 φάσκοιενρ

2208 2849 2320 2903 ἀλλ’
2344 2850 2399 2901 ἐν
2430 2850 2493 2919 τῇ
2528 2847 2726 2919 καρδίᾳ
2783 2845 3013 2910 ἑαυτῶν,
3050 2845 3327 2899 τουτέστιν
3361 2845 3418 2896 ἐν
3448 2845 3510 2912 τῇ
3536 2839 3780 2914 διανοίᾳ·

2206 2940 2325 2994 οὐδὲ
2384 2939 2480 3011 μία
2531 2958 2614 3004 τις
2668 2938 2875 3011 ἀληθὴς
2932 2938 3061 3011 περὶ
3110 2937 3246 2991 Θεοῦ
3294 2936 3538 3006 ὑπῆρχεν
3585 2932 3778 2985 ἔννοια.

2208 3033 2456 3097 Τοιοῦτος
2491 3034 2587 3103 μὲν
2627 3028 2719 3086 οῦν
2774 3032 3069 3103 ἐτύγχανεν
3092 3032 3197 3093 πᾶς
3231 3029 3259 3080 ὁ
3283 3028 3387 3099 πρὸ
3418 3027 3515 3096 τῆς
3544 3024 3637 3079 τοῦ
3674 3026 3785 3078 Σω-

2204 3122 2367 3195 τῆρος
2391 3122 2546 3193 ἡμῶν
2568 3123 2866 3192 παρουσίας
2890 3122 3019 3191 βίος.
3042 3121 3116 3189 (1)
3138 3116 3423 3189 Ἀφρωνδέ
3447 3114 3783 3187 ἀληθέστατα

526 3213 730 3272 dicitur
758 3213 851 3283 qui
880 3220 1043 3285 negat
1087 3212 1277 3267 Deum.
1304 3212 1442 3266 Nam
1497 3212 1545 3267 si
1584 3212 1794 3267 initium
1836 3212 2107 3281 sapientia:

2209 3213 2303 3266 καὶ
2356 3212 2708 3281 φυσικώτατα
2750 3215 2778 3265 6
2822 3212 3141 3284 ἀρνησίθεος
3190 3209 3521 3279 ὠνόμασται.
3572 3208 3635 3260 Εἰ
3676 3206 3783 3276 γὰρ

529 3308 688 3360 timor
711 3305 1012 3367 Domini“,
1046 3306 1329 3374 despectio
1361 3320 1425 3359 ac
1471 3311 1818 3375 contemptus
1848 3305 1963 3371 Dei,
2009 3321 2107 3377 op-

527 3398 739 3469 positus
772 3396 1050 3468 sapientiae
1075 3395 1257 3451 fuerit.

598 3486 764 3543 Vsus.
795 3489 849 3542 4.
887 3487 1152 3554 Quoniam
1185 3486 1255 3539 ad
1312 3495 1359 3540 te
1407 3485 1591 3551 orabo,
1636 3486 1895 3552 Domine,
1956 3504 2108 3541 mane

525 3580 775 3638 exaudies
802 3596 974 3634 vocem
1008 3596 1177 3633 meam
1204 3596 1221 3633 :
1252 3597 1403 3636 mane
1437 3580 1658 3635 adstabo
1690 3579 1786 3635 tibi
1814 3590 1863 3634 et
1912 3581 2105 3634 videbis

525 3689 625 3726 me.
656 3670 751 3727 His
807 3670 1035 3725 docetur
1067 3670 1247 3723 anima
1280 3686 1403 3741 quae
1460 3670 1834 3726 haereditatem
1885 3673 2103 3743 accipit,

524 3765 849 3820 diurnorum
904 3779 1132 3834 operum
1186 3762 1460 3833 primitias
1510 3763 1695 3821 divino
1756 3782 1878 3821 esse
1928 3771 2100 3821 cultui

523 3854 930 3913 consecrandus
965 3874 978 3908 :
1012 3853 1154 3925 quod
1191 3854 1379 3924 utique
1426 3869 1535 3908 non
1568 3854 1793 3920 faceret,
1831 3856 1876 3911 si
1907 3856 1962 3909 in
1987 3856 2105 3928 ipso

522 3947 689 4001 cubili
732 3947 786 4003 in
818 3947 937 4016 ejus
971 3946 1299 4001 oblivionem
1333 3947 1561 4001 veniret.

593 4035 762 4091 Vens.
795 4037 848 4100 5,
878 4036 932 4090 6.
962 4037 1225 4104 Quoniam
1258 4052 1361 4089 non
1386 4035 1529 4089 Deus
1559 4038 1730 4090 volens
1776 4038 2105 4107 iniquitatem

524 4137 580 4181 tu
608 4143 661 4181 es
694 4138 712 4184 ε
743 4143 903 4196 neque
931 4126 1190 4183 habitabit
1207 4126 1370 4195 juxta
1411 4136 1459 4180 te
1485 4128 1770 4197 malignus,
1803 4144 1963 4199 neque
1991 4146 2107 4198 per-

521 4219 805 4275 manebunt
826 4218 1011 4286 injusti
1040 4228 1158 4275 ante
1187 4219 1363 4271 oculos
1397 4228 1536 4272 tuos.
1574 4217 1769 4288 Utpote
1797 4201 2107 4290 quagdigua

521 4310 706 4363 habita
760 4309 833 4365 sit
866 4324 985 4378 qua:
1020 4309 1412 4379 promissorum
1442 4308 1709 4363 bonorum
1735 4309 2105 4363 haareditatem

520 4402 815 4472 acciperet,
850 4401 1069 4474 iniquos
1105 4400 1209 4459 sibi
1266 4400 1439 4455 oculis
1479 4401 1717 4471 subjicit.
1753 4401 1929 4471 Iniqui
1960 4402 2105 4457 enim

518 4495 737 4553 etiamsi
762 4499 1053 4578 antequam
1105 4492 1595 4564 prmvariearentur
1622 4493 1780 4562 juxta
1810 4502 1862 4548 te
1892 4493 2108 4547 habita-

2208 3306 2427 3375 σοφίας
2456 3304 2612 3375 ἀρχὴ
2634 3306 2815 3374 φόϐος
2840 3304 3008 3369 Θεοῦ,
3035 3302 3235 3372 ἀφοόία
3259 3300 3352 3354 καὶ
3383 3299 3636 3370 ἀθέτησις
3663 3298 3783 3351 τού-

2208 3398 2415 3450 ναντίον
2439 3398 2503 3451 ἂν
2541 3398 2747 3466 γένοιτο
2776 3397 2874 3466 τῆς
2906 3396 3115 3464 σοφίας.

2282 3490 2399 3542 ’Ότι
2424 3488 2572 3559 πρὸς
2600 3489 2674 3543 σὲ
2712 3488 3134 3557 προσεύξομαι,
3157 3488 3350 3555 Κύριε,
3392 3485 3456 3538 τὸ
3483 3483 3633 3553 πρωῒ
3662 3483 3785 3539 εισ-

2208 3583 2440 3652 ακούσῃ
2505 3582 2616 3651 τῆς
2663 3581 2866 3651 φωνῆς
2881 3596 3028 3650 μου’
3056 3579 3121 3633 τὸ
3149 3580 3298 3648 πρωϊ
3326 3573 3786 3647 παραστήσομαι

2208 3692 2306 3729 σοι
2334 3677 2431 3729 καὶ
2460 3674 2661 3746 sxw-37
2683 3694 2777 3745 με.
2816 3675 3137 3729 Παιδεύεται
3175 3674 3263 3727 διὰ
3291 3673 3493 3727 τούτων
3527 3674 3559 3741 ἡ
3591 3671 3784 3741 κληρο-

2207 3766 2445 3835 νομοῦσα
2487 3766 2585 3835 τὴν
2628 3765 2881 3835 ἀπαρχὴν
2930 3762 3037 3816 τῶν
3094 3760 3371 3834 ἡμερινῶν
3416 3757 3669 3833 πράξεων
3725 3758 3781 3824 τῇ

2209 3858 2341 3928 πρὸς
2367 3857 2497 3910 Θεὸν
2527 3857 2831 3911 ἀνατιθέναι
2851 3854 3076 3926 λατρεία
3094 3871 3107 3885 ’
3130 3855 3266 3923 ὅπερ
3288 3852 3386 3904 ούκ
3407 3850 3472 3903 ἂν
3505 3848 3676 3901 ἐποίει
3708 3846 3781 3917 μὴ

2208 3948 2301 3999 καὶ
2332 3948 2439 3999 ἀπὸ
2469 3948 2656 4016 κοίτης
2690 3946 2887 4016 ἐχουσα
2915 3943 3013 4013 τὴν
3044 3941 3337 4010 ἀγνωσίαν.

2282 4041 2406 4093 Ὅτι
2438 4040 2573 4106 οὐχὶ
2599 4038 2740 4102 Θεὸς
2776 4036 2967 4090 θέλων
2985 4033 3239 4102 ἀνομίαν
3259 4033 3340 4086 σὺ
3370 4028 3444 4086 εἴ·
3484 4032 3554 4084 οὐ
3589 4047 3785 4098 παροι-

2209 4130 2383 4197 κήσει
2405 4147 2501 4183 σοι
2530 4131 3031 4198 πονηρευόμενος,
3067 4126 3208 4180 οὐδὲ
3228 4124 3574 4195 διαμενοῦσι
3598 4121 3785 4191 παρά-

2208 4239 2374 4289 νομοι
2400 4221 2712 4273 κατέναντι
2735 4220 2852 4271 τῶν
2880 4218 3204 4287 ὀφθαλμῶν
3232 4234 3366 4271 σου.
3422 4217 3508 4279 Ὠς
3541 4214 3605 4269 ἂν
3628 4213 3782 4283 ἠξιω-

2213 4312 2346 4382 μένη
2383 4311 2488 4364 τῶν
2541 4311 2964 4383 ἐπηγγελμένων
3006 4309 3224 4379 ἀγαθῶν
3270 4311 3303 4379 ή
3348 4306 3778 4379 κληρονομοῦσα,

2207 4405 2333 4468 τοὺς
2362 4404 2595 4473 ἀνόμους
2624 4404 2986 4457 ἐπιδείκνυσιν
3017 4405 3205 4474 ἑαυτῇ.
3228 4404 3289 4455 0i
3313 4401 3420 4471 γὰρ
3456 4400 3779 4469 παράνομοι,

2210 4498 2257 4549 εἰ
2288 4498 2381 4549 καὶ
2406 4496 2511 4568 πρὸ
2556 4497 2650 4550 τοῦ
2701 4497 3083 4569 παρανομῆσαι
3126 4493 3463 4563 παρῴκησαν
3508 4491 3590 4543 σοί
3628 4506 3779 4550 ποτε,

522 4590 716 4655 verint,
765 4586 1225 4660 quemadmodum
1280 4586 1318 4640 ii
1367 4586 1459 4657 qui
1491 4584 1694 4656 Moysis
1728 4585 1902 4656 legem
1944 4600 2100 4642 acce-

2209 4588 2457 4660 καθάπερ
2509 4589 2556 4640 οἱ
2590 4590 2679 4641 τὸν
2729 4589 3005 4651 Μωῦσέως
3062 4588 3340 4656 δεξάμενοι
3393 4585 3588 4653 νόμον,
3645 4581 3781 4647 ἀλλά

519 4698 677 4757 pere;
709 4688 764 4736 at
790 4689 1078 4752 postquam
1132 4679 1470 4751 prtevaricati
1500 4687 1650 4744 sunt,
1695 4679 2007 4735 nullatenus
2041 4680 2095 4735 in

520 4774 754 4844 pristino
776 4773 895 4827 loco
916 4780 1143 4829 manent
1181 4790 1194 4825 :
1229 4778 1286 4827 tu
1325 4787 1455 4827 vero
1477 4771 1659 4825 oderis
1684 4785 1779 4825 eos
1806 4771 1901 4841 qui
1932 4786 1964 4825 a
2002 4770 2097 4826 Dei

519 4863 670 4918 cultu
700 4877 977 4917 recessere
997 4901 1012 4927 ,
1043 4871 1251 4934 quanto
1281 4872 1524 4935 tempore
1554 4862 1589 4917 ii
1620 4861 1745 4917 odio
1779 4863 1941 4933 digna
1970 4878 2096 4934 per-

575 4963 753 5008 :trant.

519 4972 753 5024 petram.

593 5045 760 5101 Vsus.
796 5047 845 5109 7,
882 5046 935 5101 8.
969 5044 1165 5109 Odisti,
1209 5044 1450 5110 Domine,
1487 5062 1664 5100 omnes
1699 5044 1789 5115 qui
1817 5055 2099 5115 operantur

520 5140 870 5208 iniquitatem,
898 5137 1079 5208 perdes
1102 5154 1276 5191 omnes
1314 5139 1403 5209 qui
1434 5137 1717 5210 loquuntur
1744 5138 2096 5192 mendacium.

531 5231 713 5285 Virum
739 5232 1055 5301 sanguinum
1085 5241 1134 5284 et
1171 5230 1413 5283 dolosum
1452 5230 1789 5284 abominetur
1818 5230 2096 5284 Dominus.

520 5321 638 5377 Non
672 5322 848 5377 solum
906 5336 1001 5377 eos
1055 5320 1147 5392 qui
1187 5322 1340 5385 olim,
1378 5320 1473 5377 sed
1507 5322 1670 5377 etiam
1716 5337 1811 5377 eos
1845 5322 1937 5391 qui
1984 5320 2096 5389 jam

520 5421 819 5483 operantur
844 5412 1206 5482 iniquitatem,
1253 5414 1298 5467 si
1331 5414 1546 5483 quidem
1579 5414 1633 5467 in
1667 5414 1875 5467 malitia
1910 5428 2092 5482 perse-

520 5513 731 5569 verent,
769 5505 883 5561 odit
917 5504 1058 5560 Deus
1088 5523 1101 5560 :
1140 5520 1203 5559 ac
1224 5521 1335 5575 prae
1356 5506 1613 5561 omnibus
1646 5504 1904 5576 perniciei
1932 5504 2096 5558 tradit

592 5661 641 5694 "
681 5662 700 5716 ι
730 5661 876 5717 Petr.
910 5678 965 5727 ι,
997 5661 1049 5715 Δ.
1130 5662 1175 5692 ⁶⁶
1218 5660 1407 5716 Matth.
1438 5678 1581 5727 xxv,
1615 5661 1702 5718 '55.
1784 5660 1825 5691 “
1867 5658 2011 5715 Psal.
2049 5675 2113 5715 cx
2140 5700 2153 5725 ,

597 5846 671 5916 (l)
710 5844 846 5904 Vide
875 5857 1060 5903 notam
1091 5845 1144 5903 in
1173 5845 1309 5919 psal.
1342 5858 1471 5900 xvu.

2205 4679 2517 4751 παραϐάται
2542 4678 2823 4747 γεγονότες
2843 4680 2905 4731 ού
2936 4679 3203 4749 μένουσιν.
3226 4677 3419 4736 Μισεϊς
3458 4673 3513 4725 δὲ
3539 4673 3632 4725 καὶ
3653 4672 3779 4734 τοὺς

2205 4770 2310 4836 ἔξω
2334 4772 2433 4841 τῆς
2464 4771 2772 4834 θεοσεϐείας
2813 4773 2871 4824 ἐν
2899 4772 3006 4839 ὅσῳ
3054 4770 3246 4839 μίσους
3274 4766 3399 4832 ἄξια
3428 4767 3774 4849 πράττουσιν.

2284 5050 2633 5118 Ἑμίσησας,
2680 5050 2876 5113 Κύριε,
2910 5044 3139 5109 πάντας
3171 5042 3312 5109 τοὺς
3350 5042 3775 5113 ἐργαζομένους

2199 5141 2314 5209 τὴν
2340 5143 2615 5211 ἀνομίαν,
2646 5138 2892 5204 ἀπολεῖς
2912 5137 3139 5203 πάντας
3169 5137 3310 5204 τοὺς
3338 5137 3675 5201 λαλοῦντας
3712 5136 3774 5187 τὸ

2200 5234 2446 5304 ψεῦδος.
2485 5233 2700 5302 Ἄνδρα
2728 5231 2989 5301 αἱμάτων
3015 5231 3111 5284 καὶ
3140 5229 3344 5284 δόλιον
3364 5230 3776 5294 βδελύσσεται

2200 5326 2433 5392 Κύριος.
2463 5326 2537 5379 Οὐ
2562 5324 2685 5388 τούς
2727 5341 2859 5377 ποτε
2906 5322 3330 5395 ἐργασαμένους,
3354 5322 3488 5374 ἀλλὰ
3524 5319 3618 5373 καί⁵
3650 5319 3776 5380 τοὺς

2201 5413 2281 5467 ἐτι
2342 5414 2436 5467 καὶ
2484 5413 2579 5467 νῦν
2618 5412 3031 5485 ἐργαζομένους,
3076 5414 3151 5477 ὼς
3194 5412 3259 5466 ἂν
3307 5410 3659 5481 ἐπιμένοντας
3702 5409 3769 5477 τῇ

2204 5504 2394 5576 κακία,
2437 5507 2587 5575 μισεῖ
2609 5505 2637 5557 6
2673 5505 2822 5569 Θεός.
2879 5505 3036 5576 Παρὰ
3065 5506 3270 5568 πάντας
3293 5502 3350 5555 δὲ
3381 5501 3600 5565 τούτους
3623 5500 3773 5553 ἀπυ-

2197 5660 2281 5715 10.
