4086 6582
376 365 473 424 H7
1504 365 1928 423 COMMENTAB

2037 364 2106 420 IN
2147 363 2482 420 PSALMOS.
3516 357 3618 413 “8

364 485 484 560 λείᾳ
543 488 873 562 παραδίδωσι
909 491 1031 554 τοὺς
1081 490 1154 562 μὴ
1187 482 1344 562 μόνον
1385 489 1522 544 κατὰ
1556 491 1771 560 ἀπάτην
1794 489 1928 558 λογι-

2045 502 2161 552 eos,
2194 488 2285 556 qui
2335 502 2444 541 non
2499 484 2660 539 modo
2687 498 2785 554 per
2838 480 3106 536 fallaciam
3153 480 3432 536 mendacia
3466 480 3622 550 cogi-

364 580 620 654 ξομένους
663 583 732 636 τὰ
753 583 948 653 ψευδῆ,
977 583 1112 636 ἀλλᾶ
1153 585 1247 637 καὶ
1285 581 1576 647 λαλοῦντας
1637 582 1796 647 αὐτὰ,
1849 585 1928 635 uati

2043 586 2192 643 tant;
2219 578 2312 632 sed
2336 578 2498 632 etiam
2530 577 2620 629 illa
2650 575 2954 646 proferunt,
2990 573 3216 642 aliisque
3244 588 3307 628 ea
3343 573 3394 626 in
3428 588 3488 626 re
3517 573 3621 626 ad-

365 673 569 746 ἑτέροις
595 675 1062 746 διακονουμένους,
1090 676 1266 729 ὁποῖοι
1312 677 1671 746 τυγχάνουσιν
1695 677 1743 728 οἱ
1773 674 1928 736 ἄθεοι1

2042 673 2280 726 ministri
2334 678 2461 726 sunt
2495 689 2506 724 :
2544 667 2853 738 cujusmodi
2904 674 3031 721 sunt
3079 666 3220 720 athei
3262 676 3315 720 et
3354 665 3615 720 hazretici.

362 767 699 838 αἰρεσιῶται.
730 770 840 822 Καὶ
865 769 958 820 ἐπὶ
979 769 1110 822 πᾶσι
1129 768 1336 833 τούτοις
1356 769 1462 822 τὸν
1482 769 1669 837 ἄνδρα
1683 768 1928 838 αἱμάτων

2045 763 2148 818 Sed
2185 765 2305 836 plus
2333 778 2493 834 quam
2543 778 2638 817 eos
2667 776 2878 823 omnes,
2927 760 3095 813 virum
3142 759 3454 829 sanguinum
3487 758 3619 810 abo-

364 850 764 920 βδελύσσεται
778 853 1012 920 Κύριος,
1040 858 1133 912 καὶ
1161 860 1218 911 ὲν
1247 863 1313 931 τῇ
1348 857 1438 930 ἴσῃ
1479 859 1654 930 τούτῳ
1701 860 1928 931 τιμωρίᾳ

2042 858 2278 909 minatur
2310 854 2584 918 Dominus,
2651 868 2714 906 ac
2739 852 2858 906 viro
2898 852 3024 906 item
3051 851 3239 906 doloso
3278 866 3374 920 par
3412 849 3624 920 suppli-

357 936 457 999 ’καὶ
502 949 599 1000 τὸν
643 947 818 1002 δόλιον
864 948 1093 1020 τίθησιν.
1143 951 1201 1004 'U
1244 951 1300 1004 δὲ
1341 951 1637 1022 βδελυγμὸς
1671 952 1942 1026 ὑπερϐάλ-

2042 951 2185 1006 cium
2215 948 2470 1004 destinat.
2491 946 2836 1001 Abominatio
2870 953 3051 1000 autem
3087 954 3380 1001 extremam
3415 944 3618 999 abomi-

361 1035 558 1089 λουσαν
613 1039 984 1111 ἀποστροφὴν,
1028 1041 1105 1104 ὼς
1148 1042 1240 1095 ἐπὶ
1281 1042 1502 1113 μεγάλῳ
1534 1037 1928 1186 ἵιάσματιηοῐ

363 1127 784 1186 βδελυσσομένου
818 1132 951 1186 ποὺς
967 1132 1056 1185 τὸν
1094 1133 1379 1186 Βδελυκτὸν
1415 1152 1527 1186 παο
1555 1152 1731 1186 στησι.

2031 1043 2220 1096 nantis
2259 1042 2313 1095 in
2341 1041 2710 1096 abominatum
2741 1039 3100 1105 aversionem,
3133 1046 3316 1110 utpote
3343 1039 3396 1093 in
3431 1037 3620 1093 foedis-

2040 1132 2180 1186 simo
2212 1132 2436 1186 scelere.
2473 1130 2761 1186 signiﬁcat.

363 1127 784 1201 βδελυσσομένου
818 1132 951 1204 πρὸς
967 1132 1056 1185 τὸν
1092 1133 1379 1204 βδελυκτὸν
1415 1127 1731 1206 παρίστησι.

431 1222 629 1289 Κύριε,
649 1223 1034 1293 όδήγησόνμε
1049 1223 1202 1293 ἐντῇ
1222 1225 1577 1296 δικαιοσύνῃ
1598 1241 1713 1281 σου
1728 1244 1741 1257 ·
1761 1227 1939 1282 ἕνεκα

359 1311 480 1365 τῶν
531 1314 756 1382 ἐχθρῶν
793 1334 912 1384 μου
966 1318 1336 1371 κατεύθυνον
1377 1318 1635 1373 ἐνώπιόν
1676 1336 1792 1374 σου
1825 1319 1940 1389 τὴν

360 1403 506 1457 ὀδόν
526 1422 666 1472 μου.
700 1407 933 1477 Χριστὸς
951 1407 1008 1460 δὲ
1035 1411 1068 1478 ή
1103 1407 1417 1479 δικαιοσύνη
1439 1425 1451 1438 ο
1492 1409 1657 1474 αὐτὸς
1684 1410 1791 1481 γὰρ
1819 1411 1938 1479 ἐγε-

359 1497 493 1568 νήθη
525 1498 686 1567 σοφία
717 1501 847 1571 ἡμῖν
899 1501 1008 1555 ἀπὸ
1047 1500 1204 1567 Θεοῦ,
1235 1501 1548 1575 δικαιοσύνη
1575 1521 1633 1556 τε
1659 1505 1754 1557 καὶ
1779 1505 1936 1572 ἁγια-

359 1588 492 1659 σμὸς
514 1593 607 1644 καὶ
632 1593 1029 1666 ἀπολύτρωσις.

424 1679 554 1736 Ὀτι
588 1687 698 1739 οὐκ
742 1686 913 1741 ἐστιν
948 1687 1018 1740 ἐν
1057 1687 1137 1753 τῷ
1165 1689 1416 1758 στόματι
1443 1688 1642 1744 αὐτῶν
1663 1689 1932 1756 ἀλήθεια,

351 1773 391 1841 ἡ
422 1775 638 1842 καρδία
693 1777 894 1833 αὐτῶν
932 1781 1172 1851 ματαία.
1207 1781 1423 1836 Ματαία
1463 1782 1519 1835 δὲ
1560 1783 1655 1838 καὶ
1693 1781 1801 1836 τῶν
1831 1782 1933 1849 ἔξω

351 1866 528 1935 σοφῶν
553 1870 586 1939 ή
622 1870 820 1941 καρδία
851 1875 981 1945 περὶ
1030 1867 1106 1927 ὧν
1141 1874 1388 1946 εἴρηται·
1415 1876 1630 1942 Κύριος
1659 1874 1936 1944 γινώσκει

349 1957 492 2023 τοὺς
530 1958 964 2031 διαλογισμοὺς
1001 1963 1119 2017 τῶν
1157 1963 1386 2033 σοφῶν,
1412 1965 1500 2018 ὅτι
1522 1965 1641 2019 εἰσὶ
1658 1965 1896 2035 μάταιοι
1919 1983 1931 1996 ·

347 2044 422 2104 ὧν
455 2054 482 2105 6
516 2052 723 2123 λάρυγξ
764 2054 996 2107 ἀπέπνει
1041 2054 1211 2126 νεκρὰ
1249 2054 1515 2125 δόγματα,
1547 2055 1640 2108 τὸν
1675 2054 1936 2118 ζωοποιὸν

350 2141 445 2195 τοῦ
469 2143 604 2196 Θεοῦ
632 2144 789 2212 λόγον
816 2145 889 2216 μὴ
916 2145 1291 2208 διδασκόντων,
1327 2146 1418 2199 τὸν
1450 2146 1506 2198 δὲ
1537 2146 1702 2216 ψευδῆ
1728 2147 1822 2199 καὶ
1845 2164 1935 2200 νε-

351 2235 482 2305 κρόν
503 2249 516 2262 ⁸
543 2233 764 2302 Κρῒνον
813 2235 1054 2301 αὐτοὺς.
1085 2239 1118 2289 ὀ
1145 2239 1310 2301 Θεὸς,
1339 2235 1467 2298 τοὺς
1489 2235 1935 2300 ἐπιϐουλεύοντάς

352 2342 456 2396 μου
475 2328 594 2389 ταῖς
623 2327 748 2396 περὶ
779 2327 878 2397 τῆς
900 2326 1260 2398 κληρονομίας
1289 2326 1500 2385 ἐλπίσιν
1519 2345 1532 2357 °
1569 2321 1714 2381 οῦτοι
1743 2327 1850 2400 γάρ
1873 2346 1932 2382 σε

350 2417 870 2489 παραπικραινοῦσι.
897 2418 1120 2486 Κρῖνον
1139 2436 1152 2450 ο
1209 2418 1304 2472 σοῦ
1328 2419 1437 2488 γὰρ
1467 2417 1670 2484 σώζειν.
1711 2420 1935 2476 σπουδὼ

347 2507 552 2573 ζοντος,
583 2510 908 2582 πολεμοῦσιν
950 2512 1413 2576 ἐπιϐουλεύοντες.
1461 2512 1718 2567 Βούλεται
1751 2513 1808 2568 δὲ
1837 2514 1932 2568 καὶ

347 2603 545 2668 αὐτοὺς
595 2604 842 2660 ἐντεῦθεν
904 2606 1005 2678 ήδη
1064 2607 1376 2676 κριθέντας
1425 2607 1792 2680 ὠφεληθῆναι,
1834 2607 1930 2662 τοῦ

346 2694 584 2767 πλήθους
603 2695 712 2750 τῶν
746 2696 1110 2770 ἀσεόημάτων
1135 2697 1241 2764 ἔξω
1268 2699 1684 2772 γεγενημένους.

415 2871 527 2927 Καὶ
550 2874 1063 2943 εὐφρανθήτωσαν
1090 2875 1315 2944 πάντες
1365 2879 1420 2932 οἱ
1453 2876 1798 2946 ἐλπίζοντες
1831 2877 1930 2934 ἐπὶ

344 2962 440 3028 σὲ,
475 2965 564 3030 εὶς
600 2964 788 3018 αἰῶνα
817 2965 1294 3036 ἀγαλλιάσονται
1317 2967 1416 3023 καί
1441 2967 1934 3036 κατασκηνώσεις

344 3054 416 3108 ἐν
442 3054 666 3121 αὐτοῖς.
699 3055 858 3110 Ἀλλά
883 3059 978 3110 καὶ
1004 3057 1098 3110 ἐπὶ
1117 3058 1215 3129 τῆς
1243 3057 1338 3111 τοῦ
1359 3058 1613 3130 Σωτῆρος
1640 3056 1930 3128 ἐπιδημίας

344 3146 737 3218 ηὐφράνθησαν
769 3148 816 3201 oi
842 3147 943 3219 τὴν
966 3148 1130 3203 αὑτοῦ
1158 3149 1638 3223 καραδοκήσαντες
1659 3151 1933 3225 ὲνανθρώ-

343 3257 510 3312 πησιν
531 3258 544 3270 ·
567 3241 690 3311 ἥτις
735 3244 852 3305 τοῖς
898 3246 1205 3316 προφήταις
1239 3245 1334 3299 καὶ
1363 3249 1476 3310 τοῖς
1500 3245 1679 3302 νοοῦσι
1703 3248 1772 3303 τὰ
1805 3247 1931 3302 τού-

341 3349 451 3385 των
477 3332 756 3403 ήλπίζετο.
815 3335 1159 3408 Έπεδήμησε
1188 3337 1298 3411 γὰρ
1329 3338 1358 3393 6
1394 3338 1525 3403 Θεὸς
1578 3341 1750 3409 Λόγος
1793 3340 1930 3414 σὰρξ

343 3424 600 3494 γεγονὼς,
628 3426 928 3498 προσλήψει
972 3428 1192 3500 σαρκὸς,
1213 3429 1301 3484 ἵνα
1336 3429 1590 3503 σκηνώσῃ
1621 3433 1679 3486 ὲν
1703 3434 1814 3497 τοῖς
1841 3448 1932 3485 πε-

344 3518 692 3572 πιστευκόσιν
718 3517 887 3589 αὐτῷ,
919 3519 1060 3572 κατὰ
1081 3519 1160 3583 τὸ,
1201 3521 1256 3574 '0
1291 3524 1483 3593 Λόγος
1507 3523 1664 3591 σὰρξ
1690 3524 1928 3594 ἐγένετο

341 3609 445 3669 καὶ
487 3609 841 3676 ἐσκήνωσεν
868 3612 938 3664 ἐν
957 3612 1103 3680 ἡμῖν
1132 3630 1145 3643 ο
1179 3614 1229 3667 οἳ
1253 3615 1347 3668 καὶ
1372 3617 1452 3678 είς
1476 3604 1651 3670 αἰῶνα
1670 3615 1930 3684 ἀγαλλιά-

346 3717 550 3768 σονται,
585 3702 820 3772 ὁρῶντες
847 3703 942 3756 τοῦ
969 3705 1342 3776 σαρκωθέντος
1367 3707 1538 3776 Λόγου
1579 3707 1692 3776 τὴν
1716 3707 1924 3775 δόξαν,

340 3793 424 3858 ὡς
469 3795 855 3863 Μονογενοῦς
911 3797 1073 3865 παρὰ
1128 3798 1380 3865 Πατρός,
1421 3801 1658 3871 πλήρης
1689 3800 1930 3869 χάριτος

341 3887 439 3939 καὶ
459 3887 748 3956 ἀληθείας
799 3885 850 3940 οἵ
879 3887 974 3940 καί
993 3903 1156 3957 φασιν
1181 3907 1194 3919 ο
1215 3891 1285 3943 El
1305 3889 1404 3944 καὶ
1420 3890 1765 3961 ἐγνώκαμεν
1777 3892 1928 3946 κατὰ

340 3977 546 4046 σάρκα
590 3979 872 4048 Χριστὸν,
930 3979 1092 4034 ἀλλὰ
1133 3980 1252 4034 νῦν
1281 3981 1483 4036 οὐκέτι
1531 3983 1926 4054 γινώσκομεν,

343 4070 558 4141 ἔχοντες
583 4070 817 4142 Θεωρίαν
848 4073 946 4144 τῆς
975 4071 1132 4144 δόξης
1146 4073 1334 4139 αὐτοῦ,
1367 4074 1488 4128 καθ’
1525 4076 1592 4147 ἣν
1617 4075 1930 4150 Μονογενὴς

339 4161 494 4234 παρὰ
527 4163 742 4235 Πατρός
770 4164 939 4217 ἐστιν.

411 4252 522 4306 Καὶ
553 4253 964 4322 καυχήσονται
987 4256 1058 4313 ἐν
1081 4257 1179 4310 σοὶ
1198 4259 1252 4311 οἱ
1273 4256 1623 4328 ἀγαπῶντες
1647 4259 1712 4315 τό
1741 4260 1928 4332 ὄνομά

338 4359 478 4407 σου,
501 4344 587 4397 ὅτι
602 4345 683 4398 σὺ
705 4345 1062 4414 εὐλογήσεις
1089 4347 1322 4404 δίκαιον
1343 4389 1356 4402 .
1389 4349 1572 4423 Οὔσης
1600 4351 1760 4421 λόγου
1781 4368 1920 4407 καυ-

322 4433 722 4504 χήσεως,περὶ
744 4429 812 4507 ἦς
836 4436 864 4488 6
888 4435 1099 4500 Παῦλός
1125 4455 1290 4510 φησιν
1312 4455 1326 4468 ·
1357 4439 1578 4507 Μηδεὶς
1600 4439 1922 4508 καυχάσθω

2040 1132 2180 1186 simo
2212 1132 2436 1192 scelere,
2473 1130 2761 1201 signiﬁcat.

2113 1223 2278 1279 Vens.
2355 1223 2410 1278 9.
2449 1223 2712 1286 Domine,
2765 1222 2933 1277 deduc
2962 1240 3042 1278 me
3095 1223 3150 1277 in
3207 1223 3413 1288 iustitia
3471 1232 3562 1276 tua
3598 1238 3618 1276 :

2035 1325 2244 1385 propter
2283 1317 2525 1370 inimicos
2557 1333 2696 1370 meos
2727 1316 2894 1386 dirige
2929 1317 2983 1369 in
3028 1324 3304 1386 conspectu
3351 1325 3439 1368 tuo
3480 1320 3617 1369 viam

2039 1395 2519 1484 meam.'Christus
2551 1425 2683 1463 sane
2709 1409 2920 1477 iustitia
2947 1419 3064 1473 est;
3107 1408 3224 1479 ipse
3254 1424 3488 1478 namque
3520 1425 3620 1462 no-

2038 1503 2121 1557 bis
2149 1518 2177 1555 a
2202 1501 2310 1557 Deo
2342 1503 2518 1556 factus
2546 1511 2631 1557 est
2663 1503 2950 1574 sapientia,
2980 1502 3191 1571 justitia
3228 1503 3377 1566 item,
3411 1503 3618 1556 sancti-

2039 1593 2218 1648 ticatio
2251 1603 2302 1648 et
2336 1595 2655 1663 redemptio.

2107 1685 2270 1740 Vens.
2335 1686 2422 1750 10,
2483 1687 2569 1742 11.
2635 1686 2896 1752 Quoniam
2961 1703 3064 1741 non
3121 1688 3278 1740 estin
3313 1703 3400 1741 ore
3435 1703 3618 1741 eorum

2039 1775 2248 1838 ve'itas,
2268 1791 2358 1828 cor
2387 1791 2568 1828 eorum
2603 1791 2790 1828 vanum
2812 1787 2912 1832 est.
2931 1773 3144 1828 Vanum
3175 1789 3392 1844 quoque
3421 1781 3506 1828 est
3526 1788 3620 1827 cor

2037 1867 2372 1921 exoticorum
2403 1867 2874 1937 philosophorum,
2901 1867 2969 1922 de
2987 1867 3187 1938 quibus
3221 1868 3421 1922 dicitur
3457 1885 3471 1920 :
3510 1865 3620 1919 Do-

2038 1959 2210 2012 minus
2262 1959 2404 2014 novit
2456 1960 2798 2029 cogitationes
2831 1961 3149 2028 sapientum,
3196 1961 3445 2031 quoniam
3474 1976 3620 2013 vanae

2038 2059 2160 2103 sunt
2188 2049 2235 2082 “
2261 2069 2275 2104 :
2317 2065 2550 2120 quorum
2581 2059 2766 2121 guttur
2795 2051 3077 2106 mortifera
3097 2052 3316 2107 exhalat
3343 2051 3617 2121 dogmata,

2037 2155 2160 2199 cum
2209 2155 2319 2194 non
2360 2141 2632 2196 viviﬁcum
2665 2141 2761 2197 Dei
2811 2143 3038 2198 verbum
3071 2141 3298 2206 doceat,
3332 2143 3424 2198 sed
3467 2159 3619 2197 men-

2035 2233 2191 2287 dacia
2219 2240 2272 2288 et
2305 2240 2521 2289 mortua
2549 2233 2792 2306 proferat
2822 2235 3009 2290 verba.
3048 2233 3245 2289 Judica
3279 2235 3423 2296 illos,
3455 2233 3612 2297 Deus,

2034 2325 2126 2395 qui
2181 2342 2314 2382 mea;
2342 2327 2410 2382 de
2451 2326 2636 2381 futura
2690 2326 3008 2384 haereditate
3070 2328 3184 2399 spei
3235 2328 3614 2383 insidiantur:

2035 2433 2161 2472 nam
2196 2419 2232 2473 ii
2264 2426 2315 2476 te
2341 2435 2552 2476 summe
2579 2420 2818 2476 irritant.
2845 2419 3069 2486 Judica,
3113 2429 3165 2477 te
3203 2437 3439 2491 namque
3471 2421 3619 2476 salu-

2035 2518 2142 2568 tem
2173 2521 2416 2570 nostram
2447 2523 2798 2586 procurante,
2826 2515 3148 2572 insidiosum
3173 2517 3247 2571 illi
3281 2517 3480 2570 bellum
3519 2534 3615 2586 pa.

2033 2615 2176 2660 rant.
2200 2604 2456 2676 Peroptat
2491 2607 2658 2662 etiam
2692 2606 2959 2663 Dominus
2997 2607 3144 2678 ipsos
3169 2607 3385 2672 veljam
3403 2607 3618 2676 judica-

2035 2707 2114 2752 tos
2145 2696 2272 2754 inde
2296 2688 2498 2768 juvari,
2520 2699 2567 2755 si
2593 2699 2810 2769 quidem
2842 2714 2871 2753 a
2899 2699 3247 2756 multitudine
3279 2701 3618 2771 impietatum

2034 2787 2353 2846 abscedant.

2104 2878 2272 2936 Vsus.
2308 2880 2406 2936 12.
2436 2879 2502 2935 Ει
2527 2882 2772 2936 lwtentur
2805 2897 2984 2936 omnes
3014 2883 3104 2953 qui
3138 2891 3351 2952 sperant
3373 2881 3427 2942 in
3463 2893 3530 2942 te,
3562 2883 3616 2935 in

2035 2981 2285 3027 cternum
2307 2973 2648 3027 exsultabant
2676 2981 2726 3028 et
2761 2972 3029 3027 habitabis
3063 2974 3120 3026 in
3141 2974 3237 3028 eis.
3263 2973 3328 3033 In
3348 2973 3465 3043 ipso
3492 2972 3614 3026 Sal-

2033 3062 2237 3117 vatoris
2265 3062 2501 3117 adventu
2532 3062 2699 3118 laetati
2730 3071 2860 3118 sunt
2891 3063 2928 3117 ii
2978 3063 3072 3134 qui
3112 3063 3236 3132 ejus
3283 3063 3616 3125 incarnatioe

2035 3167 2155 3206 nem
2189 3152 2581 3222 exspectabant
2615 3172 2628 3207 :
2657 3167 2779 3223 qua:
2808 3152 3029 3224 quidem
3084 3169 3212 3230 spes
3254 3153 3536 3224 prophetis
3561 3161 3617 3218 et

2038 3243 2107 3298 iis
2136 3244 2228 3314 qui
2260 3244 2412 3313 paria
2472 3244 2780 3300 sentiebant
2839 3236 3036 3300 inerat.
3087 3244 3323 3300 Advenit
3378 3261 3617 3316 namque

2034 3332 2178 3390 Deus
2206 3332 2446 3390 Verbum
2468 3350 2592 3390 cum
2619 3351 2751 3392 caro
2779 3335 2981 3391 factum
3007 3344 3113 3404 est,
3136 3344 3415 3408 assumpta
3449 3353 3616 3394 carne

2030 3433 2090 3481 ut
2109 3441 2234 3482 cum
2263 3425 2514 3484 ﬁdelibus
2539 3429 2654 3484 suis
2679 3428 2971 3494 habitaret,
2985 3428 3142 3502 juxta
3176 3429 3309 3484 illud
3335 3448 3348 3484 :
3389 3429 3614 3484 Verbum

2030 3535 2154 3572 caro
2180 3518 2379 3590 factum
2411 3529 2490 3575 est
2519 3531 2570 3575 et
2598 3521 2855 3576 habitavit
2902 3522 2957 3575 in
2988 3521 3136 3576 nobis
3171 3522 3237 3576 “.
3267 3521 3309 3576 Ii
3343 3529 3523 3583 autem
3558 3522 3614 3574 in

2029 3619 2292 3666 aeternum
2346 3613 2740 3677 exsultabunt,
2795 3613 3045 3667 videntes
3111 3613 3379 3667 incarnati
3449 3611 3614 3667 Verbi

2029 3703 2255 3774 gloriam
2297 3705 2452 3774 quasi
2491 3703 2756 3775 Unigeniti
2789 3721 2820 3759 a
2857 3703 3041 3769 Patre,
3096 3706 3306 3773 plenum
3349 3705 3537 3774 gratia:
3565 3713 3614 3757 et

2030 3797 2265 3849 veritatis
2296 3796 2362 3850 “.
2404 3795 2509 3861 Qui
2561 3795 2751 3850 dicunt
2796 3797 3007 3854 etiam:
3057 3795 3175 3850 Etsi
3225 3797 3613 3865 cognoverimus

2031 3882 2300 3939 Christum
2324 3883 2608 3938 secundum
2635 3900 2874 3948 carnem,
2903 3900 3027 3953 Jam
3057 3899 3159 3937 non
3191 3881 3336 3935 ultra
3377 3882 3613 3935 novimus

2029 3994 2149 4032 eum
2178 3977 2248 4042 Μ’,
2281 3978 2546 4032 habentes
2574 3977 3086 4048 contemplationem
3120 3975 3306 4046 gloriae
3343 3974 3484 4044 ejus,
3527 3989 3612 4030 se»

2030 4069 2269 4124 cundum
2295 4084 2456 4141 quam
2491 4077 2575 4125 est
2601 4068 2926 4141 Unigenitus
2950 4084 2980 4123 a
3007 4067 3190 4124 Patre.

2100 4242 2265 4306 Vsus.
2307 4245 2392 4300 15.
2427 4244 2496 4300 Et
2543 4245 2916 4318 gloriabuntur
2960 4249 3015 4301 in
3055 4255 3102 4302 te
3133 4247 3223 4319 qui
3260 4248 3486 4318 diligunt
3518 4265 3612 4302 no-.

2028 4353 2143 4391 men
2197 4347 2367 4402 tuum,
2399 4340 2647 4409 quoniam
2701 4347 2756 4392 tu
2799 4337 3065 4394 benedices
3096 4339 3269 4408 justo.
3299 4338 3435 4394 Cum
3496 4338 3608 4409 glas

2027 4428 2272 4482 riationis
2301 4429 2530 4484 verbum
2566 4430 2674 4496 sit,
2721 4430 2790 4485 de
2831 4445 2940 4500 quo
2978 4431 3185 4486 Paulus
3224 4430 3300 4484 ait
3339 4449 3354 4485 :
3412 4428 3606 4484 Nullus

338 4521 409 4575 ἐν
445 4522 796 4612 άνθρώξεοις,
839 4527 932 4580 καὶ
976 4527 1004 4580 6
1036 4529 1321 4601 προφήτης
1342 4547 1355 4560 ο
1404 4529 1500 4598 Μὴ
1538 4532 1861 4601 καυχάσθω
1887 4534 1920 4584 ὁ

2031 4517 2279 4600 glorietur
2307 4521 2361 4573 in
2382 4520 2681 4576 hominibus
2720 4521 2794 4589 ⁶⁸;
2825 4529 2879 4577 et
2906 4522 3169 4593 propheta
3194 4541 3207 4576 :
3251 4520 3333 4575 Ne
3354 4522 3605 4592 glorietur

339 4611 534 4679 σοφὸς
556 4597 734 4680 ’ἐν’τῇ
758 4614 944 4682 σοφίᾳ
971 4615 1177 4679 αὑτοῦ,
1207 4597 1306 4668 καὶ
1328 4615 1396 4670 τὰ
1420 4597 1548 4688 ἑξῆς
1567 4636 1580 4649 ·
1606 4597 1918 4692 οῦντοιαύτη

337 4704 596 4774 τυγχάνει
625 4703 776 4775 ήΙτοῦ
804 4704 1054 4774 λέγοντος
1074 4724 1086 4737 ·
1127 4709 1289 4777 Ἐμοὶ
1309 4709 1377 4770 δὲ
1401 4711 1481 4780 μὴ
1513 4711 1748 4782 γένοιτο
1780 4729 1922 4775 καυτ

338 4795 561 4865 χᾶσθαι
602 4798 653 4851 εὶ
698 4796 786 4866 μὴ
830 4799 901 4851 ἐν
932 4797 1014 4866 τῷ
1055 4801 1296 4870 σταυρῷ
1339 4802 1446 4857 τοῦ
1488 4804 1710 4872 Κυρίου
1752 4803 1924 4873 ἡμῶν

351 4888 557 4955 Ἰησοῦ
581 4889 871 4957 Χριστοῦ·
920 4892 1052 4955 καὶ,
1094 4893 1148 4944 Ὁ
1189 4893 1594 4965 καυχώμενος,
1623 4894 1694 4948 ἐν
1723 4895 1923 4965 Κυρίῳ

339 4979 682 5049 καυχάσθω.
717 4981 958 5036 Τοιοῦτοι
1010 4984 1139 5054 περὶ
1189 4977 1264 5038 ὧν
1291 4985 1320 5037 6
1350 4963 1528 5052 16.70;,
1555 4963 1921 5057 ἠγαπηκότων

335 5073 502 5134 αὑτοῦ
546 5073 608 5126 τὸ
659 5073 848 5143 ὄνομα.
898 5075 1222 5148 Προαιρέσει
1262 5075 1392 5146 γὰρ,
1417 5077 1476 5136 ού
1501 5076 1921 5150 φόϐῳ,τετιμη-

336 5165 495 5228 κότες
553 5164 883 5235 ὲκαυχῶντο.
915 5166 1094 5221 Αἴτιον
1117 5167 1173 5221 δὲ
1207 5167 1316 5236 τῆς
1341 5167 1696 5238 καυχήσεως
1721 5168 1781 5222 τὸ
1806 5169 1919 5223 τῶν

335 5257 672 5326 ἐπουρανίων
720 5258 1007 5327 τυγχάνειν
1056 5260 1314 5330 εὐλογιῶν
1340 5278 1354 5291 ·
1399 5262 1528 5332 περὶ
1575 5253 1649 5315 ὧν
1690 5279 1854 5334 φησιν
1891 5266 1920 5317 6

347 5350 668 5412 Ἀπόστολος
686 5367 700 5380 ’
719 5350 1064 5419 Εὐλογητὸς
1097 5355 1130 5407 ὁ
1157 5351 1302 5418 Θεὸς
1331 5356 1364 5407 ό
1393 5350 1738 5422 εὐλογήσας
1763 5353 1920 5424 ἡμᾶς

332 5439 403 5496 ἐν
428 5440 596 5509 πάσῃ
616 5441 862 5510 εὐλογία
887 5444 1258 5512 πνευματικῇ
1279 5446 1348 5498 ἐν
1372 5445 1497 5512 τοῖς
1515 5446 1914 5515 ἐπουρανίοις.

334 5534 447 5588 Καὶ
479 5532 631 5595 τέλος
672 5532 728 5586 δὲ
771 5534 992 5600 ἀγαθῶν
1032 5535 1132 5605 τῆς
1166 5534 1526 5610 ἐλπιζομένης
1552 5538 1916 5612 κληρονομίας

407 5711 639 5786 “_Psal.
679 5728 858 5786 scut,
885 5715 969 5768 ll.
1048 5715 1092 5786 ξ’
1118 5712 1281 5786 Joan.
1321 5732 1370 5778 ι,
1409 5716 1495 5772 Η.
1576 5719 1621 5752 ⁸⁸
1660 5719 1790 5775 ibid.
1871 5718 1916 5752 ⁸³

2031 5719 2156 5776 Cor.
2197 5738 2226 5775 χ
2255 5761 2268 5786 ,
2308 5722 2393 5776 16.

341 5782 412 5814 "‘
451 5782 628 5839 Galat.
665 5800 753 5850 vi,
800 5785 881 5840 ιι.
961 5786 1004 5817 ⁸⁸
1046 5785 1062 5839 l
1099 5785 1227 5840 Cor.
1268 5804 1320 5852 ι,
1356 5787 1444 5841 51.

2027 4611 2234 4688 sapiens
2271 4612 2326 4665 in
2377 4613 2640 4682 sapientia
2673 4629 2772 4666 sua
2803 4615 2846 4645 ⁸⁷
2867 4653 2882 4678 ,
2916 4624 2970 4668 et
3005 4614 3246 4684 reliqua;
3271 4629 3380 4674 non
3416 4613 3604 4682 bujus-

2027 4703 2173 4768 modi
2201 4719 2334 4760 sane
2356 4705 2529 4776 gloria
2574 4706 2695 4776 ejus
2742 4712 2847 4771 est,
2870 4705 2964 4776 qui
3003 4707 3083 4760 sic
3115 4705 3189 4759 ait
3227 4705 3401 4759 :Milu‘
3434 4716 3608 4761 autem

2027 4794 2166 4849 absit
2214 4796 2470 4867 gloriari,
2513 4798 2617 4850 nisi
2658 4798 2713 4850 in
2772 4813 2924 4850 cruce
2977 4795 3212 4858 Domini"
3248 4797 3415 4851 nostri
3477 4794 3608 4851 Jesu

2027 4885 2226 4943 Christi
2257 4890 2347 4956 '7';
2371 4896 2425 4944 et
2455 4908 2469 4944 :
2498 4889 2602 4955 Qui
2635 4890 2898 4961 gloriatur
2918 4891 2975 4944 in
3005 4889 3233 4945 Domino
3269 4889 3522 4962 glorietur
3539 4889 3604 4944 ⁸⁸.

2026 4980 2188 5037 Tales
2217 4983 2256 5038 ii
2286 4992 2413 5040 sunt
2452 4983 2519 5038 de
2546 4984 2747 5054 quibus
2763 4983 2875 5054 jam
2913 5000 3094 5048 sermo
3127 4991 3232 5048 est,
3259 4982 3352 5055 qui
3397 4984 3604 5040 'scilicet

2026 5075 2337 5130 dilexerunt
2372 5091 2570 5137 nomen
2623 5075 2790 5148 ejus.‘
2826 5076 3056 5148 PrOprio
3109 5077 3254 5132 enim
3308 5077 3604 5138 voluntatis

2023 5167 2260 5233 delectu,
2296 5186 2405 5224 non
2433 5179 2612 5225 autem
2649 5171 2866 5238 timore,
2905 5169 3072 5232 Deum
3127 5170 3368 5225 colentes
3403 5170 3602 5241 gloria-

2022 5259 2242 5314 bantur.
2279 5260 2450 5317 Porro
2478 5262 2812 5332 gloriationis
2835 5262 3152 5332 bujusmodi
3187 5277 3353 5318 causa
3379 5278 3410 5316 a
3437 5262 3595 5317 cmle-

2021 5355 2205 5422 stibus.
2236 5356 2709 5421 benedictionibus
2744 5372 2881 5427 quas
2915 5358 3264 5413 consecuturi
3307 5364 3436 5410 sunt
3465 5354 3596 5423 peti-

2020 5455 2144 5514 tur;
2177 5449 2244 5503 de
2271 5450 2472 5520 quibus
2501 5449 2575 5503 ait
2603 5450 2898 5521 Apostolus
2929 5470 2944 5504 ι
2980 5449 3295 5511 Benedictus
3323 5446 3600 5507 Dominus,

2019 5541 2107 5615 qui
2132 5541 2395 5605 benedixit
2428 5562 2521 5598 nos
2562 5547 2617 5600 in
2664 5545 2807 5598 omni
2858 5544 3212 5600 benedictione
3237 5539 3507 5611 spirituali
3548 5542 3597 5594 in

2474 5722 2518 5754 “°
2557 5721 2574 5776 1
2611 5723 2737 5778 Cor.
2777 5739 2867 5782 ιιι,
2904 5723 2994 5778 2|.
3094 5721 3136 5750 ⁸⁷
3163 5717 3362 5774 Ιοῐσεω.
3398 5731 3472 5780 rx,
3505 5715 3634 5790 (ἐΰς,
