  <div class='ocr_page' id='page_1' title='image "/cluster/home/n/w/nwhite01/storage/ocr_20150623/23/hvd.32044019207711/067.png"; bbox 0 0 4086 6522; ppageno 0'>
   <div class='ocr_carea' id='block_1_1' title="bbox 535 351 640 408">
    <p class='ocr_par' dir='ltr' id='par_1_1' title="bbox 535 351 640 408">
     <span class='ocr_line' id='line_1_1' title="bbox 535 351 640 408; baseline 0 0"><span class='ocrx_word' id='word_1_1' title='bbox 535 351 640 408; x_wconf 77' lang='lat'><strong>“9</strong></span> 
     </span>
    </p>
   </div>
   <div class='ocr_carea' id='block_1_2' title="bbox 1234 347 3090 406">
    <p class='ocr_par' dir='ltr' id='par_1_2' title="bbox 1234 347 3090 406">
     <span class='ocr_line' id='line_1_2' title="bbox 1234 347 3090 406; baseline 0 -2"><span class='ocrx_word' id='word_1_2' title='bbox 1234 349 1502 406; x_wconf 81' lang='lat' dir='ltr'><strong>EUSEBII</strong></span> <span class='ocrx_word' id='word_1_3' title='bbox 1538 349 2020 406; x_wconf 70' lang='lat' dir='ltr'><strong>CAESARIENSIS</strong></span> <span class='ocrx_word' id='word_1_4' title='bbox 2059 347 2208 405; x_wconf 85' lang='lat' dir='ltr'><strong>OPP.</strong></span> <span class='ocrx_word' id='word_1_5' title='bbox 2231 347 2411 404; x_wconf 76' lang='lat' dir='ltr'><strong>PARS</strong></span> <span class='ocrx_word' id='word_1_6' title='bbox 2449 349 2535 404; x_wconf 85' lang='lat' dir='ltr'><strong>Ill.</strong></span> <span class='ocrx_word' id='word_1_7' title='bbox 2577 379 2648 391; x_wconf 96' lang='lat'>—</span> <span class='ocrx_word' id='word_1_8' title='bbox 2683 347 3090 404; x_wconf 77' lang='lat' dir='ltr'><strong>EXEGETICA.</strong></span> 
     </span>
    </p>
   </div>
   <div class='ocr_carea' id='block_1_3' title="bbox 3687 351 3822 408">
    <p class='ocr_par' dir='ltr' id='par_1_3' title="bbox 3687 351 3822 408">
     <span class='ocr_line' id='line_1_3' title="bbox 3687 351 3822 408; baseline 0.015 -2"><span class='ocrx_word' id='word_1_9' title='bbox 3687 351 3822 408; x_wconf 64' lang='lat'><strong>1‘20</strong></span> 
     </span>
    </p>
   </div>
   <div class='ocr_carea' id='block_1_4' title="bbox 534 457 2096 534">
    <p class='ocr_par' dir='ltr' id='par_1_4' title="bbox 534 463 2096 534">
     <span class='ocr_line' id='line_1_4' title="bbox 534 463 2096 534; baseline -0.001 -16"><span class='ocrx_word' id='word_1_10' title='bbox 534 463 826 520; x_wconf 72' lang='lat' dir='ltr'><strong>cmlestibus</strong></span> <span class='ocrx_word' id='word_1_11' title='bbox 858 466 921 518; x_wconf 62' lang='lat'><strong>5°.</strong></span> <span class='ocrx_word' id='word_1_12' title='bbox 981 464 1132 519; x_wconf 85' lang='lat' dir='ltr'><strong>Finis</strong></span> <span class='ocrx_word' id='word_1_13' title='bbox 1194 474 1370 520; x_wconf 89' lang='lat' dir='ltr'><strong>autem</strong></span> <span class='ocrx_word' id='word_1_14' title='bbox 1419 465 1685 520; x_wconf 85' lang='lat' dir='ltr'><strong>bonorum</strong></span> <span class='ocrx_word' id='word_1_15' title='bbox 1738 463 1792 518; x_wconf 85' lang='lat' dir='ltr'><strong>in</strong></span> <span class='ocrx_word' id='word_1_16' title='bbox 1849 479 1913 518; x_wconf 86' lang='lat' dir='ltr'><strong>ea</strong></span> <span class='ocrx_word' id='word_1_17' title='bbox 1951 479 2096 534; x_wconf 86' lang='lat' dir='ltr'><strong>quan</strong></span> 
     </span>
    </p>
   </div>
   <div class='ocr_carea' id='block_1_5' title="bbox 2195 457 3822 534">
    <p class='ocr_par' dir='ltr' id='par_1_5' title="bbox 2220 457 3822 534">
     <span class='ocr_line' id='line_1_5' title="bbox 2220 457 3822 534; baseline 0.005 -18"><span class='ocrx_word' id='word_1_18' title='bbox 2220 465 2248 515; x_wconf 86' lang='grc' dir='ltr'><em>ὀ</em></span> <span class='ocrx_word' id='word_1_19' title='bbox 2277 464 2376 534; x_wconf 79' lang='grc' dir='ltr'><strong>τῆς</strong></span> <span class='ocrx_word' id='word_1_20' title='bbox 2423 463 2768 534; x_wconf 82' lang='grc' dir='ltr'><strong>δικαιοσύνης</strong></span> <span class='ocrx_word' id='word_1_21' title='bbox 2815 463 3096 532; x_wconf 76' lang='grc' dir='ltr'>στέφανος,</span> <span class='ocrx_word' id='word_1_22' title='bbox 3136 457 3198 519; x_wconf 75' lang='grc' dir='ltr'>οὗ</span> <span class='ocrx_word' id='word_1_23' title='bbox 3243 465 3522 530; x_wconf 79' lang='grc' dir='ltr'>τεύξονται</span> <span class='ocrx_word' id='word_1_24' title='bbox 3563 469 3611 522; x_wconf 79' lang='grc' dir='ltr'>οἱ</span> <span class='ocrx_word' id='word_1_25' title='bbox 3654 471 3822 524; x_wconf 77' lang='grc' dir='ltr'>κατὰ</span> 
     </span>
    </p>
   </div>
   <div class='ocr_carea' id='block_1_6' title="bbox 533 555 2106 625">
    <p class='ocr_par' dir='ltr' id='par_1_6' title="bbox 533 555 2106 625">
     <span class='ocr_line' id='line_1_6' title="bbox 533 555 2106 625; baseline -0.001 -15"><span class='ocrx_word' id='word_1_26' title='bbox 533 571 819 624; x_wconf 69' lang='lat' dir='ltr'><strong>speramus</strong></span> <span class='ocrx_word' id='word_1_27' title='bbox 871 555 1215 622; x_wconf 70' lang='lat' dir='ltr'><strong>haereditate,</strong></span> <span class='ocrx_word' id='word_1_28' title='bbox 1253 563 1338 610; x_wconf 82' lang='lat' dir='ltr'><strong>est</strong></span> <span class='ocrx_word' id='word_1_29' title='bbox 1382 571 1589 610; x_wconf 81' lang='lat' dir='ltr'><strong>corona</strong></span> <span class='ocrx_word' id='word_1_30' title='bbox 1645 555 1898 624; x_wconf 64' lang='lat' dir='ltr'><strong>iustitiae,</strong></span> <span class='ocrx_word' id='word_1_31' title='bbox 1946 571 2106 625; x_wconf 86' lang='lat' dir='ltr'><strong>quam</strong></span> 
     </span>
    </p>
   </div>
   <div class='ocr_carea' id='block_1_7' title="bbox 531 647 2107 717">
    <p class='ocr_par' dir='ltr' id='par_1_7' title="bbox 531 647 2107 717">
     <span class='ocr_line' id='line_1_7' title="bbox 531 647 2107 717; baseline 0.006 -20"><span class='ocrx_word' id='word_1_32' title='bbox 531 655 932 702; x_wconf 70' lang='lat' dir='ltr'><strong>consecuturus</strong></span> <span class='ocrx_word' id='word_1_33' title='bbox 957 656 1040 702; x_wconf 83' lang='lat' dir='ltr'><strong>est</strong></span> <span class='ocrx_word' id='word_1_34' title='bbox 1073 647 1322 717; x_wconf 83' lang='lat' dir='ltr'><strong>quisquis</strong></span> <span class='ocrx_word' id='word_1_35' title='bbox 1352 664 1474 703; x_wconf 87' lang='lat' dir='ltr'><strong>cum</strong></span> <span class='ocrx_word' id='word_1_36' title='bbox 1504 648 1675 704; x_wconf 87' lang='lat' dir='ltr'><strong>Paulo</strong></span> <span class='ocrx_word' id='word_1_37' title='bbox 1698 650 1881 704; x_wconf 84' lang='lat' dir='ltr'><strong>dicere</strong></span> <span class='ocrx_word' id='word_1_38' title='bbox 1913 651 2057 706; x_wconf 89' lang='lat' dir='ltr'><strong>valet</strong></span> <span class='ocrx_word' id='word_1_39' title='bbox 2094 669 2107 706; x_wconf 90' lang='lat'><strong>:</strong></span> 
     </span>
    </p>
   </div>
   <div class='ocr_carea' id='block_1_8' title="bbox 532 736 2112 810">
    <p class='ocr_par' dir='ltr' id='par_1_8' title="bbox 532 736 2112 810">
     <span class='ocr_line' id='line_1_8' title="bbox 532 736 2112 810; baseline 0.003 -20"><span class='ocrx_word' id='word_1_40' title='bbox 532 736 602 790; x_wconf 85' lang='lat' dir='ltr'><strong>In</strong></span> <span class='ocrx_word' id='word_1_41' title='bbox 629 739 830 809; x_wconf 84' lang='lat' dir='ltr'><strong>reliquo</strong></span> <span class='ocrx_word' id='word_1_42' title='bbox 863 739 1090 808; x_wconf 85' lang='lat' dir='ltr'><strong>reposita</strong></span> <span class='ocrx_word' id='word_1_43' title='bbox 1121 749 1198 792; x_wconf 85' lang='lat' dir='ltr'><strong>est</strong></span> <span class='ocrx_word' id='word_1_44' title='bbox 1233 740 1363 793; x_wconf 83' lang='lat' dir='ltr'><strong>mihi</strong></span> <span class='ocrx_word' id='word_1_45' title='bbox 1391 757 1588 794; x_wconf 84' lang='lat' dir='ltr'><strong>corona</strong></span> <span class='ocrx_word' id='word_1_46' title='bbox 1609 740 1838 810; x_wconf 78' lang='lat' dir='ltr'><strong>justitiaz</strong></span> <span class='ocrx_word' id='word_1_47' title='bbox 1864 741 1910 772; x_wconf 88' lang='lat'><strong>&quot;°</strong></span> <span class='ocrx_word' id='word_1_48' title='bbox 1952 758 1966 795; x_wconf 90' lang='lat'><strong>:</strong></span> <span class='ocrx_word' id='word_1_49' title='bbox 2003 755 2112 810; x_wconf 94' lang='lat' dir='ltr'><strong>quo</strong></span> 
     </span>
    </p>
   </div>
   <div class='ocr_carea' id='block_1_9' title="bbox 528 829 2113 904">
    <p class='ocr_par' dir='ltr' id='par_1_9' title="bbox 528 829 2113 904">
     <span class='ocr_line' id='line_1_9' title="bbox 528 829 2113 904; baseline 0.004 -23"><span class='ocrx_word' id='word_1_50' title='bbox 528 844 729 898; x_wconf 79' lang='lat' dir='ltr'><strong>genere</strong></span> <span class='ocrx_word' id='word_1_51' title='bbox 761 844 1036 886; x_wconf 88' lang='lat' dir='ltr'><strong>armorum</strong></span> <span class='ocrx_word' id='word_1_52' title='bbox 1059 830 1136 884; x_wconf 90' lang='lat' dir='ltr'><strong>uti</strong></span> <span class='ocrx_word' id='word_1_53' title='bbox 1162 829 1307 886; x_wconf 86' lang='lat' dir='ltr'><strong>Deus</strong></span> <span class='ocrx_word' id='word_1_54' title='bbox 1339 833 1532 898; x_wconf 90' lang='lat' dir='ltr'><strong>voluit,</strong></span> <span class='ocrx_word' id='word_1_55' title='bbox 1569 843 1626 888; x_wconf 92' lang='lat' dir='ltr'><strong>ut</strong></span> <span class='ocrx_word' id='word_1_56' title='bbox 1665 847 1844 889; x_wconf 89' lang='lat' dir='ltr'><strong>suosa</strong></span> <span class='ocrx_word' id='word_1_57' title='bbox 1871 833 2113 904; x_wconf 87' lang='lat' dir='ltr'><strong>quolibet</strong></span> 
     </span>
    </p>
   </div>
   <div class='ocr_carea' id='block_1_10' title="bbox 529 919 1716 980">
    <p class='ocr_par' dir='ltr' id='par_1_10' title="bbox 529 919 1716 980">
     <span class='ocr_line' id='line_1_10' title="bbox 529 919 1716 980; baseline 0.004 -7"><span class='ocrx_word' id='word_1_58' title='bbox 529 919 715 976; x_wconf 87' lang='lat' dir='ltr'><strong>hostili</strong></span> <span class='ocrx_word' id='word_1_59' title='bbox 753 921 1096 977; x_wconf 86' lang='lat' dir='ltr'><strong>inimicorum</strong></span> <span class='ocrx_word' id='word_1_60' title='bbox 1128 923 1352 980; x_wconf 88' lang='lat' dir='ltr'><strong>incursu</strong></span> <span class='ocrx_word' id='word_1_61' title='bbox 1381 923 1716 980; x_wconf 81' lang='lat' dir='ltr'><strong>defenderet.</strong></span> 
     </span>
    </p>
   </div>
   <div class='ocr_carea' id='block_1_11' title="bbox 1013 1031 1702 1092">
    <p class='ocr_par' dir='ltr' id='par_1_11' title="bbox 1013 1031 1702 1092">
     <span class='ocr_line' id='line_1_11' title="bbox 1013 1031 1702 1092; baseline 0.007 -6"><span class='ocrx_word' id='word_1_62' title='bbox 1013 1031 1341 1092; x_wconf 80' lang='lat' dir='ltr'><strong>PSALMUS</strong></span> <span class='ocrx_word' id='word_1_63' title='bbox 1375 1034 1585 1090; x_wconf 79' lang='lat' dir='ltr'><strong>DA‘IID</strong></span> <span class='ocrx_word' id='word_1_64' title='bbox 1619 1036 1702 1092; x_wconf 74' lang='lat' dir='ltr'><strong>Vi.</strong></span> 
     </span>
    </p>
   </div>
   <div class='ocr_carea' id='block_1_12' title="bbox 817 1143 1860 1219">
    <p class='ocr_par' dir='ltr' id='par_1_12' title="bbox 817 1143 1860 1219">
     <span class='ocr_line' id='line_1_12' title="bbox 817 1143 1860 1219; baseline 0.009 -22"><span class='ocrx_word' id='word_1_65' title='bbox 817 1144 868 1197; x_wconf 79' lang='lat' dir='ltr'><strong>l.</strong></span> <span class='ocrx_word' id='word_1_66' title='bbox 903 1143 970 1199; x_wconf 85' lang='lat' dir='ltr'><strong>In</strong></span> <span class='ocrx_word' id='word_1_67' title='bbox 994 1146 1153 1215; x_wconf 78' lang='lat' dir='ltr'><strong>ﬁnem</strong></span> <span class='ocrx_word' id='word_1_68' title='bbox 1183 1147 1238 1203; x_wconf 86' lang='lat' dir='ltr'><strong>in</strong></span> <span class='ocrx_word' id='word_1_69' title='bbox 1272 1148 1502 1219; x_wconf 79' lang='lat' dir='ltr'><strong>hymnis,</strong></span> <span class='ocrx_word' id='word_1_70' title='bbox 1533 1165 1629 1219; x_wconf 79' lang='lat' dir='ltr'><strong>pro</strong></span> <span class='ocrx_word' id='word_1_71' title='bbox 1656 1163 1860 1208; x_wconf 81' lang='lat' dir='ltr'><strong>octaua.</strong></span> 
     </span>
    </p>
   </div>
   <div class='ocr_carea' id='block_1_13' title="bbox 591 1279 2112 1350">
    <p class='ocr_par' dir='ltr' id='par_1_13' title="bbox 591 1279 2112 1350">
     <span class='ocr_line' id='line_1_13' title="bbox 591 1279 2112 1350; baseline 0.009 -14"><span class='ocrx_word' id='word_1_72' title='bbox 591 1279 798 1337; x_wconf 86' lang='lat' dir='ltr'><strong>Octava</strong></span> <span class='ocrx_word' id='word_1_73' title='bbox 831 1291 915 1339; x_wconf 91' lang='lat' dir='ltr'><strong>est</strong></span> <span class='ocrx_word' id='word_1_74' title='bbox 943 1285 1201 1342; x_wconf 89' lang='lat' dir='ltr'><strong>salutaris</strong></span> <span class='ocrx_word' id='word_1_75' title='bbox 1228 1291 1652 1346; x_wconf 89' lang='lat' dir='ltr'><strong>resurrectionis</strong></span> <span class='ocrx_word' id='word_1_76' title='bbox 1682 1291 1890 1350; x_wconf 81' lang='lat' dir='ltr'><strong>Christi</strong></span> <span class='ocrx_word' id='word_1_77' title='bbox 1924 1291 2112 1349; x_wconf 64' lang='lat' dir='ltr'><strong>Domi-</strong></span> 
     </span>
    </p>
   </div>
   <div class='ocr_carea' id='block_1_14' title="bbox 521 1372 2108 1456">
    <p class='ocr_par' dir='ltr' id='par_1_14' title="bbox 521 1372 2108 1456">
     <span class='ocr_line' id='line_1_14' title="bbox 521 1372 2108 1456; baseline 0.008 -29"><span class='ocrx_word' id='word_1_78' title='bbox 521 1372 645 1428; x_wconf 79' lang='lat' dir='ltr'><strong>nica</strong></span> <span class='ocrx_word' id='word_1_79' title='bbox 675 1373 815 1440; x_wconf 88' lang='lat' dir='ltr'><strong>dies,</strong></span> <span class='ocrx_word' id='word_1_80' title='bbox 849 1375 905 1430; x_wconf 87' lang='lat' dir='ltr'><strong>in</strong></span> <span class='ocrx_word' id='word_1_81' title='bbox 935 1393 1042 1447; x_wconf 86' lang='lat' dir='ltr'><strong>qua</strong></span> <span class='ocrx_word' id='word_1_82' title='bbox 1074 1385 1426 1448; x_wconf 85' lang='lat' dir='ltr'><strong>peccatorum</strong></span> <span class='ocrx_word' id='word_1_83' title='bbox 1460 1383 1702 1438; x_wconf 91' lang='lat' dir='ltr'><strong>omnium</strong></span> <span class='ocrx_word' id='word_1_84' title='bbox 1735 1385 2108 1456; x_wconf 81' lang='lat' dir='ltr'><strong>purgationem</strong></span> 
     </span>
    </p>
   </div>
   <div class='ocr_carea' id='block_1_15' title="bbox 520 1466 2108 1548">
    <p class='ocr_par' dir='ltr' id='par_1_15' title="bbox 520 1466 2108 1548">
     <span class='ocr_line' id='line_1_15' title="bbox 520 1466 2108 1548; baseline 0.01 -29"><span class='ocrx_word' id='word_1_85' title='bbox 520 1480 644 1521; x_wconf 90' lang='lat' dir='ltr'><strong>esse</strong></span> <span class='ocrx_word' id='word_1_86' title='bbox 676 1466 985 1537; x_wconf 88' lang='lat' dir='ltr'><strong>credimus;</strong></span> <span class='ocrx_word' id='word_1_87' title='bbox 1013 1469 1068 1525; x_wconf 90' lang='lat' dir='ltr'><strong>in</strong></span> <span class='ocrx_word' id='word_1_88' title='bbox 1101 1487 1209 1544; x_wconf 92' lang='lat' dir='ltr'><strong>qua</strong></span> <span class='ocrx_word' id='word_1_89' title='bbox 1232 1473 1533 1544; x_wconf 88' lang='lat' dir='ltr'><strong>symbolice</strong></span> <span class='ocrx_word' id='word_1_90' title='bbox 1563 1477 1784 1548; x_wconf 89' lang='lat' dir='ltr'><strong>quidem</strong></span> <span class='ocrx_word' id='word_1_91' title='bbox 1820 1481 2108 1536; x_wconf 82' lang='lat' dir='ltr'><strong>circumci-</strong></span> 
     </span>
    </p>
   </div>
   <div class='ocr_carea' id='block_1_16' title="bbox 521 1554 2106 1638">
    <p class='ocr_par' dir='ltr' id='par_1_16' title="bbox 521 1554 2106 1638">
     <span class='ocr_line' id='line_1_16' title="bbox 521 1554 2106 1638; baseline 0.008 -28"><span class='ocrx_word' id='word_1_92' title='bbox 521 1554 790 1612; x_wconf 74' lang='lat' dir='ltr'><strong>debentur</strong></span> <span class='ocrx_word' id='word_1_93' title='bbox 808 1573 998 1614; x_wconf 91' lang='lat' dir='ltr'><strong>omnes</strong></span> <span class='ocrx_word' id='word_1_94' title='bbox 1031 1559 1290 1627; x_wconf 78' lang='lat' dir='ltr'><strong>infantes,</strong></span> <span class='ocrx_word' id='word_1_95' title='bbox 1327 1562 1426 1618; x_wconf 91' lang='lat' dir='ltr'><strong>sed</strong></span> <span class='ocrx_word' id='word_1_96' title='bbox 1457 1579 1646 1620; x_wconf 86' lang='lat' dir='ltr'><strong>revera</strong></span> <span class='ocrx_word' id='word_1_97' title='bbox 1679 1581 1776 1634; x_wconf 88' lang='lat' dir='ltr'><strong>per</strong></span> <span class='ocrx_word' id='word_1_98' title='bbox 1813 1582 2106 1638; x_wconf 82' lang='lat' dir='ltr'><strong>regenera-</strong></span> 
     </span>
    </p>
   </div>
   <div class='ocr_carea' id='block_1_17' title="bbox 519 1647 2104 1729">
    <p class='ocr_par' dir='ltr' id='par_1_17' title="bbox 519 1647 2104 1729">
     <span class='ocr_line' id='line_1_17' title="bbox 519 1647 2104 1729; baseline 0.008 -29"><span class='ocrx_word' id='word_1_99' title='bbox 519 1647 724 1704; x_wconf 89' lang='lat' dir='ltr'><strong>tionem</strong></span> <span class='ocrx_word' id='word_1_100' title='bbox 777 1657 1046 1721; x_wconf 84' lang='lat' dir='ltr'><strong>purgatur</strong></span> <span class='ocrx_word' id='word_1_101' title='bbox 1101 1652 1284 1707; x_wconf 89' lang='lat' dir='ltr'><strong>anima</strong></span> <span class='ocrx_word' id='word_1_102' title='bbox 1341 1656 1600 1726; x_wconf 67' lang='lat' dir='ltr'><strong>quaelibet</strong></span> <span class='ocrx_word' id='word_1_103' title='bbox 1653 1657 1708 1710; x_wconf 90' lang='lat' dir='ltr'><strong>in</strong></span> <span class='ocrx_word' id='word_1_104' title='bbox 1757 1656 1865 1712; x_wconf 89' lang='lat' dir='ltr'><strong>Deo</strong></span> <span class='ocrx_word' id='word_1_105' title='bbox 1901 1659 2104 1729; x_wconf 76' lang='lat' dir='ltr'><strong>genita.</strong></span> 
     </span>
    </p>
   </div>
   <div class='ocr_carea' id='block_1_18' title="bbox 517 1740 2108 1820">
    <p class='ocr_par' dir='ltr' id='par_1_18' title="bbox 517 1740 2108 1820">
     <span class='ocr_line' id='line_1_18' title="bbox 517 1740 2108 1820; baseline 0.004 -23"><span class='ocrx_word' id='word_1_106' title='bbox 517 1740 706 1812; x_wconf 85' lang='lat' dir='ltr'><strong>Usque</strong></span> <span class='ocrx_word' id='word_1_107' title='bbox 732 1743 866 1798; x_wconf 89' lang='lat' dir='ltr'><strong>adeo</strong></span> <span class='ocrx_word' id='word_1_108' title='bbox 910 1752 1093 1800; x_wconf 89' lang='lat' dir='ltr'><strong>autem</strong></span> <span class='ocrx_word' id='word_1_109' title='bbox 1143 1747 1496 1815; x_wconf 65' lang='lat' dir='ltr'><strong>praestantior</strong></span> <span class='ocrx_word' id='word_1_110' title='bbox 1528 1756 1612 1804; x_wconf 89' lang='lat' dir='ltr'><strong>est</strong></span> <span class='ocrx_word' id='word_1_111' title='bbox 1641 1749 1730 1804; x_wconf 89' lang='lat' dir='ltr'><strong>die</strong></span> <span class='ocrx_word' id='word_1_112' title='bbox 1761 1751 2011 1820; x_wconf 87' lang='lat' dir='ltr'><strong>septima,</strong></span> <span class='ocrx_word' id='word_1_113' title='bbox 2047 1755 2108 1804; x_wconf 88' lang='lat' dir='ltr'><strong>ut</strong></span> 
     </span>
    </p>
   </div>
   <div class='ocr_carea' id='block_1_19' title="bbox 517 1833 2105 1904">
    <p class='ocr_par' dir='ltr' id='par_1_19' title="bbox 517 1833 2105 1904">
     <span class='ocr_line' id='line_1_19' title="bbox 517 1833 2105 1904; baseline 0.006 -17"><span class='ocrx_word' id='word_1_114' title='bbox 517 1833 574 1888; x_wconf 91' lang='lat' dir='ltr'><strong>in</strong></span> <span class='ocrx_word' id='word_1_115' title='bbox 620 1850 683 1891; x_wconf 87' lang='lat' dir='ltr'><strong>ea</strong></span> <span class='ocrx_word' id='word_1_116' title='bbox 733 1837 980 1892; x_wconf 84' lang='lat' dir='ltr'><strong>solvatur</strong></span> <span class='ocrx_word' id='word_1_117' title='bbox 1005 1837 1086 1896; x_wconf 76' lang='lat' dir='ltr'><strong>lex</strong></span> <span class='ocrx_word' id='word_1_118' title='bbox 1128 1837 1376 1904; x_wconf 87' lang='lat' dir='ltr'><strong>Sabbati,</strong></span> <span class='ocrx_word' id='word_1_119' title='bbox 1413 1839 1460 1895; x_wconf 90' lang='lat' dir='ltr'><strong>si</strong></span> <span class='ocrx_word' id='word_1_120' title='bbox 1490 1855 1615 1894; x_wconf 92' lang='lat' dir='ltr'><strong>cum</strong></span> <span class='ocrx_word' id='word_1_121' title='bbox 1656 1848 1850 1895; x_wconf 87' lang='lat' dir='ltr'><strong>octava</strong></span> <span class='ocrx_word' id='word_1_122' title='bbox 1874 1839 2105 1896; x_wconf 78' lang='lat' dir='ltr'><strong>infantis</strong></span> 
     </span>
    </p>
   </div>
   <div class='ocr_carea' id='block_1_20' title="bbox 515 1925 2106 2004">
    <p class='ocr_par' dir='ltr' id='par_1_20' title="bbox 515 1925 2106 2004">
     <span class='ocr_line' id='line_1_20' title="bbox 515 1925 2106 2004; baseline 0.006 -24"><span class='ocrx_word' id='word_1_123' title='bbox 515 1925 604 1982; x_wconf 90' lang='lat' dir='ltr'><strong>die</strong></span> <span class='ocrx_word' id='word_1_124' title='bbox 632 1927 838 1984; x_wconf 86' lang='lat' dir='ltr'><strong>incidat</strong></span> <span class='ocrx_word' id='word_1_125' title='bbox 867 1929 1092 1986; x_wconf 88' lang='lat' dir='ltr'><strong>Sabbati</strong></span> <span class='ocrx_word' id='word_1_126' title='bbox 1125 1930 1244 1990; x_wconf 86' lang='lat' dir='ltr'><strong>dies</strong></span> <span class='ocrx_word' id='word_1_127' title='bbox 1276 1950 1289 1986; x_wconf 90' lang='lat'><strong>:</strong></span> <span class='ocrx_word' id='word_1_128' title='bbox 1328 1932 1492 1988; x_wconf 86' lang='lat' dir='ltr'><strong>homo</strong></span> <span class='ocrx_word' id='word_1_129' title='bbox 1521 1932 1722 2004; x_wconf 89' lang='lat' dir='ltr'><strong>quippe</strong></span> <span class='ocrx_word' id='word_1_130' title='bbox 1757 1933 1844 1988; x_wconf 89' lang='lat' dir='ltr'><strong>vel</strong></span> <span class='ocrx_word' id='word_1_131' title='bbox 1875 1936 1930 1988; x_wconf 87' lang='lat' dir='ltr'><strong>in</strong></span> <span class='ocrx_word' id='word_1_132' title='bbox 1965 1930 2106 1989; x_wconf 88' lang='lat' dir='ltr'><strong>Sab-</strong></span> 
     </span>
    </p>
   </div>
   <div class='ocr_carea' id='block_1_21' title="bbox 515 2021 1110 2079">
    <p class='ocr_par' dir='ltr' id='par_1_21' title="bbox 515 2021 1110 2079">
     <span class='ocr_line' id='line_1_21' title="bbox 515 2021 1110 2079; baseline 0.002 -2"><span class='ocrx_word' id='word_1_133' title='bbox 515 2021 642 2078; x_wconf 76' lang='lat' dir='ltr'><strong>hato</strong></span> <span class='ocrx_word' id='word_1_134' title='bbox 680 2023 1110 2079; x_wconf 87' lang='lat' dir='ltr'><strong>circumciditur.</strong></span> 
     </span>
    </p>
   </div>
   <div class='ocr_carea' id='block_1_22' title="bbox 590 2109 2102 2186">
    <p class='ocr_par' dir='ltr' id='par_1_22' title="bbox 590 2109 2102 2186">
     <span class='ocr_line' id='line_1_22' title="bbox 590 2109 2102 2186; baseline 0.005 -22"><span class='ocrx_word' id='word_1_135' title='bbox 590 2109 752 2186; x_wconf 75' lang='lat' dir='ltr'><strong>Vsus.</strong></span> <span class='ocrx_word' id='word_1_136' title='bbox 820 2113 940 2168; x_wconf 70' lang='lat'><strong>2-4.</strong></span> <span class='ocrx_word' id='word_1_137' title='bbox 1004 2113 1244 2177; x_wconf 84' lang='lat' dir='ltr'><strong>Domine,</strong></span> <span class='ocrx_word' id='word_1_138' title='bbox 1322 2129 1384 2166; x_wconf 85' lang='lat' dir='ltr'><strong>ne</strong></span> <span class='ocrx_word' id='word_1_139' title='bbox 1440 2114 1498 2166; x_wconf 88' lang='lat' dir='ltr'><strong>in</strong></span> <span class='ocrx_word' id='word_1_140' title='bbox 1532 2112 1710 2182; x_wconf 79' lang='lat' dir='ltr'><strong>furore</strong></span> <span class='ocrx_word' id='word_1_141' title='bbox 1765 2123 1855 2168; x_wconf 90' lang='lat' dir='ltr'><strong>tuo</strong></span> <span class='ocrx_word' id='word_1_142' title='bbox 1907 2131 2102 2186; x_wconf 78' lang='lat' dir='ltr'><strong>arguas</strong></span> 
     </span>
    </p>
   </div>
   <div class='ocr_carea' id='block_1_23' title="bbox 513 2201 2100 2274">
    <p class='ocr_par' dir='ltr' id='par_1_23' title="bbox 513 2201 2100 2274">
     <span class='ocr_line' id='line_1_23' title="bbox 513 2201 2100 2274; baseline 0.006 -21"><span class='ocrx_word' id='word_1_143' title='bbox 513 2215 616 2264; x_wconf 69' lang='lat' dir='ltr'><strong>me,</strong></span> <span class='ocrx_word' id='word_1_144' title='bbox 639 2218 797 2272; x_wconf 86' lang='lat' dir='ltr'><strong>neque</strong></span> <span class='ocrx_word' id='word_1_145' title='bbox 819 2201 873 2256; x_wconf 89' lang='lat' dir='ltr'><strong>in</strong></span> <span class='ocrx_word' id='word_1_146' title='bbox 903 2203 988 2256; x_wconf 87' lang='lat' dir='ltr'><strong>ira</strong></span> <span class='ocrx_word' id='word_1_147' title='bbox 1018 2211 1109 2256; x_wconf 88' lang='lat' dir='ltr'><strong>tua</strong></span> <span class='ocrx_word' id='word_1_148' title='bbox 1131 2203 1390 2274; x_wconf 83' lang='lat' dir='ltr'><strong>corripias</strong></span> <span class='ocrx_word' id='word_1_149' title='bbox 1422 2220 1524 2258; x_wconf 92' lang='lat' dir='ltr'><strong>me.</strong></span> <span class='ocrx_word' id='word_1_150' title='bbox 1559 2203 1812 2259; x_wconf 81' lang='lat' dir='ltr'><strong>Miserere</strong></span> <span class='ocrx_word' id='word_1_151' title='bbox 1836 2206 1957 2273; x_wconf 90' lang='lat' dir='ltr'><strong>mei,</strong></span> <span class='ocrx_word' id='word_1_152' title='bbox 1985 2207 2100 2262; x_wconf 86' lang='lat' dir='ltr'><strong>Do-</strong></span> 
     </span>
    </p>
   </div>
   <div class='ocr_carea' id='block_1_24' title="bbox 513 2295 2098 2368">
    <p class='ocr_par' dir='ltr' id='par_1_24' title="bbox 513 2295 2098 2368">
     <span class='ocr_line' id='line_1_24' title="bbox 513 2295 2098 2368; baseline 0.004 -21"><span class='ocrx_word' id='word_1_153' title='bbox 513 2295 673 2360; x_wconf 87' lang='lat' dir='ltr'><strong>mine,</strong></span> <span class='ocrx_word' id='word_1_154' title='bbox 731 2298 981 2365; x_wconf 87' lang='lat' dir='ltr'><strong>quoniam</strong></span> <span class='ocrx_word' id='word_1_155' title='bbox 1019 2298 1262 2367; x_wconf 83' lang='lat' dir='ltr'><strong>inﬁrmus</strong></span> <span class='ocrx_word' id='word_1_156' title='bbox 1321 2313 1440 2352; x_wconf 87' lang='lat' dir='ltr'><strong>sum</strong></span> <span class='ocrx_word' id='word_1_157' title='bbox 1457 2314 1477 2365; x_wconf 84' lang='lat'><strong><em>;</em></strong></span> <span class='ocrx_word' id='word_1_158' title='bbox 1537 2313 1672 2352; x_wconf 90' lang='lat' dir='ltr'><strong>sana</strong></span> <span class='ocrx_word' id='word_1_159' title='bbox 1728 2315 1828 2364; x_wconf 89' lang='lat' dir='ltr'><strong>me,</strong></span> <span class='ocrx_word' id='word_1_160' title='bbox 1856 2297 2098 2368; x_wconf 87' lang='lat' dir='ltr'><strong>Domine,</strong></span> 
     </span>
    </p>
   </div>
   <div class='ocr_carea' id='block_1_25' title="bbox 511 2388 2101 2457">
    <p class='ocr_par' dir='ltr' id='par_1_25' title="bbox 511 2388 2101 2457">
     <span class='ocr_line' id='line_1_25' title="bbox 511 2388 2101 2457; baseline 0.006 -17"><span class='ocrx_word' id='word_1_161' title='bbox 511 2388 761 2457; x_wconf 86' lang='lat' dir='ltr'><strong>quoniam</strong></span> <span class='ocrx_word' id='word_1_162' title='bbox 790 2389 1109 2444; x_wconf 83' lang='lat' dir='ltr'><strong>conturbata</strong></span> <span class='ocrx_word' id='word_1_163' title='bbox 1143 2397 1267 2444; x_wconf 88' lang='lat' dir='ltr'><strong>sunt</strong></span> <span class='ocrx_word' id='word_1_164' title='bbox 1301 2406 1423 2444; x_wconf 85' lang='lat' dir='ltr'><strong>ossa</strong></span> <span class='ocrx_word' id='word_1_165' title='bbox 1470 2406 1607 2445; x_wconf 86' lang='lat' dir='ltr'><strong>mea.</strong></span> <span class='ocrx_word' id='word_1_166' title='bbox 1637 2389 1773 2444; x_wconf 81' lang='lat' dir='ltr'><strong>Nam</strong></span> <span class='ocrx_word' id='word_1_167' title='bbox 1817 2405 1978 2448; x_wconf 89' lang='lat' dir='ltr'><strong>omne</strong></span> <span class='ocrx_word' id='word_1_168' title='bbox 2005 2392 2101 2450; x_wconf 86' lang='lat' dir='ltr'><strong>de-</strong></span> 
     </span>
    </p>
   </div>
   <div class='ocr_carea' id='block_1_26' title="bbox 511 2481 2099 2556">
    <p class='ocr_par' dir='ltr' id='par_1_26' title="bbox 511 2481 2099 2556">
     <span class='ocr_line' id='line_1_26' title="bbox 511 2481 2099 2556; baseline 0.005 -21"><span class='ocrx_word' id='word_1_169' title='bbox 511 2481 701 2537; x_wconf 89' lang='lat' dir='ltr'><strong>lictum</strong></span> <span class='ocrx_word' id='word_1_170' title='bbox 731 2499 796 2539; x_wconf 77' lang='lat' dir='ltr'><strong>ex</strong></span> <span class='ocrx_word' id='word_1_171' title='bbox 830 2483 1149 2538; x_wconf 85' lang='lat' dir='ltr'><strong>infirmitate</strong></span> <span class='ocrx_word' id='word_1_172' title='bbox 1179 2483 1378 2549; x_wconf 89' lang='lat' dir='ltr'><strong>oritur,</strong></span> <span class='ocrx_word' id='word_1_173' title='bbox 1415 2483 1544 2554; x_wconf 87' lang='lat' dir='ltr'><strong>quia</strong></span> <span class='ocrx_word' id='word_1_174' title='bbox 1568 2484 1752 2538; x_wconf 89' lang='lat' dir='ltr'><strong>anima</strong></span> <span class='ocrx_word' id='word_1_175' title='bbox 1796 2483 1862 2538; x_wconf 90' lang='lat' dir='ltr'><strong>ad</strong></span> <span class='ocrx_word' id='word_1_176' title='bbox 1901 2501 2099 2556; x_wconf 81' lang='lat' dir='ltr'><strong>pravos</strong></span> 
     </span>
    </p>
   </div>
   <div class='ocr_carea' id='block_1_27' title="bbox 513 2573 2100 2645">
    <p class='ocr_par' dir='ltr' id='par_1_27' title="bbox 513 2573 2100 2645">
     <span class='ocr_line' id='line_1_27' title="bbox 513 2573 2100 2645; baseline 0.003 -17"><span class='ocrx_word' id='word_1_177' title='bbox 513 2588 728 2644; x_wconf 87' lang='lat' dir='ltr'><strong>semper</strong></span> <span class='ocrx_word' id='word_1_178' title='bbox 749 2573 975 2632; x_wconf 74' lang='lat' dir='ltr'><strong>allectus</strong></span> <span class='ocrx_word' id='word_1_179' title='bbox 997 2575 1294 2632; x_wconf 87' lang='lat' dir='ltr'><strong>inclinatur</strong></span> <span class='ocrx_word' id='word_1_180' title='bbox 1325 2593 1338 2628; x_wconf 91' lang='lat'><strong>:</strong></span> <span class='ocrx_word' id='word_1_181' title='bbox 1373 2583 1708 2645; x_wconf 80' lang='lat' dir='ltr'><strong>quapropter</strong></span> <span class='ocrx_word' id='word_1_182' title='bbox 1744 2575 1810 2629; x_wconf 87' lang='lat' dir='ltr'><strong>ad</strong></span> <span class='ocrx_word' id='word_1_183' title='bbox 1845 2573 2100 2632; x_wconf 88' lang='lat' dir='ltr'><strong>Servato-</strong></span> 
     </span>
    </p>
   </div>
   <div class='ocr_carea' id='block_1_28' title="bbox 511 2664 2097 2738">
    <p class='ocr_par' dir='ltr' id='par_1_28' title="bbox 511 2664 2097 2738">
     <span class='ocr_line' id='line_1_28' title="bbox 511 2664 2097 2738; baseline 0.004 -23"><span class='ocrx_word' id='word_1_184' title='bbox 511 2679 624 2716; x_wconf 90' lang='lat' dir='ltr'><strong>rem</strong></span> <span class='ocrx_word' id='word_1_185' title='bbox 649 2671 702 2718; x_wconf 91' lang='lat' dir='ltr'><strong>et</strong></span> <span class='ocrx_word' id='word_1_186' title='bbox 725 2665 1017 2734; x_wconf 89' lang='lat' dir='ltr'><strong>medicum,</strong></span> <span class='ocrx_word' id='word_1_187' title='bbox 1053 2665 1146 2722; x_wconf 86' lang='lat' dir='ltr'><strong>Dei</strong></span> <span class='ocrx_word' id='word_1_188' title='bbox 1179 2667 1386 2722; x_wconf 89' lang='lat' dir='ltr'><strong>scilicet</strong></span> <span class='ocrx_word' id='word_1_189' title='bbox 1421 2664 1642 2734; x_wconf 87' lang='lat' dir='ltr'><strong>Filium,</strong></span> <span class='ocrx_word' id='word_1_190' title='bbox 1675 2667 1938 2738; x_wconf 82' lang='lat' dir='ltr'><strong>confugit.</strong></span> <span class='ocrx_word' id='word_1_191' title='bbox 1963 2667 2097 2722; x_wconf 86' lang='lat' dir='ltr'><strong>Nam</strong></span> 
     </span>
    </p>
   </div>
   <div class='ocr_carea' id='block_1_29' title="bbox 508 2756 2094 2830">
    <p class='ocr_par' dir='ltr' id='par_1_29' title="bbox 508 2756 2094 2830">
     <span class='ocr_line' id='line_1_29' title="bbox 508 2756 2094 2830; baseline 0.004 -22"><span class='ocrx_word' id='word_1_192' title='bbox 508 2769 634 2808; x_wconf 91' lang='lat' dir='ltr'><strong>cum</strong></span> <span class='ocrx_word' id='word_1_193' title='bbox 679 2756 732 2809; x_wconf 93' lang='lat' dir='ltr'><strong>in</strong></span> <span class='ocrx_word' id='word_1_194' title='bbox 767 2758 1006 2812; x_wconf 89' lang='lat' dir='ltr'><strong>animam</strong></span> <span class='ocrx_word' id='word_1_195' title='bbox 1057 2758 1436 2814; x_wconf 84' lang='lat' dir='ltr'><strong>rationabilem</strong></span> <span class='ocrx_word' id='word_1_196' title='bbox 1486 2759 1724 2824; x_wconf 85' lang='lat' dir='ltr'><strong>advenit,</strong></span> <span class='ocrx_word' id='word_1_197' title='bbox 1758 2767 1943 2830; x_wconf 89' lang='lat' dir='ltr'><strong>utpote</strong></span> <span class='ocrx_word' id='word_1_198' title='bbox 1975 2776 2094 2815; x_wconf 87' lang='lat' dir='ltr'><strong>ver-</strong></span> 
     </span>
    </p>
   </div>
   <div class='ocr_carea' id='block_1_30' title="bbox 507 2845 2098 2919">
    <p class='ocr_par' dir='ltr' id='par_1_30' title="bbox 507 2845 2098 2919">
     <span class='ocr_line' id='line_1_30' title="bbox 507 2845 2098 2919; baseline 0.004 -19"><span class='ocrx_word' id='word_1_199' title='bbox 507 2845 634 2900; x_wconf 84' lang='lat' dir='ltr'><strong>bum</strong></span> <span class='ocrx_word' id='word_1_200' title='bbox 687 2855 740 2902; x_wconf 90' lang='lat' dir='ltr'><strong>et</strong></span> <span class='ocrx_word' id='word_1_201' title='bbox 772 2849 913 2904; x_wconf 88' lang='lat' dir='ltr'><strong>ratio</strong></span> <span class='ocrx_word' id='word_1_202' title='bbox 941 2849 1060 2913; x_wconf 90' lang='lat' dir='ltr'><strong>Dei,</strong></span> <span class='ocrx_word' id='word_1_203' title='bbox 1109 2849 1230 2919; x_wconf 89' lang='lat' dir='ltr'><strong>ejus</strong></span> <span class='ocrx_word' id='word_1_204' title='bbox 1263 2851 1668 2906; x_wconf 88' lang='lat' dir='ltr'><strong>irrationabiles</strong></span> <span class='ocrx_word' id='word_1_205' title='bbox 1698 2859 1883 2907; x_wconf 89' lang='lat' dir='ltr'><strong>motus</strong></span> <span class='ocrx_word' id='word_1_206' title='bbox 1920 2853 2098 2907; x_wconf 85' lang='lat' dir='ltr'><strong>elimi-</strong></span> 
     </span>
    </p>
   </div>
   <div class='ocr_carea' id='block_1_31' title="bbox 505 2941 2096 3014">
    <p class='ocr_par' dir='ltr' id='par_1_31' title="bbox 505 2941 2096 3014">
     <span class='ocr_line' id='line_1_31' title="bbox 505 2941 2096 3014; baseline 0.006 -24"><span class='ocrx_word' id='word_1_207' title='bbox 505 2945 640 3004; x_wconf 87' lang='lat' dir='ltr'><strong>nat;</strong></span> <span class='ocrx_word' id='word_1_208' title='bbox 675 2948 733 2995; x_wconf 89' lang='lat' dir='ltr'><strong>ut</strong></span> <span class='ocrx_word' id='word_1_209' title='bbox 763 2941 1052 3010; x_wconf 87' lang='lat' dir='ltr'><strong>sapientia,</strong></span> <span class='ocrx_word' id='word_1_210' title='bbox 1088 2942 1156 2996; x_wconf 87' lang='lat' dir='ltr'><strong>ab</strong></span> <span class='ocrx_word' id='word_1_211' title='bbox 1188 2943 1507 3014; x_wconf 88' lang='lat' dir='ltr'><strong>insipientia</strong></span> <span class='ocrx_word' id='word_1_212' title='bbox 1545 2943 1718 3014; x_wconf 88' lang='lat' dir='ltr'><strong>ipsam</strong></span> <span class='ocrx_word' id='word_1_213' title='bbox 1765 2941 1979 3007; x_wconf 87' lang='lat' dir='ltr'><strong>liberat,</strong></span> <span class='ocrx_word' id='word_1_214' title='bbox 2039 2951 2096 2998; x_wconf 93' lang='lat' dir='ltr'><strong>ut</strong></span> 
     </span>
    </p>
   </div>
   <div class='ocr_carea' id='block_1_32' title="bbox 506 3028 2096 3102">
    <p class='ocr_par' dir='ltr' id='par_1_32' title="bbox 506 3028 2096 3102">
     <span class='ocr_line' id='line_1_32' title="bbox 506 3028 2096 3102; baseline 0.006 -21"><span class='ocrx_word' id='word_1_215' title='bbox 506 3028 716 3097; x_wconf 83' lang='lat' dir='ltr'><strong>iustitia</strong></span> <span class='ocrx_word' id='word_1_216' title='bbox 746 3031 813 3086; x_wconf 86' lang='lat' dir='ltr'><strong>ab</strong></span> <span class='ocrx_word' id='word_1_217' title='bbox 847 3032 1142 3102; x_wconf 83' lang='lat' dir='ltr'><strong>injustitia,</strong></span> <span class='ocrx_word' id='word_1_218' title='bbox 1197 3041 1256 3087; x_wconf 90' lang='lat' dir='ltr'><strong>ut</strong></span> <span class='ocrx_word' id='word_1_219' title='bbox 1297 3035 1498 3088; x_wconf 87' lang='lat' dir='ltr'><strong>veritas</strong></span> <span class='ocrx_word' id='word_1_220' title='bbox 1542 3050 1568 3086; x_wconf 89' lang='lat' dir='ltr'><strong>a</strong></span> <span class='ocrx_word' id='word_1_221' title='bbox 1618 3034 1926 3088; x_wconf 88' lang='lat' dir='ltr'><strong>mendacio.</strong></span> <span class='ocrx_word' id='word_1_222' title='bbox 1986 3034 2096 3090; x_wconf 78' lang='lat' dir='ltr'><strong>Ro-</strong></span> 
     </span>
    </p>
   </div>
   <div class='ocr_carea' id='block_1_33' title="bbox 503 3125 2096 3195">
    <p class='ocr_par' dir='ltr' id='par_1_33' title="bbox 503 3125 2096 3195">
     <span class='ocr_line' id='line_1_33' title="bbox 503 3125 2096 3195; baseline 0 -13"><span class='ocrx_word' id='word_1_223' title='bbox 503 3125 694 3182; x_wconf 88' lang='lat' dir='ltr'><strong>bustas</strong></span> <span class='ocrx_word' id='word_1_224' title='bbox 741 3141 907 3195; x_wconf 87' lang='lat' dir='ltr'><strong>porro</strong></span> <span class='ocrx_word' id='word_1_225' title='bbox 936 3126 1104 3180; x_wconf 89' lang='lat' dir='ltr'><strong>animi</strong></span> <span class='ocrx_word' id='word_1_226' title='bbox 1155 3127 1298 3181; x_wconf 88' lang='lat' dir='ltr'><strong>vires</strong></span> <span class='ocrx_word' id='word_1_227' title='bbox 1329 3126 1664 3188; x_wconf 84' lang='lat' dir='ltr'><strong>subindicat,</strong></span> <span class='ocrx_word' id='word_1_228' title='bbox 1711 3141 1834 3179; x_wconf 90' lang='lat' dir='ltr'><strong>cum</strong></span> <span class='ocrx_word' id='word_1_229' title='bbox 1862 3127 1938 3180; x_wconf 91' lang='lat' dir='ltr'><strong>ait</strong></span> <span class='ocrx_word' id='word_1_230' title='bbox 1962 3143 2096 3182; x_wconf 87' lang='lat' dir='ltr'><strong>con-</strong></span> 
     </span>
    </p>
   </div>
   <div class='ocr_carea' id='block_1_34' title="bbox 2218 555 3820 630">
    <p class='ocr_par' dir='ltr' id='par_1_34' title="bbox 2218 555 3820 630">
     <span class='ocr_line' id='line_1_34' title="bbox 2218 555 3820 630; baseline 0.006 -20"><span class='ocrx_word' id='word_1_231' title='bbox 2218 557 2431 610; x_wconf 84' lang='grc' dir='ltr'>Παῦλον</span> <span class='ocrx_word' id='word_1_232' title='bbox 2463 555 2642 625; x_wconf 78' lang='grc' dir='ltr'>λέγειν</span> <span class='ocrx_word' id='word_1_233' title='bbox 2676 557 2991 628; x_wconf 83' lang='grc' dir='ltr'>δυνάμενοι·</span> <span class='ocrx_word' id='word_1_234' title='bbox 3027 556 3250 612; x_wconf 75' lang='grc' dir='ltr'>Λοιπὸν</span> <span class='ocrx_word' id='word_1_235' title='bbox 3281 558 3589 614; x_wconf 57' lang='grc' dir='ltr'>ἀπόκειταί</span> <span class='ocrx_word' id='word_1_236' title='bbox 3617 579 3718 630; x_wconf 80' lang='grc' dir='ltr'>μοι</span> <span class='ocrx_word' id='word_1_237' title='bbox 3773 565 3820 619; x_wconf 83' lang='grc' dir='ltr'><em>ὁ</em></span> 
     </span>
    </p>
   </div>
   <div class='ocr_carea' id='block_1_35' title="bbox 2215 644 3818 724">
    <p class='ocr_par' dir='ltr' id='par_1_35' title="bbox 2215 644 3818 724">
     <span class='ocr_line' id='line_1_35' title="bbox 2215 644 3818 724; baseline 0.004 -22"><span class='ocrx_word' id='word_1_238' title='bbox 2215 646 2324 716; x_wconf 85' lang='grc' dir='ltr'>τῆς</span> <span class='ocrx_word' id='word_1_239' title='bbox 2344 648 2734 716; x_wconf 80' lang='grc' dir='ltr'><strong>δικαιοσύνης</strong></span> <span class='ocrx_word' id='word_1_240' title='bbox 2751 649 3049 720; x_wconf 70' lang='grc' dir='ltr'>στέφανος</span> <span class='ocrx_word' id='word_1_241' title='bbox 3068 667 3081 682; x_wconf 74' lang='grc' dir='ltr'><strong><em>ο</em></strong></span> <span class='ocrx_word' id='word_1_242' title='bbox 3113 644 3265 724; x_wconf 82' lang='grc' dir='ltr'>ᾧπερ</span> <span class='ocrx_word' id='word_1_243' title='bbox 3290 651 3582 723; x_wconf 67' lang='grc' dir='ltr'>ηὐδόκησεν</span> <span class='ocrx_word' id='word_1_244' title='bbox 3611 655 3640 706; x_wconf 84' lang='grc' dir='ltr'>ὁ</span> <span class='ocrx_word' id='word_1_245' title='bbox 3659 655 3818 721; x_wconf 79' lang='grc' dir='ltr'>Θεὸς</span> 
     </span>
    </p>
   </div>
   <div class='ocr_carea' id='block_1_36' title="bbox 2213 739 3816 816">
    <p class='ocr_par' dir='ltr' id='par_1_36' title="bbox 2213 739 3816 816">
     <span class='ocr_line' id='line_1_36' title="bbox 2213 739 3816 816; baseline 0.004 -24"><span class='ocrx_word' id='word_1_246' title='bbox 2213 739 2367 808; x_wconf 81' lang='grc' dir='ltr'>ὅπλῳ</span> <span class='ocrx_word' id='word_1_247' title='bbox 2397 739 2702 810; x_wconf 83' lang='grc' dir='ltr'>χρήσασθαι</span> <span class='ocrx_word' id='word_1_248' title='bbox 2737 740 3050 812; x_wconf 81' lang='grc' dir='ltr'>φυλακτικῷ</span> <span class='ocrx_word' id='word_1_249' title='bbox 3079 739 3258 812; x_wconf 84' lang='grc' dir='ltr'><strong>πάσης</strong></span> <span class='ocrx_word' id='word_1_250' title='bbox 3303 741 3491 810; x_wconf 75' lang='grc' dir='ltr'>ἐφόδου</span> <span class='ocrx_word' id='word_1_251' title='bbox 3523 743 3816 816; x_wconf 85' lang='grc' dir='ltr'>πολεμίων</span> 
     </span>
    </p>
   </div>
   <div class='ocr_carea' id='block_1_37' title="bbox 2223 825 3238 900">
    <p class='ocr_par' dir='ltr' id='par_1_37' title="bbox 2223 825 3238 900">
     <span class='ocr_line' id='line_1_37' title="bbox 2223 825 3238 900; baseline 0.004 -20"><span class='ocrx_word' id='word_1_252' title='bbox 2223 825 2486 900; x_wconf 73' lang='grc' dir='ltr'><strong>ἐπιούσης</strong></span> <span class='ocrx_word' id='word_1_253' title='bbox 2513 829 2656 882; x_wconf 79' lang='grc' dir='ltr'>κατὰ</span> <span class='ocrx_word' id='word_1_254' title='bbox 2679 829 2786 884; x_wconf 84' lang='grc' dir='ltr'><strong>τῶν</strong></span> <span class='ocrx_word' id='word_1_255' title='bbox 2809 830 3024 883; x_wconf 76' lang='grc' dir='ltr'>οἰκείων</span> <span class='ocrx_word' id='word_1_256' title='bbox 3051 829 3238 884; x_wconf 82' lang='grc' dir='ltr'>αὐτοῦ.</span> 
     </span>
    </p>
   </div>
   <div class='ocr_carea' id='block_1_38' title="bbox 2601 1033 3401 1102">
    <p class='ocr_par' dir='ltr' id='par_1_38' title="bbox 2601 1033 3401 1102">
     <span class='ocr_line' id='line_1_38' title="bbox 2601 1033 3401 1102; baseline 0.004 -17"><span class='ocrx_word' id='word_1_257' title='bbox 2601 1033 2897 1086; x_wconf 81' lang='grc' dir='ltr'><strong>ΨΑΛΜΟΣ</strong></span> <span class='ocrx_word' id='word_1_258' title='bbox 2941 1033 3029 1085; x_wconf 80' lang='lat' dir='ltr'><strong>TD</strong></span> <span class='ocrx_word' id='word_1_259' title='bbox 3076 1033 3274 1087; x_wconf 86' lang='grc' dir='ltr'><strong>ΔΑΥΙΔ</strong></span> <span class='ocrx_word' id='word_1_260' title='bbox 3311 1035 3401 1102; x_wconf 71' lang='grc' dir='ltr'><strong>σν.</strong></span> 
     </span>
    </p>
   </div>
   <div class='ocr_carea' id='block_1_39' title="bbox 2318 1143 3681 1218">
    <p class='ocr_par' dir='ltr' id='par_1_39' title="bbox 2318 1143 3681 1218">
     <span class='ocr_line' id='line_1_39' title="bbox 2318 1143 3681 1218; baseline 0.003 -18"><span class='ocrx_word' id='word_1_261' title='bbox 2318 1147 2426 1212; x_wconf 81' lang='grc' dir='ltr'><strong>Εις</strong></span> <span class='ocrx_word' id='word_1_262' title='bbox 2462 1145 2528 1200; x_wconf 86' lang='grc' dir='ltr'>τὸ</span> <span class='ocrx_word' id='word_1_263' title='bbox 2561 1143 2736 1212; x_wconf 75' lang='grc' dir='ltr'>τέλος</span> <span class='ocrx_word' id='word_1_264' title='bbox 2763 1145 2834 1198; x_wconf 77' lang='grc' dir='ltr'><strong>ἐν</strong></span> <span class='ocrx_word' id='word_1_265' title='bbox 2878 1145 3090 1215; x_wconf 83' lang='grc' dir='ltr'><strong>ὕμνοις</strong></span> <span class='ocrx_word' id='word_1_266' title='bbox 3119 1145 3272 1215; x_wconf 76' lang='grc' dir='ltr'>ὑπὲρ</span> <span class='ocrx_word' id='word_1_267' title='bbox 3297 1145 3409 1216; x_wconf 84' lang='grc' dir='ltr'>τῆς</span> <span class='ocrx_word' id='word_1_268' title='bbox 3446 1148 3681 1218; x_wconf 73' lang='grc' dir='ltr'>ὀγδόης.</span> 
     </span>
    </p>
   </div>
   <div class='ocr_carea' id='block_1_40' title="bbox 2295 1277 3806 1358">
    <p class='ocr_par' dir='ltr' id='par_1_40' title="bbox 2295 1277 3806 1358">
     <span class='ocr_line' id='line_1_40' title="bbox 2295 1277 3806 1358; baseline 0.005 -27"><span class='ocrx_word' id='word_1_269' title='bbox 2295 1277 2484 1350; x_wconf 87' lang='grc' dir='ltr'>Ὀγδόη</span> <span class='ocrx_word' id='word_1_270' title='bbox 2506 1279 2923 1349; x_wconf 83' lang='grc' dir='ltr'>ἠάναστάσιμος</span> <span class='ocrx_word' id='word_1_271' title='bbox 2938 1277 3032 1332; x_wconf 88' lang='grc' dir='ltr'><strong>τοῦ</strong></span> <span class='ocrx_word' id='word_1_272' title='bbox 3061 1279 3310 1352; x_wconf 83' lang='grc' dir='ltr'><strong>Σωτῆρος</strong></span> <span class='ocrx_word' id='word_1_273' title='bbox 3335 1281 3518 1354; x_wconf 80' lang='grc' dir='ltr'>ἡμέρα</span> <span class='ocrx_word' id='word_1_274' title='bbox 3553 1286 3806 1358; x_wconf 78' lang='grc' dir='ltr'>κυριακὴ</span> 
     </span>
    </p>
   </div>
   <div class='ocr_carea' id='block_1_41' title="bbox 2215 1367 3804 1448">
    <p class='ocr_par' dir='ltr' id='par_1_41' title="bbox 2215 1367 3804 1448">
     <span class='ocr_line' id='line_1_41' title="bbox 2215 1367 3804 1448; baseline 0.005 -24"><span class='ocrx_word' id='word_1_275' title='bbox 2215 1373 2512 1444; x_wconf 80' lang='grc' dir='ltr'><strong>σωτήριος,</strong></span> <span class='ocrx_word' id='word_1_276' title='bbox 2536 1375 2594 1426; x_wconf 79' lang='grc' dir='ltr'>ἐν</span> <span class='ocrx_word' id='word_1_277' title='bbox 2619 1367 2651 1447; x_wconf 82' lang='grc' dir='ltr'>ᾖ</span> <span class='ocrx_word' id='word_1_278' title='bbox 2674 1373 2891 1426; x_wconf 86' lang='grc' dir='ltr'>πάντων</span> <span class='ocrx_word' id='word_1_279' title='bbox 2914 1376 3324 1448; x_wconf 82' lang='grc' dir='ltr'><strong>ἁμαρτημάτων</strong></span> <span class='ocrx_word' id='word_1_280' title='bbox 3341 1375 3632 1447; x_wconf 82' lang='grc' dir='ltr'>καθάρσιον</span> <span class='ocrx_word' id='word_1_281' title='bbox 3654 1373 3804 1432; x_wconf 78' lang='grc' dir='ltr'>εἶναι</span> 
     </span>
    </p>
   </div>
   <div class='ocr_carea' id='block_1_42' title="bbox 2211 1461 3806 1542">
    <p class='ocr_par' dir='ltr' id='par_1_42' title="bbox 2211 1461 3806 1542">
     <span class='ocr_line' id='line_1_42' title="bbox 2211 1461 3806 1542; baseline 0.003 -23"><span class='ocrx_word' id='word_1_282' title='bbox 2211 1467 2541 1538; x_wconf 81' lang='grc' dir='ltr'>πιστεύομεν</span> <span class='ocrx_word' id='word_1_283' title='bbox 2561 1484 2573 1497; x_wconf 92' lang='grc'>·</span> <span class='ocrx_word' id='word_1_284' title='bbox 2602 1469 2660 1522; x_wconf 83' lang='grc' dir='ltr'>ὲν</span> <span class='ocrx_word' id='word_1_285' title='bbox 2688 1461 3086 1541; x_wconf 74' lang='grc' dir='ltr'>ᾖσυμϐολικῶς</span> <span class='ocrx_word' id='word_1_286' title='bbox 3115 1469 3211 1540; x_wconf 82' lang='grc' dir='ltr'><strong>μὲν</strong></span> <span class='ocrx_word' id='word_1_287' title='bbox 3233 1469 3377 1524; x_wconf 84' lang='grc' dir='ltr'>ἆπαν</span> <span class='ocrx_word' id='word_1_288' title='bbox 3407 1471 3806 1542; x_wconf 83' lang='grc' dir='ltr'>περιετέμνετο</span> 
     </span>
    </p>
   </div>
   <div class='ocr_carea' id='block_1_43' title="bbox 2211 1557 3804 1634">
    <p class='ocr_par' dir='ltr' id='par_1_43' title="bbox 2211 1557 3804 1634">
     <span class='ocr_line' id='line_1_43' title="bbox 2211 1557 3804 1634; baseline -0.003 -17"><span class='ocrx_word' id='word_1_289' title='bbox 2211 1557 2434 1630; x_wconf 81' lang='grc' dir='ltr'><strong>βρέφος,</strong></span> <span class='ocrx_word' id='word_1_290' title='bbox 2469 1558 2610 1613; x_wconf 86' lang='grc' dir='ltr'>κατά</span> <span class='ocrx_word' id='word_1_291' title='bbox 2639 1559 2696 1612; x_wconf 85' lang='grc' dir='ltr'>δὲ</span> <span class='ocrx_word' id='word_1_292' title='bbox 2722 1560 2784 1612; x_wconf 87' lang='grc' dir='ltr'>τὺ</span> <span class='ocrx_word' id='word_1_293' title='bbox 2807 1559 3006 1632; x_wconf 85' lang='grc' dir='ltr'>ἀληθὲς</span> <span class='ocrx_word' id='word_1_294' title='bbox 3048 1560 3368 1633; x_wconf 84' lang='grc' dir='ltr'>καθαίρεται</span> <span class='ocrx_word' id='word_1_295' title='bbox 3399 1561 3466 1616; x_wconf 76' lang='grc' dir='ltr'>δι’</span> <span class='ocrx_word' id='word_1_296' title='bbox 3499 1563 3804 1634; x_wconf 74' lang='grc' dir='ltr'>ἀναγεννή-</span> 
     </span>
    </p>
   </div>
   <div class='ocr_carea' id='block_1_44' title="bbox 2211 1651 3802 1724">
    <p class='ocr_par' dir='ltr' id='par_1_44' title="bbox 2211 1651 3802 1724">
     <span class='ocr_line' id='line_1_44' title="bbox 2211 1651 3802 1724; baseline 0.003 -21"><span class='ocrx_word' id='word_1_297' title='bbox 2211 1667 2352 1715; x_wconf 84' lang='grc' dir='ltr'>σεως</span> <span class='ocrx_word' id='word_1_298' title='bbox 2381 1653 2532 1706; x_wconf 80' lang='grc' dir='ltr'>πᾶσα</span> <span class='ocrx_word' id='word_1_299' title='bbox 2581 1652 2642 1706; x_wconf 84' lang='grc' dir='ltr'>ὲν</span> <span class='ocrx_word' id='word_1_300' title='bbox 2697 1651 2816 1722; x_wconf 85' lang='grc' dir='ltr'><strong>Θεῷ</strong></span> <span class='ocrx_word' id='word_1_301' title='bbox 2851 1651 2998 1724; x_wconf 67' lang='grc' dir='ltr'>ψυχὴ</span> <span class='ocrx_word' id='word_1_302' title='bbox 3050 1653 3383 1724; x_wconf 79' lang='grc' dir='ltr'>γεννωμένη.</span> <span class='ocrx_word' id='word_1_303' title='bbox 3427 1654 3690 1708; x_wconf 77' lang='grc' dir='ltr'>Τοσοῦτον</span> <span class='ocrx_word' id='word_1_304' title='bbox 3735 1655 3802 1708; x_wconf 86' lang='grc' dir='ltr'>δὲ</span> 
     </span>
    </p>
   </div>
   <div class='ocr_carea' id='block_1_45' title="bbox 2211 1741 3802 1815">
    <p class='ocr_par' dir='ltr' id='par_1_45' title="bbox 2211 1741 3802 1815">
     <span class='ocr_line' id='line_1_45' title="bbox 2211 1741 3802 1815; baseline 0.001 -21"><span class='ocrx_word' id='word_1_305' title='bbox 2211 1745 2461 1811; x_wconf 86' lang='grc' dir='ltr'>κρεῖττον</span> <span class='ocrx_word' id='word_1_306' title='bbox 2513 1741 2654 1814; x_wconf 80' lang='grc' dir='ltr'>αὐτὴ</span> <span class='ocrx_word' id='word_1_307' title='bbox 2687 1743 2786 1813; x_wconf 82' lang='grc' dir='ltr'><strong>τῆς</strong></span> <span class='ocrx_word' id='word_1_308' title='bbox 2810 1743 3062 1815; x_wconf 80' lang='grc' dir='ltr'>ἑϐδόμης,</span> <span class='ocrx_word' id='word_1_309' title='bbox 3084 1744 3160 1806; x_wconf 87' lang='grc' dir='ltr'>ὡς</span> <span class='ocrx_word' id='word_1_310' title='bbox 3181 1745 3239 1796; x_wconf 82' lang='grc' dir='ltr'><strong>ὲν</strong></span> <span class='ocrx_word' id='word_1_311' title='bbox 3265 1743 3400 1815; x_wconf 80' lang='grc' dir='ltr'>αὐτῇ</span> <span class='ocrx_word' id='word_1_312' title='bbox 3449 1742 3668 1798; x_wconf 59' lang='grc' dir='ltr'>λύεσθαι</span> <span class='ocrx_word' id='word_1_313' title='bbox 3691 1743 3802 1815; x_wconf 71' lang='grc' dir='ltr'><strong>τὴν</strong></span> 
     </span>
    </p>
   </div>
   <div class='ocr_carea' id='block_1_46' title="bbox 2210 1831 3802 1904">
    <p class='ocr_par' dir='ltr' id='par_1_46' title="bbox 2210 1831 3802 1904">
     <span class='ocr_line' id='line_1_46' title="bbox 2210 1831 3802 1904; baseline 0.001 -20"><span class='ocrx_word' id='word_1_314' title='bbox 2210 1831 2338 1904; x_wconf 76' lang='grc' dir='ltr'>περὶ</span> <span class='ocrx_word' id='word_1_315' title='bbox 2387 1831 2481 1886; x_wconf 85' lang='grc' dir='ltr'><strong>τοῦ</strong></span> <span class='ocrx_word' id='word_1_316' title='bbox 2545 1832 2815 1887; x_wconf 82' lang='grc' dir='ltr'>σαϐϐάτου</span> <span class='ocrx_word' id='word_1_317' title='bbox 2869 1832 3208 1904; x_wconf 78' lang='grc' dir='ltr'>νομοθεσίαν,</span> <span class='ocrx_word' id='word_1_318' title='bbox 3255 1835 3303 1886; x_wconf 74' lang='grc' dir='ltr'>εἰ</span> <span class='ocrx_word' id='word_1_319' title='bbox 3340 1831 3634 1887; x_wconf 86' lang='grc' dir='ltr'>καταλάϐοι</span> <span class='ocrx_word' id='word_1_320' title='bbox 3667 1835 3802 1886; x_wconf 78' lang='grc' dir='ltr'>κατ’</span> 
     </span>
    </p>
   </div>
   <div class='ocr_carea' id='block_1_47' title="bbox 2135 1895 3800 1997">
    <p class='ocr_par' dir='ltr' id='par_1_47' title="bbox 2135 1895 3800 1997">
     <span class='ocr_line' id='line_1_47' title="bbox 2135 1895 3800 1997; baseline 0 -20"><span class='ocrx_word' id='word_1_321' title='bbox 2135 1895 2178 1952; x_wconf 70' lang='grc' dir='ltr'>Β</span> <span class='ocrx_word' id='word_1_322' title='bbox 2207 1895 2376 1996; x_wconf 76' lang='grc' dir='ltr'>αὐτὴν</span> <span class='ocrx_word' id='word_1_323' title='bbox 2402 1924 2545 1997; x_wconf 78' lang='grc' dir='ltr'>ἠτοῦ</span> <span class='ocrx_word' id='word_1_324' title='bbox 2572 1925 2805 1996; x_wconf 75' lang='grc' dir='ltr'><strong>βρέφους</strong></span> <span class='ocrx_word' id='word_1_325' title='bbox 2825 1895 2986 1997; x_wconf 81' lang='grc' dir='ltr'>ὀγδόη</span> <span class='ocrx_word' id='word_1_326' title='bbox 3003 1942 3016 1956; x_wconf 91' lang='grc'><strong>·</strong></span> <span class='ocrx_word' id='word_1_327' title='bbox 3047 1895 3432 1997; x_wconf 73' lang='grc' dir='ltr'>περιτέμνεται</span> <span class='ocrx_word' id='word_1_328' title='bbox 3452 1925 3560 1996; x_wconf 81' lang='grc' dir='ltr'><strong>γὰρ</strong></span> <span class='ocrx_word' id='word_1_329' title='bbox 3583 1923 3800 1996; x_wconf 83' lang='grc' dir='ltr'>ἀνθρω-</span> 
     </span>
    </p>
   </div>
   <div class='ocr_carea' id='block_1_48' title="bbox 2206 2015 2691 2088">
    <p class='ocr_par' dir='ltr' id='par_1_48' title="bbox 2206 2015 2691 2088">
     <span class='ocr_line' id='line_1_48' title="bbox 2206 2015 2691 2088; baseline 0.002 -19"><span class='ocrx_word' id='word_1_330' title='bbox 2206 2033 2305 2080; x_wconf 82' lang='grc' dir='ltr'><strong>πος</strong></span> <span class='ocrx_word' id='word_1_331' title='bbox 2330 2017 2386 2072; x_wconf 79' lang='grc' dir='ltr'>ἐν</span> <span class='ocrx_word' id='word_1_332' title='bbox 2419 2015 2691 2088; x_wconf 84' lang='grc' dir='ltr'>σαϐϐάτῳ.</span> 
     </span>
    </p>
   </div>
   <div class='ocr_carea' id='block_1_49' title="bbox 2277 2105 3798 2180">
    <p class='ocr_par' dir='ltr' id='par_1_49' title="bbox 2277 2105 3798 2180">
     <span class='ocr_line' id='line_1_49' title="bbox 2277 2105 3798 2180; baseline -0.003 -16"><span class='ocrx_word' id='word_1_333' title='bbox 2277 2110 2474 2178; x_wconf 83' lang='grc' dir='ltr'>Κύριε,</span> <span class='ocrx_word' id='word_1_334' title='bbox 2513 2111 2600 2180; x_wconf 79' lang='grc' dir='ltr'>μὴ</span> <span class='ocrx_word' id='word_1_335' title='bbox 2651 2109 2734 2176; x_wconf 83' lang='grc' dir='ltr'>τῷ</span> <span class='ocrx_word' id='word_1_336' title='bbox 2763 2107 2928 2179; x_wconf 78' lang='grc' dir='ltr'>θυμῷ</span> <span class='ocrx_word' id='word_1_337' title='bbox 2973 2124 3090 2163; x_wconf 86' lang='grc' dir='ltr'>σου</span> <span class='ocrx_word' id='word_1_338' title='bbox 3113 2107 3368 2179; x_wconf 70' lang='grc' dir='ltr'><strong>ἐλέγξῃς</strong></span> <span class='ocrx_word' id='word_1_339' title='bbox 3402 2125 3498 2179; x_wconf 78' lang='grc' dir='ltr'><strong>με,</strong></span> <span class='ocrx_word' id='word_1_340' title='bbox 3523 2107 3680 2178; x_wconf 77' lang='grc' dir='ltr'>μηδὲ</span> <span class='ocrx_word' id='word_1_341' title='bbox 3711 2105 3798 2176; x_wconf 77' lang='grc' dir='ltr'>τῇ</span> 
     </span>
    </p>
   </div>
   <div class='ocr_carea' id='block_1_50' title="bbox 2203 2197 3796 2274">
    <p class='ocr_par' dir='ltr' id='par_1_50' title="bbox 2203 2197 3796 2274">
     <span class='ocr_line' id='line_1_50' title="bbox 2203 2197 3796 2274; baseline -0.002 -19"><span class='ocrx_word' id='word_1_342' title='bbox 2203 2201 2352 2274; x_wconf 77' lang='grc' dir='ltr'>ὀργῇ</span> <span class='ocrx_word' id='word_1_343' title='bbox 2383 2217 2500 2257; x_wconf 88' lang='grc' dir='ltr'>σου</span> <span class='ocrx_word' id='word_1_344' title='bbox 2522 2203 2856 2270; x_wconf 75' lang='grc' dir='ltr'><strong>παιδεύσῃς</strong></span> <span class='ocrx_word' id='word_1_345' title='bbox 2871 2217 2968 2271; x_wconf 80' lang='grc' dir='ltr'>με.</span> <span class='ocrx_word' id='word_1_346' title='bbox 3023 2201 3316 2270; x_wconf 77' lang='grc' dir='ltr'><strong>Ἐλέησόν</strong></span> <span class='ocrx_word' id='word_1_347' title='bbox 3339 2217 3437 2271; x_wconf 83' lang='grc' dir='ltr'><strong>με,</strong></span> <span class='ocrx_word' id='word_1_348' title='bbox 3469 2201 3664 2268; x_wconf 78' lang='grc' dir='ltr'>Κύριε,</span> <span class='ocrx_word' id='word_1_349' title='bbox 3697 2197 3796 2252; x_wconf 79' lang='grc' dir='ltr'>ὅτι</span> 
     </span>
    </p>
   </div>
   <div class='ocr_carea' id='block_1_51' title="bbox 2203 2291 3795 2373">
    <p class='ocr_par' dir='ltr' id='par_1_51' title="bbox 2203 2291 3795 2373">
     <span class='ocr_line' id='line_1_51' title="bbox 2203 2291 3795 2373; baseline -0.003 -23"><span class='ocrx_word' id='word_1_350' title='bbox 2203 2294 2472 2362; x_wconf 79' lang='grc' dir='ltr'>ἀσθενής</span> <span class='ocrx_word' id='word_1_351' title='bbox 2517 2297 2668 2366; x_wconf 74' lang='grc' dir='ltr'>εἰμι’</span> <span class='ocrx_word' id='word_1_352' title='bbox 2704 2295 2874 2349; x_wconf 78' lang='grc' dir='ltr'>ἴασαι</span> <span class='ocrx_word' id='word_1_353' title='bbox 2911 2311 3008 2365; x_wconf 84' lang='grc' dir='ltr'><strong>με,</strong></span> <span class='ocrx_word' id='word_1_354' title='bbox 3035 2294 3234 2361; x_wconf 83' lang='grc' dir='ltr'>Κύριε,</span> <span class='ocrx_word' id='word_1_355' title='bbox 3269 2292 3360 2346; x_wconf 83' lang='grc' dir='ltr'>ὅτι</span> <span class='ocrx_word' id='word_1_356' title='bbox 3385 2291 3682 2373; x_wconf 53' lang='grc' dir='ltr'>ἐταράχθη</span> <span class='ocrx_word' id='word_1_357' title='bbox 3711 2291 3795 2346; x_wconf 85' lang='grc' dir='ltr'>τὰ</span> 
     </span>
    </p>
   </div>
   <div class='ocr_carea' id='block_1_52' title="bbox 2204 2383 3790 2456">
    <p class='ocr_par' dir='ltr' id='par_1_52' title="bbox 2204 2383 3790 2456">
     <span class='ocr_line' id='line_1_52' title="bbox 2204 2383 3790 2456; baseline -0.003 -16"><span class='ocrx_word' id='word_1_358' title='bbox 2204 2385 2356 2442; x_wconf 84' lang='grc' dir='ltr'><strong>ὀστᾶ</strong></span> <span class='ocrx_word' id='word_1_359' title='bbox 2370 2404 2510 2456; x_wconf 82' lang='grc' dir='ltr'>μου.</span> <span class='ocrx_word' id='word_1_360' title='bbox 2557 2385 2644 2452; x_wconf 84' lang='grc' dir='ltr'><strong>Ἐξ</strong></span> <span class='ocrx_word' id='word_1_361' title='bbox 2679 2387 2960 2450; x_wconf 77' lang='grc' dir='ltr'>ἀσθενείας</span> <span class='ocrx_word' id='word_1_362' title='bbox 2994 2383 3104 2456; x_wconf 85' lang='grc' dir='ltr'>γὰρ</span> <span class='ocrx_word' id='word_1_363' title='bbox 3132 2383 3278 2439; x_wconf 77' lang='grc' dir='ltr'>ἂπαν</span> <span class='ocrx_word' id='word_1_364' title='bbox 3305 2385 3610 2456; x_wconf 79' lang='grc' dir='ltr'>ἁμάρτημα</span> <span class='ocrx_word' id='word_1_365' title='bbox 3636 2384 3790 2452; x_wconf 89' lang='grc' dir='ltr'>γίνε-</span> 
     </span>
    </p>
   </div>
   <div class='ocr_carea' id='block_1_53' title="bbox 2201 2475 3791 2550">
    <p class='ocr_par' dir='ltr' id='par_1_53' title="bbox 2201 2475 3791 2550">
     <span class='ocr_line' id='line_1_53' title="bbox 2201 2475 3791 2550; baseline -0.003 -18"><span class='ocrx_word' id='word_1_366' title='bbox 2201 2495 2313 2544; x_wconf 88' lang='grc' dir='ltr'>ται,</span> <span class='ocrx_word' id='word_1_367' title='bbox 2355 2479 2493 2550; x_wconf 84' lang='grc' dir='ltr'>πρὸς</span> <span class='ocrx_word' id='word_1_368' title='bbox 2538 2477 2599 2532; x_wconf 80' lang='grc' dir='ltr'>τὸ</span> <span class='ocrx_word' id='word_1_369' title='bbox 2629 2479 2800 2544; x_wconf 83' lang='grc' dir='ltr'>πάθος</span> <span class='ocrx_word' id='word_1_370' title='bbox 2829 2479 2918 2532; x_wconf 79' lang='grc' dir='ltr'><strong>ἀεὶ</strong></span> <span class='ocrx_word' id='word_1_371' title='bbox 2967 2478 3067 2549; x_wconf 84' lang='grc' dir='ltr'><strong>τῆς</strong></span> <span class='ocrx_word' id='word_1_372' title='bbox 3098 2478 3274 2549; x_wconf 73' lang='grc' dir='ltr'>ψυχῆς</span> <span class='ocrx_word' id='word_1_373' title='bbox 3319 2476 3659 2548; x_wconf 76' lang='grc' dir='ltr'>ἐνδιδούσης·</span> <span class='ocrx_word' id='word_1_374' title='bbox 3705 2475 3791 2529; x_wconf 82' lang='grc' dir='ltr'>διὸ</span> 
     </span>
    </p>
   </div>
   <div class='ocr_carea' id='block_1_54' title="bbox 2201 2567 3789 2643">
    <p class='ocr_par' dir='ltr' id='par_1_54' title="bbox 2201 2567 3789 2643">
     <span class='ocr_line' id='line_1_54' title="bbox 2201 2567 3789 2643; baseline -0.003 -18"><span class='ocrx_word' id='word_1_375' title='bbox 2201 2571 2537 2641; x_wconf 78' lang='grc' dir='ltr'>καταφεύγει</span> <span class='ocrx_word' id='word_1_376' title='bbox 2563 2572 2701 2643; x_wconf 78' lang='grc' dir='ltr'>πρὸς</span> <span class='ocrx_word' id='word_1_377' title='bbox 2744 2571 2835 2626; x_wconf 80' lang='grc' dir='ltr'><strong>τὸν</strong></span> <span class='ocrx_word' id='word_1_378' title='bbox 2869 2571 3099 2642; x_wconf 79' lang='grc' dir='ltr'>Σωτῆρα</span> <span class='ocrx_word' id='word_1_379' title='bbox 3155 2572 3246 2624; x_wconf 71' lang='grc' dir='ltr'>καὶ</span> <span class='ocrx_word' id='word_1_380' title='bbox 3275 2567 3477 2642; x_wconf 73' lang='grc' dir='ltr'>ἰατρὸν,</span> <span class='ocrx_word' id='word_1_381' title='bbox 3521 2568 3612 2621; x_wconf 81' lang='grc' dir='ltr'><strong>τὸν</strong></span> <span class='ocrx_word' id='word_1_382' title='bbox 3656 2567 3789 2621; x_wconf 74' lang='grc' dir='ltr'>Υἱόν</span> 
     </span>
    </p>
   </div>
   <div class='ocr_carea' id='block_1_55' title="bbox 2199 2659 3788 2736">
    <p class='ocr_par' dir='ltr' id='par_1_55' title="bbox 2199 2659 3788 2736">
     <span class='ocr_line' id='line_1_55' title="bbox 2199 2659 3788 2736; baseline -0.004 -18"><span class='ocrx_word' id='word_1_383' title='bbox 2199 2664 2294 2718; x_wconf 87' lang='grc' dir='ltr'><strong>τοῦ</strong></span> <span class='ocrx_word' id='word_1_384' title='bbox 2325 2663 2482 2719; x_wconf 83' lang='grc' dir='ltr'>Θεοῦ.</span> <span class='ocrx_word' id='word_1_385' title='bbox 2524 2665 2913 2736; x_wconf 78' lang='grc' dir='ltr'>Ἐγγενόμενος</span> <span class='ocrx_word' id='word_1_386' title='bbox 2935 2663 3045 2736; x_wconf 85' lang='grc' dir='ltr'><strong>γὰρ</strong></span> <span class='ocrx_word' id='word_1_387' title='bbox 3069 2663 3214 2736; x_wconf 78' lang='grc' dir='ltr'><strong>ψυχῇ</strong></span> <span class='ocrx_word' id='word_1_388' title='bbox 3249 2665 3315 2734; x_wconf 85' lang='grc' dir='ltr'>τῇ</span> <span class='ocrx_word' id='word_1_389' title='bbox 3339 2663 3554 2732; x_wconf 80' lang='grc' dir='ltr'>λογικῇ,</span> <span class='ocrx_word' id='word_1_390' title='bbox 3581 2661 3656 2724; x_wconf 81' lang='grc' dir='ltr'>ὡς</span> <span class='ocrx_word' id='word_1_391' title='bbox 3685 2659 3788 2731; x_wconf 82' lang='grc' dir='ltr'>μὲν</span> 
     </span>
    </p>
   </div>
   <div class='ocr_carea' id='block_1_56' title="bbox 2198 2752 3786 2829">
    <p class='ocr_par' dir='ltr' id='par_1_56' title="bbox 2198 2752 3786 2829">
     <span class='ocr_line' id='line_1_56' title="bbox 2198 2752 3786 2829; baseline -0.005 -18"><span class='ocrx_word' id='word_1_392' title='bbox 2198 2756 2352 2826; x_wconf 84' lang='grc' dir='ltr'>λόγος</span> <span class='ocrx_word' id='word_1_393' title='bbox 2378 2757 2514 2811; x_wconf 87' lang='grc' dir='ltr'>Θεοῦ</span> <span class='ocrx_word' id='word_1_394' title='bbox 2549 2757 2646 2829; x_wconf 85' lang='grc' dir='ltr'><strong>τὴν</strong></span> <span class='ocrx_word' id='word_1_395' title='bbox 2675 2757 2900 2826; x_wconf 80' lang='grc' dir='ltr'>ἀλογίαν</span> <span class='ocrx_word' id='word_1_396' title='bbox 2927 2757 3095 2828; x_wconf 81' lang='grc' dir='ltr'>αὐτῆς</span> <span class='ocrx_word' id='word_1_397' title='bbox 3115 2757 3460 2826; x_wconf 77' lang='grc' dir='ltr'>ἀφαιρεῖταιο</span> <span class='ocrx_word' id='word_1_398' title='bbox 3499 2753 3574 2816; x_wconf 86' lang='grc' dir='ltr'><strong>ὡς</strong></span> <span class='ocrx_word' id='word_1_399' title='bbox 3607 2752 3662 2804; x_wconf 80' lang='grc' dir='ltr'><strong>δὲ</strong></span> <span class='ocrx_word' id='word_1_400' title='bbox 3696 2769 3786 2804; x_wconf 86' lang='grc' dir='ltr'>σο-</span> 
     </span>
    </p>
   </div>
   <div class='ocr_carea' id='block_1_57' title="bbox 2200 2845 3786 2924">
    <p class='ocr_par' dir='ltr' id='par_1_57' title="bbox 2200 2845 3786 2924">
     <span class='ocr_line' id='line_1_57' title="bbox 2200 2845 3786 2924; baseline -0.005 -20"><span class='ocrx_word' id='word_1_401' title='bbox 2200 2851 2298 2921; x_wconf 84' lang='grc' dir='ltr'><strong>φία</strong></span> <span class='ocrx_word' id='word_1_402' title='bbox 2323 2851 2423 2922; x_wconf 81' lang='grc' dir='ltr'>τῆς</span> <span class='ocrx_word' id='word_1_403' title='bbox 2452 2850 2762 2924; x_wconf 73' lang='grc' dir='ltr'>ἀφροσύνης</span> <span class='ocrx_word' id='word_1_404' title='bbox 2783 2849 2954 2922; x_wconf 80' lang='grc' dir='ltr'>αὐτὴν</span> <span class='ocrx_word' id='word_1_405' title='bbox 2982 2849 3331 2912; x_wconf 86' lang='grc' dir='ltr'>ἀπαλλάττει,</span> <span class='ocrx_word' id='word_1_406' title='bbox 3360 2846 3454 2900; x_wconf 77' lang='grc' dir='ltr'>καὶ</span> <span class='ocrx_word' id='word_1_407' title='bbox 3483 2847 3558 2910; x_wconf 87' lang='grc' dir='ltr'>ὡς</span> <span class='ocrx_word' id='word_1_408' title='bbox 3585 2845 3786 2897; x_wconf 87' lang='grc' dir='ltr'>δικαιο-</span> 
     </span>
    </p>
   </div>
   <div class='ocr_carea' id='block_1_58' title="bbox 2200 2939 3785 3015">
    <p class='ocr_par' dir='ltr' id='par_1_58' title="bbox 2200 2939 3785 3015">
     <span class='ocr_line' id='line_1_58' title="bbox 2200 2939 3785 3015; baseline -0.001 -19"><span class='ocrx_word' id='word_1_409' title='bbox 2200 2943 2334 3014; x_wconf 88' lang='grc' dir='ltr'>σύνη</span> <span class='ocrx_word' id='word_1_410' title='bbox 2365 2943 2464 3015; x_wconf 86' lang='grc' dir='ltr'>τῆς</span> <span class='ocrx_word' id='word_1_411' title='bbox 2491 2943 2723 3008; x_wconf 82' lang='grc' dir='ltr'>ἀδικίας,</span> <span class='ocrx_word' id='word_1_412' title='bbox 2748 2943 2842 2996; x_wconf 75' lang='grc' dir='ltr'><strong>καὶ</strong></span> <span class='ocrx_word' id='word_1_413' title='bbox 2884 2941 2960 3007; x_wconf 80' lang='grc' dir='ltr'>ὡς</span> <span class='ocrx_word' id='word_1_414' title='bbox 3001 2941 3228 3012; x_wconf 84' lang='grc' dir='ltr'>ἀλήθεια</span> <span class='ocrx_word' id='word_1_415' title='bbox 3252 2939 3345 2994; x_wconf 90' lang='grc' dir='ltr'><strong>τοῦ</strong></span> <span class='ocrx_word' id='word_1_416' title='bbox 3377 2939 3606 3008; x_wconf 73' lang='grc' dir='ltr'>ψεύδους</span> <span class='ocrx_word' id='word_1_417' title='bbox 3635 2941 3785 2994; x_wconf 77' lang='grc' dir='ltr'>ἐλευ-</span> 
     </span>
    </p>
   </div>
   <div class='ocr_carea' id='block_1_59' title="bbox 2199 3037 3784 3112">
    <p class='ocr_par' dir='ltr' id='par_1_59' title="bbox 2199 3037 3784 3112">
     <span class='ocr_line' id='line_1_59' title="bbox 2199 3037 3784 3112; baseline 0.001 -20"><span class='ocrx_word' id='word_1_418' title='bbox 2199 3037 2366 3112; x_wconf 75' lang='grc' dir='ltr'>θεροῖ.</span> <span class='ocrx_word' id='word_1_419' title='bbox 2397 3041 2508 3104; x_wconf 83' lang='grc' dir='ltr'>Τὰς</span> <span class='ocrx_word' id='word_1_420' title='bbox 2543 3041 2798 3105; x_wconf 78' lang='grc' dir='ltr'>νεανικὰς</span> <span class='ocrx_word' id='word_1_421' title='bbox 2833 3041 2889 3094; x_wconf 82' lang='grc' dir='ltr'>δὲ</span> <span class='ocrx_word' id='word_1_422' title='bbox 2931 3041 3032 3108; x_wconf 80' lang='grc' dir='ltr'>τῆς</span> <span class='ocrx_word' id='word_1_423' title='bbox 3069 3040 3246 3110; x_wconf 73' lang='grc' dir='ltr'>ψυχῆς</span> <span class='ocrx_word' id='word_1_424' title='bbox 3295 3039 3582 3108; x_wconf 72' lang='grc' dir='ltr'>ὑποφαίνει</span> <span class='ocrx_word' id='word_1_425' title='bbox 3627 3039 3784 3094; x_wconf 78' lang='grc' dir='ltr'>δυνά-</span> 
     </span>
    </p>
   </div>
   <div class='ocr_carea' id='block_1_60' title="bbox 2201 3124 3782 3204">
    <p class='ocr_par' dir='ltr' id='par_1_60' title="bbox 2201 3124 3782 3204">
     <span class='ocr_line' id='line_1_60' title="bbox 2201 3124 3782 3204; baseline -0.001 -20"><span class='ocrx_word' id='word_1_426' title='bbox 2201 3149 2343 3204; x_wconf 84' lang='grc' dir='ltr'>μεις,</span> <span class='ocrx_word' id='word_1_427' title='bbox 2365 3133 2696 3203; x_wconf 84' lang='grc' dir='ltr'>τεταράχθαι</span> <span class='ocrx_word' id='word_1_428' title='bbox 2721 3132 2898 3202; x_wconf 77' lang='grc' dir='ltr'>φήσας</span> <span class='ocrx_word' id='word_1_429' title='bbox 2931 3131 3094 3184; x_wconf 84' lang='grc' dir='ltr'>αὑτοῦ</span> <span class='ocrx_word' id='word_1_430' title='bbox 3122 3129 3190 3182; x_wconf 83' lang='grc' dir='ltr'>τὰ</span> <span class='ocrx_word' id='word_1_431' title='bbox 3214 3129 3368 3194; x_wconf 76' lang='grc' dir='ltr'>ὀστᾶ,</span> <span class='ocrx_word' id='word_1_432' title='bbox 3398 3130 3464 3182; x_wconf 77' lang='grc' dir='ltr'><strong>δι’</strong></span> <span class='ocrx_word' id='word_1_433' title='bbox 3489 3124 3562 3182; x_wconf 81' lang='grc' dir='ltr'>ὧν</span> <span class='ocrx_word' id='word_1_434' title='bbox 3592 3131 3782 3184; x_wconf 77' lang='grc' dir='ltr'>εἴωθεν</span> 
     </span>
    </p>
   </div>
   <div class='ocr_carea' id='block_1_61' title="bbox 503 3216 2096 3302">
    <p class='ocr_par' dir='ltr' id='par_1_61' title="bbox 503 3216 2094 3286">
     <span class='ocr_line' id='line_1_61' title="bbox 503 3216 2094 3286; baseline -0.002 -14"><span class='ocrx_word' id='word_1_435' title='bbox 503 3217 722 3272; x_wconf 86' lang='lat' dir='ltr'><strong>turbata</strong></span> <span class='ocrx_word' id='word_1_436' title='bbox 763 3232 886 3272; x_wconf 89' lang='lat' dir='ltr'><strong>esse</strong></span> <span class='ocrx_word' id='word_1_437' title='bbox 938 3231 1064 3272; x_wconf 91' lang='lat' dir='ltr'><strong>ossa</strong></span> <span class='ocrx_word' id='word_1_438' title='bbox 1118 3233 1253 3280; x_wconf 91' lang='lat' dir='ltr'><strong>sua,</strong></span> <span class='ocrx_word' id='word_1_439' title='bbox 1304 3217 1506 3286; x_wconf 87' lang='lat' dir='ltr'><strong>quibus</strong></span> <span class='ocrx_word' id='word_1_440' title='bbox 1553 3217 1784 3272; x_wconf 85' lang='lat' dir='ltr'><strong>viriliter</strong></span> <span class='ocrx_word' id='word_1_441' title='bbox 1839 3216 2094 3272; x_wconf 79' lang='lat' dir='ltr'><strong>violentis</strong></span> 
     </span>
    </p>
   </div>
   <div class='ocr_carea' id='block_1_62' title="bbox 2195 3216 3780 3302">
    <p class='ocr_par' dir='ltr' id='par_1_62' title="bbox 2199 3221 3780 3291">
     <span class='ocr_line' id='line_1_62' title="bbox 2199 3221 3780 3291; baseline -0.002 -15"><span class='ocrx_word' id='word_1_442' title='bbox 2199 3221 2528 3276; x_wconf 88' lang='grc' dir='ltr'>ἀντιϐαίνειν</span> <span class='ocrx_word' id='word_1_443' title='bbox 2557 3223 2669 3286; x_wconf 87' lang='grc' dir='ltr'>τοῖς</span> <span class='ocrx_word' id='word_1_444' title='bbox 2697 3221 2928 3276; x_wconf 86' lang='grc' dir='ltr'>πάθεσιν</span> <span class='ocrx_word' id='word_1_445' title='bbox 2973 3221 3241 3291; x_wconf 85' lang='grc' dir='ltr'>ἀνδρικῶς</span> <span class='ocrx_word' id='word_1_446' title='bbox 3267 3237 3282 3252; x_wconf 70' lang='grc' dir='ltr'><strong>ι</strong></span> <span class='ocrx_word' id='word_1_447' title='bbox 3317 3221 3345 3272; x_wconf 87' lang='grc' dir='ltr'><strong>ὃ</strong></span> <span class='ocrx_word' id='word_1_448' title='bbox 3377 3221 3440 3290; x_wconf 86' lang='grc' dir='ltr'><strong>δὴ</strong></span> <span class='ocrx_word' id='word_1_449' title='bbox 3468 3221 3780 3291; x_wconf 70' lang='grc' dir='ltr'>σαφηνίζων</span> 
     </span>
    </p>
   </div>
   <div class='ocr_carea' id='block_1_63' title="bbox 505 3308 2100 3380">
    <p class='ocr_par' dir='ltr' id='par_1_63' title="bbox 505 3308 2100 3380">
     <span class='ocr_line' id='line_1_63' title="bbox 505 3308 2100 3380; baseline 0.003 -20"><span class='ocrx_word' id='word_1_450' title='bbox 505 3309 670 3364; x_wconf 89' lang='lat' dir='ltr'><strong>animi</strong></span> <span class='ocrx_word' id='word_1_451' title='bbox 695 3309 935 3362; x_wconf 89' lang='lat' dir='ltr'><strong>motibus</strong></span> <span class='ocrx_word' id='word_1_452' title='bbox 963 3308 1232 3364; x_wconf 88' lang='lat' dir='ltr'><strong>obsistere</strong></span> <span class='ocrx_word' id='word_1_453' title='bbox 1278 3309 1526 3376; x_wconf 87' lang='lat' dir='ltr'><strong>solebat;</strong></span> <span class='ocrx_word' id='word_1_454' title='bbox 1558 3309 1703 3378; x_wconf 92' lang='lat' dir='ltr'><strong>quod</strong></span> <span class='ocrx_word' id='word_1_455' title='bbox 1757 3309 1808 3362; x_wconf 93' lang='lat' dir='ltr'><strong>in</strong></span> <span class='ocrx_word' id='word_1_456' title='bbox 1862 3324 2100 3380; x_wconf 78' lang='lat' dir='ltr'><strong>sequen-</strong></span> 
     </span>
    </p>
   </div>
   <div class='ocr_carea' id='block_1_64' title="bbox 503 3399 2097 3456">
    <p class='ocr_par' dir='ltr' id='par_1_64' title="bbox 503 3399 2097 3456">
     <span class='ocr_line' id='line_1_64' title="bbox 503 3399 2097 3456; baseline 0.001 -2"><span class='ocrx_word' id='word_1_457' title='bbox 503 3401 650 3456; x_wconf 83' lang='lat' dir='ltr'><strong>tibus</strong></span> <span class='ocrx_word' id='word_1_458' title='bbox 681 3400 923 3454; x_wconf 88' lang='lat' dir='ltr'><strong>declarat</strong></span> <span class='ocrx_word' id='word_1_459' title='bbox 978 3399 1065 3454; x_wconf 88' lang='lat' dir='ltr'><strong>bis</strong></span> <span class='ocrx_word' id='word_1_460' title='bbox 1094 3401 1272 3456; x_wconf 82' lang='lat' dir='ltr'><strong>verbis</strong></span> <span class='ocrx_word' id='word_1_461' title='bbox 1308 3419 1321 3455; x_wconf 89' lang='lat'><strong>:</strong></span> <span class='ocrx_word' id='word_1_462' title='bbox 1375 3399 1446 3453; x_wconf 86' lang='lat' dir='ltr'><strong>Et</strong></span> <span class='ocrx_word' id='word_1_463' title='bbox 1486 3401 1666 3456; x_wconf 87' lang='lat' dir='ltr'><strong>anima</strong></span> <span class='ocrx_word' id='word_1_464' title='bbox 1725 3419 1840 3456; x_wconf 87' lang='lat' dir='ltr'><strong>mea</strong></span> <span class='ocrx_word' id='word_1_465' title='bbox 1884 3401 2097 3456; x_wconf 75' lang='lat' dir='ltr'><strong>turbata</strong></span> 
     </span>
    </p>
   </div>
   <div class='ocr_carea' id='block_1_65' title="bbox 502 3493 2096 3565">
    <p class='ocr_par' dir='ltr' id='par_1_65' title="bbox 502 3493 2096 3565">
     <span class='ocr_line' id='line_1_65' title="bbox 502 3493 2096 3565; baseline 0.004 -15"><span class='ocrx_word' id='word_1_466' title='bbox 502 3506 580 3550; x_wconf 83' lang='lat' dir='ltr'><strong>est</strong></span> <span class='ocrx_word' id='word_1_467' title='bbox 611 3494 781 3552; x_wconf 84' lang='lat' dir='ltr'><strong>valde.</strong></span> <span class='ocrx_word' id='word_1_468' title='bbox 820 3493 1028 3550; x_wconf 84' lang='lat' dir='ltr'><strong>Medela</strong></span> <span class='ocrx_word' id='word_1_469' title='bbox 1063 3502 1244 3550; x_wconf 91' lang='lat' dir='ltr'><strong>autem</strong></span> <span class='ocrx_word' id='word_1_470' title='bbox 1285 3511 1384 3565; x_wconf 91' lang='lat' dir='ltr'><strong>pro</strong></span> <span class='ocrx_word' id='word_1_471' title='bbox 1413 3496 1729 3554; x_wconf 80' lang='lat' dir='ltr'><strong>infirmitate</strong></span> <span class='ocrx_word' id='word_1_472' title='bbox 1763 3499 1980 3565; x_wconf 69' lang='lat' dir='ltr'><strong>animae,</strong></span> <span class='ocrx_word' id='word_1_473' title='bbox 2015 3514 2096 3556; x_wconf 90' lang='lat' dir='ltr'><strong>est</strong></span> 
     </span>
    </p>
   </div>
   <div class='ocr_carea' id='block_1_66' title="bbox 503 3585 2091 3660">
    <p class='ocr_par' dir='ltr' id='par_1_66' title="bbox 503 3585 2091 3660">
     <span class='ocr_line' id='line_1_66' title="bbox 503 3585 2091 3660; baseline 0.005 -20"><span class='ocrx_word' id='word_1_474' title='bbox 503 3602 532 3640; x_wconf 89' lang='lat' dir='ltr'><strong>a</strong></span> <span class='ocrx_word' id='word_1_475' title='bbox 567 3585 677 3642; x_wconf 91' lang='lat' dir='ltr'><strong>Dco</strong></span> <span class='ocrx_word' id='word_1_476' title='bbox 708 3587 906 3642; x_wconf 86' lang='lat' dir='ltr'><strong>collata</strong></span> <span class='ocrx_word' id='word_1_477' title='bbox 951 3587 1161 3652; x_wconf 85' lang='lat' dir='ltr'><strong>virtus,</strong></span> <span class='ocrx_word' id='word_1_478' title='bbox 1193 3603 1359 3658; x_wconf 89' lang='lat' dir='ltr'><strong>quam</strong></span> <span class='ocrx_word' id='word_1_479' title='bbox 1413 3591 1668 3660; x_wconf 86' lang='lat' dir='ltr'><strong>quisquis</strong></span> <span class='ocrx_word' id='word_1_480' title='bbox 1719 3590 1930 3648; x_wconf 88' lang='lat' dir='ltr'><strong>obtinet</strong></span> <span class='ocrx_word' id='word_1_481' title='bbox 1959 3593 2034 3646; x_wconf 72' lang='lat' dir='ltr'><strong>ait</strong></span> <span class='ocrx_word' id='word_1_482' title='bbox 2077 3611 2091 3648; x_wconf 88' lang='lat'><strong>:</strong></span> 
     </span>
    </p>
   </div>
   <div class='ocr_carea' id='block_1_67' title="bbox 504 3679 2092 3754">
    <p class='ocr_par' dir='ltr' id='par_1_67' title="bbox 504 3679 2092 3754">
     <span class='ocr_line' id='line_1_67' title="bbox 504 3679 2092 3754; baseline 0.004 -18"><span class='ocrx_word' id='word_1_483' title='bbox 504 3679 708 3748; x_wconf 75' lang='lat' dir='ltr'><strong>Omnia</strong></span> <span class='ocrx_word' id='word_1_484' title='bbox 730 3695 944 3749; x_wconf 84' lang='lat' dir='ltr'><strong>possum</strong></span> <span class='ocrx_word' id='word_1_485' title='bbox 983 3683 1038 3736; x_wconf 86' lang='lat' dir='ltr'><strong>in</strong></span> <span class='ocrx_word' id='word_1_486' title='bbox 1068 3679 1279 3738; x_wconf 83' lang='lat' dir='ltr'><strong>Christo</strong></span> <span class='ocrx_word' id='word_1_487' title='bbox 1310 3683 1399 3754; x_wconf 80' lang='lat' dir='ltr'><strong>qui</strong></span> <span class='ocrx_word' id='word_1_488' title='bbox 1438 3699 1518 3737; x_wconf 89' lang='lat' dir='ltr'><strong>me</strong></span> <span class='ocrx_word' id='word_1_489' title='bbox 1548 3683 1815 3754; x_wconf 81' lang='lat' dir='ltr'><strong>confortat</strong></span> <span class='ocrx_word' id='word_1_490' title='bbox 1837 3685 1904 3740; x_wconf 75' lang='grc' dir='ltr'><strong>τί.</strong></span> <span class='ocrx_word' id='word_1_491' title='bbox 1935 3685 2092 3754; x_wconf 87' lang='lat' dir='ltr'><strong>Quod</strong></span> 
     </span>
    </p>
   </div>
   <div class='ocr_carea' id='block_1_68' title="bbox 499 3772 2090 3849">
    <p class='ocr_par' dir='ltr' id='par_1_68' title="bbox 499 3772 2090 3849">
     <span class='ocr_line' id='line_1_68' title="bbox 499 3772 2090 3849; baseline 0.005 -25"><span class='ocrx_word' id='word_1_492' title='bbox 499 3779 680 3828; x_wconf 79' lang='lat' dir='ltr'><strong>autem</strong></span> <span class='ocrx_word' id='word_1_493' title='bbox 705 3787 814 3827; x_wconf 91' lang='lat' dir='ltr'><strong>non</strong></span> <span class='ocrx_word' id='word_1_494' title='bbox 841 3772 908 3828; x_wconf 92' lang='lat' dir='ltr'><strong>dc</strong></span> <span class='ocrx_word' id='word_1_495' title='bbox 936 3773 1290 3830; x_wconf 87' lang='lat' dir='ltr'><strong>scnsibilibus</strong></span> <span class='ocrx_word' id='word_1_496' title='bbox 1339 3776 1562 3832; x_wconf 90' lang='lat' dir='ltr'><strong>ossibus</strong></span> <span class='ocrx_word' id='word_1_497' title='bbox 1602 3775 1878 3847; x_wconf 85' lang='lat' dir='ltr'><strong>loquatur,</strong></span> <span class='ocrx_word' id='word_1_498' title='bbox 1911 3779 2090 3849; x_wconf 85' lang='lat' dir='ltr'><strong>palam</strong></span> 
     </span>
    </p>
   </div>
   <div class='ocr_carea' id='block_1_69' title="bbox 499 3863 2090 3942">
    <p class='ocr_par' dir='ltr' id='par_1_69' title="bbox 499 3863 2090 3942">
     <span class='ocr_line' id='line_1_69' title="bbox 499 3863 2090 3942; baseline 0.006 -26"><span class='ocrx_word' id='word_1_499' title='bbox 499 3863 628 3918; x_wconf 82' lang='lat' dir='ltr'><strong>facit</strong></span> <span class='ocrx_word' id='word_1_500' title='bbox 653 3865 786 3919; x_wconf 92' lang='lat' dir='ltr'><strong>illud</strong></span> <span class='ocrx_word' id='word_1_501' title='bbox 817 3883 830 3919; x_wconf 89' lang='lat'><strong>:</strong></span> <span class='ocrx_word' id='word_1_502' title='bbox 863 3864 1056 3920; x_wconf 84' lang='lat' dir='ltr'><strong>Omnia</strong></span> <span class='ocrx_word' id='word_1_503' title='bbox 1107 3885 1229 3921; x_wconf 83' lang='lat' dir='ltr'><strong>ossa</strong></span> <span class='ocrx_word' id='word_1_504' title='bbox 1282 3885 1397 3922; x_wconf 79' lang='lat' dir='ltr'><strong>mea</strong></span> <span class='ocrx_word' id='word_1_505' title='bbox 1438 3869 1614 3922; x_wconf 81' lang='lat' dir='ltr'><strong>dicent</strong></span> <span class='ocrx_word' id='word_1_506' title='bbox 1645 3887 1663 3924; x_wconf 90' lang='lat'><em>:</em></span> <span class='ocrx_word' id='word_1_507' title='bbox 1695 3869 1940 3938; x_wconf 88' lang='lat' dir='ltr'><strong>Domine,</strong></span> <span class='ocrx_word' id='word_1_508' title='bbox 1974 3873 2090 3942; x_wconf 86' lang='lat' dir='ltr'><strong>quis</strong></span> 
     </span>
    </p>
   </div>
   <div class='ocr_carea' id='block_1_70' title="bbox 495 3953 2090 4029">
    <p class='ocr_par' dir='ltr' id='par_1_70' title="bbox 495 3953 2090 4029">
     <span class='ocr_line' id='line_1_70' title="bbox 495 3953 2090 4029; baseline 0.005 -22"><span class='ocrx_word' id='word_1_509' title='bbox 495 3953 688 4008; x_wconf 80' lang='lat' dir='ltr'><strong>similis</strong></span> <span class='ocrx_word' id='word_1_510' title='bbox 719 3956 814 4008; x_wconf 86' lang='lat' dir='ltr'><strong>tibi</strong></span> <span class='ocrx_word' id='word_1_511' title='bbox 844 3955 929 4008; x_wconf 72' lang='lat'><strong>7’?</strong></span> <span class='ocrx_word' id='word_1_512' title='bbox 958 3963 1010 4010; x_wconf 87' lang='lat' dir='ltr'><strong>ct</strong></span> <span class='ocrx_word' id='word_1_513' title='bbox 1041 3956 1174 4011; x_wconf 82' lang='lat' dir='ltr'><strong>illud</strong></span> <span class='ocrx_word' id='word_1_514' title='bbox 1217 3974 1436 4029; x_wconf 87' lang='lat' dir='ltr'><strong>quoque</strong></span> <span class='ocrx_word' id='word_1_515' title='bbox 1461 3978 1474 4012; x_wconf 90' lang='lat'><strong>:</strong></span> <span class='ocrx_word' id='word_1_516' title='bbox 1503 3958 1776 4028; x_wconf 85' lang='lat' dir='ltr'><strong>Dissipata</strong></span> <span class='ocrx_word' id='word_1_517' title='bbox 1809 3971 1933 4014; x_wconf 88' lang='lat' dir='ltr'><strong>sunt</strong></span> <span class='ocrx_word' id='word_1_518' title='bbox 1968 3978 2090 4015; x_wconf 85' lang='lat' dir='ltr'><strong>ossa</strong></span> 
     </span>
    </p>
   </div>
   <div class='ocr_carea' id='block_1_71' title="bbox 497 4045 1790 4114">
    <p class='ocr_par' dir='ltr' id='par_1_71' title="bbox 497 4045 1790 4114">
     <span class='ocr_line' id='line_1_71' title="bbox 497 4045 1790 4114; baseline 0.004 -18"><span class='ocrx_word' id='word_1_519' title='bbox 497 4053 680 4096; x_wconf 84' lang='lat' dir='ltr'><strong>nostra</strong></span> <span class='ocrx_word' id='word_1_520' title='bbox 718 4061 866 4098; x_wconf 86' lang='lat' dir='ltr'><strong>secus</strong></span> <span class='ocrx_word' id='word_1_521' title='bbox 899 4045 1164 4114; x_wconf 78' lang='lat' dir='ltr'><strong>infernum</strong></span> <span class='ocrx_word' id='word_1_522' title='bbox 1187 4049 1254 4099; x_wconf 84' lang='grc'><strong>⁷³.</strong></span> <span class='ocrx_word' id='word_1_523' title='bbox 1787 4071 1790 4074; x_wconf 61' lang='grc'><strong>’</strong></span> 
     </span>
    </p>
   </div>
   <div class='ocr_carea' id='block_1_72' title="bbox 569 4133 2091 4212">
    <p class='ocr_par' dir='ltr' id='par_1_72' title="bbox 569 4133 2091 4212">
     <span class='ocr_line' id='line_1_72' title="bbox 569 4133 2091 4212; baseline 0.005 -24"><span class='ocrx_word' id='word_1_524' title='bbox 569 4133 637 4188; x_wconf 86' lang='lat' dir='ltr'><strong>Et</strong></span> <span class='ocrx_word' id='word_1_525' title='bbox 678 4145 756 4198; x_wconf 88' lang='lat' dir='ltr'><strong>tu,</strong></span> <span class='ocrx_word' id='word_1_526' title='bbox 823 4135 1068 4203; x_wconf 86' lang='lat' dir='ltr'><strong>Domine,</strong></span> <span class='ocrx_word' id='word_1_527' title='bbox 1105 4143 1412 4209; x_wconf 81' lang='lat' dir='ltr'><strong>usquequo?</strong></span> <span class='ocrx_word' id='word_1_528' title='bbox 1447 4140 1772 4195; x_wconf 89' lang='lat' dir='ltr'><strong>Diuturnum</strong></span> <span class='ocrx_word' id='word_1_529' title='bbox 1819 4141 2091 4212; x_wconf 78' lang='lat' dir='ltr'><strong>pteniten-</strong></span> 
     </span>
    </p>
   </div>
   <div class='ocr_carea' id='block_1_73' title="bbox 497 4226 2090 4301">
    <p class='ocr_par' dir='ltr' id='par_1_73' title="bbox 497 4226 2090 4301">
     <span class='ocr_line' id='line_1_73' title="bbox 497 4226 2090 4301; baseline 0.004 -24"><span class='ocrx_word' id='word_1_530' title='bbox 497 4226 585 4279; x_wconf 68' lang='lat' dir='ltr'><strong>tia:</strong></span> <span class='ocrx_word' id='word_1_531' title='bbox 627 4241 740 4280; x_wconf 65' lang='lat' dir='ltr'><strong>suae</strong></span> <span class='ocrx_word' id='word_1_532' title='bbox 777 4233 991 4296; x_wconf 88' lang='lat' dir='ltr'><strong>tempus</strong></span> <span class='ocrx_word' id='word_1_533' title='bbox 1018 4230 1292 4284; x_wconf 86' lang='lat' dir='ltr'><strong>enuntiat.</strong></span> <span class='ocrx_word' id='word_1_534' title='bbox 1343 4227 1554 4285; x_wconf 88' lang='lat' dir='ltr'><strong>Etenim</strong></span> <span class='ocrx_word' id='word_1_535' title='bbox 1598 4233 1814 4301; x_wconf 89' lang='lat' dir='ltr'><strong>sapiens</strong></span> <span class='ocrx_word' id='word_1_536' title='bbox 1851 4232 1940 4286; x_wconf 88' lang='lat' dir='ltr'><strong>ille</strong></span> <span class='ocrx_word' id='word_1_537' title='bbox 1969 4231 2090 4284; x_wconf 74' lang='lat' dir='ltr'><strong>aui-</strong></span> 
     </span>
    </p>
   </div>
   <div class='ocr_carea' id='block_1_74' title="bbox 495 4319 2086 4393">
    <p class='ocr_par' dir='ltr' id='par_1_74' title="bbox 495 4319 2086 4393">
     <span class='ocr_line' id='line_1_74' title="bbox 495 4319 2086 4393; baseline 0.004 -23"><span class='ocrx_word' id='word_1_538' title='bbox 495 4333 708 4370; x_wconf 84' lang='lat' dir='ltr'><strong>marum</strong></span> <span class='ocrx_word' id='word_1_539' title='bbox 752 4319 1020 4385; x_wconf 86' lang='lat' dir='ltr'><strong>medicus,</strong></span> <span class='ocrx_word' id='word_1_540' title='bbox 1078 4336 1188 4374; x_wconf 90' lang='lat' dir='ltr'><strong>non</strong></span> <span class='ocrx_word' id='word_1_541' title='bbox 1239 4323 1445 4384; x_wconf 89' lang='lat' dir='ltr'><strong>statim,</strong></span> <span class='ocrx_word' id='word_1_542' title='bbox 1497 4339 1674 4392; x_wconf 89' lang='lat' dir='ltr'><strong>neque</strong></span> <span class='ocrx_word' id='word_1_543' title='bbox 1735 4323 1802 4376; x_wconf 87' lang='lat' dir='ltr'><strong>ad</strong></span> <span class='ocrx_word' id='word_1_544' title='bbox 1854 4323 2086 4393; x_wconf 88' lang='lat' dir='ltr'><strong>primam</strong></span> 
     </span>
    </p>
   </div>
   <div class='ocr_carea' id='block_1_75' title="bbox 489 4410 2086 4486">
    <p class='ocr_par' dir='ltr' id='par_1_75' title="bbox 489 4410 2086 4486">
     <span class='ocr_line' id='line_1_75' title="bbox 489 4410 2086 4486; baseline 0.004 -22"><span class='ocrx_word' id='word_1_545' title='bbox 489 4410 932 4481; x_wconf 77' lang='lat' dir='ltr'><strong>cillagitationem</strong></span> <span class='ocrx_word' id='word_1_546' title='bbox 967 4413 1365 4484; x_wconf 82' lang='lat' dir='ltr'><strong>supplicantem</strong></span> <span class='ocrx_word' id='word_1_547' title='bbox 1395 4417 1634 4478; x_wconf 81' lang='lat' dir='ltr'><strong>exaudit,</strong></span> <span class='ocrx_word' id='word_1_548' title='bbox 1659 4425 1719 4470; x_wconf 89' lang='lat' dir='ltr'><strong>ut</strong></span> <span class='ocrx_word' id='word_1_549' title='bbox 1747 4417 1800 4470; x_wconf 90' lang='lat' dir='ltr'><strong>in</strong></span> <span class='ocrx_word' id='word_1_550' title='bbox 1825 4417 1918 4469; x_wconf 76' lang='lat' dir='ltr'><strong>illo</strong></span> <span class='ocrx_word' id='word_1_551' title='bbox 1945 4415 2086 4486; x_wconf 64' lang='lat' dir='ltr'><strong>atqui</strong></span> 
     </span>
    </p>
   </div>
   <div class='ocr_carea' id='block_1_76' title="bbox 493 4502 2084 4576">
    <p class='ocr_par' dir='ltr' id='par_1_76' title="bbox 493 4502 2084 4576">
     <span class='ocr_line' id='line_1_76' title="bbox 493 4502 2084 4576; baseline 0.004 -20"><span class='ocrx_word' id='word_1_552' title='bbox 493 4502 732 4573; x_wconf 89' lang='lat' dir='ltr'><strong>bonique</strong></span> <span class='ocrx_word' id='word_1_553' title='bbox 777 4503 972 4560; x_wconf 70' lang='lat' dir='ltr'><strong>affectu</strong></span> <span class='ocrx_word' id='word_1_554' title='bbox 1019 4505 1228 4561; x_wconf 87' lang='lat' dir='ltr'><strong>diutius</strong></span> <span class='ocrx_word' id='word_1_555' title='bbox 1261 4515 1600 4576; x_wconf 89' lang='lat' dir='ltr'><strong>permaneat,</strong></span> <span class='ocrx_word' id='word_1_556' title='bbox 1633 4523 1697 4561; x_wconf 88' lang='lat' dir='ltr'><strong>ac</strong></span> <span class='ocrx_word' id='word_1_557' title='bbox 1727 4509 1938 4562; x_wconf 81' lang='lat' dir='ltr'><strong>firmam</strong></span> <span class='ocrx_word' id='word_1_558' title='bbox 1969 4521 2084 4563; x_wconf 84' lang='lat' dir='ltr'><strong>sta-</strong></span> 
     </span>
    </p>
   </div>
   <div class='ocr_carea' id='block_1_77' title="bbox 2200 3311 3780 3386">
    <p class='ocr_par' dir='ltr' id='par_1_77' title="bbox 2200 3311 3780 3386">
     <span class='ocr_line' id='line_1_77' title="bbox 2200 3311 3780 3386; baseline 0 -20"><span class='ocrx_word' id='word_1_559' title='bbox 2200 3315 2446 3386; x_wconf 83' lang='grc' dir='ltr'>ὲπήγαγε</span> <span class='ocrx_word' id='word_1_560' title='bbox 2467 3331 2480 3344; x_wconf 91' lang='grc'><strong>·</strong></span> <span class='ocrx_word' id='word_1_561' title='bbox 2515 3313 2626 3368; x_wconf 79' lang='grc' dir='ltr'><strong>Καὶ</strong></span> <span class='ocrx_word' id='word_1_562' title='bbox 2651 3315 2690 3383; x_wconf 74' lang='grc' dir='ltr'>ἡ</span> <span class='ocrx_word' id='word_1_563' title='bbox 2726 3313 2896 3382; x_wconf 69' lang='grc' dir='ltr'><strong>ψυχή</strong></span> <span class='ocrx_word' id='word_1_564' title='bbox 2929 3331 3050 3383; x_wconf 81' lang='grc' dir='ltr'>μου</span> <span class='ocrx_word' id='word_1_565' title='bbox 3071 3311 3365 3381; x_wconf 77' lang='grc' dir='ltr'>ἐταράχθη</span> <span class='ocrx_word' id='word_1_566' title='bbox 3384 3313 3636 3382; x_wconf 65' lang='grc' dir='ltr'>σφόδρα.</span> <span class='ocrx_word' id='word_1_567' title='bbox 3669 3315 3780 3366; x_wconf 87' lang='grc' dir='ltr'><strong>Ἴα-</strong></span> 
     </span>
    </p>
   </div>
   <div class='ocr_carea' id='block_1_78' title="bbox 2202 3403 3780 3480">
    <p class='ocr_par' dir='ltr' id='par_1_78' title="bbox 2202 3403 3780 3480">
     <span class='ocr_line' id='line_1_78' title="bbox 2202 3403 3780 3480; baseline -0.001 -18"><span class='ocrx_word' id='word_1_568' title='bbox 2202 3427 2286 3472; x_wconf 89' lang='grc' dir='ltr'><strong>σις</strong></span> <span class='ocrx_word' id='word_1_569' title='bbox 2316 3409 2374 3463; x_wconf 83' lang='grc' dir='ltr'>δὲ</span> <span class='ocrx_word' id='word_1_570' title='bbox 2400 3407 2683 3470; x_wconf 82' lang='grc' dir='ltr'>ἀσθενείας</span> <span class='ocrx_word' id='word_1_571' title='bbox 2707 3407 2939 3480; x_wconf 75' lang='grc' dir='ltr'>ψυχῆςή</span> <span class='ocrx_word' id='word_1_572' title='bbox 2975 3407 3038 3461; x_wconf 82' lang='grc' dir='ltr'>ἐκ</span> <span class='ocrx_word' id='word_1_573' title='bbox 3073 3407 3209 3460; x_wconf 87' lang='grc' dir='ltr'>Θεοῦ</span> <span class='ocrx_word' id='word_1_574' title='bbox 3246 3407 3471 3479; x_wconf 84' lang='grc' dir='ltr'>δύναμις</span> <span class='ocrx_word' id='word_1_575' title='bbox 3491 3425 3503 3438; x_wconf 88' lang='grc'>·</span> <span class='ocrx_word' id='word_1_576' title='bbox 3537 3403 3604 3479; x_wconf 81' lang='grc' dir='ltr'><strong>ἧς</strong></span> <span class='ocrx_word' id='word_1_577' title='bbox 3633 3409 3662 3460; x_wconf 78' lang='grc' dir='ltr'>ὁ</span> <span class='ocrx_word' id='word_1_578' title='bbox 3685 3423 3780 3460; x_wconf 87' lang='grc' dir='ltr'>τυ-</span> 
     </span>
    </p>
   </div>
   <div class='ocr_carea' id='block_1_79' title="bbox 2199 3498 3780 3572">
    <p class='ocr_par' dir='ltr' id='par_1_79' title="bbox 2199 3498 3780 3572">
     <span class='ocr_line' id='line_1_79' title="bbox 2199 3498 3780 3572; baseline -0.001 -20"><span class='ocrx_word' id='word_1_579' title='bbox 2199 3499 2307 3570; x_wconf 84' lang='grc' dir='ltr'><strong>χών</strong></span> <span class='ocrx_word' id='word_1_580' title='bbox 2333 3517 2464 3572; x_wconf 78' lang='grc' dir='ltr'>φησι</span> <span class='ocrx_word' id='word_1_581' title='bbox 2484 3517 2496 3530; x_wconf 79' lang='grc'><strong><em>⁸</em></strong></span> <span class='ocrx_word' id='word_1_582' title='bbox 2535 3499 2738 3553; x_wconf 76' lang='grc' dir='ltr'>Πάντα</span> <span class='ocrx_word' id='word_1_583' title='bbox 2783 3501 2972 3570; x_wconf 78' lang='grc' dir='ltr'>ἰσχύω</span> <span class='ocrx_word' id='word_1_584' title='bbox 3002 3499 3072 3552; x_wconf 80' lang='grc' dir='ltr'><strong>ἐν</strong></span> <span class='ocrx_word' id='word_1_585' title='bbox 3099 3498 3178 3565; x_wconf 84' lang='grc' dir='ltr'>τῷ</span> <span class='ocrx_word' id='word_1_586' title='bbox 3213 3498 3654 3568; x_wconf 75' lang='grc' dir='ltr'>ἐνδυναμοῦντί</span> <span class='ocrx_word' id='word_1_587' title='bbox 3701 3513 3780 3567; x_wconf 78' lang='grc' dir='ltr'><strong>με</strong></span> 
     </span>
    </p>
   </div>
   <div class='ocr_carea' id='block_1_80' title="bbox 2196 3589 3780 3663">
    <p class='ocr_par' dir='ltr' id='par_1_80' title="bbox 2196 3589 3780 3663">
     <span class='ocr_line' id='line_1_80' title="bbox 2196 3589 3780 3663; baseline -0.004 -13"><span class='ocrx_word' id='word_1_588' title='bbox 2196 3591 2445 3663; x_wconf 77' lang='grc' dir='ltr'>Χριστῷ.</span> <span class='ocrx_word' id='word_1_589' title='bbox 2483 3592 2602 3646; x_wconf 86' lang='grc' dir='ltr'>Ὅτι</span> <span class='ocrx_word' id='word_1_590' title='bbox 2638 3591 2694 3645; x_wconf 80' lang='grc' dir='ltr'>δὲ</span> <span class='ocrx_word' id='word_1_591' title='bbox 2723 3593 2797 3663; x_wconf 80' lang='grc' dir='ltr'><strong>μὴ</strong></span> <span class='ocrx_word' id='word_1_592' title='bbox 2836 3592 3054 3655; x_wconf 87' lang='grc' dir='ltr'>πάντως</span> <span class='ocrx_word' id='word_1_593' title='bbox 3079 3589 3311 3662; x_wconf 84' lang='grc' dir='ltr'>αἰσθητά</span> <span class='ocrx_word' id='word_1_594' title='bbox 3347 3591 3416 3643; x_wconf 79' lang='grc' dir='ltr'><strong>τά</strong></span> <span class='ocrx_word' id='word_1_595' title='bbox 3450 3592 3604 3654; x_wconf 80' lang='grc' dir='ltr'>ὀστᾶ,</span> <span class='ocrx_word' id='word_1_596' title='bbox 3629 3590 3780 3661; x_wconf 85' lang='grc' dir='ltr'><strong>δηλοῖ</strong></span> 
     </span>
    </p>
   </div>
   <div class='ocr_carea' id='block_1_81' title="bbox 2195 3683 3780 3755">
    <p class='ocr_par' dir='ltr' id='par_1_81' title="bbox 2195 3683 3780 3755">
     <span class='ocr_line' id='line_1_81' title="bbox 2195 3683 3780 3755; baseline -0.004 -14"><span class='ocrx_word' id='word_1_597' title='bbox 2195 3687 2278 3752; x_wconf 87' lang='grc' dir='ltr'><strong>τὺ,</strong></span> <span class='ocrx_word' id='word_1_598' title='bbox 2306 3685 2512 3740; x_wconf 77' lang='grc' dir='ltr'>Πάντα</span> <span class='ocrx_word' id='word_1_599' title='bbox 2526 3685 2597 3740; x_wconf 89' lang='grc' dir='ltr'>τὰ</span> <span class='ocrx_word' id='word_1_600' title='bbox 2614 3683 2766 3741; x_wconf 75' lang='grc' dir='ltr'>ὀστᾶ</span> <span class='ocrx_word' id='word_1_601' title='bbox 2785 3703 2903 3755; x_wconf 86' lang='grc' dir='ltr'>μου</span> <span class='ocrx_word' id='word_1_602' title='bbox 2933 3683 3208 3755; x_wconf 81' lang='grc' dir='ltr'>ἐροῦσιν·</span> <span class='ocrx_word' id='word_1_603' title='bbox 3243 3685 3439 3752; x_wconf 83' lang='grc' dir='ltr'>Κύριε,</span> <span class='ocrx_word' id='word_1_604' title='bbox 3469 3684 3559 3750; x_wconf 83' lang='grc' dir='ltr'><strong>τίς</strong></span> <span class='ocrx_word' id='word_1_605' title='bbox 3579 3683 3780 3752; x_wconf 78' lang='grc' dir='ltr'>ὅμοιός</span> 
     </span>
    </p>
   </div>
   <div class='ocr_carea' id='block_1_82' title="bbox 2193 3774 3778 3848">
    <p class='ocr_par' dir='ltr' id='par_1_82' title="bbox 2193 3774 3778 3848">
     <span class='ocr_line' id='line_1_82' title="bbox 2193 3774 3778 3848; baseline -0.004 -15"><span class='ocrx_word' id='word_1_606' title='bbox 2193 3793 2330 3844; x_wconf 81' lang='grc' dir='ltr'>σοι;</span> <span class='ocrx_word' id='word_1_607' title='bbox 2389 3779 2500 3833; x_wconf 72' lang='grc' dir='ltr'>Καὶ</span> <span class='ocrx_word' id='word_1_608' title='bbox 2534 3779 2615 3844; x_wconf 82' lang='grc' dir='ltr'><strong>τὸ,</strong></span> <span class='ocrx_word' id='word_1_609' title='bbox 2645 3779 3084 3848; x_wconf 80' lang='grc' dir='ltr'>Διεσκορπίσθη</span> <span class='ocrx_word' id='word_1_610' title='bbox 3107 3777 3181 3832; x_wconf 82' lang='grc' dir='ltr'>τὰ</span> <span class='ocrx_word' id='word_1_611' title='bbox 3205 3775 3358 3832; x_wconf 86' lang='grc' dir='ltr'>ὀστᾶ</span> <span class='ocrx_word' id='word_1_612' title='bbox 3396 3776 3566 3848; x_wconf 74' lang='grc' dir='ltr'>ἡμῶν</span> <span class='ocrx_word' id='word_1_613' title='bbox 3617 3774 3778 3845; x_wconf 80' lang='grc' dir='ltr'>παρὰ</span> 
     </span>
    </p>
   </div>
   <div class='ocr_carea' id='block_1_83' title="bbox 2191 3871 2500 3940">
    <p class='ocr_par' dir='ltr' id='par_1_83' title="bbox 2191 3871 2500 3940">
     <span class='ocr_line' id='line_1_83' title="bbox 2191 3871 2500 3940; baseline -0.003 -14"><span class='ocrx_word' id='word_1_614' title='bbox 2191 3872 2299 3926; x_wconf 77' lang='grc' dir='ltr'><strong>τὸν</strong></span> <span class='ocrx_word' id='word_1_615' title='bbox 2326 3871 2500 3940; x_wconf 79' lang='grc' dir='ltr'><strong>ᾅδην.</strong></span> 
     </span>
    </p>
   </div>
   <div class='ocr_carea' id='block_1_84' title="bbox 2213 4133 3774 4206">
    <p class='ocr_par' dir='ltr' id='par_1_84' title="bbox 2213 4133 3774 4206">
     <span class='ocr_line' id='line_1_84' title="bbox 2213 4133 3774 4206; baseline -0.004 -13"><span class='ocrx_word' id='word_1_616' title='bbox 2213 4169 2218 4173; x_wconf 88' lang='lat'><strong>-</strong></span> <span class='ocrx_word' id='word_1_617' title='bbox 2263 4139 2372 4193; x_wconf 78' lang='grc' dir='ltr'><strong>Καὶ</strong></span> <span class='ocrx_word' id='word_1_618' title='bbox 2426 4137 2530 4200; x_wconf 83' lang='grc' dir='ltr'>σὺ,</span> <span class='ocrx_word' id='word_1_619' title='bbox 2579 4141 2796 4206; x_wconf 78' lang='grc' dir='ltr'>Κύριε,</span> <span class='ocrx_word' id='word_1_620' title='bbox 2860 4135 2971 4200; x_wconf 82' lang='grc' dir='ltr'><strong>ἓως</strong></span> <span class='ocrx_word' id='word_1_621' title='bbox 3037 4136 3214 4200; x_wconf 63' lang='lat' dir='ltr'><strong>ardre;</strong></span> <span class='ocrx_word' id='word_1_622' title='bbox 3275 4137 3386 4206; x_wconf 79' lang='grc' dir='ltr'>Τὴν</span> <span class='ocrx_word' id='word_1_623' title='bbox 3437 4135 3528 4188; x_wconf 71' lang='grc' dir='ltr'>ἐπὶ</span> <span class='ocrx_word' id='word_1_624' title='bbox 3578 4133 3774 4205; x_wconf 82' lang='grc' dir='ltr'>μακρῷ</span> 
     </span>
    </p>
   </div>
   <div class='ocr_carea' id='block_1_85' title="bbox 2191 4225 3771 4302">
    <p class='ocr_par' dir='ltr' id='par_1_85' title="bbox 2191 4225 3771 4302">
     <span class='ocr_line' id='line_1_85' title="bbox 2191 4225 3771 4302; baseline -0.003 -20"><span class='ocrx_word' id='word_1_625' title='bbox 2191 4229 2367 4301; x_wconf 83' lang='grc' dir='ltr'>χρόνῳ</span> <span class='ocrx_word' id='word_1_626' title='bbox 2407 4231 2713 4302; x_wconf 85' lang='grc' dir='ltr'>παράτασιν</span> <span class='ocrx_word' id='word_1_627' title='bbox 2767 4230 2866 4301; x_wconf 82' lang='grc' dir='ltr'>τῆς</span> <span class='ocrx_word' id='word_1_628' title='bbox 2913 4228 3108 4284; x_wconf 82' lang='grc' dir='ltr'>ἑαυτοῦ</span> <span class='ocrx_word' id='word_1_629' title='bbox 3167 4228 3456 4301; x_wconf 82' lang='grc' dir='ltr'>μετανοίας</span> <span class='ocrx_word' id='word_1_630' title='bbox 3495 4225 3771 4298; x_wconf 74' lang='grc' dir='ltr'>ἐμφαίνει.</span> 
     </span>
    </p>
   </div>
   <div class='ocr_carea' id='block_1_86' title="bbox 2201 4320 3772 4394">
    <p class='ocr_par' dir='ltr' id='par_1_86' title="bbox 2201 4320 3772 4394">
     <span class='ocr_line' id='line_1_86' title="bbox 2201 4320 3772 4394; baseline -0.004 -17"><span class='ocrx_word' id='word_1_631' title='bbox 2201 4324 2258 4377; x_wconf 90' lang='lat'><strong>&#39;0</strong></span> <span class='ocrx_word' id='word_1_632' title='bbox 2285 4324 2392 4393; x_wconf 85' lang='grc' dir='ltr'><strong>γάρ</strong></span> <span class='ocrx_word' id='word_1_633' title='bbox 2417 4339 2500 4376; x_wconf 91' lang='grc' dir='ltr'><strong>τοι</strong></span> <span class='ocrx_word' id='word_1_634' title='bbox 2547 4323 2710 4392; x_wconf 71' lang='grc' dir='ltr'>σοφὸς</span> <span class='ocrx_word' id='word_1_635' title='bbox 2741 4321 2850 4375; x_wconf 85' lang='grc' dir='ltr'>τῶν</span> <span class='ocrx_word' id='word_1_636' title='bbox 2893 4322 3080 4394; x_wconf 76' lang='grc' dir='ltr'>ψυχῶν</span> <span class='ocrx_word' id='word_1_637' title='bbox 3123 4323 3304 4394; x_wconf 69' lang='grc' dir='ltr'>ἰατρὸς</span> <span class='ocrx_word' id='word_1_638' title='bbox 3338 4323 3397 4374; x_wconf 78' lang='grc' dir='ltr'><strong>οὐ</strong></span> <span class='ocrx_word' id='word_1_639' title='bbox 3434 4320 3772 4392; x_wconf 79' lang='grc' dir='ltr'>παραχρῆμα</span> 
     </span>
    </p>
   </div>
   <div class='ocr_carea' id='block_1_87' title="bbox 2186 4413 3768 4488">
    <p class='ocr_par' dir='ltr' id='par_1_87' title="bbox 2186 4413 3768 4488">
     <span class='ocr_line' id='line_1_87' title="bbox 2186 4413 3768 4488; baseline -0.004 -18"><span class='ocrx_word' id='word_1_640' title='bbox 2186 4416 2328 4471; x_wconf 83' lang='grc' dir='ltr'>κατὰ</span> <span class='ocrx_word' id='word_1_641' title='bbox 2353 4415 2450 4488; x_wconf 82' lang='grc' dir='ltr'>τὴν</span> <span class='ocrx_word' id='word_1_642' title='bbox 2481 4414 2705 4487; x_wconf 84' lang='grc' dir='ltr'>πρώτην</span> <span class='ocrx_word' id='word_1_643' title='bbox 2728 4415 3060 4487; x_wconf 76' lang='grc' dir='ltr'>ἐπιστροφὴν</span> <span class='ocrx_word' id='word_1_644' title='bbox 3090 4413 3348 4468; x_wconf 78' lang='grc' dir='ltr'>ἐπακούει</span> <span class='ocrx_word' id='word_1_645' title='bbox 3369 4415 3462 4466; x_wconf 84' lang='grc' dir='ltr'><strong>τοῦ</strong></span> <span class='ocrx_word' id='word_1_646' title='bbox 3493 4414 3768 4484; x_wconf 81' lang='grc' dir='ltr'>δεομένου,</span> 
     </span>
    </p>
   </div>
   <div class='ocr_carea' id='block_1_88' title="bbox 2185 4506 3772 4580">
    <p class='ocr_par' dir='ltr' id='par_1_88' title="bbox 2185 4506 3772 4580">
     <span class='ocr_line' id='line_1_88' title="bbox 2185 4506 3772 4580; baseline -0.003 -19"><span class='ocrx_word' id='word_1_647' title='bbox 2185 4508 2261 4573; x_wconf 84' lang='grc' dir='ltr'><strong>ὡς</strong></span> <span class='ocrx_word' id='word_1_648' title='bbox 2283 4509 2341 4562; x_wconf 83' lang='grc' dir='ltr'>ὲν</span> <span class='ocrx_word' id='word_1_649' title='bbox 2372 4507 2486 4574; x_wconf 76' lang='grc' dir='ltr'>ἕξει</span> <span class='ocrx_word' id='word_1_650' title='bbox 2517 4509 2821 4580; x_wconf 79' lang='grc' dir='ltr'>παραμόνῳ</span> <span class='ocrx_word' id='word_1_651' title='bbox 2867 4509 3092 4579; x_wconf 85' lang='grc' dir='ltr'>γένηται</span> <span class='ocrx_word' id='word_1_652' title='bbox 3121 4507 3381 4576; x_wconf 80' lang='grc' dir='ltr'>τάγαθοῦ,</span> <span class='ocrx_word' id='word_1_653' title='bbox 3413 4507 3636 4578; x_wconf 83' lang='grc' dir='ltr'>βεϐαίαν</span> <span class='ocrx_word' id='word_1_654' title='bbox 3661 4506 3772 4558; x_wconf 84' lang='grc' dir='ltr'>δεί-</span> 
     </span>
    </p>
   </div>
   <div class='ocr_carea' id='block_1_89' title="bbox 493 4592 2096 4674">
    <p class='ocr_par' dir='ltr' id='par_1_89' title="bbox 493 4592 2080 4670">
     <span class='ocr_line' id='line_1_89' title="bbox 493 4592 2080 4670; baseline 0.006 -24"><span class='ocrx_word' id='word_1_655' title='bbox 493 4592 768 4664; x_wconf 82' lang='lat' dir='ltr'><strong>bilemque</strong></span> <span class='ocrx_word' id='word_1_656' title='bbox 783 4595 1036 4652; x_wconf 79' lang='lat' dir='ltr'><strong>exhibeat</strong></span> <span class='ocrx_word' id='word_1_657' title='bbox 1065 4597 1476 4668; x_wconf 81' lang='lat' dir='ltr'><strong>paenitentiam;</strong></span> <span class='ocrx_word' id='word_1_658' title='bbox 1508 4600 1602 4654; x_wconf 89' lang='lat' dir='ltr'><strong>sed</strong></span> <span class='ocrx_word' id='word_1_659' title='bbox 1623 4611 1744 4669; x_wconf 90' lang='lat' dir='ltr'><strong>post</strong></span> <span class='ocrx_word' id='word_1_660' title='bbox 1771 4614 2080 4670; x_wconf 83' lang='lat' dir='ltr'><strong>congruen-</strong></span> 
     </span>
    </p>
   </div>
   <div class='ocr_carea' id='block_1_90' title="bbox 2195 4592 3771 4674">
    <p class='ocr_par' dir='ltr' id='par_1_90' title="bbox 2195 4599 3771 4674">
     <span class='ocr_line' id='line_1_90' title="bbox 2195 4599 3771 4674; baseline -0.002 -19"><span class='ocrx_word' id='word_1_661' title='bbox 2195 4602 2280 4669; x_wconf 78' lang='grc' dir='ltr'>ξας</span> <span class='ocrx_word' id='word_1_662' title='bbox 2309 4604 2598 4673; x_wconf 86' lang='grc' dir='ltr'>μετάνοιαν</span> <span class='ocrx_word' id='word_1_663' title='bbox 2622 4617 2636 4632; x_wconf 77' lang='grc' dir='ltr'><strong>ο</strong></span> <span class='ocrx_word' id='word_1_664' title='bbox 2697 4604 2791 4655; x_wconf 76' lang='grc' dir='ltr'><strong>καὶ</strong></span> <span class='ocrx_word' id='word_1_665' title='bbox 2823 4603 2959 4674; x_wconf 81' lang='grc' dir='ltr'><strong>μετά</strong></span> <span class='ocrx_word' id='word_1_666' title='bbox 2999 4601 3095 4670; x_wconf 82' lang='grc' dir='ltr'>τὴν</span> <span class='ocrx_word' id='word_1_667' title='bbox 3139 4601 3327 4672; x_wconf 72' lang='grc' dir='ltr'>ἱκανὴν</span> <span class='ocrx_word' id='word_1_668' title='bbox 3353 4601 3652 4672; x_wconf 83' lang='grc' dir='ltr'>καρτερίαν</span> <span class='ocrx_word' id='word_1_669' title='bbox 3673 4599 3771 4670; x_wconf 75' lang='grc' dir='ltr'><strong>τὴν</strong></span> 
     </span>
    </p>
   </div>
   <div class='ocr_carea' id='block_1_91' title="bbox 493 4689 2075 4767">
    <p class='ocr_par' dir='ltr' id='par_1_91' title="bbox 493 4689 2075 4767">
     <span class='ocr_line' id='line_1_91' title="bbox 493 4689 2075 4767; baseline 0.007 -27"><span class='ocrx_word' id='word_1_670' title='bbox 493 4695 601 4742; x_wconf 89' lang='lat' dir='ltr'><strong>tcm</strong></span> <span class='ocrx_word' id='word_1_671' title='bbox 654 4689 706 4742; x_wconf 93' lang='lat' dir='ltr'><strong>in</strong></span> <span class='ocrx_word' id='word_1_672' title='bbox 757 4691 1064 4748; x_wconf 81' lang='lat' dir='ltr'><strong>conﬁtendo</strong></span> <span class='ocrx_word' id='word_1_673' title='bbox 1116 4695 1577 4763; x_wconf 88' lang='lat' dir='ltr'><strong>perseverantiam</strong></span> <span class='ocrx_word' id='word_1_674' title='bbox 1635 4715 1647 4750; x_wconf 90' lang='lat'><strong>:</strong></span> <span class='ocrx_word' id='word_1_675' title='bbox 1719 4695 1822 4758; x_wconf 85' lang='lat' dir='ltr'><strong>Me,</strong></span> <span class='ocrx_word' id='word_1_676' title='bbox 1880 4697 2075 4767; x_wconf 86' lang='lat' dir='ltr'><strong>inquit,</strong></span> 
     </span>
    </p>
   </div>
   <div class='ocr_carea' id='block_1_92' title="bbox 491 4779 2078 4858">
    <p class='ocr_par' dir='ltr' id='par_1_92' title="bbox 491 4779 2078 4858">
     <span class='ocr_line' id='line_1_92' title="bbox 491 4779 2078 4858; baseline 0.008 -28"><span class='ocrx_word' id='word_1_677' title='bbox 491 4779 752 4843; x_wconf 76' lang='lat' dir='ltr'><strong>exorasti,</strong></span> <span class='ocrx_word' id='word_1_678' title='bbox 779 4789 1008 4850; x_wconf 86' lang='lat' dir='ltr'><strong>tempore</strong></span> <span class='ocrx_word' id='word_1_679' title='bbox 1032 4795 1241 4854; x_wconf 84' lang='lat' dir='ltr'><strong>accepto</strong></span> <span class='ocrx_word' id='word_1_680' title='bbox 1267 4785 1515 4839; x_wconf 74' lang='lat' dir='ltr'><strong>exaudiui</strong></span> <span class='ocrx_word' id='word_1_681' title='bbox 1547 4795 1592 4839; x_wconf 86' lang='lat' dir='ltr'><strong>te</strong></span> <span class='ocrx_word' id='word_1_682' title='bbox 1617 4786 1684 4841; x_wconf 62' lang='grc' dir='ltr'><strong>τι.</strong></span> <span class='ocrx_word' id='word_1_683' title='bbox 1715 4785 1852 4840; x_wconf 87' lang='lat' dir='ltr'><strong>Nam</strong></span> <span class='ocrx_word' id='word_1_684' title='bbox 1883 4789 1950 4844; x_wconf 91' lang='lat' dir='ltr'><strong>iis</strong></span> <span class='ocrx_word' id='word_1_685' title='bbox 1983 4789 2078 4858; x_wconf 90' lang='lat' dir='ltr'><strong>qui</strong></span> 
     </span>
    </p>
   </div>
   <div class='ocr_carea' id='block_1_93' title="bbox 491 4867 2077 4942">
    <p class='ocr_par' dir='ltr' id='par_1_93' title="bbox 491 4867 2077 4942">
     <span class='ocr_line' id='line_1_93' title="bbox 491 4867 2077 4942; baseline 0.008 -22"><span class='ocrx_word' id='word_1_686' title='bbox 491 4883 600 4920; x_wconf 88' lang='lat' dir='ltr'><strong>non</strong></span> <span class='ocrx_word' id='word_1_687' title='bbox 627 4867 680 4922; x_wconf 92' lang='lat' dir='ltr'><strong>in</strong></span> <span class='ocrx_word' id='word_1_688' title='bbox 706 4879 930 4938; x_wconf 90' lang='lat' dir='ltr'><strong>peccato</strong></span> <span class='ocrx_word' id='word_1_689' title='bbox 963 4873 1141 4942; x_wconf 91' lang='lat' dir='ltr'><strong>ipsum</strong></span> <span class='ocrx_word' id='word_1_690' title='bbox 1175 4875 1434 4931; x_wconf 89' lang='lat' dir='ltr'><strong>invocant</strong></span> <span class='ocrx_word' id='word_1_691' title='bbox 1464 4876 1610 4932; x_wconf 81' lang='lat' dir='ltr'><strong>dicet</strong></span> <span class='ocrx_word' id='word_1_692' title='bbox 1644 4897 1656 4931; x_wconf 89' lang='lat'><strong>:</strong></span> <span class='ocrx_word' id='word_1_693' title='bbox 1698 4877 1891 4932; x_wconf 84' lang='lat' dir='ltr'><strong>Adhuc</strong></span> <span class='ocrx_word' id='word_1_694' title='bbox 1919 4889 1972 4934; x_wconf 90' lang='lat' dir='ltr'><strong>te</strong></span> <span class='ocrx_word' id='word_1_695' title='bbox 2003 4879 2077 4933; x_wconf 91' lang='lat' dir='ltr'><strong>lo-</strong></span> 
     </span>
    </p>
   </div>
   <div class='ocr_carea' id='block_1_94' title="bbox 487 4959 1187 5026">
    <p class='ocr_par' dir='ltr' id='par_1_94' title="bbox 487 4959 1187 5026">
     <span class='ocr_line' id='line_1_94' title="bbox 487 4959 1187 5026; baseline 0.019 -19"><span class='ocrx_word' id='word_1_696' title='bbox 487 4967 712 5026; x_wconf 89' lang='lat' dir='ltr'><strong>quente,</strong></span> <span class='ocrx_word' id='word_1_697' title='bbox 747 4959 881 5016; x_wconf 85' lang='lat' dir='ltr'><strong>Ecce</strong></span> <span class='ocrx_word' id='word_1_698' title='bbox 908 4963 1096 5018; x_wconf 84' lang='lat' dir='ltr'><strong>adsum</strong></span> <span class='ocrx_word' id='word_1_699' title='bbox 1119 4965 1187 5020; x_wconf 79' lang='grc'><strong>⁷⁵.</strong></span> 
     </span>
    </p>
   </div>
   <div class='ocr_carea' id='block_1_95' title="bbox 563 5049 2075 5134">
    <p class='ocr_par' dir='ltr' id='par_1_95' title="bbox 563 5049 2075 5134">
     <span class='ocr_line' id='line_1_95' title="bbox 563 5049 2075 5134; baseline 0.011 -31"><span class='ocrx_word' id='word_1_700' title='bbox 563 5049 731 5107; x_wconf 75' lang='lat' dir='ltr'><strong>Vsus.</strong></span> <span class='ocrx_word' id='word_1_701' title='bbox 779 5055 896 5112; x_wconf 82' lang='lat'><strong>5-9.</strong></span> <span class='ocrx_word' id='word_1_702' title='bbox 938 5057 1204 5124; x_wconf 84' lang='lat' dir='ltr'><strong>Quoniam</strong></span> <span class='ocrx_word' id='word_1_703' title='bbox 1255 5077 1358 5114; x_wconf 85' lang='lat' dir='ltr'><strong>non</strong></span> <span class='ocrx_word' id='word_1_704' title='bbox 1423 5071 1502 5116; x_wconf 85' lang='lat' dir='ltr'><strong>est</strong></span> <span class='ocrx_word' id='word_1_705' title='bbox 1543 5063 1598 5116; x_wconf 86' lang='lat' dir='ltr'><strong>in</strong></span> <span class='ocrx_word' id='word_1_706' title='bbox 1641 5073 1808 5117; x_wconf 79' lang='lat' dir='ltr'><strong>morte</strong></span> <span class='ocrx_word' id='word_1_707' title='bbox 1841 5065 1932 5134; x_wconf 89' lang='lat' dir='ltr'><strong>qui</strong></span> <span class='ocrx_word' id='word_1_708' title='bbox 1967 5082 2075 5120; x_wconf 85' lang='lat' dir='ltr'><strong>me-</strong></span> 
     </span>
    </p>
   </div>
   <div class='ocr_carea' id='block_1_96' title="bbox 491 5147 2074 5225">
    <p class='ocr_par' dir='ltr' id='par_1_96' title="bbox 491 5147 2074 5225">
     <span class='ocr_line' id='line_1_96' title="bbox 491 5147 2074 5225; baseline 0.011 -28"><span class='ocrx_word' id='word_1_709' title='bbox 491 5162 608 5199; x_wconf 86' lang='lat' dir='ltr'><strong>mor</strong></span> <span class='ocrx_word' id='word_1_710' title='bbox 632 5147 702 5200; x_wconf 86' lang='lat' dir='ltr'><strong>sit</strong></span> <span class='ocrx_word' id='word_1_711' title='bbox 742 5149 857 5212; x_wconf 84' lang='lat' dir='ltr'><strong>tui;</strong></span> <span class='ocrx_word' id='word_1_712' title='bbox 886 5151 940 5204; x_wconf 90' lang='lat' dir='ltr'><strong>in</strong></span> <span class='ocrx_word' id='word_1_713' title='bbox 964 5151 1170 5220; x_wconf 77' lang='lat' dir='ltr'><strong>inferno</strong></span> <span class='ocrx_word' id='word_1_714' title='bbox 1211 5163 1386 5210; x_wconf 77' lang='lat' dir='ltr'><strong>autem</strong></span> <span class='ocrx_word' id='word_1_715' title='bbox 1421 5157 1539 5224; x_wconf 85' lang='lat' dir='ltr'><strong>quis</strong></span> <span class='ocrx_word' id='word_1_716' title='bbox 1571 5158 1908 5225; x_wconf 78' lang='lat' dir='ltr'><strong>conﬁtebitur</strong></span> <span class='ocrx_word' id='word_1_717' title='bbox 1938 5157 2074 5215; x_wconf 82' lang='lat' dir='ltr'><strong>tibi?</strong></span> 
     </span>
    </p>
   </div>
   <div class='ocr_carea' id='block_1_97' title="bbox 491 5237 2072 5320">
    <p class='ocr_par' dir='ltr' id='par_1_97' title="bbox 491 5237 2072 5320">
     <span class='ocr_line' id='line_1_97' title="bbox 491 5237 2072 5320; baseline 0.008 -30"><span class='ocrx_word' id='word_1_718' title='bbox 491 5237 750 5294; x_wconf 81' lang='lat' dir='ltr'><strong>Laboraui</strong></span> <span class='ocrx_word' id='word_1_719' title='bbox 794 5242 845 5294; x_wconf 88' lang='lat' dir='ltr'><strong>in</strong></span> <span class='ocrx_word' id='word_1_720' title='bbox 878 5245 1073 5314; x_wconf 85' lang='lat' dir='ltr'><strong>gemitu</strong></span> <span class='ocrx_word' id='word_1_721' title='bbox 1107 5263 1243 5311; x_wconf 89' lang='lat' dir='ltr'><strong>meo,</strong></span> <span class='ocrx_word' id='word_1_722' title='bbox 1281 5246 1467 5301; x_wconf 88' lang='lat' dir='ltr'><strong>lavabo</strong></span> <span class='ocrx_word' id='word_1_723' title='bbox 1499 5264 1590 5318; x_wconf 84' lang='lat' dir='ltr'><strong>per</strong></span> <span class='ocrx_word' id='word_1_724' title='bbox 1626 5249 1864 5320; x_wconf 82' lang='lat' dir='ltr'><strong>singulas</strong></span> <span class='ocrx_word' id='word_1_725' title='bbox 1895 5259 2072 5304; x_wconf 85' lang='lat' dir='ltr'><strong>noctes</strong></span> 
     </span>
    </p>
   </div>
   <div class='ocr_carea' id='block_1_98' title="bbox 487 5332 2070 5411">
    <p class='ocr_par' dir='ltr' id='par_1_98' title="bbox 487 5332 2070 5411">
     <span class='ocr_line' id='line_1_98' title="bbox 487 5332 2070 5411; baseline 0.007 -25"><span class='ocrx_word' id='word_1_726' title='bbox 487 5332 674 5386; x_wconf 85' lang='lat' dir='ltr'><strong>lectum</strong></span> <span class='ocrx_word' id='word_1_727' title='bbox 723 5351 894 5388; x_wconf 85' lang='lat' dir='ltr'><strong>meum</strong></span> <span class='ocrx_word' id='word_1_728' title='bbox 913 5377 928 5401; x_wconf 91' lang='lat'><strong>,</strong></span> <span class='ocrx_word' id='word_1_729' title='bbox 972 5337 1222 5408; x_wconf 81' lang='lat' dir='ltr'><strong>lacrymis</strong></span> <span class='ocrx_word' id='word_1_730' title='bbox 1251 5341 1377 5394; x_wconf 86' lang='lat' dir='ltr'><strong>meis</strong></span> <span class='ocrx_word' id='word_1_731' title='bbox 1401 5351 1630 5394; x_wconf 86' lang='lat' dir='ltr'><strong>stratum</strong></span> <span class='ocrx_word' id='word_1_732' title='bbox 1671 5357 1840 5395; x_wconf 85' lang='lat' dir='ltr'><strong>meum</strong></span> <span class='ocrx_word' id='word_1_733' title='bbox 1867 5341 2070 5411; x_wconf 87' lang='lat' dir='ltr'><strong>rigabo.</strong></span> 
     </span>
    </p>
   </div>
   <div class='ocr_carea' id='block_1_99' title="bbox 488 5422 2072 5504">
    <p class='ocr_par' dir='ltr' id='par_1_99' title="bbox 488 5422 2072 5504">
     <span class='ocr_line' id='line_1_99' title="bbox 488 5422 2072 5504; baseline 0.007 -26"><span class='ocrx_word' id='word_1_734' title='bbox 488 5422 717 5495; x_wconf 78' lang='lat' dir='ltr'><strong>Sapiens</strong></span> <span class='ocrx_word' id='word_1_735' title='bbox 745 5443 870 5482; x_wconf 92' lang='lat' dir='ltr'><strong>cum</strong></span> <span class='ocrx_word' id='word_1_736' title='bbox 902 5437 1047 5486; x_wconf 84' lang='lat' dir='ltr'><strong>esset</strong></span> <span class='ocrx_word' id='word_1_737' title='bbox 1077 5429 1267 5496; x_wconf 88' lang='lat' dir='ltr'><strong>David,</strong></span> <span class='ocrx_word' id='word_1_738' title='bbox 1321 5447 1431 5487; x_wconf 89' lang='lat' dir='ltr'><strong>non</strong></span> <span class='ocrx_word' id='word_1_739' title='bbox 1465 5434 1755 5504; x_wconf 78' lang='lat' dir='ltr'><strong>ignorabat</strong></span> <span class='ocrx_word' id='word_1_740' title='bbox 1786 5434 2072 5503; x_wconf 84' lang='lat' dir='ltr'><strong>praesentis</strong></span> 
     </span>
    </p>
   </div>
   <div class='ocr_carea' id='block_1_100' title="bbox 481 5522 2072 5596">
    <p class='ocr_par' dir='ltr' id='par_1_100' title="bbox 481 5522 2072 5596">
     <span class='ocr_line' id='line_1_100' title="bbox 481 5522 2072 5596; baseline 0.005 -22"><span class='ocrx_word' id='word_1_741' title='bbox 481 5522 608 5574; x_wconf 77' lang='lat' dir='ltr'><strong>vitae</strong></span> <span class='ocrx_word' id='word_1_742' title='bbox 636 5527 870 5594; x_wconf 89' lang='lat' dir='ltr'><strong>tempus,</strong></span> <span class='ocrx_word' id='word_1_743' title='bbox 907 5523 1127 5579; x_wconf 48' lang='lat' dir='ltr'><strong>medela’</strong></span> <span class='ocrx_word' id='word_1_744' title='bbox 1150 5539 1274 5580; x_wconf 81' lang='lat' dir='ltr'><strong>esse</strong></span> <span class='ocrx_word' id='word_1_745' title='bbox 1295 5533 1703 5594; x_wconf 78' lang='lat' dir='ltr'><strong>Opportunum;</strong></span> <span class='ocrx_word' id='word_1_746' title='bbox 1735 5543 1846 5596; x_wconf 85' lang='lat' dir='ltr'><strong>quu</strong></span> <span class='ocrx_word' id='word_1_747' title='bbox 1884 5526 2072 5596; x_wconf 87' lang='lat' dir='ltr'><strong>elapso</strong></span> 
     </span>
    </p>
   </div>
   <div class='ocr_carea' id='block_1_101' title="bbox 483 5615 2060 5688">
    <p class='ocr_par' dir='ltr' id='par_1_101' title="bbox 483 5615 2060 5688">
     <span class='ocr_line' id='line_1_101' title="bbox 483 5615 2060 5688; baseline 0.006 -24"><span class='ocrx_word' id='word_1_748' title='bbox 483 5624 645 5666; x_wconf 80' lang='lat' dir='ltr'><strong>nemo</strong></span> <span class='ocrx_word' id='word_1_749' title='bbox 707 5625 855 5670; x_wconf 80' lang='lat' dir='ltr'><strong>recte</strong></span> <span class='ocrx_word' id='word_1_750' title='bbox 883 5631 1044 5686; x_wconf 85' lang='lat' dir='ltr'><strong>agere</strong></span> <span class='ocrx_word' id='word_1_751' title='bbox 1097 5617 1264 5672; x_wconf 84' lang='lat' dir='ltr'><strong>valet.</strong></span> <span class='ocrx_word' id='word_1_752' title='bbox 1325 5615 1580 5688; x_wconf 82' lang='lat' dir='ltr'><strong>NIlulque</strong></span> <span class='ocrx_word' id='word_1_753' title='bbox 1631 5618 2060 5684; x_wconf 71' lang='lat' dir='ltr'><strong>nonagitutsa—</strong></span> 
     </span>
    </p>
   </div>
   <div class='ocr_carea' id='block_1_102' title="bbox 560 5722 2248 5801">
    <p class='ocr_par' dir='ltr' id='par_1_102' title="bbox 560 5722 2248 5801">
     <span class='ocr_line' id='line_1_102' title="bbox 560 5722 2248 5801; baseline 0.007 -26"><span class='ocrx_word' id='word_1_754' title='bbox 560 5722 604 5756; x_wconf 64' lang='grc' dir='ltr'>δ’</span> <span class='ocrx_word' id='word_1_755' title='bbox 643 5722 838 5801; x_wconf 74' lang='lat' dir='ltr'><strong>Ephes.</strong></span> <span class='ocrx_word' id='word_1_756' title='bbox 877 5744 925 5788; x_wconf 87' lang='lat' dir='ltr'><strong>I.</strong></span> <span class='ocrx_word' id='word_1_757' title='bbox 961 5729 1014 5801; x_wconf 60' lang='grc' dir='ltr'><strong>ἒξ.</strong></span> <span class='ocrx_word' id='word_1_758' title='bbox 1092 5730 1138 5760; x_wconf 81' lang='grc' dir='ltr'><strong>⁷ο</strong></span> <span class='ocrx_word' id='word_1_759' title='bbox 1179 5729 1220 5781; x_wconf 90' lang='lat' dir='ltr'><strong>ll</strong></span> <span class='ocrx_word' id='word_1_760' title='bbox 1255 5727 1396 5801; x_wconf 88' lang='lat' dir='ltr'><strong>Tim.</strong></span> <span class='ocrx_word' id='word_1_761' title='bbox 1435 5746 1508 5796; x_wconf 91' lang='lat' dir='ltr'><strong>Iv,</strong></span> <span class='ocrx_word' id='word_1_762' title='bbox 1543 5729 1595 5786; x_wconf 92' lang='lat'>8.</span> <span class='ocrx_word' id='word_1_763' title='bbox 1677 5731 1720 5762; x_wconf 88' lang='lat'><strong>&#39;”</strong></span> <span class='ocrx_word' id='word_1_764' title='bbox 1765 5729 1998 5801; x_wconf 88' lang='lat' dir='ltr'><strong>Philipp.</strong></span> <span class='ocrx_word' id='word_1_765' title='bbox 2033 5747 2119 5797; x_wconf 89' lang='lat' dir='ltr'><strong>Iv,</strong></span> <span class='ocrx_word' id='word_1_766' title='bbox 2160 5729 2248 5786; x_wconf 74' lang='lat' dir='ltr'><strong>i3.</strong></span> 
     </span>
    </p>
   </div>
   <div class='ocr_carea' id='block_1_103' title="bbox 487 5791 1374 5864">
    <p class='ocr_par' dir='ltr' id='par_1_103' title="bbox 487 5791 1374 5864">
     <span class='ocr_line' id='line_1_103' title="bbox 487 5791 1374 5864; baseline 0.005 -14"><span class='ocrx_word' id='word_1_767' title='bbox 487 5791 615 5850; x_wconf 82' lang='lat' dir='ltr'><strong>Cor.</strong></span> <span class='ocrx_word' id='word_1_768' title='bbox 649 5791 737 5860; x_wconf 76' lang='lat' dir='ltr'><strong>vi,</strong></span> <span class='ocrx_word' id='word_1_769' title='bbox 767 5795 822 5852; x_wconf 75' lang='lat'><strong>2.</strong></span> <span class='ocrx_word' id='word_1_770' title='bbox 900 5801 944 5831; x_wconf 85' lang='grc'><strong>⁷³</strong></span> <span class='ocrx_word' id='word_1_771' title='bbox 987 5798 1088 5856; x_wconf 89' lang='lat' dir='ltr'><strong>lsa.</strong></span> <span class='ocrx_word' id='word_1_772' title='bbox 1123 5817 1288 5864; x_wconf 79' lang='lat' dir='ltr'><strong>LVIII,</strong></span> <span class='ocrx_word' id='word_1_773' title='bbox 1322 5800 1374 5856; x_wconf 88' lang='lat'><strong>9.</strong></span> 
     </span>
    </p>
   </div>
   <div class='ocr_carea' id='block_1_104' title="bbox 2184 4689 3770 4765">
    <p class='ocr_par' dir='ltr' id='par_1_104' title="bbox 2184 4689 3770 4765">
     <span class='ocr_line' id='line_1_104' title="bbox 2184 4689 3770 4765; baseline -0.003 -18"><span class='ocrx_word' id='word_1_774' title='bbox 2184 4695 2242 4748; x_wconf 85' lang='grc' dir='ltr'>ὲν</span> <span class='ocrx_word' id='word_1_775' title='bbox 2287 4693 2705 4765; x_wconf 78' lang='grc' dir='ltr'>ἐξομολογήσει·</span> <span class='ocrx_word' id='word_1_776' title='bbox 2759 4695 2925 4764; x_wconf 75' lang='grc' dir='ltr'>φησὶν</span> <span class='ocrx_word' id='word_1_777' title='bbox 2984 4695 3299 4756; x_wconf 83' lang='grc' dir='ltr'>ὲνέπεισας·</span> <span class='ocrx_word' id='word_1_778' title='bbox 3349 4691 3530 4758; x_wconf 75' lang='grc' dir='ltr'>καιρῷ</span> <span class='ocrx_word' id='word_1_779' title='bbox 3583 4689 3770 4756; x_wconf 71' lang='grc' dir='ltr'>δεκτῷ</span> 
     </span>
    </p>
   </div>
   <div class='ocr_carea' id='block_1_105' title="bbox 2182 4780 3770 4856">
    <p class='ocr_par' dir='ltr' id='par_1_105' title="bbox 2182 4780 3770 4856">
     <span class='ocr_line' id='line_1_105' title="bbox 2182 4780 3770 4856; baseline -0.003 -20"><span class='ocrx_word' id='word_1_780' title='bbox 2182 4783 2500 4850; x_wconf 74' lang='grc' dir='ltr'>ἐπήκουσά</span> <span class='ocrx_word' id='word_1_781' title='bbox 2545 4799 2684 4840; x_wconf 79' lang='grc' dir='ltr'>σου.</span> <span class='ocrx_word' id='word_1_782' title='bbox 2747 4786 2872 4848; x_wconf 85' lang='grc' dir='ltr'>Τοῖς</span> <span class='ocrx_word' id='word_1_783' title='bbox 2917 4783 3026 4856; x_wconf 87' lang='grc' dir='ltr'><strong>γάρ</strong></span> <span class='ocrx_word' id='word_1_784' title='bbox 3080 4783 3153 4854; x_wconf 86' lang='grc' dir='ltr'>μὴ</span> <span class='ocrx_word' id='word_1_785' title='bbox 3189 4781 3248 4846; x_wconf 79' lang='grc' dir='ltr'>ἐξ</span> <span class='ocrx_word' id='word_1_786' title='bbox 3291 4780 3560 4852; x_wconf 77' lang='grc' dir='ltr'>ἁμαρτίας</span> <span class='ocrx_word' id='word_1_787' title='bbox 3607 4784 3770 4836; x_wconf 75' lang='grc' dir='ltr'>αὐτὸν</span> 
     </span>
    </p>
   </div>
   <div class='ocr_carea' id='block_1_106' title="bbox 2184 4871 3766 4947">
    <p class='ocr_par' dir='ltr' id='par_1_106' title="bbox 2184 4871 3766 4947">
     <span class='ocr_line' id='line_1_106' title="bbox 2184 4871 3766 4947; baseline 0.001 -20"><span class='ocrx_word' id='word_1_788' title='bbox 2184 4873 2636 4946; x_wconf 80' lang='grc' dir='ltr'>ἐπικαλουμένοις</span> <span class='ocrx_word' id='word_1_789' title='bbox 2707 4877 2852 4947; x_wconf 74' lang='grc' dir='ltr'>ἐρεῖσ</span> <span class='ocrx_word' id='word_1_790' title='bbox 2922 4877 3042 4927; x_wconf 85' lang='grc' dir='ltr'><strong>Ἔτι</strong></span> <span class='ocrx_word' id='word_1_791' title='bbox 3105 4873 3392 4935; x_wconf 82' lang='grc' dir='ltr'>λαλοῦντός</span> <span class='ocrx_word' id='word_1_792' title='bbox 3446 4891 3572 4940; x_wconf 88' lang='grc' dir='ltr'>σου,</span> <span class='ocrx_word' id='word_1_793' title='bbox 3620 4871 3766 4929; x_wconf 75' lang='grc' dir='ltr'>Ἰδοὺ</span> 
     </span>
    </p>
   </div>
   <div class='ocr_carea' id='block_1_107' title="bbox 2180 4968 2441 5036">
    <p class='ocr_par' dir='ltr' id='par_1_107' title="bbox 2180 4968 2441 5036">
     <span class='ocr_line' id='line_1_107' title="bbox 2180 4968 2441 5036; baseline 0.004 -16"><span class='ocrx_word' id='word_1_794' title='bbox 2180 4968 2441 5036; x_wconf 79' lang='grc' dir='ltr'>πάρειμι.</span> 
     </span>
    </p>
   </div>
   <div class='ocr_carea' id='block_1_108' title="bbox 2257 5056 3766 5129">
    <p class='ocr_par' dir='ltr' id='par_1_108' title="bbox 2257 5056 3766 5129">
     <span class='ocr_line' id='line_1_108' title="bbox 2257 5056 3766 5129; baseline 0 -18"><span class='ocrx_word' id='word_1_795' title='bbox 2257 5059 2379 5114; x_wconf 87' lang='grc' dir='ltr'>Ὅτι</span> <span class='ocrx_word' id='word_1_796' title='bbox 2416 5060 2528 5113; x_wconf 83' lang='grc' dir='ltr'><strong>οὐκ</strong></span> <span class='ocrx_word' id='word_1_797' title='bbox 2579 5057 2752 5112; x_wconf 78' lang='grc' dir='ltr'>ἔστιν</span> <span class='ocrx_word' id='word_1_798' title='bbox 2806 5059 2876 5111; x_wconf 75' lang='grc' dir='ltr'>ἐν</span> <span class='ocrx_word' id='word_1_799' title='bbox 2913 5057 2994 5123; x_wconf 83' lang='grc' dir='ltr'>τῷ</span> <span class='ocrx_word' id='word_1_800' title='bbox 3026 5056 3258 5125; x_wconf 78' lang='grc' dir='ltr'>θανάτῳ</span> <span class='ocrx_word' id='word_1_801' title='bbox 3304 5061 3337 5112; x_wconf 77' lang='grc' dir='ltr'>ὁ</span> <span class='ocrx_word' id='word_1_802' title='bbox 3373 5059 3766 5129; x_wconf 66' lang='grc' dir='ltr'>μνημονεύων</span> 
     </span>
    </p>
   </div>
   <div class='ocr_carea' id='block_1_109' title="bbox 2181 5149 3763 5220">
    <p class='ocr_par' dir='ltr' id='par_1_109' title="bbox 2181 5149 3763 5220">
     <span class='ocr_line' id='line_1_109' title="bbox 2181 5149 3763 5220; baseline -0.002 -14"><span class='ocrx_word' id='word_1_803' title='bbox 2181 5167 2319 5214; x_wconf 80' lang='grc' dir='ltr'>σου,</span> <span class='ocrx_word' id='word_1_804' title='bbox 2343 5152 2414 5206; x_wconf 81' lang='grc' dir='ltr'>ἐν</span> <span class='ocrx_word' id='word_1_805' title='bbox 2439 5151 2507 5205; x_wconf 84' lang='grc' dir='ltr'>δὲ</span> <span class='ocrx_word' id='word_1_806' title='bbox 2534 5152 2614 5217; x_wconf 86' lang='grc' dir='ltr'>τῷ</span> <span class='ocrx_word' id='word_1_807' title='bbox 2637 5150 2752 5219; x_wconf 77' lang='grc' dir='ltr'><strong>ᾅδῃ</strong></span> <span class='ocrx_word' id='word_1_808' title='bbox 2788 5149 2880 5216; x_wconf 85' lang='grc' dir='ltr'><strong>τίς</strong></span> <span class='ocrx_word' id='word_1_809' title='bbox 2903 5151 3411 5220; x_wconf 78' lang='grc' dir='ltr'>ἐξομολογήσεται</span> <span class='ocrx_word' id='word_1_810' title='bbox 3443 5168 3571 5215; x_wconf 86' lang='grc' dir='ltr'>σοι;</span> <span class='ocrx_word' id='word_1_811' title='bbox 3608 5153 3763 5203; x_wconf 80' lang='grc' dir='ltr'><strong>Ἐκο-</strong></span> 
     </span>
    </p>
   </div>
   <div class='ocr_carea' id='block_1_110' title="bbox 2181 5243 3762 5314">
    <p class='ocr_par' dir='ltr' id='par_1_110' title="bbox 2181 5243 3762 5314">
     <span class='ocr_line' id='line_1_110' title="bbox 2181 5243 3762 5314; baseline -0.001 -17"><span class='ocrx_word' id='word_1_812' title='bbox 2181 5244 2374 5298; x_wconf 84' lang='grc' dir='ltr'>πίασα</span> <span class='ocrx_word' id='word_1_813' title='bbox 2426 5245 2496 5297; x_wconf 84' lang='grc' dir='ltr'><strong>ἐν</strong></span> <span class='ocrx_word' id='word_1_814' title='bbox 2543 5243 2858 5314; x_wconf 70' lang='grc' dir='ltr'>στεναγμῷ</span> <span class='ocrx_word' id='word_1_815' title='bbox 2910 5261 3050 5313; x_wconf 75' lang='grc' dir='ltr'>μου,</span> <span class='ocrx_word' id='word_1_816' title='bbox 3084 5245 3289 5298; x_wconf 70' lang='grc' dir='ltr'>λούσω</span> <span class='ocrx_word' id='word_1_817' title='bbox 3328 5247 3456 5301; x_wconf 81' lang='grc' dir='ltr'>καθ’</span> <span class='ocrx_word' id='word_1_818' title='bbox 3497 5243 3762 5311; x_wconf 80' lang='grc' dir='ltr'><strong>ἑκάστην</strong></span> 
     </span>
    </p>
   </div>
   <div class='ocr_carea' id='block_1_111' title="bbox 2181 5335 3760 5405">
    <p class='ocr_par' dir='ltr' id='par_1_111' title="bbox 2181 5335 3760 5405">
     <span class='ocr_line' id='line_1_111' title="bbox 2181 5335 3760 5405; baseline -0.001 -17"><span class='ocrx_word' id='word_1_819' title='bbox 2181 5336 2372 5388; x_wconf 75' lang='grc' dir='ltr'>νύκτα</span> <span class='ocrx_word' id='word_1_820' title='bbox 2396 5335 2511 5404; x_wconf 78' lang='grc' dir='ltr'>τὴν</span> <span class='ocrx_word' id='word_1_821' title='bbox 2539 5336 2759 5402; x_wconf 78' lang='grc' dir='ltr'><strong>κλίνην</strong></span> <span class='ocrx_word' id='word_1_822' title='bbox 2782 5353 2924 5405; x_wconf 85' lang='grc' dir='ltr'>μου,</span> <span class='ocrx_word' id='word_1_823' title='bbox 2955 5335 3292 5405; x_wconf 77' lang='grc' dir='ltr'><strong>ἐνδάκρυσί</strong></span> <span class='ocrx_word' id='word_1_824' title='bbox 3309 5355 3428 5405; x_wconf 76' lang='grc' dir='ltr'>μου</span> <span class='ocrx_word' id='word_1_825' title='bbox 3449 5335 3561 5404; x_wconf 78' lang='grc' dir='ltr'>τὴν</span> <span class='ocrx_word' id='word_1_826' title='bbox 3579 5352 3760 5404; x_wconf 79' lang='grc' dir='ltr'>στρω-</span> 
     </span>
    </p>
   </div>
   <div class='ocr_carea' id='block_1_112' title="bbox 2173 5425 3756 5500">
    <p class='ocr_par' dir='ltr' id='par_1_112' title="bbox 2173 5425 3756 5500">
     <span class='ocr_line' id='line_1_112' title="bbox 2173 5425 3756 5500; baseline -0.012 -3"><span class='ocrx_word' id='word_1_827' title='bbox 2173 5427 2339 5497; x_wconf 73' lang='grc' dir='ltr'><strong>μνήν</strong></span> <span class='ocrx_word' id='word_1_828' title='bbox 2363 5447 2482 5498; x_wconf 83' lang='grc' dir='ltr'><strong>μου</strong></span> <span class='ocrx_word' id='word_1_829' title='bbox 2510 5429 2727 5497; x_wconf 73' lang='grc' dir='ltr'><strong>βρέξω.</strong></span> <span class='ocrx_word' id='word_1_830' title='bbox 2767 5429 2935 5500; x_wconf 74' lang='grc' dir='ltr'>Σοφὺς</span> <span class='ocrx_word' id='word_1_831' title='bbox 2967 5429 3041 5483; x_wconf 79' lang='grc' dir='ltr'>ὢν</span> <span class='ocrx_word' id='word_1_832' title='bbox 3065 5431 3094 5482; x_wconf 85' lang='grc' dir='ltr'>ὁ</span> <span class='ocrx_word' id='word_1_833' title='bbox 3121 5427 3282 5483; x_wconf 76' lang='grc' dir='ltr'>Δαυῒδ</span> <span class='ocrx_word' id='word_1_834' title='bbox 3321 5430 3420 5482; x_wconf 83' lang='grc' dir='ltr'><strong>οὐκ</strong></span> <span class='ocrx_word' id='word_1_835' title='bbox 3447 5428 3631 5497; x_wconf 77' lang='grc' dir='ltr'>ἠγνόει</span> <span class='ocrx_word' id='word_1_836' title='bbox 3664 5425 3756 5496; x_wconf 69' lang='grc' dir='ltr'><strong>τὴν</strong></span> 
     </span>
    </p>
   </div>
   <div class='ocr_carea' id='block_1_113' title="bbox 2180 5517 3730 5592">
    <p class='ocr_par' dir='ltr' id='par_1_113' title="bbox 2180 5517 3730 5592">
     <span class='ocr_line' id='line_1_113' title="bbox 2180 5517 3730 5592; baseline -0.003 -18"><span class='ocrx_word' id='word_1_837' title='bbox 2180 5519 2462 5592; x_wconf 86' lang='grc' dir='ltr'>παροῦσαν</span> <span class='ocrx_word' id='word_1_838' title='bbox 2491 5520 2637 5591; x_wconf 81' lang='grc' dir='ltr'>ζωὴν</span> <span class='ocrx_word' id='word_1_839' title='bbox 2677 5519 2972 5592; x_wconf 85' lang='grc' dir='ltr'>θεραπείας</span> <span class='ocrx_word' id='word_1_840' title='bbox 3010 5518 3148 5575; x_wconf 81' lang='grc' dir='ltr'>εἶναι</span> <span class='ocrx_word' id='word_1_841' title='bbox 3185 5521 3397 5591; x_wconf 74' lang='grc' dir='ltr'>καιρὸν,</span> <span class='ocrx_word' id='word_1_842' title='bbox 3432 5519 3547 5590; x_wconf 87' lang='grc' dir='ltr'>μεθ’</span> <span class='ocrx_word' id='word_1_843' title='bbox 3581 5517 3640 5570; x_wconf 78' lang='grc' dir='ltr'>ὃν</span> <span class='ocrx_word' id='word_1_844' title='bbox 3669 5519 3730 5570; x_wconf 83' lang='grc' dir='ltr'>οὐ</span> 
     </span>
    </p>
   </div>
   <div class='ocr_carea' id='block_1_114' title="bbox 2166 5611 3754 5684">
    <p class='ocr_par' dir='ltr' id='par_1_114' title="bbox 2166 5611 3754 5684">
     <span class='ocr_line' id='line_1_114' title="bbox 2166 5611 3754 5684; baseline -0.003 -15"><span class='ocrx_word' id='word_1_845' title='bbox 2166 5614 2277 5675; x_wconf 80' lang='grc' dir='ltr'>δεὶς</span> <span class='ocrx_word' id='word_1_846' title='bbox 2308 5612 2595 5684; x_wconf 85' lang='grc' dir='ltr'>κατορθοῖ·</span> <span class='ocrx_word' id='word_1_847' title='bbox 2627 5613 2719 5666; x_wconf 76' lang='grc' dir='ltr'>καὶ</span> <span class='ocrx_word' id='word_1_848' title='bbox 2743 5615 2922 5668; x_wconf 87' lang='grc' dir='ltr'>πάντα</span> <span class='ocrx_word' id='word_1_849' title='bbox 2950 5614 3180 5682; x_wconf 85' lang='grc' dir='ltr'>πράττει</span> <span class='ocrx_word' id='word_1_850' title='bbox 3204 5611 3602 5682; x_wconf 81' lang='grc' dir='ltr'>Θεραπευθῆναι</span> <span class='ocrx_word' id='word_1_851' title='bbox 3637 5611 3754 5680; x_wconf 71' lang='grc' dir='ltr'>βουι</span> 
     </span>
    </p>
   </div>
   <div class='ocr_carea' id='block_1_115' title="bbox 2348 5723 3754 5796">
    <p class='ocr_par' dir='ltr' id='par_1_115' title="bbox 2348 5723 3754 5796">
     <span class='ocr_line' id='line_1_115' title="bbox 2348 5723 3754 5796; baseline -0.004 -12"><span class='ocrx_word' id='word_1_852' title='bbox 2348 5731 2394 5762; x_wconf 75' lang='grc'><strong>’⁸</strong></span> <span class='ocrx_word' id='word_1_853' title='bbox 2432 5728 2580 5785; x_wconf 88' lang='lat' dir='ltr'><strong>Psal.</strong></span> <span class='ocrx_word' id='word_1_854' title='bbox 2623 5743 2823 5796; x_wconf 72' lang='lat' dir='ltr'><strong>xxxiv,</strong></span> <span class='ocrx_word' id='word_1_855' title='bbox 2863 5729 2948 5786; x_wconf 76' lang='grc'><strong>10.</strong></span> <span class='ocrx_word' id='word_1_856' title='bbox 3029 5729 3074 5760; x_wconf 80' lang='grc'>⁷³</span> <span class='ocrx_word' id='word_1_857' title='bbox 3113 5726 3256 5782; x_wconf 85' lang='lat' dir='ltr'><strong>Psal.</strong></span> <span class='ocrx_word' id='word_1_858' title='bbox 3292 5741 3428 5792; x_wconf 71' lang='lat' dir='ltr'><strong>CXL,</strong></span> <span class='ocrx_word' id='word_1_859' title='bbox 3467 5725 3518 5780; x_wconf 92' lang='lat'><strong>7.</strong></span> <span class='ocrx_word' id='word_1_860' title='bbox 3630 5725 3675 5756; x_wconf 73' lang='lat'><strong>7&quot;</strong></span> <span class='ocrx_word' id='word_1_861' title='bbox 3714 5723 3754 5778; x_wconf 89' lang='lat' dir='ltr'><strong>ll</strong></span> 
     </span>
    </p>
   </div>
  </div>
