4086 6536
318 443 412 497 ﬁt

1446 423 1951 484 COMMENTARIA
1990 422 2056 479 IN
2096 421 2435 488 PSALMOS.

3464 415 3570 473 122

315 563 559 633 λόμπνος,
615 557 746 628 πρὶν
794 553 899 606 ὑπὸ
950 551 1043 604 τοῦ
1106 554 1284 608 κοινοῦ
1328 545 1753 616 καταληφθῆναι.
1800 542 1885 594 Διά

1996 537 2223 593 nitatem
2270 539 2546 602 obtineat,
2593 538 2910 608 priusquam
2988 547 3019 587 a
3073 525 3352 588 communi
3386 523 3572 584 debito

316 673 478 727 φησιν
501 671 513 685 ·
582 651 730 703 Ἀντὶ
779 649 907 720 μιᾶς
937 645 1127 708 νυκτὸς
1164 643 1283 696 καθ’
1319 641 1386 712 ἣν
1416 641 1680 714 ἥμαρτον,
1711 636 1891 700 πάσας

315 745 742 818 ἐξομολογοῦμαι
805 740 905 804 τὰς
950 741 1172 802 νύκτας,
1199 733 1508 789 ἀποπλῦναι
1554 730 1892 803 πειρώμενος

316 819 570 912 ἐμαυτὸν.
597 838 691 892 καὶ
718 835 816 908 τὴν
845 835 929 903 ἐφ’
953 834 1018 905 ἢν
1043 832 1287 902 ἥμαρτον
1320 827 1507 898 κλίνην
1540 825 1768 897 δᾶκρυσι
1794 840 1892 894 με-

316 935 553 997 τανοίας.
598 927 730 985 Οἶδα
779 929 885 1001 γὰρ
918 927 974 980 δὲ
1013 923 1116 978 κᾶν
1151 921 1292 994 τύχῃ
1319 920 1416 992 τῆς
1440 917 1687 988 ἀφέσεως
1724 917 1894 984 ἐπαγ-

317 1021 597 1098 γέλληται,
627 1026 874 1096 δακρύων
904 1026 1073 1097 πέρας
1101 1025 1198 1094 οὐχ
1226 1025 1387 1088 ἐξειν.
1421 1023 1494 1075 Τὸ
1518 1021 1596 1086 δὲ,
1648 1019 1744 1084 Τίς
1786 1014 1885 1082 ἐξ-

319 1117 756 1190 ομολογήσεται
799 1134 930 1180 σοις
979 1117 1098 1170 ἀντὶ
1135 1116 1252 1182 τοῦ,
1280 1114 1500 1181 οὐδείς,
1533 1113 1739 1166 κεῖται·
1788 1107 1884 1164 νῦν

320 1211 429 1284 γὰρ
463 1211 522 1266 οὐ
559 1210 806 1283 σημαίνει
832 1210 894 1263 τὸ
919 1210 1157 1265 σπάνιον.

394 1466 712 1536 Ἐταράχθη
765 1463 885 1520 ἀπὸ
936 1463 1128 1534 θυμοῦ
1157 1466 1190 1518 ὁ
1235 1463 1543 1533 ὀφθαλμός
1569 1478 1712 1531 μου,
1743 1459 1887 1514 ἐπα-

309 1557 572 1627 λαιώθην
615 1558 685 1612 ἑν
740 1557 893 1614 πᾶσι
927 1557 1052 1624 τοῖς
1104 1555 1339 1626 ἐχθροῖς
1371 1573 1512 1626 μου.
1555 1554 1621 1608 Ἦ
1672 1555 1885 1626 μνήμη,

307 1652 460 1722 φησὶ,
481 1650 576 1705 τοῦ
603 1649 775 1722 θυμοῦ
792 1668 883 1704 σου
918 1652 1013 1704 καὶ
1041 1650 1142 1722 τῆς
1186 1649 1356 1722 ὀργῆς
1383 1648 1475 1702 τὴν
1499 1647 1633 1718 ἐμὸν
1657 1644 1887 1718 ἐτάραξε

306 1744 430 1800 νοῦν
446 1761 458 1774 °
488 1744 592 1816 ὃδὴ
617 1744 886 1799 διδάσκων
915 1746 944 1798 ὁ
961 1744 1152 1815 Σωτὴρ
1175 1743 1360 1812 ἐλεγεν
1380 1760 1392 1772 ·
1429 1734 1495 1788 Ὀ
1519 1743 1752 1810 ,λύχνος
1780 1739 1887 1793 τοῦ

301 1837 577 1908 σώματος
622 1837 795 1892 ἐστίν
839 1841 873 1892 ό
916 1837 1243 1906 ὀφθαλμός.
1281 1835 1354 1888 Ob
1383 1834 1492 1907 γὰρ
1536 1835 1770 1905 ἐγχωρεῖ
1792 1833 1888 1886 ’ἑνα

296 1930 408 1982 τῶν
437 1931 583 1984 δυεῖν
617 1929 911 2000 ὀφθαλμῶν
935 1929 1027 1983 τοῦ
1056 1927 1307 1998 σώματος
1343 1927 1535 1997 λύχνον
1565 1921 1700 1979 εἶναι
1728 1941 1742 1955 ·
1771 1924 1884 1978 ἀλλ’

297 2021 418 2076 οὐδὲ
451 2023 764 2093 σωματικὸς
788 2020 1066 2091 ὀφθαλμὸς
1091 2020 1198 2074 ὑπὸ
1226 2018 1399 2091 θυμοῦ
1431 2019 1764 2090 ταράσσεται
1791 2015 1884 2070 τοῦ

300 2113 460 2169 Θεοῦ.
527 2115 674 2168 Ἀντὶ
720 2112 1144 2186 κατορθώματος
1205 2113 1264 2166 δὲ
1313 2110 1731 2183 καταριθμεῖται
1785 2110 1886 2174 τὰς

305 2206 445 2268 ἰδίας
495 2206 866 2270 κακοπαθείας
888 2224 902 2239 ο
939 2209 997 2260 ἐν
1031 2201 1119 2269 αἷς
1149 2206 1242 2260 καὶ
1290 2205 1389 2276 τὴν
1421 2204 1662 2258 κάκωσιν
1693 2222 1752 2257 τε
1790 2205 1886 2258 καί¹

301 2299 653 2363 ταπείνωσιν,
675 2299 742 2369 ἣν
765 2300 856 2352 ἐπὶ
876 2298 1125 2351 πλεῖστον
1140 2296 1329 2370 χρόνον
1355 2298 1414 2350 ἐν
1441 2296 1628 2368 μέσοις
1651 2297 1885 2350 ἐποιεῖτο

300 2395 416 2456 τοῖς
443 2393 596 2455 ίδίοις
628 2391 861 2463 ἐχθροῖς.

379 2484 700 2553 Ἆπόστητε
723 2482 825 2538 ἀπ’
853 2481 1023 2552 ἐμοῦ,
1048 2481 1271 2546 πάντες
1286 2483 1340 2536 ol
1370 2478 1744 2551 ἐργαζόμενοι
1768 2476 1884 2548 τὴν

296 2575 574 2645 ἀνομίαν,
620 2576 708 2630 ὅτι
769 2573 1102 2642 είσήκουσε
1143 2577 1356 2643 Κύριος
1391 2571 1500 2642 τῆς
1529 2571 1737 2642 φωνῆς
1774 2572 1884 2627 τοῦ

299 2667 610 2737 κλαυθμοῦ
645 2684 784 2736 μου.
832 2664 1178 2732 Είσήκουσε
1207 2666 1423 2734 Κύριος
1449 2665 1558 2735 τῆς
1619 2663 1884 2731 δεήσεως
1957 2719 1964 2726 ,

295 2779 436 2831 μου,
487 2761 703 2828 Κύριος
762 2759 880 2828 τὴν
908 2757 1265 2828 προσευχήν
1296 2775 1416 2828 μου
1453 2757 1879 2826 προσεδέξατο.

299 2854 791 2924 Αἰσχυνθείησαν
858 2852 960 2908 καί
1023 2851 1472 2921 ταραχθείησαν
1540 2850 1762 2918 πάντες
1829 2854 1884 2906 οι

298 2947 502 3016 ἐχθροί
525 2964 667 3016 μου,
713 2946 1233 3017 ἐπιστραφείησαν
1273 2946 1374 3000 καί
1405 2945 1886 3015 αἰσχυνθείησαν

298 3038 536 3108 σφόδρα
588 3038 687 3094 διὰ
733 3037 974 3107 τάχους.
1043 3039 1313 3110 Ἐπηκόου
1366 3037 1542 3109 τυχὼν
1582 3036 1678 3090 τοῦ
1724 3035 1881 3101 Θεοῦ,

299 3129 619 3201 ἐπιστρέφει
668 3129 830 3184 πάλιν
858 3129 996 3202 πρὸς
1033 3129 1195 3184 αὑτὸν
1219 3129 1318 3200 τὴν
1347 3130 1533 3200 εὐχὴν,
1567 3129 1662 3182 καὶ
1701 3143 1882 3200 παρα-

1995 629 2512 700 comprehendatur‘.
2532 627 2895 696 Quamobrem
2915 624 2989 680 ait
3009 643 3022 678 :
3039 623 3147 680 Pro
3163 637 3271 677 una
3289 627 3448 677 nocte
3463 636 3572 691 qua

1992 730 2275 794 peccatum
2306 721 2521 785 admisi,
2562 737 2659 792 per
2697 718 2940 790 singulas
2974 724 3162 772 noctes
3197 713 3481 779 conﬁteor,
3517 714 3572 769 id

1991 825 2247 886 satagens
2278 825 2336 869 ut
2379 815 2646 883 meipsum
2696 819 2750 867 et
2805 811 3004 866 lectum
3054 809 3112 864 in
3161 824 3268 878 quo
3325 806 3568 877 peccavi,

1990 907 2327 979 paenitentiae
2380 904 2636 977 lacryinis
2687 903 2926 958 abluam.
2978 899 3155 955 Probe
3209 898 3325 954 scio
3383 897 3568 959 enim,

1990 1001 2205 1058 etiamsi
2264 998 2644 1054 remissionem
2693 995 3041 1067 polliceatur,
3079 1007 3166 1048 me
3234 988 3573 1061 lacrymandi

1989 1102 2173 1150 tamen
2232 1091 2393 1148 linem
2455 1104 2738 1161 nunquam
2802 1087 3098 1142 facturum.
3140 1083 3280 1138 Illud
3332 1091 3512 1136 autem
3555 1101 3567 1136 :

1990 1185 2122 1254 Quis
2155 1182 2488 1253 conﬁtebitur
2529 1180 2667 1236 tibi»9
2715 1179 2835 1234 loco
2865 1177 3040 1244 verbi,
3081 1175 3281 1240 nullus,
3333 1174 3574 1244 positum

1987 1285 2093 1344 est,
2124 1292 2303 1348 neque
2337 1276 2486 1332 enim
2519 1273 2849 1346 paucitatem
2882 1269 3259 1326 conﬁtentium
3304 1283 3454 1322 nunc
3498 1266 3575 1323 si-

1988 1370 2228 1443 gniﬁcat.

2058 1460 2226 1518 Vens.
2260 1461 2315 1517 8.
2355 1459 2619 1516 Turbatus
2645 1466 2724 1512 est
2754 1473 2786 1510 α
2820 1455 3001 1526 furore
3033 1453 3217 1508 oculus
3265 1468 3410 1507 meus
3450 1467 3469 1505 :
3501 1451 3577 1505 in-

1988 1555 2214 1608 veteravi
2246 1555 2382 1608 inter
2434 1567 2611 1606 omnes
2661 1551 2904 1604 inimicos
2957 1565 3118 1602 meos.
3158 1546 3438 1610 Memoria,
3489 1547 3576 1600 in-

1988 1649 2129 1719 quit,
2161 1647 2362 1703 furoris
2409 1647 2610 1716 imque
2640 1652 2746 1698 tua).
2777 1651 3016 1697 mentem
3061 1655 3237 1695 meam
3285 1639 3522 1693 turbavit
3557 1657 3569 1694 :

1989 1739 2135 1810 quod
2164 1739 2344 1809 ipsum
2396 1736 2650 1792 Salvator
2695 1735 2785 1791 bis
2826 1733 3010 1790 verbis
3060 1732 3248 1788 docuit
3283 1749 3298 1788 :
3330 1731 3573 1785 Lucerna

1990 1833 2227 1900 corporis
2279 1831 2355 1883 tui
2415 1838 2493 1884 est
2543 1827 2724 1881 oculus
2761 1836 2882 1881 tuus
2923 1827 2994 1882 ⁷⁸.
3029 1825 3218 1897 Neque
3257 1824 3404 1880 enim
3455 1822 3572 1877 ﬁeri

1989 1931 2190 1993 potest,
2219 1931 2280 1976 ut
2309 1933 2455 1978 unus
2491 1929 2703 1976 tantum
2733 1936 2800 1975 ex
2824 1919 3041 1975 duobus
3067 1919 3244 1975 oculis
3277 1919 3347 1973 sit
3377 1930 3574 1986 corpo-

1987 2019 2067 2075 ris
2116 2018 2340 2071 luccrna
2371 2034 2384 2069 :
2423 2020 2478 2067 at
2510 2027 2688 2082 neque
2730 2027 3032 2082 corporeus
3088 2011 3285 2066 oculus
3319 2025 3349 2064 a
3387 2008 3576 2064 furore

1986 2109 2083 2165 Dei
2106 2107 2382 2163 turbatur.
2419 2101 2568 2158 Inter
2601 2109 2751 2157 recte
2781 2101 2926 2156 facta
2972 2115 3104 2156 vero
3149 2098 3491 2154 calamitates
3519 2102 3575 2150 et

1984 2215 2257 2258 azrumnas
2286 2212 2416 2253 suas
2445 2203 2767 2272 enumerat;
2810 2193 2866 2248 in
2895 2193 3098 2263 quibus
3127 2188 3462 2246 recensenda
3489 2192 3576 2241 est

1985 2291 2207 2348 aﬂlictio
2234 2289 2326 2344 illa
2360 2294 2413 2343 et
2444 2285 2701 2356 abjectio,
2737 2299 2900 2355 quam
2927 2283 3193 2338 diuturno
3226 2291 3466 2350 tempore
3488 2277 3576 2331 in--

1985 2394 2066 2440 ter
2098 2381 2309 2438 medios
2339 2377 2594 2434 inimicos
2621 2390 2918 2447 perpessus
2939 2381 3044 2430 est.

2053 2475 2222 2532 Vsus.
2283 2472 2441 2528 9-H.
2500 2468 2766 2524 Discedite
2819 2485 2853 2521 a
2907 2483 3009 2531 me,
3057 2480 3236 2520 omnes
3273 2463 3362 2533 qui
3388 2475 3575 2530 apera-

1983 2569 2114 2623 mini
2142 2553 2496 2638 iniquitatem,
2535 2561 2784 2634 quoniam
2812 2558 3078 2614 exaudivit
3114 2555 3372 2610 Dominus
3401 2568 3574 2606 vocem

1981 2661 2138 2731 ﬂetus
2172 2659 2295 2712 mei.
2331 2653 2618 2710 Exaudivit
2643 2650 2902 2706 Donunus
2935 2648 3353 2718 deprecationem
3378 2661 3571 2710 meam,

1985 2751 2243 2806 Dominus
2297 2748 2588 2802 orationem
2624 2761 2795 2799 meam
2837 2742 3087 2810 suscepit.
3154 2737 3484 2792 Erubescant
3525 2745 3576 2789 et

1985 2840 2358 2898 conturbentur
2423 2855 2600 2892 omnes
2651 2837 2856 2890 inimici
2916 2834 3040 2896 mei,
3093 2829 3492 2902 confundantur
3524 2839 3576 2882 et

1983 2934 2290 2990 erubescant
2325 2930 2476 2986 valde
2508 2928 2769 2984 velociter.
2823 2925 2962 2981 Cum
3014 2924 3187 2978 Deum
3247 2920 3352 2975 sibi
3388 2917 3575 2989 propi-

1985 3032 2122 3086 tium
2153 3035 2349 3085 nactus
2377 3026 2469 3092 sit,
2504 3025 2573 3079 ad
2616 3024 2795 3093 ipsum
2848 3018 3030 3074 denuo
3079 3013 3384 3070 orationem
3417 3025 3575 3066 suam

1985 3123 2292 3189 convertit;
2351 3125 2618 3190 rogatque
2651 3122 2711 3170 ut
2757 3110 3019 3168 recedant
3059 3113 3114 3162 ct
3166 3103 3575 3160 confundantur

299 3195 478 3277 καλεῖ·
506 3195 643 3292 πρὸς
675 3220 736 3274 τὸ
790 3195 1141 3293 ἀναχωρῆσαι
1173 3195 1286 3275 καὶ⁷
1309 3195 1664 3292 αἰσχυνθῆναι
1711 3195 1876 3273 αὐτοῦ

1985 3216 2190 3274 inimici
2216 3214 2322 3277 sui,
2359 3218 2646 3284 postquam
2673 3205 2885 3264 insidia:
2905 3203 3172 3274 ipsorum,
3202 3197 3313 3253 Deo
3345 3195 3448 3252 sibi
3476 3210 3575 3267 per

297 3317 424 3379 τοὺς
449 3314 695 3386 ἐχθροὺς,
748 3313 1119 3384 ἀποτυχόντας
1152 3315 1210 3367 ἐν
1246 3307 1327 3377 οἷς
1358 3311 1776 3375 ἐπεϐούλευσαν,
1814 3310 1880 3364 δι’

296 3402 373 3464 ὧν
401 3407 550 3478 αύτῷ
571 3408 701 3473 Θεὸς
723 3407 822 3479 τὴν
856 3407 1132 3479 σωτηρίαν
1159 3405 1482 3478 παρέσχετο.
1525 3404 1689 3470 Ἀξιοῖ
1711 3404 1766 3458 δὲ
1788 3404 1884 3458 καὶ

299 3501 418 3555 Αίαν
472 3501 669 3565 αὐτοὺς
699 3499 1067 3572 ταραχθῆναι·
1100 3498 1129 3552 ὃ
1162 3498 1228 3570 δὴ
1258 3499 1475 3562 πάντως
1507 3498 1704 3562 αὐτοὺς
1741 3495 1885 3552 κατὰ

295 3596 389 3649 τὸν
423 3594 612 3666 καιρὸν
658 3593 757 3664 τῆς
806 3592 900 3646 τοῦ
942 3592 1076 3646 Θεοῦ
1139 3590 1535 3662 δικαιοκρισίας
1583 3589 1880 3654 ἐκδέξεται.

719 3709 1014 3763 ΨΑΛΜΟΣ
1039 3709 1126 3760 Ta
1158 3708 1356 3759 ΔΑΥΙΔ
1391 3709 1466 3759 Ζ’.

305 3823 409 3877 Ὃν
436 3815 555 3894 ᾖσε
578 3819 660 3887 τῷ
710 3822 910 3889 Κυρίῳ
957 3819 1113 3946 ῦιπὲρ
1152 3819 1272 3900 τῶν
1308 3820 1508 3889 λόγων
1529 3816 1718 3872 Χουσὶ
1747 3813 1884 3872 υἱοῦ

1010 3906 1226 3946 atteret.

1010 3906 1226 3960 εμενει.

371 4008 548 4076 Κύριε
569 4010 603 4062 ὀ
638 4008 783 4074 Θεός
803 4024 946 4078 μου,
980 4005 1082 4060 ἐπὶ
1112 4005 1212 4060 σοὶ
1249 4004 1485 4074 ἤλπισα
1509 4021 1522 4034 ·
1569 3999 1778 4057 σῶσόν
1804 4017 1884 4071 με

296 4100 367 4155 ἐκ
394 4100 636 4154 πάντων
672 4103 795 4157 τῶν
831 4100 1168 4154 διωκόντων
1185 4115 1281 4168 με,
1320 4095 1418 4151 καὶ
1437 4095 1628 4165 ῥῦσαί
1637 4111 1734 4164 με,
1764 4092 1882 4163 μή·

296 4208 444 4248 ποτε
471 4191 713 4262 ἁρπάσῃ
747 4192 828 4258 ὠς
858 4189 1016 4246 λέων
1042 4190 1157 4259 τὴν
1190 4188 1402 4259 ψυχήν
1425 4206 1566 4258 μου,
1593 4185 1679 4256 μὴ
1707 4186 1890 4253 ὄντος

295 4285 731 4355 λυτρουμένου,
758 4284 914 4354 μηδὲ
945 4282 1255 4349 σώζοντος.
1289 4282 1402 4335 Ούκ
1432 4282 1518 4334 ἐπ’
1549 4278 1878 4352 ἀνθρώποις,

296 4381 416 4434 οὐδὲ
451 4379 780 4450 συμϐουλαῖς
831 4376 1163 4450 ἀνθρώπων,
1204 4375 1237 4445 ἢ
1294 4373 1524 4446 στρατοῦ
1554 4371 1748 4444 πλήθει
1781 4372 1882 4438 τὰς

295 4472 437 4545 ἐμὰς
477 4472 698 4535 ἐλπίδας
751 4473 1086 4542 ἀπήρτησα·
1129 4469 1220 4521 Διό
1275 4486 1340 4540 με
1395 4467 1554 4539 ῥῦσαι
1604 4465 1880 4536 πολεμίων

301 4582 391 4636 μοι
412 4562 681 4616 τοσούτων
728 4563 1093 4633 ἐπικειμένων
1122 4560 1210 4614 διὰ
1238 4560 1458 4624 παντός.
1482 4559 1556 4612 Ob
1595 4577 1633 4630 μ

310 4655 684 4728 Ἀὅεσσαλὼμ,
744 4657 837 4709 καὶ
880 4655 1181 4725 Ἀχιτόφελ,
1216 4654 1309 4707 καὶ
1349 4651 1459 4705 τῶν
1510 4651 1608 4704 σὺν
1653 4649 1874 4712 αὐτοῖς·

295 4747 433 4803 ἀλλὰ
465 4748 558 4800 καὶ
576 4747 748 4800 πάλαι
775 4745 880 4816 νέῳ
905 4745 1018 4798 ὄντι
1052 4744 1225 4798 Σαούλ
1263 4761 1321 4796 τε
1354 4741 1446 4796 καὶ
1475 4741 1742 4795 πλείστων
1770 4737 1878 4792 τῶν

295 4858 356 4894 τε
378 4841 444 4892 δι’
470 4840 648 4893 αὐτῶν
673 4839 893 4909 ἀφανῶς
931 4856 1019 4910 μοι
1050 4836 1430 4907 πολεμούντων
1462 4833 1733 4905 δαιμόνων
1757 4849 1770 4862 ·
1803 4826 1879 4885 ὧν

299 4933 427 5005 περὶ
452 4932 545 4986 τοῦ
574 4933 831 5005 ἄρχοντος
854 4933 1066 5005 εἴρηται
1085 4948 1098 4962 ο
1147 4931 1200 4982 Ὁ
1227 4929 1528 4994 ἀντίδικος
1567 4924 1736 4996 ὑμῶν
1755 4923 1882 4978 διά-

298 5029 479 5091 ϐολος
523 5031 610 5090 ὡς
660 5023 818 5078 λέων
869 5023 1206 5093 ὠρυόμενος
1262 5021 1630 5090 περιέρχεται
1692 5014 1882 5087 ζητῶν

297 5120 434 5174 τίνα
487 5120 746 5188 καταπίῃ
772 5137 786 5152 ·
823 5119 880 5186 ἐξ
903 5114 963 5172 οῦ
992 5119 1226 5190 μάλιστα
1260 5117 1523 5190 ρυσθῆναι
1553 5115 1877 5188 παρακαλῶ.

373 5395 545 5463 Κύριε
573 5396 605 5448 ὁ
633 5393 775 5458 Θεός
811 5409 951 5461 μου,
985 5393 1035 5444 ει
1077 5390 1336 5458 ἐποίησα
1383 5389 1578 5449 τοῦτο,
1621 5389 1672 5440 εί
1712 5386 1884 5440 ἐστιν

298 5489 503 5545 ἀδικία
532 5487 603 5540 ἐν
633 5486 808 5558 χερσί
833 5504 974 5556 μου,
1012 5487 1066 5539 εὶ
1104 5483 1494 5539 ἀνταπέδωκα
1539 5480 1664 5547 τοῖς
1700 5481 1882 5534 ἀντα-

301 5579 620 5634 ποδιδοῦσί
662 5597 762 5649 μοι
810 5577 1001 5642 κακὰ,
1040 5575 1400 5644 ἀποπέσοιμι
1443 5572 1558 5641 ἄρα
1604 5571 1723 5627 ἀπὸ
1765 5569 1885 5625 τῶν

301 5672 532 5742 ἐχθρῶν
553 5691 671 5741 μου
700 5673 1076 5742 κενός.”Οσην
1096 5669 1217 5737 ἄγει
1241 5667 1550 5739 παρρησίαν
1573 5666 1664 5718 ἐπὶ
1696 5664 1772 5735 τῷ
1804 5663 1879 5734 μὴ

306 5769 688 5839 μνησικακεῖνῑ
737 5766 1042 5838 Ἐξαίρετον
1081 5764 1191 5834 γὰρ
1229 5759 1390 5815 τοῦτο
1425 5758 1755 5829 κατόρθωμα
1783 5754 1879 5809 τοῦ

375 5931 419 5962 ⁷⁸
462 5928 650 5983 Mattn.
686 5943 761 5995 VI,
803 5923 892 5978 ‘22.
973 5924 1014 5953 ⁷⁷
1057 5922 1074 5974 1
1111 5919 1254 5973 Petr.
1293 5934 1323 5968 v
1350 5957 1362 5970 .
1396 5915 1449 5970 8.

1983 3327 2077 3368 eas
2120 3310 2348 3367 salutem
2403 3303 2738 3366 conferente,
2770 3299 2910 3354 male
2939 3301 3246 3350 cesserunt.
3309 3288 3571 3346 Precatu:

1983 3410 2186 3468 autem,
2223 3408 2286 3455 ut
2339 3397 2688 3454 vehementer
2741 3387 3181 3447 conturbentur:
3241 3381 3388 3453 quod
3438 3379 3574 3451 ipsis

1983 3495 2270 3568 sane‘justi
2295 3493 2391 3549 Dei
2417 3488 2612 3564 judicii
2646 3496 2894 3556 tempore
2934 3489 3257 3537 eventurum
3288 3482 3397 3532 est.

2383 3685 2708 3743 PSALMUS
2745 3679 2958 3736 DAVlD
2999 3677 3114 3732 VII.

1983 3808 2038 3863 1.
2098 3805 2264 3872 Quem
2317 3802 2551 3856 cantavit
2598 3797 2824 3872 Domina
2865 3809 2968 3872 pro
3020 3790 3192 3846 verbis
3248 3787 3415 3843 Chusi
3472 3785 3574 3854 ﬁlii

2675 3865 2896 3921 Jemini.

2051 3989 2218 4046 Vnus.
2247 3988 2303 4054 2,
2333 3988 2387 4042 5.
2423 3983 2646 4039 Domine
2692 3980 2834 4035 Deus
2891 3993 3063 4043 meus,
3109 3975 3169 4030 in
3223 3982 3271 4028 te
3303 3970 3512 4042 speravi
3540 3989 3562 4026 .-

1981 4087 2185 4140 satvum
2251 4097 2332 4135 me
2392 4078 2480 4148 fac
2537 4091 2602 4131 ea:
2662 4073 2904 4129 omnibus
2958 4066 3388 4140 persequentibus
3453 4081 3569 4130 me,

1979 4189 2030 4232 et
2063 4175 2228 4230 libera
2257 4189 2358 4227 me.
2383 4166 2680 4240 Nequando
2712 4165 2889 4236 rapiat
2917 4171 2976 4217 ut
3005 4162 3085 4216 leo
3115 4161 3350 4214 animam
3379 4172 3569 4222 meam,

1979 4268 2106 4322 dum
2151 4283 2254 4321 non
2300 4272 2378 4319 est
2405 4263 2493 4334 qui
2549 4259 2800 4322 redimat,
2833 4271 2995 4324 neque
3022 4253 3112 4325 qui
3150 4250 3355 4306 salvum
3381 4248 3567 4318 faciat.

1978 4361 2335 4432 Nequaquam
2367 4358 2420 4411 in
2455 4352 2808 4415 hominibus,
2843 4361 3024 4418 neque
3054 4346 3110 4400 in
3162 4339 3412 4399 consiliis
3466 4339 3569 4393 ho-

1983 4453 2214 4519 minum,
2245 4463 2422 4518 neque
2452 4447 2505 4500 in
2536 4443 2814 4499 exercitus
2864 4438 3038 4509 copiis
3072 4449 3223 4505 spem
3253 4445 3429 4488 meam
3482 4445 3572 4484 re-

1635 4521 1755 4611 ὄνον
1786 4556 1881 4611 νῦν
1911 4569 1956 4624 D
1985 4544 2144 4614 posui
2181 4561 2193 4595 :
2228 4545 2560 4610 quapropter
2593 4549 2623 4588 a
2645 4540 2726 4587 tot
2761 4544 2979 4600 semper
3009 4524 3346 4582 instantibus
3386 4521 3571 4576 inimi-

1986 4613 2067 4691 cis
2098 4634 2250 4703 eripe
2300 4645 2406 4686 me.
2442 4627 2629 4696 Neque
2683 4624 2860 4680 solum
2889 4619 3036 4674 enim
3089 4617 3157 4671 ab
3197 4613 3472 4669 Absalone
3514 4619 3572 4665 et

1985 4725 2340 4796 Achitopbcle
2395 4733 2694 4788 eorumque
2751 4709 3084 4783 sequacibus
3147 4706 3242 4776 qui
3300 4718 3388 4758 me
3423 4717 3568 4757 nunc

1987 4821 2348 4882 adoriuntur;
2386 4813 2483 4868 sed
2526 4811 2640 4881 jam
2679 4807 2812 4862 olim
2859 4798 3080 4872 juvenis
3109 4811 3237 4852 cum
3274 4808 3478 4857 essem,
3535 4807 3567 4847 a

1989 4915 2176 4975 Saule,
2213 4920 2267 4966 et
2292 4926 2321 4964 a
2350 4906 2534 4962 multis
2565 4903 2655 4973 qui
2688 4915 2775 4954 me
2809 4896 2984 4968 ipsius
3011 4906 3176 4965 opera
3209 4889 3350 4945 clam
3389 4885 3569 4957 impu-

1986 5006 2229 5080 gnabant
2278 4997 2638 5057 daemonibus,
2684 4992 2754 5047 de
2803 5001 3037 5059 quorum
3068 4982 3313 5053 principe
3357 4978 3565 5080 dictum

1987 5069 2484 5155 esttAdversarius
2534 5095 2700 5140 vester
2747 5077 3015 5140 diabolus,
3054 5084 3305 5144 tanquam
3360 5069 3439 5123 leo
3473 5083 3567 5121 rue

1987 5197 2131 5262 gicns
2152 5187 2338 5242 circuit
2359 5197 2596 5254 quwrens
2620 5193 2770 5250 quem
2804 5174 3012 5228 devoret
3037 5171 3104 5222 ⁷⁷.
3135 5168 3180 5221 Δ
3202 5181 3312 5237 quo
3333 5178 3565 5236 prmser-

1987 5287 2080 5341 tim
2106 5299 2193 5338 me
2215 5282 2412 5335 liberes
2438 5291 2590 5346 rogo.
3499 5264 3509 5271 ‘

2041 5377 2210 5431 Vens.
2243 5375 2298 5435 4,
2325 5372 2378 5427 5.
2410 5369 2630 5424 Domine
2657 5365 2791 5418 Deus
2827 5377 2990 5420 meus,
3009 5360 3056 5413 si
3085 5357 3184 5427 feci
3212 5355 3376 5416 istud,
3413 5351 3459 5404 si
3482 5356 3561 5402 est

1986 5471 2242 5542 iniquitas
2288 5467 2342 5520 in
2379 5463 2621 5517 manibus
2666 5458 2794 5512 meis
2829 5469 2848 5508 :
2884 5455 2932 5509 si
2969 5449 3174 5506 reddidi
3221 5439 3558 5500 retribucnti-

1988 5535 2090 5622 bus-
2123 5563 2251 5618 mihi
2303 5559 2471 5622 mala,
2503 5551 2747 5610 decidam
2801 5547 2988 5602 merito
3029 5543 3094 5597 ab
3150 5535 3379 5594 inimicis
3426 5544 3558 5622 mets

1985 5658 2185 5714 inanis.
2235 5652 2508 5720 Quantam
2533 5661 2602 5702 ex
2639 5640 2915 5698 oblivione
2957 5633 3280 5704 iniuriarum
3331 5639 3394 5679 ac
3421 5620 3559 5677 tole-

1985 5712 2162 5807 rantis
2193 5712 2446 5800 ﬁd—uciam
2479 5734 2650 5793 David
2679 5728 2932 5789 exhibet!
2967 5725 3094 5780 llaec
3123 5733 3253 5777 sane
3282 5712 3557 5787 praecipua
