4086 6552
507 339 613 396 525

1153 311 1426 397 EUSEBII
1459 340 1938 398 CIESARIENSLS
1975 342 2124 398 OPP.
2164 342 2347 398 PARS
2385 341 2470 396 llI.
2512 369 2580 380 —
2613 339 3020 397 EXEGETlCA.

3657 331 3768 388 εει

507 461 630 530 ejus
662 461 838 518 virtus
863 471 974 529 est,
1008 468 1068 516 ut
1117 460 1318 532 Moysis
1361 462 1750 517 mansuetudo:
1783 461 1916 516 Erat
1945 465 2083 516 enim

2187 463 2375 515 Δαυῖδ·
2417 464 2493 526 ὡς
2521 461 2613 515 τοῦ
2647 463 2744 532 μὲν
2771 463 3045 525 Μωῦσέως
3085 461 3146 514 τὸ
3189 461 3386 532 πρᾶον·
3421 457 3617 526 Πρᾶος
3649 457 3766 526 γὰρ

509 551 820 608 mitissimus
853 570 1007 622 super
1039 570 1214 607 omnes
1264 552 1495 606 homines
1533 555 1624 623 qui
1655 554 2000 609 morabantur
2025 557 2078 609 in

533 646 768 710 terra";
797 646 1086 700 Abrahami
1122 644 1288 700 ﬁdes:
1319 643 1556 700 Credidit
1584 646 1730 702 enim
1771 647 1898 712 Deo,
1929 657 1977 700 et
1998 665 2080 702 re-

509 748 753 809 putatum
785 748 862 794 est
893 740 942 793 ei
963 739 1016 792 in.
1035 738 1307 807 justitiam
1321 739 1405 804 7';
1437 737 1558 794 Jobi
1593 739 1874 809 patientia.
1923 737 2080 794 Jose-

509 831 604 902 phi
652 830 1006 892 continentia,
1056 828 1366 885 Salomonis
1408 831 1697 901 sapientia.
1741 829 1902 886 Certe
1949 848 2080 887 san-

511 928 722 974 ctorum
755 921 972 990 egregia
1020 921 1222 986 virtus,
1271 937 1380 977 non
1411 923 1470 976 in
1499 923 1663 978 rebus
1701 923 1893 978 iisdem
1923 925 2079 978 testi-

509 1012 752 1066 monium
805 1013 1053 1083 accepit;
1106 1013 1199 1068 sed
1253 1014 1309 1067 in
1360 1029 1466 1084 quo
1518 1015 1834 1069 certaminis
1885 1031 2082 1085 genere

509 1103 870 1173 praecellebat.
909 1103 1079 1160 David
1123 1104 1290 1176 igitur
1335 1106 1428 1176 qui
1471 1121 1689 1177 semper
1735 1109 2080 1162 tolerantiam

507 1194 945 1266 oblivionemque
991 1195 1319 1266 injuriarum
1351 1199 1574 1266 expetiit
1598 1237 1611 1258 ,
1645 1197 1694 1251 id
1727 1197 1869 1266 apud
1913 1197 2080 1253 Deum

507 1285 790 1341 contendit
819 1297 877 1341 ut
901 1289 1054 1358 paria
1080 1297 1470 1359 consequatur.
1515 1287 1650 1343 Nam
1686 1306 1716 1344 a
1759 1289 1962 1360 Spiritu
1997 1291 2081 1346 di-

507 1378 636 1432 vino
673 1379 972 1434 edidicerat
995 1379 1236 1435 futuram
1262 1382 1407 1434 illam
1440 1379 1739 1437 Salvatoris
1767 1384 2084 1453 promissio-

512 1486 672 1526 nem:
729 1471 787 1526 Si
821 1473 1135 1528 dimiseritis
1165 1473 1465 1528 hominibus
1512 1483 1727 1542 peccata
1759 1491 1960 1539 eorum,
1995 1476 2080 1529 di-

510 1565 680 1618 mittet
707 1575 754 1618 et
786 1566 926 1619 vobis
957 1565 1124 1620 Pater
1150 1573 1315 1620 vester
1345 1567 1570 1620 cwlestis
1593 1566 1786 1621 delicta
1815 1578 1986 1621 vestra
2009 1569 2077 1623 ⁸ο.

511 1651 693 1716 Quare
740 1669 863 1706 eum
925 1663 1316 1724 congruentem
1367 1655 1630 1712 edidisset
1679 1657 2078 1728 pmnitentiam,

507 1735 722 1820 veniam
749 1755 1082 1801 consecutus
1113 1755 1218 1802 est.

2185 550 2262 623 ἦν
2290 555 2448 622 παρὰ
2475 555 2703 620 πάντας
2726 553 2868 620 τοὺς
2896 552 3243 622 ἀνθρώπους
3269 551 3409 617 τοὺς
3441 551 3618 614 ὄντας
3659 547 3766 600 ἐπὶ

2185 645 2294 714 τῆς
2331 645 2472 716 γῆς’
2522 644 2616 698 τοῦ
2663 643 2913 718 Ἀϐραὰμ
2959 645 3016 697 δὲ
3057 645 3090 716 ή
3139 643 3350 707 πίστις·
3401 642 3770 695 Ἑπίστευσε

2185 739 2291 809 γὰρ
2331 737 2410 802 τῷ
2442 736 2582 801 Θεῷ,
2611 737 2704 789 καὶ
2729 737 3014 805 ἐλογίσθη
3039 735 3197 800 αὐτῷ
3216 737 3302 801 εἰς
3329 733 3726 799 δικαιοσύνην
3748 747 3764 762 ·

2187 831 2282 884 καὶ
2322 829 2414 883 τοῦ
2455 827 2576 882 Ἰὼϐ
2609 831 2640 900 ή
2677 828 2959 900 καρτερία,
2987 829 3081 881 καὶ
3123 827 3318 898 Ἰωσὴφ
3348 829 3380 896 ή
3415 824 3765 896 σωφροσύνη,

2187 921 2280 974 καὶ
2315 924 2348 992 ή
2403 921 2562 990 σοφία
2609 920 2704 973 τοῦ
2757 921 3126 991 Σαλομῶντος.
3163 919 3273 972 Καὶ
3300 917 3362 970 τὸ
3399 916 3620 988 στερρὸν
3653 914 3770 967 τῶν

2188 1013 2356 1081 ἁγίων
2385 1013 2482 1065 οὐκ
2517 1013 2608 1066 ἐπὶ
2636 1015 2749 1076 τοῖς
2781 1014 2963 1075 αὐτοῐς
2996 1011 3442 1082 μεμαρτύρηται·
3481 1006 3594 1061 ἀλλ’
3627 1008 3684 1057 ὲν
3715 1000 3769 1072 ᾧ

2188 1109 2379 1176 κρατεῖ
2401 1106 2684 1177 παραδόξῳ
2706 1106 3063 1176 παλαίσματι.
3087 1103 3248 1157 Δαυῒδ
3267 1103 3446 1156 τοίνυν
3469 1103 3496 1153 ὁ
3517 1100 3603 1152 διὰ
3629 1115 3772 1150 παν·-

2187 1199 2276 1262 τὺς
2306 1198 2680 1268 ἀμνησίκακον
2713 1197 2900 1268 ᾔτησε,
2939 1196 3206 1267 προτείνει
3235 1187 3361 1258 Θεῷ
3407 1192 3514 1244 τῶν
3543 1189 3670 1242 ’ἰσων
3703 1187 3772 1253 ἐξ

2189 1291 2352 1345 αὑτοῦ
2397 1294 2578 1360 τυχεῖν
2627 1288 3190 1360 ἐξαιτούμενος.”ῌδει
3219 1285 3325 1356 γὰρ
3369 1287 3433 1336 ἐκ
3479 1282 3572 1334 τοῦ
3617 1282 3768 1334 θείου

2189 1383 2501 1453 Πνεύματος
2542 1381 2639 1452 τὴν
2687 1381 2981 1452 μέλλουσαν
3022 1379 3116 1432 τοῦ
3155 1378 3404 1448 Σωτῆρος
3435 1373 3769 1442 ἐπαγγελίαν

2187 1477 2307 1549 τὴν,
2326 1476 2466 1531 Ἐὰν
2490 1475 2680 1545 ἀφῆτε
2713 1475 2836 1540 τοῖς
2867 1471 3195 1540 ἀνθρώποις
3229 1469 3298 1522 τὰ
3326 1465 3770 1535 παραπτώματα

2188 1569 2403 1636 αὐτῶν,
2430 1568 2648 1638 ἀφήσει
2679 1566 2776 1620 καὶ
2801 1565 2942 1634 ὑμῖν
2968 1567 3000 1617 ό
3025 1561 3228 1628 Πατὴρ
3253 1558 3464 1628 ὑμῶνό
3489 1555 3772 1624 οίιρά-νιος

2189 1661 2260 1714 τὰ
2292 1657 2731 1728 παραπτώματα
2765 1655 2948 1724 ὑμῶν.
2973 1651 3063 1704 Διὸ
3091 1648 3230 1722 μετὰ
3252 1648 3349 1718 τὴν
3380 1645 3567 1716 ἱκανὴν
3597 1643 3765 1715 μετά-

2189 1767 2340 1804 νοιαν
2374 1749 2532 1820 ἔτυχε
2566 1750 2666 1820 τῆς
2705 1747 2972 1816 ἀφέσεως.

583 1833 752 1889 Vens.
784 1837 837 1890 6.
883 1836 1238 1908 Persequatur
1278 1839 1523 1894 inimicus
1554 1842 1790 1918 animam
1819 1859 2010 1904 meam,
2033 1853 2082 1896 et

2254 1841 2618 1907 Καταδιώξαι
2658 1841 2770 1910 ἄρα
2795 1844 2826 1894 ὀ
2853 1839 3066 1908 ἐχθρὸς
3101 1835 3214 1905 τὴν
3247 1835 3458 1903 ψυχήν
3478 1848 3615 1900 μου,
3665 1829 3764 1882 καὶ

508 1927 935 1994 comprehendat,
968 1939 1015 1982 et
1047 1931 1318 1985 conculcet
1353 1935 1406 1986 in
1440 1941 1586 1986 terra
1615 1935 1778 1988 vitam
1805 1951 1998 2000 meam,
2030 1945 2080 1987 et

509 2021 736 2091 gloriam
791 2038 961 2074 meam
1005 2024 1060 2076 in
1090 2024 1352 2091 pulverem
1400 2024 1646 2079 deducat.
1702 2025 1960 2081 Pluribus
2009 2027 2082 2080 ita

507 2111 692 2165 verbis
723 2112 985 2168 insistens
1016 2115 1125 2168 ait:
1166 2113 1222 2168 Si
1247 2131 1366 2170 eam
1394 2131 1508 2169 rem
1545 2132 1652 2171 non
1683 2119 1853 2188 probe
1874 2120 2080 2189 egerim

509 2217 578 2256 ne
608 2218 636 2254 a
668 2211 891 2272 peccato
943 2211 1070 2259 ante
1118 2206 1329 2258 obitum
1378 2207 1596 2276 eripiar,
1644 2223 1822 2278 neque
1853 2210 2081 2279 gloriam

511 2307 686 2346 meam
727 2293 1019 2364 recipiam;
1051 2294 1146 2350 sed
1179 2296 1232 2348 in
1267 2296 1402 2366 ipsis
1421 2296 1629 2353 delictis
1646 2303 2095 2372 comprehendar,

511 2393 571 2438 ut
603 2384 861 2439 inimicus
896 2401 1073 2451 meus,
1121 2389 1350 2456 perinde
1394 2397 1556 2458 atque
1589 2390 1642 2443 in
1672 2395 1793 2460 ipso
1821 2393 2080 2461 peccandi

508 2484 774 2544 tempore,
805 2476 1044 2530 animam
1094 2493 1268 2532 meam
1309 2495 1526 2549 semper
1558 2481 1862 2548 conculcet,
1909 2483 2084 2538 donec

508 2579 574 2618 ea
609 2565 662 2618 in
695 2565 972 2636 pulverem
999 2569 1194 2624 mortis
1227 2579 1554 2626 revertatur.
1584 2571 1680 2626 Sin
1709 2582 1900 2628 contra
1919 2575 2085 2645 probe

509 2669 598 2709 me
623 2656 905 2725 gesserim,
941 2657 1256 2729 redemptus
1280 2676 1342 2715 ea
1372 2677 1494 2730 qua:
1510 2677 1607 2732 par
1635 2669 1719 2718 est
1749 2678 2081 2734 consequar,

509 2761 688 2816 neque
719 2747 774 2802 in
804 2750 1082 2818 pulverem
1126 2753 1337 2821 peccati
1369 2754 1630 2818 carnalis,
1659 2755 1715 2808 in
1745 2772 1906 2828 quem
1936 2756 2086 2811 dela-

509 2855 646 2910 psus
671 2857 813 2906 sum,
846 2857 1215 2911 per-maneam.
1253 2841 1376 2897 Vita
1403 2844 1523 2913 ejus
1549 2847 1644 2915 qui
1672 2847 1874 2900 terreni
1911 2847 2086 2900 homi—

512 2931 601 2986 nis
633 2933 921 3002 imagincm
953 2935 1110 3005 gerit,
1143 2934 1210 2990 ab
1247 2934 1470 2990 inimico
1505 2937 1561 2991 in
1592 2946 1736 2992 terra
1765 2939 2084 2993 conculcata

512 3031 613 3077 est.
683 3023 1044 3089 Quamobrem
1093 3025 1204 3090 ille,
1238 3027 1452 3082 etiamsi
1499 3027 1746 3082 videatur
1793 3029 2086 3100 aliquando

513 3114 685 3184 gloria
713 3115 872 3180 allici,
917 3125 1156 3172 attamen
1199 3119 1372 3188 gloria
1392 3119 1513 3188 ejus
1543 3120 1600 3174 in
1643 3121 1867 3190 pulvere
1899 3120 2082 3189 jacet;

511 3205 704 3273 (liiales
737 3216 865 3260 sunt
912 3209 1004 3276 qui
1047 3209 1233 3278 gloria:
1268 3224 1436 3264 causa
1479 3219 1669 3280 agunt,
1701 3211 1892 3266 laudes
1922 3227 2084 3282 expe-

513 3301 657 3356 tunt,
705 3295 786 3348 vel
819 3297 1122 3350 mercedem
1157 3297 1226 3352 ab
1253 3297 1571 3354 hominibus
1611 3310 1977 3371 aucupantur.

589 3381 752 3438 Vens.
775 3385 827 3449 7,
855 3385 907 3440 8.
939 3385 1202 3457 Exsurge,
1228 3387 1540 3454 Domine,in
1557 3391 1748 3446 iralua
1776 3401 1824 3446 et
1855 3395 2091 3450 exaltare

511 3473 570 3528 in
611 3475 805 3542 ﬁnibus
861 3478 1196 3532 inimicorum
1270 3491 1499 3536 tuorum.
1561 3482 1820 3555 Exsurge,
1870 3485 2091 3542 Domine

516 3566 654 3621 Deus
689 3583 854 3630 meus,
887 3569 938 3622 in
970 3581 1229 3638 prwcepto
1261 3573 1400 3642 quod
1427 3575 1718 3643 mandasti,
1749 3588 1798 3630 et
1823 3595 2092 3650 synagoga

515 3657 834 3727 populorum
880 3659 1228 3714 circumdabit
1283 3673 1350 3716 te.
1394 3661 1684 3719 Dominum
1713 3666 1986 3732 hortatur,
2030 3678 2089 3726 ut

513 3750 684 3806 veluti
715 3751 826 3804 dux
870 3752 1146 3808 exercitus
1189 3769 1314 3808 eum
1377 3754 1750 3827 indignatione
1788 3769 2088 3833 consurgat

513 3842 779 3897 adversus
805 3844 1105 3912 principem
1135 3846 1410 3902 exercitus
1443 3847 1798 3906 invisibilium
1837 3853 2087 3908 inimico-

513 3947 659 3996 rum,
687 3934 768 3986 sic
805 3947 931 3986 eum
964 3934 1337 4004 compellans:
1385 3934 1467 3989 Tu
1505 3938 1640 4006 ipse,
1668 3941 1760 4010 qui
1797 3941 1958 3998 nobis
1989 3943 2088 3996 bo-

513 4023 756 4078 minibus
803 4024 1109 4092 praecepisti
1165 4032 1224 4077 ut
1262 4035 1668 4092 coneertemus,
1717 4029 1956 4100 idipsum
2005 4031 2088 4086 fa-

514 4114 644 4168 cito.
701 4111 772 4166 lis
801 4113 944 4166 enim
977 4113 1075 4168 abs
1105 4121 1155 4168 te
1187 4112 1390 4184 fugatis
1417 4130 1480 4169 ac
1513 4117 1729 4184 deletis,
1763 4135 1864 4190 ego
1901 4123 2085 4178 salvus

514 4219 651 4269 ero;
685 4217 860 4272 neque
889 4205 1064 4268 solus,
1111 4205 1204 4260 sed
1239 4207 1401 4260 etiam
1443 4207 1687 4265 Ecclesia
1725 4227 1792 4266 ex
1831 4215 2086 4283 gentibus

513 4291 876 4347 circumdabit
911 4299 986 4356 te,
1030 4293 1310 4349 eliminato
1339 4296 1549 4352 scilicet
1576 4301 1724 4354 omni
1771 4302 2084 4360 daemonum

514 4397 721 4439 errore.
777 4381 835 4436 In
874 4371 964 4436 illa
997 4398 1128 4438 sane
1155 4385 1304 4440 velut
1350 4386 1406 4440 in
1436 4387 1608 4443 choro
1650 4391 1863 4448 medius
1892 4397 2082 4451 (εοηεί-

2184 1931 2504 1986 καταλάϐοι
2550 1933 2649 1986 καὶ
2701 1927 3120 1996 καταπατῆσαι
3160 1929 3247 1990 εὶς
3283 1924 3400 1994 γῆν
3437 1922 3559 1989 ’τὴν
3615 1919 3766 1986 ζωήν

2176 2043 2318 2095 μου,
2353 2026 2448 2078 καὶ
2488 2023 2602 2093 τὴν
2631 2023 2818 2086 δόξαν
2840 2040 2958 2090 μου
2987 2022 3074 2085 εἰς
3100 2016 3252 2087 χοῦν
3280 2011 3762 2080 κατασκηνώσειι.

2183 2117 2587 2185 Διατεινόμενος
2613 2115 2669 2166 δέ
2698 2129 2862 2182 φησιν
2881 2129 2894 2142 ·
2925 2112 2985 2163 El
3017 2111 3090 2180 μὴ
3123 2106 3461 2177 κατώρθωσα
3489 2103 3662 2166 τοῦτο,
3689 2101 3764 2172 μὴ

2185 2203 2606 2275 ὲλευθερωθείην
2637 2204 2744 2273 πρὸ
2765 2202 2858 2255 τοῦ
2889 2201 3120 2254 θανάτου
3154 2199 3254 2268 τῆς
3291 2195 3589 2267 ἁμαρτίας,
3625 2191 3763 2264 μηδὲ

2182 2295 2279 2365 τὴν
2314 2295 2450 2366 ἐμὴν
2472 2295 2796 2366 ἀπολάϐοιμι
2813 2295 2986 2358 δόξαν,
3015 2295 3072 2345 ἐν
3102 2293 3290 2353 αὑταῖς
3319 2289 3378 2342 δέ
3408 2306 3506 2360 μου
3531 2285 3768 2355 καταλη-

2185 2389 2378 2458 φθεεην
2403 2391 2524 2451 ταῖς
2555 2388 2870 2458 ἁμαρτίαις,
2908 2386 2974 2439 ἵν’
3011 2386 3086 2448 ὡς
3119 2387 3206 2438 ὅτε
3232 2386 3475 2454 ἥμαρτον
3501 2380 3644 2434 οὕτω
3673 2379 3766 2450 μέ-

2184 2499 2274 2554 χρι
2309 2480 2504 2543 παντὸς
2534 2479 2630 2550 τὴν
2665 2479 2803 2550 ἐμήν
2829 2481 2857 2532 ό
2887 2476 3153 2548 δυσμενὴς
3185 2475 3544 2544 καταπατήσῃ
3567 2471 3763 2543 ψυχὴν,

2189 2571 2350 2643 μέχρι
2402 2569 2496 2623 τοῦ
2543 2572 2622 2634 εἰς
2672 2570 2798 2641 χοῦν
2826 2568 3166 2640 ὑποστρέψαι
3200 2567 3448 2620 θανάτου.
3485 2565 3547 2615 Εἰ
3580 2563 3636 2615 δὲ
3665 2579 3766 2614 κα·-

2185 2663 2470 2735 τώρθωσα,
2499 2663 2714 2734 τύχοιμι
2757 2662 2866 2714 τῶν
2897 2661 3026 2714 ἴσων
3053 2659 3432 2732 λυτρούμενος,
3463 2657 3556 2710 καὶ
3590 2655 3664 2726 μή
3687 2655 3768 2718 εἰς

2185 2754 2246 2806 ὃν
2279 2753 2338 2820 ἐξ
2378 2755 2652 2826 ἁμαρτίας
2679 2754 2959 2807 κατέπεσα
2993 2751 3120 2824 χοῦν
3151 2749 3422 2820 ἐπιμένων
3451 2747 3552 2817 τῆς
3585 2761 3770 2817 σαρκι-

2188 2846 2290 2916 κῆς
2335 2848 2629 2918 ἁμαρτίας.
2648 2849 2710 2900 Ἦ
2739 2847 2851 2918 ζωὴ
2882 2845 2976 2899 τοῦ
3003 2845 3081 2898 ἔτι
3111 2845 3209 2913 τὴν
3249 2841 3430 2896 εἰκόνα
3461 2839 3552 2892 τοῦ
3583 2837 3768 2908 χοϊκοῦ

2188 2935 2480 3006 φοροῦντος
2532 2938 2988 3008 καταπεπάτηται
3035 2934 3140 2987 ὑπὸ
3168 2933 3262 2986 τοῦ
3299 2931 3492 3003 ἐχθροῦ
3519 2933 3598 2993 εἰς
3627 2929 3728 3000 γῆν
3749 2945 3763 2958 ·

2187 3023 2337 3091 οὗτος
2364 3027 2440 3092 δὲ,
2471 3027 2572 3081 κᾶν
2617 3027 2934 3094 δοξάζεσθαι
2988 3025 3119 3079 ποτὲ
3169 3025 3320 3095 δοκῇ,
3357 3023 3772 3092 κατεσκήνωσεν

2190 3121 2354 3174 αὐτοῦ
2387 3123 2420 3192 ή
2447 3121 2574 3188 δόξα
2609 3123 2689 3184 εἰς
2717 3121 2866 3192 χοῦν,
2895 3121 2970 3183 ὼς
2997 3117 3106 3172 τῶν
3135 3116 3428 3170 ποιούντων
3466 3115 3554 3168 διὰ
3589 3113 3767 3178 δόξαν,

2193 3217 2285 3269 καὶ
2314 3216 2405 3269 τὸν
2435 3214 2563 3287 παρ’
2595 3213 2771 3267 αὐτῶν
2803 3213 3042 3276 ἔπαινον,
3079 3210 3111 3282 ἢ
3142 3211 3240 3281 τὴν
3267 3209 3394 3280 παρ’
3425 3208 3605 3270 αὐτοῖς
3631 3209 3768 3261 ἀπο-

2190 3308 2370 3380 δοχήν.

2275 3401 2603 3468 Ἀνάστηθι,
2639 3401 2834 3467 Κύριε,
2860 3398 2931 3452 ἐν
2961 3395 3038 3466 τῇ
3071 3395 3218 3467 ὀργῇ
3245 3412 3382 3459 σου,
3407 3394 3672 3464 ὐψώθητι
3699 3393 3770 3446 ἐν

2190 3491 2314 3558 τοῖς
2341 3491 2556 3560 πέρασι
2575 3490 2694 3544 τῶν
2721 3489 2950 3560 ἐχθρῶν
2973 3505 3108 3544 σου.
3129 3487 3518 3557 Ἐξετέρθητι,
3539 3488 3712 3554 Κύριε
3735 3487 3768 3537 ό

2194 3584 2338 3650 Θεός
2362 3600 2502 3652 μου,
2541 3583 2613 3634 ὲν
2645 3580 3050 3651 προστάγματι
3075 3573 3124 3647 ᾧ
3159 3581 3455 3642 ἐνετείλω,
3488 3578 3584 3631 καὶ
3623 3592 3769 3630 συν-

2191 3676 2388 3748 αγωγὴ
2423 3673 2587 3730 λαῶν
2617 3672 2916 3728 κυκλώσει
2945 3687 3037 3729 σε.
3071 3668 3172 3727 Οἴα
3215 3672 3278 3744 δὴ
3320 3671 3620 3743 στρατηγὸν
3650 3671 3766 3724 δια-

2191 3770 2452 3841 ναστῆναι
2504 3769 2598 3821 σὺν
2652 3767 3022 3837 ἀγανακτήσει
3053 3765 3195 3818 κατὰ
3229 3763 3320 3816 τοῦ
3365 3761 3474 3816 τῶν
3523 3763 3767 3834 ἀοράτων

2191 3861 2463 3932 πολεμίων
2491 3860 2748 3929 ἄρχοντος
2784 3857 3170 3928 στρατοπέδου,
3205 3855 3379 3923 λέγων
3403 3871 3417 3884 ο
3453 3855 3517 3907 Ὃ
3539 3857 3649 3917 τοῖς
3676 3854 3768 3906 ἀν-

2191 3955 2429 4029 θρώποις
2485 3954 2616 4023 ήμῖν
2668 3950 3008 4022 προσέταξας
3059 3946 3418 4017 ἀγωνίζεσθαι
3467 3947 3607 4000 κατὰ
3661 3945 3766 3999 τῶν

2190 4047 2434 4120 ἀοράτων
2457 4043 2761 4112 δυνάμεων,
2790 4041 2947 4094 τοῦτο
2979 4040 3174 4111 δράσον
3207 4040 3388 4103 αύτὸς.
3418 4039 3632 4091 Τούτων
3657 4035 3766 4107 γὰρ

2190 4139 2294 4194 ὑπὸ
2334 4136 2428 4190 σοῦ
2463 4133 2880 4207 καθῃρημένων,
2915 4131 3069 4200 κάγὼ
3117 4131 3452 4200 σωθήσομαι,
3481 4130 3541 4182 ού
3585 4130 3763 4199 μόνος,

2189 4228 2458 4285 ἀλλὰκαὶ
2506 4229 2540 4298 ή
2569 4226 2676 4278 τῶν
2711 4223 2880 4276 ὲθνῶν
2919 4223 3212 4293 Ἐκκλησία
3248 4222 3516 4276 κυκλώσει
3550 4239 3627 4284 σε,
3662 4221 3768 4272 πά·-

2191 4340 2289 4394 σης
2313 4319 2580 4392 δαιμόνων
2607 4317 2814 4388 πλάνης
2840 4315 3257 4385 ἁπελασθείσης.
3287 4315 3502 4386 Ταύτης
3526 4315 3581 4366 δὲ
3605 4311 3768 4366 καθά-

2191 4433 2295 4487 περ
2321 4413 2481 4485 χοροῦ
2517 4412 2679 4483 μέσος
2707 4409 2995 4478 γενόμενος
3024 4407 3190 4478 ὕμνον
3237 4407 3579 4478 ἀναπέμψεις
3631 4406 3763 4476 πρέ-

516 4487 668 4533 Stens
709 4476 966 4547 hymnum
1019 4479 1236 4534 emittes
1264 4478 1412 4535 Patri
1467 4489 1582 4546 tuo,
1615 4487 2080 4554 quemadmodum

2187 4476 2353 4562 τεοὸτᾶ
2490 4476 2661 4576 Ιίατρὶ
2691 4476 2940 4573 καθάπερ
2972 4476 3107 4571 ἔφης
3129 4517 3144 4531 ³
3191 4476 3520 4570 Ἀπαγγελῶ
3544 4499 3608 4553 τὸ
3634 4499 3766 4552 ὄνο-

514 4571 738 4626 dixisti:
789 4569 1039 4623 Narrabo
1099 4587 1287 4625 nomen
1336 4581 1482 4626 tuum
1533 4575 1792 4644 fratribus
1841 4581 1991 4647 meis,
2029 4585 2083 4638 in

2187 4599 2268 4668 μά
2306 4569 2443 4652 σου.
2463 4597 2586 4662 τοῖς
2610 4569 3073 4663 ’ἀδελφοῖς-μου,
3106 4593 3176 4646 ἐν
3199 4569 3382 4660 μέσων
3409 4593 3766 4658 Ἐκκλησίας

517 4664 686 4717 medio
715 4661 966 4718 Ecclesia:
999 4663 1234 4718 laudabo
1267 4663 1398 4718 te“.

589 4773 756 4829 Vsus.
782 4773 834 4828 9.
871 4773 937 4826 Et
960 4783 1172 4844 propter
1203 4774 1336 4829 hanc
1365 4776 1420 4829 in
1452 4775 1618 4832 altum
1643 4779 1929 4847 regredere,
1975 4783 2086 4838 Do—

517 4869 693 4922 minus
732 4867 997 4935 judicabit
1034 4869 1272 4936 populos.
1315 4869 1514 4924 Judica
1565 4889 1665 4936 me,
1707 4872 1952 4940 Domine,
2001 4894 2084 4932 se-

519 4959 748 5014 cundum
783 4958 1052 5026 justitiam
1101 4971 1268 5024 tuam,
1300 4971 1349 5014 et
1387 4963 1676 5017 secundum
1725 4967 2084 5023 innocentiam

519 5065 689 5103 meam
712 5065 866 5117 super
899 5065 1000 5102 me.
1036 5047 1302 5114 Quoniam
1349 5067 1539 5108 omnes
1586 5063 1870 5112 creaturas
1913 5059 2084 5115 addu—

519 5147 606 5196 cet
647 5139 788 5194 Deus
831 5141 884 5194 in
914 5141 1202 5210 judicium,
1251 5154 1578 5214 oportetque
1624 5148 1912 5206 universos
1959 5161 2084 5208 ante

519 5229 722 5284 Christi
752 5231 990 5284 tribunal
1025 5232 1172 5294 sisti,
1224 5248 1348 5289 cum
1392 5235 1677 5294 didicisset
1709 5237 1879 5294 David
1932 5241 2081 5296 futu-

521 5336 639 5375 rum
671 5337 793 5376 esse
827 5331 884 5374 ut
924 5323 1185 5377 mundum
1219 5326 1426 5394 judicet
1469 5329 1524 5382 in
1549 5330 1785 5399 justitia,
1819 5340 1871 5387 et
1910 5350 2084 5403 popu-

521 5409 603 5466 los
635 5411 688 5464 in
725 5411 998 5480 aequitate,
1031 5411 1153 5479 jure
1191 5415 1303 5469 ait:
1348 5413 1452 5470 Mei
1490 5432 1706 5486 quoque
1734 5417 1898 5486 judex
1937 5429 2078 5484 esto,

521 5502 770 5566 Domine,
807 5519 914 5558 non
945 5505 1241 5558 secundum
1279 5507 1517 5578 reliquas
1540 5511 1885 5578 operationes
1911 5525 2078 5574 meas,

522 5594 618 5651 sed
647 5595 947 5652 secundum
971 5595 1376 5666 simplicitatem
1403 5610 1456 5654 et
1491 5599 1762 5670 justitiam
1790 5615 2008 5666 meam.;

623 5795 670 5828 ⁷⁸
707 5793 869 5850 Num.
905 5811 1016 5862 ιιι,
1051 5795 1102 5849 5.
1179 5797 1222 5828 ⁷⁵
1260 5793 1392 5853 Gen.
1430 5812 1531 5862 xv,
1570 5799 1620 5852 6.

1701 5799 1745 5829 ’⁸ο
1789 5797 1970 5852 Matth.
2011 5815 2059 5852 vi
2087 5841 2099 5864 ,
2139 5799 2220 5856 Η.

2188 4691 2439 4760 ὑμνήσω
2470 4705 2562 4744 σε.

2257 4779 2368 4834 Καὶ
2389 4779 2540 4846 ὑπὲρ
2568 4779 2788 4846 ταύτης
2817 4780 2903 4844 εἰς
2931 4777 3086 4846 ὕψος
3127 4777 3510 4844 ἐπέστρεφον,
3547 4778 3764 4844 Κύριος

2187 4871 2378 4939 κρινεῖ
2397 4871 2602 4936 λαούς.
2633 4869 2850 4938 Κρῗνόν
2877 4887 2974 4939 με,
2997 4870 3193 4936 ΚιῖῬιε,
3229 4866 3376 4919 κατὰ
3408 4865 3523 4934 τὴν
3547 4866 3764 4922 δικαιο-

2188 4963 2386 5030 σύνην
2425 4978 2560 5024 σου,
2585 4960 2685 5014 καὶ
2725 4961 2874 5014 κατὰ
2913 4959 3029 5026 τὴν
3069 4959 3326 5013 ἀκακίαν
3363 4975 3482 5028 μου
3523 4959 3616 5012 ἐπ’
3635 4959 3757 5028 ἐμέ.

2195 5053 2409 5124 Ἐπειδὴ
2458 5055 2565 5105 πᾶν
2611 5053 2672 5106 τὸ
2717 5052 2924 5122 ποίημα
2959 5051 3074 5117 ἄξει
3107 5053 3135 5103 ὁ
3163 5050 3292 5113 Θεὸς
3325 5053 3402 5115 εἰς
3433 5053 3640 5121 κρίσιν,⁴
3667 5051 3759 5106 καὶ

2181 5145 2305 5206 τοὺς
2335 5143 2542 5206 πάντας
2564 5144 2643 5195 δεῖ
2669 5143 3013 5214 παραστῆναι
3043 5143 3122 5213 τῷ
3152 5143 3354 5215 ματι
3380 5144 3474 5197 τοῦ
3501 5143 3755 5217 Χριστοῦ,

2184 5236 2405 5297 εἰκότως
2429 5233 2617 5305 μαθὼν
2643 5238 2670 5288 ὁ
2703 5233 2884 5296 Δαυῒδ,
2917 5237 2996 5288 ὅτι
3025 5236 3206 5305 μέλλει
3229 5237 3434 5308 κρίνειν
3463 5237 3558 5307 τὴν
3583 5239 3760 5290 οἰκου-

2187 5327 2352 5396 μένην
2385 5327 2442 5378 ὲν
2475 5325 2790 5398 δικαιοσύνῃ
2837 5327 2930 5379 καὶ
2978 5327 3139 5390 λαοὺς
3169 5329 3226 5380 ὲν
3253 5328 3535 5397 εὐθύτητι·
3575 5325 3754 5388 Γενοῦ,

2186 5418 2340 5488 φησι,
2375 5416 2553 5486 κάμοῦ
2584 5417 2796 5487 κριτὴς,
2826 5409 2870 5469 ὦ
2915 5417 3107 5488 Κύριε,
3145 5418 3218 5490 μὴ
3268 5419 3407 5471 κατὰ
3440 5417 3536 5480 τὰς
3567 5417 3756 5480 λοιπάς

2189 5525 2287 5578 μου
2315 5507 2559 5580 πράξεις,
2579 5507 2712 5562 ἀλλὰ
2735 5509 2880 5563 κατὰ
2899 5510 2997 5582 τὴν
3017 5510 3298 5582 ἁπλότητα
3326 5527 3425 5580 μου
3447 5509 3539 5562 καὶ
3566 5509 3760 5564 δικαιο-

2186 5601 2368 5670 σύνην.

2301 5799 2344 5830 ⁸³
2389 5799 2532 5856 Psal.
2567 5815 2689 5864 xm,
2726 5800 2812 5856 25.
