4086 6564
304 428 413 489 125

1424 418 1933 479 COMMENTARIA
1973 418 2041 473 IN
2075 419 2418 477 PSALMOS.

2810 323 2847 377 ἴ

3450 427 3553 481 126

379 541 837 608 Συντελεσθήτω
864 540 939 608 δὴ
968 540 1225 607 πονηρία
1256 537 1611 608 ἁμαρτωλῶν
1648 537 1746 591 καὶ
1786 553 1889 589 κα-

2069 533 2233 591 Vms.
2271 537 2361 601 10,
2400 536 2489 591 11.
2518 536 2875 590 Consumatur
2897 538 3127 606 nequitia
3151 546 3479 591 peccatorum
3507 547 3559 591 et

305 635 608 701 τευθυνεῖς
648 634 899 696 δίκαιον,
922 632 1138 693 ἐτάζων
1162 630 1407 699 καρδίας
1435 631 1534 683 καὶ
1562 630 1819 699 νεφροὺς
1851 633 1884 683 ό

310 725 939 795 Θεός.Ἐπιστημονικὸν
981 724 1075 776 καὶ
1122 724 1261 793 μέγα
1295 722 1356 774 τὸ
1398 722 1573 793 πέρας
1616 721 1884 775 αἰτεῖσθαι

306 816 558 885 γενέσθαι
596 817 815 879 κακίας,
855 814 1178 886 κυϐέρνησιν
1221 814 1277 867 δὲ
1320 812 1396 883 τῷ
1429 814 1622 884 δικαίῳ
1654 814 1788 884 πρὸς
1826 813 1886 865 τὸ

310 910 511 979 μηκέτι
564 908 937 980 χειμάζεσθαι.
966 908 1098 977 Περὶ
1148 907 1545 977 δικαιοκρισίας
1592 904 1761 959 εἰπὼν
1789 905 1884 958 τοῦ

305 999 465 1059 Θεοῦ,
497 999 655 1069 μόνον
695 998 898 1051 δίκαιον
930 996 1215 1065 ἀποφαίνει
1258 996 1471 1065 κριτὴν,
1496 994 1570 1057 ὡς
1600 994 1885 1065 καὶσμόνον

304 1092 521 1163 ὁρῶντα
547 1091 769 1162 καρδίας
788 1107 801 1120 ·
831 1091 990 1152 αὐτὸς
1019 1088 1129 1160 γὰρ
1160 1087 1481 1141 ἀποδίδωσιν
1508 1086 1720 1156 ἑκάστῳ
1744 1085 1885 1139 κατά

307 1186 378 1238 τὰ
416 1184 555 1254 ἔργα
586 1182 1115 1249 αύτοῧ.”Ανθρωπος
1153 1179 1251 1249 μὲν
1284 1179 1392 1249 γὰρ
1437 1180 1526 1243 είς
1572 1178 1716 1246 ὄψιν
1739 1175 1880 1247 όρςῖι·

308 1276 475 1337 αὐτὸς
499 1275 555 1329 δὲ
583 1273 821 1345 κριτικός
847 1274 990 1325 ἐστιν
1018 1270 1369 1341 ἐνθυμήσεων
1393 1270 1487 1323 καὶ
1507 1268 1722 1322 ἐννοιῶν
1750 1287 1887 1341 καρ-

307 1365 461 1429 δίας’
498 1368 593 1418 οὐκ
622 1365 735 1417 ἔστι
769 1364 947 1434 κρίσις
977 1361 1188 1432 ἀφανὴς
1215 1361 1444 1414 ἐνώπιον
1476 1360 1663 1415 αὑτοῦ.
1695 1360 1884 1413 Τοιοῦ-

308 1474 401 1509 τον
424 1456 597 1521 δείξας
624 1456 714 1509 τὸν
742 1456 892 1519 Θεὸν,
922 1453 1463 1526 πεπαρρησιασμένῳ
1494 1454 1752 1505 συνειδότι
1781 1470 1885 1522 φη-

311 1548 394 1600 σίν
412 1565 424 1577 ο
470 1549 529 1601 Ἡ
547 1547 799 1613 βοήθειά
824 1566 941 1617 μου
974 1546 1131 1614 παρὰ
1160 1544 1267 1599 τοῦ
1299 1544 1447 1599 Θεοῦ
1472 1545 1575 1598 τοῦ
1597 1544 1887 1611 σώζοντος

305 1639 450 1705 τοὺς
487 1640 679 1705 εὐθεῖς
705 1640 777 1707 τῇ
802 1640 1031 1708 καρδίᾳ.
1056 1638 1283 1710 Χρηστά
1313 1638 1422 1709 γάρ
1451 1635 1659 1701 ἐλπίζει
1684 1638 1771 1691 διὰ
1796 1638 1888 1691 τὸν

306 1726 566 1789 ὲτάζοντα
598 1728 824 1798 καρδίας
863 1730 957 1781 καὶ
990 1729 1244 1799 νεφροὺς,
1290 1728 1365 1791 ὡς
1400 1728 1465 1799 δὴ
1508 1728 1718 1781 σκολιὸν
1750 1728 1890 1799 ἔχων

305 1818 457 1871 οὐδὲν
486 1822 542 1871 ἐν
572 1819 784 1892 καρδίᾳ.

392 1910 533 1968 Ἐὰν
576 1912 661 1980 μὴ
708 1912 1137 1982 ἐπιστραφῆτε,
1189 1915 1305 1982 τὴν
1346 1913 1653 1981 ῥομφαίαν
1700 1910 1890 1964 αὐτοῦ

306 2002 628 2056 στιλϐὡσει
653 2021 665 2033 ·
720 2005 785 2057 τὸ
829 2004 1010 2068 τόξον
1032 2006 1217 2059 αὐτοῦ
1240 2005 1498 2058 ἐνέτεινε
1524 2004 1619 2055 καὶ
1648 2003 1889 2071 ἡτοίμα-

307 2110 422 2146 σεν
464 2097 631 2148 αὑτό.
667 2097 892 2165 Μήποτε
939 2096 1523 2167 παρασεσιωπημένως
1563 2093 1733 2148 ταῦτα
1764 2094 1891 2164 περὶ

307 2187 403 2239 τοῦ
454 2187 701 2240 διαϐόλου
745 2189 994 2257 λέγεται·
1026 2183 1179 2251 οὗτος
1221 2187 1328 2259 γάρ
1375 2187 1513 2257 πρὸς
1550 2184 1771 2249 τούτους
1802 2186 1891 2238 καὶ

308 2280 573 2349 ὡδίνησεν
602 2280 835 2344 ἀδικίαν,
874 2282 966 2333 καὶ
992 2281 1059 2333 τὰ
1092 2280 1237 2350 ἑξῆς.

393 2371 538 2425 Ἰδοὺ
574 2372 871 2439 ὠδίνησεν
908 2372 1166 2437 ἀδικίαν,
1211 2372 1510 2427 συνέλαϐε
1548 2374 1757 2435 πόνον,
1792 2373 1887 2425 καὶ

304 2462 512 2515 ἔτεκεν
558 2461 832 2529 ἀνομίαν.
867 2460 1106 2514 Αάκκον
1158 2461 1349 2529 ὤρυξε
1398 2461 1496 2515 καὶ
1539 2460 1891 2529 ἀνέσκαψεν

306 2552 513 2614 αὐτὸν,
550 2552 1017 2623 καδὲμπεσεῖται
1053 2556 1141 2619 εἰς
1166 2554 1396 2622 βόθρον
1439 2553 1511 2607 ὃν
1551 2552 1886 2623 εἰργάσατο.

320 2645 691 2714 Ἐπιστρέψει
726 2649 758 2698 ό
788 2646 974 2711 πόνος
1004 2645 1191 2699 αὑτοῦ
1235 2648 1322 2711 εὶς
1362 2645 1639 2715 κεφαλὴν
1683 2645 1889 2710 αὐτοῦ,

224 2800 244 2824 ⁸
308 2737 405 2789 καὶ
438 2737 537 2789 ἐπὶ
579 2737 853 2807 κορυφὴν
878 2737 1066 2791 αὐτοῦ
1102 2739 1140 2806 ἡ
1170 2738 1373 2792 ἀδικία
1403 2739 1593 2793 αὐτοῦ
1635 2738 1892 2804 καταϐή-

307 2845 499 2883 σεται.
540 2829 723 2882 Ταῦτα
794 2830 971 2900 ρητῶς
1034 2830 1121 2882 ἐπ’
1167 2822 1450 2901 Ἀχίτόφελ
1516 2831 1891 2901 πεπλήρωται.

309 2922 810 2993 Παρευδοκιμήθεὶς
852 2924 961 2994 γὰρ
1003 2924 1109 2976 ὑπὸ
1153 2922 1248 2976 τοῦ
1279 2923 1473 2987 Χουσὶ,
1505 2924 1598 2976 καὶ
1638 2921 1708 2974 τά
1750 2922 1894 2991 πρά-

309 3032 495 3086 γματα
526 3015 620 3068 τοῦ
660 3015 1032 3087 Ἀϐεσσαλὼμ,
1065 3016 1139 3079 ὡς
1167 3016 1232 3088 δὴ
1268 3016 1449 3085 σοφὸς,
1485 3014 1776 3084 ἀπογνοὺς,
1801 3013 1896 3067 καὶ

310 3106 406 3177 τὴν
461 3108 758 3177 μέλλουσαν
806 3109 872 3159 ὲκ
918 3106 1011 3159 τοῦ
1048 3105 1207 3160 Δαυῒδ
1239 3105 1573 3176 φοϐούμενος
1611 3104 1786 3175 δίκην,
1815 3102 1895 3156 0i—

1986 626 2177 696 diriges
2191 625 2421 696 justum,
2446 638 2689 681 scrutans
2718 627 2878 681 corda
2896 638 2944 682 et
2962 646 3126 693 renes,
3154 629 3309 683 Deus.
3346 627 3557 683 Scitum

1986 737 2360 792 magnumque
2385 728 2469 776 est
2507 722 2789 790 postulare
2822 728 2883 774 ut
2912 721 3037 777 ﬁnis
3072 722 3143 776 sit
3181 722 3434 787 malitiae;
3472 728 3567 773 ut-

1988 830 2091 883 que
2110 814 2295 883 justus
2324 814 2398 867 ita
2427 813 2716 882 dirigatur,
2752 821 2813 867 ut
2841 829 3117 883 nunquam
3144 814 3284 867 ultro
3312 812 3557 866 ﬂuctuet.

1987 906 2123 961 Cum
2159 915 2337 961 autem
2364 906 2431 961 de
2476 906 2737 960 tribunali
2771 906 2864 960 Dei
2908 906 3172 975 loquitur,
3219 906 3392 960 solum
3433 920 3558 959 eum

1987 1014 2110 1053 esse
2143 998 2354 1067 justum
2404 998 2642 1068 judicem
2672 999 3015 1068 pronuntiat,
3045 1006 3232 1065 utpote
3282 997 3373 1067 qui
3410 996 3560 1052 solus

1986 1094 2155 1149 corda
2183 1094 2385 1149 videat.
2435 1092 2557 1162 Ipse
2585 1110 2820 1163 namque
2860 1094 3041 1149 reddit
3070 1094 3369 1163 unicuique
3402 1094 3562 1162 juxta

1988 1201 2153 1256 opera
2180 1201 2301 1241 sua.
2348 1186 2521 1240 Ilomo
2544 1188 2747 1256 quippe
2777 1187 2913 1240 videt
2941 1188 2993 1239 in
3018 1187 3155 1255 facie
3176 1187 3220 1216 ⁸²
3249 1204 3262 1252 ;
3298 1186 3415 1256 ipse
3433 1200 3563 1239 vero

1983 1278 2150 1348 judex
2184 1279 2583 1351 cogitationum
2612 1288 2696 1334 est
2725 1286 2778 1334 et
2807 1280 2973 1333 animi
3008 1280 3305 1334 sensuum':
3351 1278 3561 1331 nullum

1976 1370 2253 1447 judicium
2285 1370 2560 1424 occultum
2598 1368 2700 1437 ipsi
2734 1378 2837 1424 est.
2879 1368 3014 1422 Cum
3045 1370 3208 1422 talem
3247 1384 3368 1422 esse
3394 1366 3562 1421 Deum

1988 1461 2345 1525 declarasset,
2390 1461 2672 1516 conlidens
2707 1477 2770 1515 ac
2807 1462 3147 1516 conscientia
3182 1476 3281 1515 sua
3332 1474 3562 1513 securus

1988 1554 2154 1608 dicit:
2190 1553 2528 1622 Adjutorium
2560 1569 2729 1605 meum
2758 1570 2790 1605 a
2826 1552 2959 1617 Deo,
2993 1554 3083 1621 qui
3115 1552 3288 1605 salvos
3318 1550 3448 1619 facit
3483 1566 3562 1603 re-

1989 1654 2097 1699 ctos
2131 1647 2306 1699 corde.
2350 1644 2496 1697 Bona
2535 1645 2735 1697 etenim
2769 1652 2952 1711 sperat
2991 1643 3059 1697 ab
3078 1657 3144 1697 eo
3167 1643 3259 1711 qui
3287 1648 3566 1695 scrutatur

1988 1737 2154 1792 corda
2178 1746 2231 1792 et
2258 1753 2437 1801 renes,
2480 1736 2627 1805 quod
2663 1737 2801 1790 nihil
2832 1743 3143 1791 tortuosum
3185 1734 3239 1787 in
3267 1733 3431 1787 corde
3466 1733 3566 1786 lia-

1992 1829 2140 1884 beat.

2060 1918 2231 1974 Vens.
2276 1919 2363 1971 15.
2411 1916 2535 1971 Nisi
2591 1919 2823 1971 conversi
2868 1918 3095 1985 fueritis,
3128 1917 3365 1987 gladium
3412 1931 3567 1968 suum

1992 2011 2254 2065 vibrabit:
2307 2026 2491 2062 arcum
2560 2026 2712 2062 suum
2768 2008 2985 2062 tetendit
3031 2018 3079 2060 et
3128 2011 3334 2076 pararit
3390 2008 3565 2061 illum.

1991 2101 2131 2156 Num
2164 2103 2279 2157 huic
2322 2102 2485 2156 tacite
2541 2109 2597 2155 et
2631 2101 2867 2155 obscure
2901 2099 2969 2153 de
3012 2099 3229 2153 diabolo
3273 2100 3564 2155 dicuntur:

1993 2210 2120 2249 nam
2185 2195 2237 2249 i's
2298 2194 2565 2249 adversus
2616 2193 2865 2248 homines
2893 2193 3170 2263 Tparturiit
3218 2192 3565 2261 injustitiam,

1992 2295 2047 2341 et
2068 2296 2259 2341 caetera
2271 2327 2285 2341 .

2064 2378 2231 2434 Vens.
2266 2379 2335 2432 15
2362 2380 2504 2435 -17,
2564 2376 2694 2431 Ecce
2734 2377 2987 2445 parturiit
3040 2377 3382 2444 injustitiam,
3438 2392 3568 2429 con-

1992 2472 2123 2538 cepit
2154 2469 2390 2523 dolorem
2416 2480 2464 2523 et
2491 2470 2686 2538 peperit
2728 2469 3080 2538 iniquitatem.
3130 2466 3330 2520 Lacum
3364 2469 3568 2535 aperuit

1991 2573 2040 2617 et
2062 2561 2245 2631 eﬁ'odit
2264 2578 2406 2623 eum,
2434 2570 2482 2615 et
2506 2560 2699 2614 incidet
2726 2562 2783 2614 in
2818 2560 3022 2629 foveam
3050 2576 3208 2629 quam
3238 2560 3383 2629 fecit.
3426 2559 3567 2615 Con—

1994 2664 2222 2711 vertetur
2268 2655 2422 2707 dolor
2468 2653 2583 2723 ejus
2630 2654 2684 2707 in
2727 2663 2883 2721 caput
2936 2652 3072 2722 ejus,
3117 2664 3165 2705 et
3219 2654 3273 2705 in
3327 2653 3570 2706 verticem

1994 2750 2161 2816 ipsius
2198 2749 2448 2818 iniquitas
2492 2748 2605 2816 ejus
2655 2746 2949 2801 descendet.
2997 2746 3122 2801 llaec
3154 2746 3220 2799 ad
3256 2747 3482 2800 verbum
3513 2745 3572 2799 in

1994 2840 2351 2910 Achitopbele
2395 2841 2667 2909 completa
2730 2850 2879 2894 sunt.
2948 2838 3087 2893 Nam
3121 2855 3151 2893 a
3190 2839 3361 2894 Clausi
3407 2854 3573 2907 supe-

2001 2939 2179 2996 ratus,
2206 2946 2331 2986 cum
2367 2932 2435 2986 de
2460 2931 2628 2985 rebus
2652 2932 2965 2994 Absalonis,
2992 2938 3179 3000 utpote
3203 2931 3284 2982 vir
3307 2929 3568 2998 prudens,

1998 3024 2337 3093 desperaret,
2396 3022 2749 3091 futuramque
2797 3020 3019 3076 Davidis
3054 3020 3355 3074 vindictam
3404 3020 3572 3088 perti-

1998 3124 2285 3181 mesceret,
2319 3116 2375 3170 in
2404 3116 2622 3170 domum
2669 3115 2932 3170 secedens
2962 3129 3083 3169 sese
3115 3114 3310 3183 laqueo
3339 3128 3573 3182 suspen-

313 3200 442 3253 καδε
492 3201 853 3272 ἀναχωρήσας
900 3199 1202 3273 ἀπήγξατο,
1247 3198 1436 3253 παθὼν
1482 3198 1627 3269 ἆπερ
1667 3196 1895 3249 ἐπεϐού-

2002 3205 2103 3269 dit,
2133 3219 2197 3260 ea
2226 3220 2544 3276 perpessus,
2572 3220 2693 3275 quae
2732 3204 3195 3259 machinamentis
3233 3203 3349 3257 suis
3381 3200 3573 3255 Davidi

310 3293 431 3345 λευε
483 3294 674 3348 παθεῖν
712 3295 801 3348 τὸν
840 3294 1021 3358 Δαυῒδ,
1052 3294 1147 3347 καὶ
1192 3293 1291 3365 τὴν
1337 3290 1457 3345 κατ’
1491 3288 1656 3343 αὑτοῦ
1700 3290 1899 3342 κακίαν

312 3387 404 3439 ἐπὶ
440 3385 539 3457 τὴν
573 3386 738 3439 αὐτοῦ
770 3388 1015 3457 κεφαλὴν
1049 3385 1390 3457 ἀπεμάξατο.
1442 3384 1552 3437 Καὶ
1582 3381 1810 3435 καθόλου
1843 3381 1899 3433 δὲ

313 3478 422 3540 πᾶς
455 3477 519 3529 δι’
548 3471 621 3531 ὧν
648 3478 938 3550 εἰργάσατο
969 3478 1154 3532 κακῶν
1191 3478 1310 3531 καθ’
1340 3474 1532 3530 ἑαυτοῦ
1574 3474 1672 3546 τὴν
1713 3474 1898 3545 ψῆφον

312 3569 371 3621 ὲν
404 3568 584 3638 ἡμέρᾳ
618 3569 851 3637 κρίσεως
882 3569 1055 3640 φέρει.

401 3657 947 3725 Ἑξομολογήσομαι
979 3658 1059 3722 τῷ
1098 3658 1295 3724 Κυρίῳ
1328 3656 1477 3711 κατὰ
1520 3654 1635 3722 τὴν
1680 3653 1901 3707 δικαιο-

314 3750 518 3816 σύνην
545 3749 753 3810 αὐτοῦ,
789 3747 965 3817 ψαλῶ
993 3748 1071 3813 τῷ
1100 3750 1343 3816 ὀνόματι
1370 3748 1592 3815 Κυρίου
1619 3747 1723 3799 τοῦ
1747 3745 1900 3813 Ὑψί-

314 3857 489 3893 στου.
510 3840 594 3901 Ὡς
619 3839 676 3892 δὲ
712 3839 897 3910 μηδενὶ
924 3840 1083 3903 αὐτὸς
1110 3838 1517 3902 ἐπιϐουλεύσας,
1547 3838 1679 3908 μηδὲ
1702 3837 1902 3890 λάκκον

315 3933 535 4003 ὀρύξας,
579 3932 833 4003 παρορῶν
882 3933 940 3985 δὲ
986 3934 1112 3997 τοὺς
1160 3931 1481 3995 ἀδικοῦντας
1532 3928 1639 3983 τῶν
1690 3929 1902 3983 ἀσεϐῶν

316 4025 702 4095 ἀπολλυμένων
752 4025 811 4076 ὲν
864 4024 1081 4095 κρίσει,
1118 4022 1699 4092 Ἐξομολογήσομαι,
1746 4022 1900 4092 φησὶ,

317 4117 398 4183 τῷ
420 4119 614 4185 Κυρίῳ
634 4118 785 4170 κατὰ
812 4116 924 4185 τὴν
943 4117 1339 4183 δικαιοσύνην
1362 4116 1551 4171 αὑτοῦ
1576 4133 1589 4145 ⁸
1620 4116 1700 4169 Τά
1729 4116 1901 4185 ὲμαυ-

315 4206 410 4261 τοῦ
442 4208 622 4261 δίκαια
661 4207 910 4278 καθάπερ
941 4211 997 4261 ἐν
1020 4209 1355 4281 δικαστηρίῳ
1384 4207 1607 4281 προθείς
1628 4224 1640 4235 ·
1675 4205 1774 4260 καὶ
1796 4207 1903 4273 ψακ-

314 4295 406 4353 λῶ
450 4298 518 4351 δὲ
558 4298 636 4364 τῷ
662 4301 901 4368 ὀνόματι
929 4301 1149 4368 Κυρίου
1172 4299 1278 4353 τοῦ
1303 4301 1599 4369 ὑψίστου·
1632 4295 1903 4350 πιστεύων

319 4390 823 4463 καταξιωθήσεσθαι
849 4392 940 4445 τοῦ
970 4391 1129 4463 χοροῦ
1158 4390 1265 4445 τῶν
1296 4393 1425 4461 παρ’
1459 4387 1624 4445 αύτοῦ
1657 4386 1900 4457 σωζομέα

318 4501 447 4537 νων.

720 4596 1015 4649 ΨΑΛΜΟΣ
1051 4597 1137 4649 ΤΩ
1176 4596 1373 4649 ΔΑΥῙΔ
1412 4596 1494 4653 H'.
1701 4606 1733 4631 ⁰

611 4712 713 4775 Eii;
750 4712 816 4764 τό
849 4711 1021 4778 τέλος
1059 4712 1213 4780 ὑπὲρ
1247 4710 1363 4765 τῶν
1393 4710 1619 4782 ληνῶν.

392 4828 473 4881 Τὰ.
501 4828 595 4881 ἐπὶ
633 4830 699 4898 τῇ
736 4827 1013 4898 συντελείᾳ
1045 4827 1140 4881 νῦν
1176 4830 1283 4881 τῶν
1316 4826 1525 4881 αἰώνων
1573 4830 1905 4899 προφητευό-

326 4939 459 4992 μενα
490 4921 587 4992 τὴν
615 4922 945 4992 ἐπιγραφὴν,
980 4923 1066 4987 εὶς
1108 4920 1173 4973 τὸ
1218 4922 1406 4985 τέλος,
1440 4918 1905 4991 ὲποίησεν.ἰ⁸πὲρ

320 5014 379 5068 δὲ
406 5012 521 5067 τῶν
547 5013 753 5081 ληνῶν
779 5014 865 5066 διά
898 5014 995 5076 τὰς
1027 5015 1084 5065 ἐν
1118 5012 1264 5083 πάσῃ
1286 5016 1350 5083 τῇ
1376 5016 1445 5083 γῇ
1475 5014 1745 5077 συστάσας
1786 5015 1907 5067 Ἑκ-

324 5106 573 5176 κλησίας,
623 5104 951 5176 ἀλληγορίας
1004 5106 1151 5174 νόμῳ
1202 5104 1498 5174 λεγομένας
1555 5105 1905 5176 ληνούς.”οτε

328 5198 425 5266 μὲν
458 5191 537 5260 εἷς
566 5193 631 5267 ἧν
662 5198 788 5259 λαός
808 5214 821 5225 ·
856 5193 923 5267 ἦν
948 5197 1005 5249 δὲ
1034 5192 1187 5261 οὗτος
1230 5197 1468 5267 Ἰσραὴλ.
1502 5189 1547 5265 ᾧ
1573 5197 1906 5269 ἐχρημάτιζε

325 5287 417 5339 καὶ
448 5286 654 5358 πύργος
683 5290 711 5340 ό
754 5286 901 5358 παρὰ
928 5286 1137 5350 τούτοις
1178 5286 1331 5352 νεὼς,
1360 5289 1453 5341 καὶ
1488 5289 1822 5356 προλήνιον
1848 5289 1909 5342 τὸ

328 5376 434 5447 πρὸ
462 5378 554 5429 τοῦ
587 5378 717 5430 ναοῦ
745 5378 1127 5449 θυσιαστήριον
1155 5379 1297 5432 κατὰ
1323 5380 1422 5452 τὴν
1453 5380 1675 5433 Ἡσαΐου
1704 5384 1905 5453 φωνήν.

325 5466 399 5519 Τὸ
423 5466 479 5517 δὲ
516 5466 717 5537 πλῆθος
760 5468 877 5519 νυνὶ
926 5466 1034 5521 τῶν
1076 5468 1252 5538 ληνῶν
1291 5469 1358 5522 τὰ
1395 5469 1563 5522 πολλά
1600 5470 1792 5541 μηνύει
1826 5471 1911 5524 θυ-

329 5560 641 5628 σιαστήρια,
670 5560 791 5621 ταῖς
834 5558 978 5612 κατά
1022 5559 1186 5630 μέρος
1232 5561 1545 5631 ἐκκλησίαις
1576 5560 1911 5632 συνδιαιρούο

332 5668 488 5721 μενα.
520 5653 608 5704 Διὸ
655 5654 749 5705 καὶ
792 5655 848 5707 ἐν
890 5660 979 5722 πγ¹
1007 5653 1206 5725 ψαλμῷ
1248 5654 1338 5708 τὸν
1366 5655 1527 5706 αὑτὸν
1553 5655 1913 5725 ὲπιγραφέντι

401 5831 447 5862 ⁸⁹
490 5831 505 5884 l
543 5831 673 5903 Reg.
712 5849 833 5899 xvr,
869 5832 923 5887 ’1.

1928 4571 1975 4625 D

2002 3302 2313 3367 paraverat,
2359 3311 2626 3366 suamque
2684 3296 2949 3350 adversus
2989 3310 3114 3349 eum
3163 3293 3463 3362 nequitiam
3517 3291 3575 3345 in

2001 3397 2159 3459 caput
2198 3388 2314 3457 ipse
2349 3404 2510 3444 suum
2542 3386 2833 3458 expressit.
2877 3385 2941 3440 Et
2974 3401 3103 3440 vero
3131 3401 3321 3439 omnes
3346 3398 3577 3454 prorsus

2002 3479 2276 3543 homines,
2318 3495 2384 3533 ex
2422 3479 2584 3533 editis
2627 3478 2909 3548 operibus,
2942 3491 3096 3531 suam
3148 3476 3203 3529 in
3246 3475 3335 3529 die
3380 3473 3576 3544 judicii

2005 3570 2193 3626 ferunt
2228 3570 2580 3625 sententiam.

2073 3660 2241 3714 Vens.
2270 3661 2354 3714 18.
2391 3657 2693 3728 Conﬁtebor
2721 3658 2948 3711 Domino
2989 3658 3274 3711 secundum
3304 3656 3577 3724 justitiam

2002 3752 2139 3820 ejus,
2168 3751 2401 3818 psallam
2438 3751 2637 3803 nomini
2674 3750 2959 3803 Altissimi.
3008 3749 3207 3816 Utpote
3244 3748 3336 3816 qui
3371 3745 3573 3801 nemini

2004 3842 2236 3896 insidias
2262 3841 2545 3904 struxerit,
2581 3843 2784 3897 nemini
2822 3843 3000 3895 lacum
3042 3841 3323 3905 eﬂ‘oderit;
3358 3840 3576 3907 iniquos

2005 3950 2131 3989 cum
2162 3934 2493 4002 despiceret,
2528 3948 2733 4004 gnarus
2764 3932 2932 3987 futuri
2965 3932 3019 3987 in
3046 3932 3255 4002 judicio
3284 3931 3576 4000 impiorum

2004 4027 2155 4083 exitii
2182 4045 2196 4082 :
2225 4025 2526 4094 Conﬁtebor
2548 4065 2562 4091 ,
2601 4025 2803 4095 inquit,
2828 4024 3056 4078 Domino
3090 4022 3376 4078 secundum
3411 4020 3577 4089 justi-

2007 4121 2135 4173 tiam
2160 4119 2312 4187 ejus;
2356 4118 2522 4187 justis
2565 4119 2702 4172 meis
2754 4117 3016 4187 operibus
3044 4117 3191 4170 velut
3223 4115 3277 4168 in
3315 4112 3578 4167 tribunali

2004 4212 2319 4281 productis;
2351 4220 2400 4264 et
2422 4210 2653 4279 psallam
2683 4210 2882 4263 nomini
2903 4209 3118 4263 Domini
3168 4207 3449 4270 altissimi,
3478 4204 3579 4259 fre-

2006 4316 2095 4362 tus
2124 4323 2221 4377 spe
2248 4322 2334 4361 me
2359 4306 2414 4360 in
2451 4305 2622 4359 choro
2651 4321 2840 4360 eorum
2873 4304 2965 4374 qui
2996 4318 3093 4373 per
3124 4302 3302 4371 ipsum
3345 4300 3577 4355 salutem

2006 4405 2437 4469 consequentur,
2481 4396 2603 4466 ejus
2636 4396 2956 4467 dignatione
3001 4393 3382 4464 recipiendum
3428 4406 3571 4447 csse.

2408 4597 2729 4653 PSALMUS
2773 4594 2978 4649 DAVID
3030 4592 3161 4647 Vlll.

2356 4716 2407 4769 1.
2450 4713 2516 4767 1η
2548 4714 2706 4783 ﬁnem
2730 4727 2825 4781 pro
2856 4706 3227 4763 torcularibus.

2075 4826 2208 4894 Qua:
2247 4826 2337 4881 hic
2373 4826 2441 4881 de
2482 4824 2959 4879 consummatione
2992 4820 3315 4877 saeculorum
3345 4818 3583 4887 prophe-

2004 4917 2113 4971 tice
2151 4916 2526 4979 enuntiantur,
2578 4916 2633 4967 in
2681 4928 2847 4968 causa
2891 4912 3043 4966 fuere
3096 4909 3237 4979 quod
3273 4908 3579 4977 inscriptio,

2005 5008 2061 5059 in
2088 5008 2266 5075 ﬁnem,
2304 5013 2691 5075 apponeretur.
2738 5004 2847 5058 Pro
2881 5002 3235 5057 torcularibus
3276 5011 3456 5055 autem
3499 5000 3583 5053 di-

2006 5098 2152 5152 citur
2204 5097 2573 5153 Ecclesiarum
2623 5097 2821 5168 gralia,
2862 5112 2983 5167 quae
3016 5112 3113 5165 per
3142 5094 3453 5148 universam
3481 5101 3583 5146 ter-

2008 5204 2127 5241 ram
2169 5189 2463 5251 exsistunt,
2490 5196 2545 5242 et
2589 5188 2880 5259 allegorice
2942 5186 3239 5240 toreularia
3289 5192 3579 5238 vocantur.

2011 5281 2245 5346 Quando
2276 5282 2421 5335 enim
2476 5296 2619 5335 unus
2648 5288 2764 5335 erat
2797 5280 3056 5350 populus,
3098 5279 3311 5333 scilicet
3340 5277 3581 5339 Israelis,

2011 5373 2138 5427 huic
2180 5381 2297 5430 erat
2333 5372 2527 5436 turris,
2554 5374 2817 5442 templum
2861 5372 3004 5442 apud
3046 5372 3196 5442 ipsos
3238 5376 3581 5437 nuncupata:

2011 5471 2066 5517 et
2108 5463 2464 5529 protorcular,
2519 5464 2729 5519 scilicet
2778 5464 2950 5518 altare
3008 5478 3105 5532 pro
3154 5461 3339 5531 templi
3395 5458 3585 5513 limine

2009 5555 2164 5625 juxta
2215 5553 2365 5611 Isaia!
2390 5570 2598 5610 vocem.
2635 5552 2752 5608 Jam
2800 5570 2930 5609 vero
2962 5544 3361 5607 multitudinem
3394 5558 3583 5603 torcu-

2017 5647 2214 5702 larium
2245 5648 2414 5703 multa
2438 5647 2722 5704 declarant
2756 5647 2950 5702 altaria
3012 5647 3067 5700 in
3099 5644 3331 5700 diversis
3362 5659 3456 5714 per
3495 5657 3586 5699 ora
