4086 6558
570 365 675 429 12⁸1

1265 369 1534 426 EUSEBII
1570 369 2050 428 CESARIENSlS
2083 371 2233 428 OPP.
2273 369 2452 428 PARS
2492 370 2578 426 111.
2621 401 2686 410 --
2725 367 3132 424 EXEGETICA.

3707 366 3840 421 128

569 492 691 547 bem
726 489 978 548 ecclesiis
1003 490 1218 548 dissita.
1260 489 1439 556 Quare
1467 491 1523 545 in
1556 493 1768 562 psalmo
1799 509 2009 549 LXXXIII
2050 511 2119 564 qu

2242 495 2442 567 τρόπον
2473 493 2641 546 πολλὰ
2671 492 3026 564 θυσιαστήρια
3057 491 3151 544 καὶ
3177 487 3508 561 σκηνώματα
3532 487 3839 553 θεσπίζον-

565 604 754 660 parem
788 601 912 642 cum
941 583 1192 656 praesenti
1223 583 1326 638 fert
1355 586 1792 657 inscriptionem,
1829 589 2019 644 multa'
2049 590 2131 642 al-

569 679 727 744 taria,
755 675 1124 738 tabernacula,
1150 675 1286 728 atria
1312 675 1368 730 in
1397 678 1658 733 vaticinio
1676 677 1950 744 feruntur,
1973 683 2131 748 juxta

565 772 730 827 illud:
770 771 941 837 Quam
962 767 1155 821 dilecta
1178 766 1519 823 tabernacula
1551 779 1662 838 tua,
1696 770 1923 827 Domine
1966 773 2134 828 virtu-

567 873 676 916 tum
699 863 721 916 .'
751 859 1072 928 concupiscit
1114 868 1163 912 et
1209 857 1389 928 deﬁcit
1419 861 1600 915 anima
1628 879 1743 915 mea
1773 863 1827 916 in
1858 863 1999 916 atria
2027 863 2138 917 Do-

564 956 695 1009 mini
715 955 796 1019 ”;
825 951 1023 1009 deinde
1053 966 1180 1007 vero
1211 951 1497 1024 subjungit
1516 991 1532 1018 ,
1563 953 1777 1007 Altaria
1805 963 1919 1022 tua,
1950 954 2136 1009 Domi-

564 1064 626 1100 ne
649 1047 902 1099 virtutum
919 1044 987 1100 “.

631 1137 794 1194 Vsus.
831 1138 886 1203 2,
917 1138 970 1194 5.
1003 1136 1226 1192 Domine
1253 1137 1512 1192 Dominus
1544 1147 1740 1202 noster,
1771 1154 1930 1208 quam
1961 1137 2138 1191 admi-

557 1232 725 1285 rabile
757 1242 834 1286 est
866 1249 1052 1287 nomen
1086 1241 1235 1286 tuum
1269 1233 1323 1286 in
1351 1233 1597 1287 universa
1641 1233 1826 1286 terra!
1868 1232 2134 1298 Quoniam

556 1327 758 1378 elevata
797 1333 876 1379 est
920 1325 1315 1396 magniﬁcentia
1360 1333 1452 1378 tua
1493 1341 1655 1394 super
1691 1324 1868 1378 caelos.
1924 1322 2006 1376 Ea:
2047 1340 2153 1408 ore.

555 1415 847 1484 infantium
894 1424 940 1468 et
992 1415 1300 1469 lactentium
1343 1414 1612 1484 perfeciin
1661 1413 1874 1468 laudem
1923 1423 2135 1481 propter

559 1506 796 1559 inimicos
841 1515 981 1568 tuos,
1030 1515 1088 1558 ut
1127 1505 1372 1558 destruas
1419 1505 1696 1558 inimicum
1727 1513 1778 1557 et
1813 1503 2057 1558 ultorem.
2087 1502 2134 1535 ⁸⁸

557 1594 676 1649 Νοη
709 1595 838 1649 olim
879 1593 1202 1648 admirabile
1249 1593 1350 1648 fuit
1393 1594 1450 1648 in
1499 1595 1755 1650 universa
1809 1603 1991 1658 terra;
2036 1593 2135 1648 sed

557 1692 679 1754 post
735 1682 1038 1739 Salvatoris
1095 1683 1392 1739 adventum
1457 1683 1708 1738 mirabile
1763 1684 1964 1738 factum
2024 1691 2130 1749 est,

554 1779 775 1851 quando
839 1778 1123 1850 Synagoga
1179 1780 1504 1850 populorum
1563 1779 1920 1835 circumdedit
1970 1795 2124 1849 eum;

2241 605 2328 642 ται
2356 590 2446 642 καὶ
2475 587 2655 649 αὐλαὶ,
2685 587 2825 640 κατὰ
2847 585 3034 650 τὸ,Ὡς
3056 583 3330 654 ἀγαπητὰ
3359 580 3428 636 τὰ
3451 579 3838 650 σκηνώματά

2239 697 2377 747 σου,
2407 683 2587 749 Κύριε
2617 679 2735 734 τῶν
2774 678 3082 748 δυνάμεων
3097 677 3117 730 .'
3144 674 3414 730 ἐπιποθεῖ
3462 675 3560 728 καὶ
3612 673 3831 733 ἐκλεί-

2238 788 2334 827 πει
2377 775 2414 842 ἡ
2453 771 2622 842 ψυχή
2649 790 2767 842 μου
2794 773 2882 836 είς
2906 771 3012 836 τὰς
3039 769 3230 835 αὐλὰς
3268 766 3373 821 τοῦ
3402 767 3649 835 Κυρίοψ
3691 765 3832 836 μεθ’

2238 866 2275 921 ἃ.
2303 866 2525 934 ἐπάγειο
2560 864 2636 919 Τὰ
2663 860 3059 931 θυσιαστήριά
3083 876 3220 928 σου,
3251 861 3430 931 Κύριε
3470 859 3590 916 τῶν
3623 860 3827 915 δυνά-

2232 974 2414 1027 μεων.

2305 1134 2483 1201 Κύριε
2517 1135 2549 1186 ό
2572 1133 2785 1202 Κύριος
2818 1130 3009 1201 ἡμῶν,
3035 1131 3116 1199 ὡς
3151 1131 3496 1202 θαυμαστὸν
3523 1130 3589 1185 τὸ
3622 1129 3832 1201 ὄνομά

2236 1239 2352 1280 σου
2381 1226 2451 1278 ἐν
2486 1224 2654 1295 πάσῃ
2684 1224 2757 1294 τῇ
2790 1224 2864 1296 τῇ
2883 1226 2904 1278 !
2938 1226 3056 1279 ’Ότι
3098 1222 3326 1294 ἐπήρθη
3369 1226 3408 1294 ἡ
3441 1226 3825 1295 μεγαλοπρέ-

2237 1317 2372 1372 πειὰ
2394 1329 2509 1370 σου
2529 1316 2803 1384 ὑπεράνω
2827 1317 2945 1370 τῶν
2965 1314 3255 1384 οὐρανῶν.
3275 1316 3375 1370 Ἐκ
3397 1316 3693 1384 στόματος
3715 1332 3826 1383 rq-

2236 1411 2389 1462 πίων
2413 1409 2509 1462 καὶ
2544 1407 2918 1476 θηλαζόντων
2939 1408 3275 1476 κατηρτίσω
3303 1403 3475 1461 αἶνον
3494 1405 3670 1459 ἕνεκα
3691 1405 3823 1459 τῶν

2235 1498 2464 1569 ἐχθρῶν
2481 1515 2614 1564 σου,
2628 1499 2734 1553 τοῦ
2749 1499 3082 1554 καταλῦσαι
3096 1498 3312 1568 ἐχθρὸν
3336 1497 3432 1550 καὶ
3455 1497 3662 1562 ἐκδικη
3673 1494 3817 1562 τήν.

2236 1590 2311 1644 Οὐ
2341 1591 2507 1644 πάλαι
2532 1590 2840 1662 θαυμαστὸν
2866 1593 2922 1644 ἐν
2947 1591 3093 1664 πάσῃ
3119 1594 3184 1662 τῇ
3209 1593 3276 1662 γῇ
3298 1608 3310 1620 °
3349 1590 3486 1662 μετὰ
3515 1590 3570 1642 δὲ
3593 1589 3693 1660 τὴν
3717 1588 3816 1640 τοῦ

2237 1683 2488 1754 Σωτῆρος
2520 1683 2822 1754 παρουσίαν
2851 1683 3084 1751 ἐγένετο,
3112 1683 3200 1736 ὅτε
3233 1683 3326 1735 καὶ
3351 1681 3636 1752 συναγωγὴ
3663 1680 3820 1734 λαῶν

2236 1772 2544 1828 ἐκύκλωσεν
2579 1773 2772 1827 αὐτόν·
2808 1772 3110 1844 συμφώνως
3155 1773 3232 1843 τῷ
3275 1771 3367 1824 νῦν
3407 1771 3656 1842 ῥηθέντι·
3706 1771 3812 1825 Ἐκ

553 1872 698 1942 quod
727 1886 859 1926 sane
895 1887 1197 1927 consonum
1233 1872 1358 1927 huic
1408 1871 1607 1943 psalmi
1654 1873 1937 1942 praesentis
1982 1873 2122 1928 dicto

2228 1867 2524 1935 στόματος
2573 1865 2825 1935 νηπίων.
2851 1866 2944 1918 καὶ
2978 1865 3045 1918 τὰ
3079 1864 3224 1936 ἑξῆς.
3259 1864 3368 1935 Τὴν
3411 1863 3520 1934 γὰρ
3547 1862 3673 1916 νέαν
3713 1863 3813 1916 καὶ.

551 1977 617 2015 ea:
664 1978 752 2014 ore
802 1961 1084 2030 infantium
1134 1970 1182 2016 et
1218 1961 1526 2016 iacientium
1577 1961 1843 2032 perfeciin
1891 1962 2123 2029 laudem,

548 2062 602 2108 et
629 2060 844 2109 czetera.
869 2051 1075 2107 Novam
1106 2053 1252 2108 enim
1278 2069 1610 2124 synagogam
1643 2065 1766 2123 post
1793 2054 2129 2124 assumptio-

550 2158 672 2198 nem
705 2143 824 2212 ejus
859 2144 914 2196 iu
945 2144 1116 2197 altum
1150 2159 1216 2197 ex
1245 2142 1536 2196 animabus
1572 2143 1627 2196 in
1661 2141 1894 2196 infantia
1925 2143 2128 2213 degen-

551 2234 700 2288 tibus
728 2235 1047 2290 constitisse
1079 2233 1258 2298 docet,
1288 2245 1510 2303 propter
1542 2236 2019 2304 regenerationem
2071 2236 2125 2291 in

549 2325 772 2382 Christo
801 2335 916 2380 tum
949 2327 1172 2397 ubique,
1207 2335 1331 2397 post
1373 2327 1495 2396 ejus
1543 2327 1755 2381 scilicet
1789 2329 2123 2397 assumptio-

550 2433 697 2482 nem,
745 2435 841 2489 per
891 2419 1081 2475 orbem
1130 2427 1474 2490 usurpatam.
1521 2419 1888 2486 Quamobrem
1943 2421 2126 2474 accla-

549 2511 827 2566 mantibus
859 2511 961 2581 ipsi
1003 2512 1209 2582 pueris,
1245 2510 1503 2567 Ilosanna
1537 2513 1589 2565 in
1635 2512 1878 2576 excelsis,
1915 2512 2127 2567 benedi-

545 2605 662 2650 ctus
697 2598 786 2668 qui
817 2600 954 2652 venit
1016 2600 1072 2653 in
1107 2600 1316 2653 nomine
1349 2598 1585 2664 Domini,
1623 2600 1844 2671 indigne
1890 2601 2125 2658 ferentes

545 2689 760 2759 aliquos
797 2690 879 2745 sic
915 2691 1251 2762 alloquitur:
1297 2688 1587 2761 Nunquam
1637 2690 1858 2761 legistis,
1892 2692 2016 2762 quia
2042 2691 2124 2744 Ex

545 2797 636 2836 ore
691 2782 984 2851 infantium
1031 2792 1083 2836 et
1133 2781 1442 2835 lactentium
1488 2781 1756 2850 perfecisti
1808 2781 2018 2836 laudem
2043 2783 2124 2837 8“'l

542 2890 898 2945 nunquamne
953 2874 1128 2930 illud:
1207 2875 1433 2944 Propter
1505 2875 1747 2929 inimicos
1805 2879 1965 2931 tuos?
1998 2874 2123 2930 Haec

542 2983 673 3023 vero
723 2976 944 3039 prapter
1005 2968 1353 3024 sacerdotum
1427 2968 1729 3038 principes,
1787 2976 1841 3024 et
1901 2976 2124 3040 propter

541 3058 846 3117 Pharisaaos
899 3061 1105 3132 scripta
1142 3068 1312 3116 sunt:
1370 3060 1438 3115 de
1487 3062 1556 3116 iis
1604 3076 1840 3132 namque
1893 3060 2118 3122 dicitur,

541 3151 804 3215 inimicus,
835 3151 998 3214 ultor,
1034 3160 1088 3206 ct
1117 3152 1172 3205 in
1200 3153 1524 3220 praecedenti
1562 3154 1794 3221 psalmo,
1833 3153 1932 3206 leo.
1963 3150 2121 3217 Quod

2229 1958 2420 2029 καινὴν
2450 1959 2768 2029 συναγωγὴν
2795 1956 2931 2029 μετὰ
2965 1957 3062 2029 τὴν
3087 1958 3166 2019 εἰς
3192 1955 3321 2026 ὕψος
3347 1954 3609 2026 ἀνάληψιν
3639 1954 3801 2008 αὑτοῦ

2228 2050 2294 2104 ἐκ
2337 2049 2544 2121 νηπίων
2586 2050 2826 2104 διδάσκει
2865 2049 3187 2102 συνεστάναι
3213 2047 3398 2118 ψυχῶν
3429 2046 3519 2100 διὰ
3549 2046 3647 2118 τὴν
3675 2047 3804 2099 ἀνα-

2227 2143 2476 2213 γέννησιν
2508 2143 2606 2213 τὴν
2637 2144 2694 2195 ὲν
2735 2141 2814 2212 τῷ
2846 2140 3065 2212 Χριστῷ
3097 2139 3371 2210 πανταχοῦ
3399 2139 3670 2193 συστᾶσαν
3705 2138 3804 2208 τῆς

2227 2235 2551 2304 οἰκουμένης
2607 2232 2746 2303 μετὰ
2790 2233 2888 2304 τὴν
2934 2231 3199 2303 ἀνάληψιν
3251 2231 3348 2302 τὴν
3377 2229 3564 2285 αὑτοῦ.
3596 2230 3686 2282 Διὸ
3710 2229 3806 2282 καὶ

2230 2325 2476 2398 βοώντων
2527 2323 2676 2395 αὐτῷ
2720 2324 2829 2379 τῶν
2871 2324 3097 2391 παίδων,
3114 2322 3372 2377 Ὡσαννὰ
3399 2323 3469 2376 ἐν
3502 2321 3625 2386 τοῖς
3661 2320 3806 2388 ὑψίε

2228 2433 2417 2483 στοις,
2457 2417 2866 2487 εὐλογημένος
2897 2419 2930 2470 ό
2956 2416 3276 2485 ἐρχόμενος
3307 2414 3378 2468 ἐν
3410 2415 3652 2482 ὀνόματι
3683 2414 3807 2470 Κυ-

2218 2509 2378 2577 ρίου,
2408 2506 2774 2576 ἀγανακτοῦσί
2819 2522 3006 2577 φησιν’
3042 2505 3340 2560 Οὐδέποτε
3371 2504 3688 2574 ἀνέγνωτε,
3717 2503 3815 2557 ὅτι

2239 2599 2334 2651 Ἐκ
2363 2600 2662 2668 στόματος
2677 2599 2909 2666 νηπίων
2947 2597 3042 2650 καὶ
3062 2594 3440 2666 θηλαζόντων
3470 2594 3814 2662 κατηρτίσω

2225 2687 2432 2753 uiror;
2464 2691 2557 2744 καὶ
2605 2690 2816 2761 μήποτε
2865 2689 2924 2743 τό
2944 2706 2957 2719 ·
2990 2689 3203 2742 Ἕνεκα
3239 2687 3358 2741 τῶν
3391 2685 3620 2756 ἐχθρῶν
3664 2700 3816 2744 σου.

2226 2785 2337 2837 Καὶ
2387 2783 2476 2836 διὰ
2531 2783 2656 2846 τοὺς
2706 2783 2982 2853 ἀρχιερεῖς
3029 2781 3246 2849 λέγεται
3297 2780 3392 2833 καὶ
3437 2779 3804 2852 Φαρισαίουςο
3872 2777 3889 2796 ⁹

2225 2875 2436 2944 ἐχθριῗς
2465 2876 2557 2928 καὶ
2588 2872 2913 2942 ἐκδικητὴς
2945 2874 2974 2926 ὁ
3010 2872 3146 2926 λέων
3176 2872 3465 2944 εἰρημένος
3498 2874 3555 2925 ἐν
3587 2871 3664 2941 τῷ
3697 2870 3807 2941 πρὸ

2223 2965 2411 3020 τούτου
2453 2963 2669 3036 ψαλμῷ.
2707 2965 2780 3017 Τὸ
2806 2961 2898 3017 οὖν
2935 2963 3190 3034 μέγιστον
3222 2962 3424 3034 Θαῢμα,
3453 2964 3533 3017 ὅτι
3561 2965 3590 3017 ὁ
3616 2961 3810 3016 τοσοῦ-

2224 3076 2334 3123 τος,
2370 3057 2559 3128 ἐχθρός
2587 3075 2646 3110 τε
2679 3057 2774 3110 καὶ
2807 3056 2966 3120 λέων,
2994 3057 3022 3107 ὁ
3054 3054 3235 3126 ἄρχων
3259 3055 3352 3108 τοῦ
3383 3055 3574 3118 αίῶνος
3588 3055 3804 3116 τούτου,

2223 3148 2312 3201 διὰ
2341 3148 2549 3218 νηπίων
2583 3147 2675 3200 καὶ
2714 3146 3052 3217 (θηλαζόντων
3085 3145 3425 3217 καθῄρηται·
3461 3145 3576 3217 μεθ’
3609 3146 3638 3198 ὃ
3669 3163 3810 3198 παν-

544 3249 726 3292 autem
768 3241 1002 3295 maxime
1037 3240 1347 3294 mirandum
1376 3251 1460 3295 est
1507 3242 1670 3296 talem
1722 3241 2005 3295 inimicum
2055 3249 2111 3295 et

2226 3210 2404 3310 ταχοῦ.
2431 3239 2563 3302 Θεὸς
2595 3240 2653 3291 ἐν
2683 3210 2815 3292 πᾶσι
2846 3210 3441 3312 θαυμάζεταιίῐΕχθρὸς
3461 3210 3533 3292 ’δὲ
3571 3239 3644 3294 ὢν
3690 3228 3811 3292 ἐνεοί

544 3328 773 3393 leonem,
811 3330 1110 3398 principem
1147 3329 1311 3399 hujus
1357 3331 1568 3394 saeculi,
1630 3346 1727 3401 per
1759 3330 2000 3386 infantes
2033 3338 2115 3384 at-

541 3438 648 3492 que
691 3423 954 3478 lactentes
985 3421 1054 3477 de
1093 3422 1275 3478 medio
1305 3423 1580 3479 sublatum
1612 3439 1775 3479 esse:
1809 3439 1915 3494 quo
1952 3439 2115 3494 pera-

2221 3331 2402 3402 δρεύει
2445 3331 2581 3402 πρὸς
2615 3331 2888 3402 ἁμαρτίαν
2920 3331 3310 3398 ὑποσκελίζων,
3341 3333 3436 3386 καὶ
3465 3334 3590 3396 τοὺς
3617 3335 3806 3405 ἡμαρ-

2221 3423 2459 3495 τηκότας
2493 3424 2628 3494 μετὰ
2659 3424 2833 3477 ταῦτα
2866 3423 3103 3490 κολάζει.

541 3525 631 3570 cto
692 3514 836 3569 Deus
882 3515 1085 3586 ubique
1133 3524 1403 3571 terrarum
1452 3516 1594 3585 apud
1644 3531 1835 3571 omnes
1893 3515 2160 3571 mirabilis
2200 3514 2553 3586 praedicatur,
2621 3517 2714 3586 qui
2761 3517 3017 3587 princeps
3060 3518 3225 3588 hujus
3284 3517 3497 3578 smculi,
3548 3516 3806 3572 inimicus

540 3623 666 3662 cum
690 3608 781 3672 sit,
801 3607 1028 3663 insidias
1057 3615 1209 3677 parat
1245 3614 1304 3662 ut
1329 3608 1645 3678 supplantat
1668 3615 1722 3662 et
1751 3607 1804 3660 in
1831 3617 2112 3677 peccatum
2153 3607 2414 3678 dejiciat;
2452 3615 2566 3661 tum
2600 3618 2916 3676 peccatores
2946 3611 3214 3681 supplicio
3249 3609 3347 3663 alli.
3370 3611 3429 3663 it.

611 3699 728 3767 Qua
759 3703 970 3756 ratione
1015 3711 1197 3755 autem
1226 3716 1423 3756 nomen
1461 3699 1696 3767 Domini,
1736 3701 1867 3755 olim
1914 3701 2120 3757 nemini

541 3806 751 3860 uotum,
804 3795 1124 3852 admirabile
1163 3797 1424 3859 evaserit,
1455 3797 1697 3852 declarat
1740 3797 1797 3852 in
1829 3797 2112 3868 sequenti-

544 3886 644 3941 bus
690 3887 776 3940 his
821 3888 1025 3952 verbis,
1077 3889 1330 3958 quoniam
1365 3888 1569 3942 elevata
1614 3898 1692 3942 est
1724 3889 2118 3960 magniﬁcentia

543 3989 635 4030 tua
669 3994 819 4046 super
850 3980 1038 4033 caelos:
1060 3987 1223 4049 atque
1251 3980 1473 4033 tertium
1510 3980 1643 4034 illud
1672 3981 2113 4050 superadditum,

539 4085 604 4122 ex
636 4085 723 4122 ore
766 4069 1052 4137 infantium
1100 4079 1148 4122 et
1198 4070 1506 4123 lactentium
1549 4070 1820 4139 perfecisti
1868 4071 2116 4136 laudem,

541 4161 785 4230 aliquam
818 4175 950 4214 sane
981 4160 1146 4214 habet
1175 4161 1493 4214 afﬁnitatem
1525 4176 1648 4214 cum
1701 4161 1818 4224 illo,
1850 4177 2119 4230 synagoga

539 4251 851 4325 populorum
881 4251 1232 4306 circumdabit
1265 4263 1332 4308 te.
1378 4252 1545 4307 Docet
1598 4253 1744 4307 enim
1791 4267 1988 4306 novam
2028 4267 2119 4323 sy-

541 4360 831 4417 nagogam,
873 4359 994 4414 quae
1051 4343 1217 4398 Deum
1269 4344 1647 4400 circumdabat
1721 4351 1846 4414 post
1897 4344 2017 4413 ejus
2060 4345 2117 4399 in

539 4440 711 4494 altum
739 4436 1190 4505 assumptionem,
1227 4450 1292 4490 ex
1325 4434 1650 4500 infantibus,
1693 4435 1876 4490 animo
1905 4437 2116 4490 scilicet

2297 3701 2407 3755 Καὶ
2439 3701 2553 3765 πῶς
2580 3703 2638 3754 ὲν
2677 3703 2822 3775 πάσῃ
2854 3706 2918 3775 τῇ
2948 3707 3015 3776 γῇ
3051 3705 3111 3758 τὸ
3141 3704 3307 3758 πάλαι
3331 3703 3517 3774 μηδενὶ
3543 3703 3800 3772 γινωσκό-

2228 3812 2386 3867 μενον
2412 3795 2582 3866 ὅνομα
2603 3796 2698 3850 τοῦ
2722 3798 2926 3869 Κυρίου
2958 3799 3052 3851 καὶ
3079 3797 3385 3868 θαυμαστὸν
3409 3796 3664 3867 κατέστη,
3687 3797 3774 3849 δια

2225 3889 2387 3956 σαφεῖ
2419 3887 2589 3956 λέγων
2632 3889 2790 3959 ἐξῆςο
2828 3890 2947 3943 Ὅτι
2978 3890 3202 3956 ἐπήρθη
3245 3890 3282 3957 ἡ
3320 3877 3801 3958 μεγαλοπρέπειά

2221 3994 2338 4033 σου
2371 3978 2644 4047 ὑπεράνω
2676 3979 2792 4032 τῶν
2821 3979 3092 4048 οὐρανῶν
3111 3997 3124 4010 ο
3165 3980 3257 4032 καὶ
3307 3981 3368 4032 τὸ
3419 3980 3799 4049 ἐπιλεγόμενον

2220 4069 2277 4122 δὲ
2306 4069 2487 4140 τρίτον
2519 4071 2575 4122 ὲν
2612 4068 2711 4139 τῷ,
2733 4071 2831 4123 Ἐκ
2860 4070 3155 4138 στόματος
3185 4071 3420 4137 νηπίων
3464 4071 3560 4124 καὶ
3612 4073 3794 4137 θηλα-

2222 4159 2440 4221 ζόντων
2477 4164 2814 4230 κατηρτίσω
2841 4159 3032 4226 αἶνον,
3067 4161 3178 4233 ἔχοι
3215 4162 3279 4217 ἂν
3315 4165 3630 4234 συμφωνίαν
3665 4163 3794 4235 πρὸς

2219 4253 2311 4306 τό·
2343 4255 2669 4324 Συναγωγὴ
2730 4250 2880 4314 ἱρῶν
2926 4255 3224 4308 κυκλώσει
3261 4272 3353 4313 σε.
3395 4258 3467 4310 Τὸ
3508 4258 3615 4326 γὰρ
3675 4255 3800 4311 νέαν

2219 4347 2312 4398 καὶ
2337 4346 2529 4417 καινὴν
2564 4346 2880 4417 συναγωγὴν
2911 4346 3016 4399 τῶν
3055 4345 3394 4400 κυκλούντων
3421 4347 3513 4399 τὸν
3543 4347 3673 4399 Θεὸν
3703 4364 3798 4418 με·

2216 4435 2284 4489 τὰ
2315 4435 2410 4507 τὴν
2438 4438 2517 4499 είς
2546 4436 2677 4507 ὕψος
2698 4437 2962 4507 ἀνάληψιν
2986 4438 3150 4492 αὑτοῦ
3180 4441 3244 4492 ὲκ
3273 4438 3480 4511 νηπίων
3503 4439 3678 4509 ψυχῆς
3703 4439 3798 4492 καὶ

538 4539 594 4587 et
629 4527 978 4591 lactentibus,
1010 4526 1329 4580 collectam:
1368 4533 1530 4594 atque
1561 4525 1632 4578 ita
1679 4533 1837 4579 vocat
1879 4527 2115 4596 populos

2226 4529 2559 4600 θηλαζόντων
2609 4532 2925 4584 συνεστάναι
2967 4532 3232 4587 διδάσκει·
3265 4533 3406 4586 οὕτω
3451 4532 3630 4586 καλῶν
3672 4534 3797 4596 τοὺς

540 4623 596 4677 in
651 4620 872 4676 Christo
917 4623 1294 4689 regeneratos.
1333 4613 1470 4669 Nam
1510 4625 1800 4686 postquam
1855 4618 1908 4670 in
1941 4618 2109 4670 altum

539 4713 805 4776 ascendit,
833 4721 955 4782 post
977 4710 1284 4780 ingressum
1308 4723 1469 4762 suum
1499 4708 1552 4761 in
1572 4709 1792 4774 caelum,
1821 4708 2109 4775 Dominus,

539 4805 632 4873 qui
666 4820 761 4874 per
785 4803 1121 4873 prOphetiam
1153 4800 1496 4864 enuntiatur,
1527 4799 1760 4854 adscivit
1800 4799 1902 4853 sibi
1937 4815 2109 4870 popu-

541 4897 715 4950 lorum
745 4908 1098 4966 synagogam,
1129 4894 1184 4947 in
1215 4900 1360 4948 terra
1395 4908 1462 4948 ex
1493 4891 1800 4948 infantibus
1820 4900 1874 4947 et
1901 4893 2112 4947 lacteu-

538 4989 688 5043 tibus
718 4995 963 5058 paratam
980 5035 993 5048 ,

610 5079 774 5134 Vens.
811 5080 866 5144 4,
903 5080 957 5134 5.
991 5079 1256 5146 Quoniam
1282 5078 1464 5132 videbo
1493 5078 1672 5143 cwlos,
1702 5093 1859 5146 opera
1910 5076 2108 5148 digito-

540 5190 657 5228 rum
692 5181 920 5235 tuorum,
944 5172 1124 5227 lunam
1153 5182 1204 5226 et
1232 5171 1418 5226 stellas
1442 5187 1562 5243 qua:
1593 5181 1648 5224 tu
1673 5171 1934 5240 fundasti.
1965 5169 2106 5235 Quid

537 5280 613 5324 est
635 5269 789 5322 homo
821 5269 959 5339 quod
1011 5283 1212 5324 memor
1262 5284 1316 5322 es
1360 5269 1495 5338 ejus,
1542 5274 1635 5320 aut
1685 5266 1830 5336 ﬁlius
1883 5266 2109 5321 hominis

536 5363 789 5434 quoniam
831 5361 1017 5415 visitas
1060 5364 1216 5418 eum?
1278 5360 1526 5423 Etiamsi,
1577 5359 1777 5430 inquit,
1830 5359 2105 5414 mirabilia

538 5461 668 5510 sunt
687 5453 901 5523 opificia
929 5462 1046 5518 tua,
1077 5453 1275 5508 caelum
1303 5458 1358 5507 et
1386 5465 1506 5521 qua:
1529 5449 1581 5503 in
1608 5464 1673 5504 eo
1712 5457 1863 5513 sunt,
1893 5463 2013 5518 qua:
2043 5455 2102 5502 tu

2215 4621 2690 4690 ἀναγεννωμένους
2714 4623 2770 4674 ἐν
2792 4623 3013 4693 Χριστῷ
3040 4623 3221 4687 λαούς.
3239 4626 3334 4688 Εἰς
3365 4624 3496 4693 ὖψος
3523 4623 3631 4694 γὰρ
3662 4625 3794 4677 ἁνα-

2216 4711 2316 4774 6ὰς
2353 4711 2488 4782 μετὰ
2518 4712 2615 4784 τὴν
2648 4716 2727 4777 είς
2757 4715 2979 4786 οὐρανὸν
3005 4717 3079 4785 (l)
3109 4715 3355 4776 κάθοδον,
3391 4718 3419 4768 ὁ
3445 4714 3532 4766 διὰ
3557 4715 3654 4784 τῆς
3667 4733 3797 4787 προ-

2217 4805 2440 4874 φητείας
2456 4805 2702 4875 παριστώ
2709 4823 2866 4876 μενος
2896 4806 3097 4877 Κύριος
3115 4824 3252 4876 κατη
3263 4806 3481 4875 ρτίσατο
3511 4807 3687 4876 ἑαυτῷ
3705 4807 3795 4860 ἐπὶ

2223 4893 2320 4963 τῆς
2339 4896 2441 4964 γῆς
2461 4895 2556 4965 τὴν
2582 4895 2688 4948 τῶν
2717 4896 2861 4950 λαῶν
2887 4897 3226 4967 συναγωγὴν,
3249 4897 3314 4948 ὲκ
3346 4896 3553 4967 νηπίων
3585 4899 3679 4951 καὶ
3707 4898 3795 4969 Θη-

2223 4985 2489 5050 λαζόντων
2517 4987 2685 5060 αὐτὴν
2721 4989 3144 5058 συστησάμενος.

2293 5078 2413 5129 Ὅτι
2443 5078 2661 5148 ὄψομαι
2696 5081 2836 5145 τοὺς
2856 5079 3150 5148 οὐρανοὺς
3176 5081 3318 5152 ἔργα
3337 5083 3458 5137 τῶν
3479 5082 3794 5135 δακτύλων

2217 5183 2354 5232 σου,
2387 5170 2658 5238 σελήνην
2693 5173 2790 5225 καὶ
2823 5172 3082 5241 ἀστέρας
3113 5173 3148 5226 ἂ
3175 5174 3256 5228 σὺ
3283 5175 3700 5245 ἐθεμελίωσας.
3733 5174 3794 5226 Τί

2214 5262 2384 5314 ἐστιν
2421 5262 2748 5330 ἅνθρωπος,
2773 5264 2861 5318 ὅτι
2882 5265 3194 5337 μιμνήσκῃ
3217 5267 3439 5332 αὐτοῦ;
3472 5267 3508 5336 ἢ
3536 5266 3664 5333 υίὸς
3690 5267 3792 5319 ἀν-
3885 5267 3890 5272 ’

2213 5352 2468 5421 θρώπου,
2494 5353 2583 5408 ὅτι
2621 5355 2955 5426 ἐπισκέπτῃ
2994 5360 3214 5423 αὐτόν;
3261 5361 3325 5412 Εἰ
3367 5361 3460 5412 καὶ
3507 5357 3792 5429 Θαυμαστὰ

2213 5462 2326 5508 σου,
2364 5447 2516 5518 φησὶ,
2560 5449 3015 5523 δημιουργήματα
3051 5453 3276 5525 οὐρανὸς
3310 5454 3403 5506 καὶ
3432 5452 3503 5505 τὰ
3549 5454 3604 5504 ἐν
3641 5450 3790 5521 αὑτῷ

537 5547 777 5603 fundasti
804 5554 865 5600 ut
893 5562 988 5615 per
1023 5561 1182 5600 omne
1227 5544 1490 5600 saeculum
1531 5541 1940 5605 consisterent;
1975 5553 2100 5592 nam

2226 5537 2348 5611 ιπερ
2379 5540 2624 5612 ἦδρασας
2661 5543 2727 5596 δι’
2757 5543 2878 5597 ὅλου
2906 5543 3002 5598 τοῦ
3033 5545 3232 5609 αἰῶνος
3264 5544 3488 5598 ἑστάναι
3513 5562 3525 5574 ·
3555 5544 3782 5610 ἔστησε

605 5689 650 5721 ⁸³
686 5687 828 5742 Psal-
866 5697 1104 5748 um",
1132 5679 1261 5753 2,3.
1298 5682 1345 5714 “
1383 5680 1516 5737 ibid.
1549 5680 1608 5740 4.
1683 5679 1729 5712 ⁸⁸
1770 5676 1958 5732 Matth.
1993 5692 2118 5744 xxx,

2293 5681 2339 5712 ⁸⁶
2379 5682 2510 5738 ibid.
2554 5684 2635 5739 16.

609 5805 683 5878 (Ι)
714 5803 875 5860 Forte
902 5801 1053 5876 ᾅδην.
