4086 6562
320 351 421 405 129

1447 334 1947 394 (ΖΟΜΞιὶΕΝΤΑΒΙΑ
1985 332 2048 387 ΙΝ
2089 329 2429 388 PSALMOS.

3457 304 3571 382 rso

317 464 423 535 γὰρ
452 460 601 519 αὐτὰ
642 462 730 526 εις
771 459 879 514 τὸν
920 458 1127 523 αἰῶνα,
1160 457 1302 512 καθά
1352 474 1515 529 φησιν
1560 457 1617 509 ὲν
1663 454 1886 526 ἑτέροις,

1995 449 2183 503 statuit
2213 465 2273 502 ea
2319 448 2373 500 in
2398 454 2676 509 internum,
2705 452 2765 499 ut
2794 446 2901 499 alio
2942 446 3062 500 loco
3098 444 3312 508 dicit”,
3363 464 3559 515 pracc-

319 555 418 609 καὶ
462 554 812 621 πρόσταγμα
850 552 1041 613 ἔθετο,
1074 552 1172 605 καὶ
1217 552 1287 605 οὐ
1328 550 1791 618 παρελεύσεται·
1826 548 1887 601 οὑ

323 649 428 718 μήν
456 662 539 699 σοι
568 645 775 716 μεγάλα
820 643 1236 715 πῴςιὺπαρξιν,
1263 641 1398 697 ἀλλὰ
1428 642 1685 713 βραχείας
1731 641 1889 694 δυνά-

324 756 467 810 μεως
494 737 775 800 δακτύλοις
803 736 1193 806 ἀναλογούσηςο
1224 734 1367 788 οὕτω
1404 734 1511 805 γὰρ
1548 733 1647 797 τὰς
1688 733 1890 805 μικρὰς

318 833 575 903 δυνάμεις
604 831 829 885 ἐκάλεσε
860 828 952 883 τοῦ
981 828 1136 884 Θεοῦ.
1163 831 1272 883 Καὶ
1298 828 1469 882 ταῦτα
1494 829 1591 897 μὲν
1620 828 1891 900 ἡδρασμέ-

319 940 384 978 να
422 923 573 993 μένει
600 938 612 949 ο
650 921 929 993 ἄνθρωπον
970 920 1027 973 δὲ
1070 920 1158 974 τὸν
1204 920 1324 973 καθ’
1354 920 1449 975 ἕνα
1481 920 1887 992 παρερχόμενον

320 1009 707 1079 ἐκπέπληγμαι
755 1008 989 1081 θεωρῶν,
1027 1010 1174 1072 ὅπως
1220 1011 1313 1063 καὶ
1368 1008 1638 1081 μέμνησαι
1672 1011 1884 1074 τούτου,

320 1101 415 1152 καὶ
446 1103 645 1170 προνοῇ
670 1117 683 1130 ο
728 1101 862 1172 ὅπερ
906 1118 1003 1154 ουκ
1035 1100 1102 1155 ἂν
1132 1100 1371 1172 ὑπῆρξεν
1412 1103 1459 1154 εί
1492 1100 1683 1173 μικρόν
1711 1119 1763 1154 τι
1794 1102 1888 1156 καὶ

320 1193 557 1263 φθαρτὸν
584 1192 839 1263 ἐτύγχανε
870 1194 1033 1257 ζῶον·
1056 1193 1198 1248 οὕτω
1225 1194 1279 1247 δὲ
1299 1194 1476 1265 τίμιον
1503 1195 1579 1258 ὡς
1599 1196 1663 1247 ἐκ
1689 1195 1890 1264 στόμα-

318 1302 413 1348 τος
435 1286 639 1353 νηπίων
671 1288 760 1340 καὶ
786 1286 1124 1357 θηλαζόντων
1154 1288 1319 1359 ῦμνον
1337 1288 1486 1359 αὐτῷ
1506 1287 1884 1359 κατηρτίσθαι.

319 1375 385 1427 El
414 1377 505 1428 καὶ
534 1376 760 1448 σμικρὸς
786 1378 965 1432 τοίνυν
988 1379 1130 1434 κατὰ
1155 1381 1217 1433 τὸ
1251 1380 1406 1450 σῶμα
1423 1396 1435 1409 ·
1463 1379 1597 1434 ἀλλὰ
1621 1378 1762 1433 κατὰ
1788 1379 1887 1448 ψυ-

320 1465 420 1535 χὴν
438 1464 533 1535 τὴν
556 1469 674 1519 κατ’
702 1468 884 1523 εἰκόνα
906 1469 1192 1540 τετίμηται
1212 1487 1227 1501 ο
1267 1470 1407 1524 ὥστε
1436 1470 1524 1524 διὰ
1542 1471 1730 1523 τούτου
1753 1470 1884 1524 Θαυ-

319 1555 523 1623 μαστόν
554 1573 648 1609 σου
683 1559 1017 1629 καταστῆναι
1046 1561 1106 1614 τὸ
1134 1561 1302 1632 ὄνομα
1327 1564 1385 1616 ὲν
1417 1561 1563 1633 πάσῃ
1595 1564 1661 1633 τῇ
1696 1564 1786 1633 γῇ.

396 1730 794 1803 Ἀποθαυμάζει
848 1732 909 1787 τὸ
954 1732 1094 1787 θεῖον
1138 1732 1362 1804 Πνεῦμα
1397 1734 1492 1787 καὶ
1532 1732 1747 1803 εὔχεται
1792 1733 1886 1787 τοῦ

1992 550 2136 610 ptum
2172 540 2346 608 posuit
2380 549 2430 592 et
2486 554 2586 592 non
2628 538 2956 603 praeteribit:
3000 554 3115 592 non
3150 546 3335 592 tamen
3366 554 3558 608 magna

1991 631 2090 684 tibi
2126 637 2473 699 reputantur,
2507 627 2602 683 sed
2632 643 2730 682 ceu
2762 629 2953 697 exigua
2989 628 3189 683 virtute
3213 628 3396 698 digitis
3427 645 3559 683 con-

1991 723 2233 781 cinnata,
2270 724 2356 775 sic
2394 720 2538 773 enim
2573 719 2813 774 minores
2843 718 2937 774 Dei
2980 719 3208 774 virtutes
3258 730 3554 789 nuncupat.

1994 817 2056 873 Et
2088 818 2204 871 haec
2252 816 2471 888 quidem
2524 814 2753 870 fundata
2799 829 2864 870 ac
2906 813 3060 868 ﬁrma
3100 826 3454 885 permanent;
3503 824 3558 869 at

1992 910 2293 969 hominem,
2323 908 2643 979 singulatim
2678 907 2861 961 omnia
2906 922 3256 977 percurrens,
3300 922 3409 962 non
3440 908 3559 961 sine

1992 1012 2217 1071 stupore
2260 1000 2602 1071 contemplor
2630 1038 2645 1063 ,
2676 1015 2785 1070 quo
2835 1006 2996 1069 pacto
3034 1000 3242 1053 scilicet
3268 999 3413 1054 illius
3444 1014 3559 1054 me-

1989 1093 2236 1157 mineris,
2292 1101 2454 1163 atque
2500 1092 2673 1162 ipsius
2720 1105 2906 1145 curam
2932 1090 3158 1155 habeas,
3183 1091 3325 1159 quod
3371 1089 3560 1160 utique

1989 1197 2098 1236 non
2133 1181 2365 1246 faceres,
2407 1184 2452 1237 si
2485 1197 2710 1251 parvum
2759 1189 2813 1236 et
2839 1181 3197 1251 corruptibile
3240 1180 3439 1234 animal
3470 1195 3558 1235 es-

1990 1281 2110 1341 set;
2150 1273 2245 1329 sed
2278 1283 2432 1329 tanto
2461 1275 2671 1329 honore
2698 1272 2898 1344 dignus
2928 1285 3032 1336 est,
3065 1280 3125 1326 ut
3150 1288 3214 1328 ex
3244 1288 3340 1327 ore
3379 1271 3560 1326 infan-

1990 1367 2124 1421 tium
2158 1374 2212 1421 et
2243 1367 2562 1423 lactentium
2592 1367 2809 1438 hymnis
2838 1366 3159 1421 celebretur.
3206 1365 3431 1420 Etiamsi
3458 1365 3560 1435 igi-

1986 1464 2081 1512 tur
2112 1472 2346 1528 corpore
2378 1473 2583 1529 parvus
2626 1457 2718 1523 sit,
2767 1457 3072 1512 secundum
3103 1456 3338 1510 animam
3376 1455 3444 1509 ad
3481 1455 3560 1510 si-

1987 1548 2351 1605 militudinem
2377 1549 2467 1605 Dei
2494 1548 2694 1603 factam
2727 1549 3046 1612 honoratur,
3072 1547 3146 1601 ita
3174 1556 3233 1602 ut
3254 1563 3349 1617 per
3379 1548 3557 1616 ipsum

1987 1639 2307 1696 admirabile
2334 1641 2405 1697 sit
2435 1656 2631 1697 nomen
2659 1648 2811 1696 tuum
2846 1642 2901 1696 in
2932 1641 3185 1696 universa
3213 1650 3378 1695 terra.

2060 1730 2379 1787 Admiratur
2413 1734 2651 1804 Spiritus
2686 1733 2925 1800 divinus,
2956 1740 3009 1789 et
3056 1734 3112 1787 in
3154 1734 3273 1803 ipsa
3321 1733 3555 1788 admira-

315 1819 636 1890 Θαυμασμοῦ
670 1820 872 1890 λέγων·
904 1823 1178 1895 Οὑρανοὺς
1211 1823 1309 1893 μὲν
1337 1823 1448 1893 ὁρῶ
1485 1824 1610 1886 τοὺς
1637 1823 1727 1875 τὸν
1755 1822 1886 1893 σύμ-

1990 1823 2138 1878 tione
2180 1825 2466 1895 gloriatur,
2516 1825 2741 1881 dicens:
2791 1826 2975 1881 leos
3015 1826 3235 1896 quidem
3281 1825 3436 1880 video
3464 1824 3558 1894 qui

313 1928 490 1965 παντα
515 1912 717 1981 κόσμον
745 1912 1126 1982 περιέχοντας·
1164 1912 1275 1983 ὁρῶ
1306 1913 1361 1965 δὲ
1400 1912 1494 1965 καὶ
1533 1911 1761 1983 σελήνην
1795 1912 1888 1964 καὶ

313 2000 509 2071 ἄστρα,
541 2002 636 2055 καὶ
667 2000 837 2054 ταῦτα
864 2003 1041 2056 πάντα
1073 2002 1324 2073 γνωρίζω
1350 2007 1415 2075 τῇ
1455 2004 1613 2074 φύσει
1638 2004 1764 2057 ὄντα
1795 2022 1887 2075 με·

315 2091 457 2158 γάλα
488 2092 579 2143 καὶ
607 2090 892 2159 θαυμαστὰ
920 2092 1019 2163 τῆς
1039 2092 1167 2164 ὅλης
1186 2093 1539 2164 δημιουργίας
1570 2093 1710 2165 μέρη
1729 2110 1741 2124 ·
1773 2094 1886 2149 ἀλλ’

315 2183 485 2251 ὅμως,
516 2184 719 2254 καίπερ
742 2185 867 2239 ὄντα
894 2185 1139 2248 τοιαῦτα,
1171 2181 1307 2249 o't5a,
1328 2192 1415 2246 ὅτι
1446 2186 1759 2256 βραχύτατα
1781 2187 1888 2241 τῶν

316 2274 423 2325 σῶν
459 2273 636 2344 ἔργων
662 2276 1121 2347 τυγχάνει,’Έργα
1151 2275 1280 2344 γοῦν
1312 2278 1427 2329 ἐστι
1448 2278 1620 2330 ταῦτα
1642 2277 1751 2331 τῶν
1779 2277 1887 2331 σῶν

310 2366 615 2418 δακτύλων·
658 2368 777 2436 οὑχὶ
801 2366 857 2418 δὲ
884 2367 1103 2435 χειρῶν,
1130 2367 1248 2420 οὐδὲ
1278 2368 1516 2439 μεγάλης
1552 2369 1696 2434 τινὸς
1731 2370 1887 2424 δυνά-

314 2474 488 2526 μεως·
529 2457 665 2521 ἀλλ’,
694 2458 769 2520 ὡς
801 2459 868 2511 ἂν
899 2446 1043 2511 εἴποι
1073 2476 1177 2523 τις,
1216 2460 1398 2529 ἄκρων
1426 2459 1723 2525 δακτύλων,
1758 2478 1884 2533 τρο-

310 2548 489 2613 πικῶς
518 2548 688 2612 οὕτως
711 2550 817 2604 τῶν
850 2550 1129 2621 δυνάμεων
1159 2551 1572 2623 ὀνομαζομένων
1603 2552 1697 2607 τοῦ
1726 2553 1881 2620 Θεοῦ,

308 2641 375 2693 δι’
406 2635 480 2694 ὦν
505 2641 573 2695 τὰ
598 2641 829 2713 αἰσθητὰ
858 2645 952 2697 καὶ
980 2642 1232 2715 ὁρώμενα
1265 2644 1719 2719 δημιουργήματα
1757 2664 1884 2701 συνο

310 2735 439 2804 εστή
450 2751 595 2787 σατο.

394 2824 767 2894 Ἠλάττωσας
830 2829 1013 2883 αὑτὸν
1051 2829 1253 2899 ,ϐραχύ
1295 2846 1350 2883 τι
1402 2831 1539 2897 παρ’
1571 2829 1882 2900 ἀγγέλους,

309 2915 456 2986 δόξῃ
498 2918 597 2972 καὶ
636 2919 776 2989 τιμῇ
807 2920 1233 2990 ἐστεφάνωσας
1265 2924 1470 2976 αὐτόν.
1500 2924 1610 2977 Καὶ
1640 2923 1746 2995 μὴν
1772 2923 1888 2977 ἑτέ-

313 3026 423 3083 ρως
471 3011 600 3083 δόξῃ
648 3015 743 3066 καὶ
793 3018 927 3084 τιμῇ
970 3013 1060 3067 τὸν
1116 3013 1400 3087 ἄνθρωπον
1456 3016 1828 3085 ἐστεφάνωσεν
1858 3017 1886 3069 ὁ

308 3100 460 3167 Θεὸς,
488 3103 580 3156 ἐπὶ
626 3104 786 3175 μόνου
826 3105 918 3159 τοῦ
954 3105 1242 3177 ἀνθρώπου
1286 3108 1495 3178 φήσας’
1536 3105 1886 3176 Ποιήσωμεν

308 3194 623 3263 ἄνθρωπον
655 3199 781 3250 κατ’
812 3198 1017 3252 εἰκόνα
1054 3200 1347 3269 ἡμετέραν
1378 3199 1474 3255 καί
1508 3200 1636 3254 καθ’
1677 3201 1882 3269 ὁμοίω·
1913 3183 1953 3241 C

307 3304 433 3352 σιν,
470 3290 562 3341 καὶ
596 3290 865 3361 διαφόρως
888 3294 999 3355 τοῖς
1040 3292 1217 3361 ἁγίοις
1245 3292 1551 3365 ἀνθρώποις
1580 3294 1881 3363 ἐπιφανεὶς,

308 3380 403 3433 καὶ
438 3380 749 3451 Πνεύματος
790 3383 967 3451 ἁγίου,
1001 3384 1094 3438 καὶ
1133 3385 1412 3457 δυνάμεως
1440 3387 1691 3457 οὐρανίου
1722 3404 1886 3457 μετα-

307 3469 453 3533 δοὺς,
484 3471 558 3535 ὡς
588 3470 649 3524 τὸ
684 3472 874 3543 μέλλον
907 3475 1126 3539 εἰδέναι,
1163 3476 1255 3529 καὶ
1276 3476 1464 3541 νόσους
1491 3476 1753 3540 ἐλαύνειν,
1790 3476 1884 3531 καὶ

308 3564 536 3633 νεκροὺς
570 3564 820 3636 ἁνιστᾷν·
859 3567 953 3620 καὶ
986 3568 1047 3619 τὸ
1090 3568 1342 3639 μέγιστον
1370 3569 1645 3633 ἁπάντων,
1678 3571 1744 3641 τῇ
1788 3568 1883 3623 τοῦ

308 3654 649 3721 Μονογενοῦς
677 3657 913 3727 τιμήσας
948 3658 1110 3710 αὑτὸν
1142 3660 1438 3732 παρουσίᾳ.

381 3746 535 3813 Δόξῃ
582 3747 680 3799 καὶ
714 3746 848 3816 τιμῇ
879 3748 1307 3817 ἐστεφάνωσας
1346 3752 1553 3818 αὐτὸν,
1590 3753 1689 3805 καὶ
1743 3769 1883 3806 κατ-

306 3834 579 3903 ἑστησας
630 3837 818 3891 αὐτὸν
864 3838 961 3891 ἐπὶ
1014 3839 1087 3892 τὰ
1136 3840 1281 3909 ἔργα
1334 3841 1454 3895 τῶν
1496 3840 1711 3911 χειρῶν
1743 3859 1879 3898 σου.

306 3928 515 3982 Πάντα
570 3928 873 3997 ὑπέταξας
928 3932 1208 3987 ὑποκάτω
1258 3931 1376 3987 τῶν
1425 3933 1627 3989 ποδῶν
1676 3935 1882 4000 αὑτοῦ,

308 4022 572 4088 πρόϐατα
620 4021 718 4075 καὶ
772 4023 929 4088 ,βόας
973 4022 1198 4090 πάσας,
1232 4025 1320 4077 ἐτι
1350 4024 1419 4078 δὲ
1462 4026 1559 4079 καὶ
1589 4025 1662 4079 τὰ
1694 4027 1883 4094 κτήνη

306 4113 415 4167 τοῦ
466 4115 695 4180 πεδίου,
732 4115 805 4168 τὰ
852 4118 1092 4171 πετεινὰ
1123 4117 1229 4171 τοῦ
1275 4119 1553 4187 οὐρανοῦ,
1599 4119 1699 4173 καὶ
1743 4120 1887 4187 τοὺς

310 4210 521 4278 ἰχθύας
553 4207 659 4276 τῆς
692 4212 1030 4279 θαλάσσης,
1062 4211 1132 4265 τὰ
1155 4212 1625 4281 διαπορευόμενα
1648 4214 1887 4282 τρίϐους

308 4302 659 4359 θαλασσῶν.
696 4303 773 4373 Τῇ
820 4302 926 4373 γὰρ
979 4302 1168 4375 λογικῇ
1220 4304 1398 4372 φύσει,
1440 4304 1515 4369 ὠς
1561 4305 1626 4359 ἂν
1672 4306 1887 4375 ὡμοιω-

312 4396 452 4467 μένῃ
503 4393 640 4465 Θεῷ,
687 4396 784 4465 τὴν
835 4396 976 4449 κατὰ
1031 4396 1247 4450 πάντων
1295 4398 1468 4468 ἀρχὴν
1516 4399 1608 4452 καὶ
1656 4399 1885 4470 δύναμιν

310 4488 640 4558 ἐδωρήσατο.
683 4489 742 4541 '0
771 4488 1075 4560 ἄνθρωπος.
1106 4491 1204 4561 τῆς
1230 4490 1416 4559 θεῖκῆς
1447 4491 1652 4554 εἰκόνος
1678 4491 1879 4558 λαῦὼν,

306 4579 384 4643 ὡς
434 4579 689 4649 βασιλεὺς
734 4580 986 4635 ἁπάντων
1019 4582 1165 4635 ἐστὶν
1206 4585 1234 4635 ὁ
1276 4582 1425 4646 Θεὸς,
1474 4581 1646 4647 οὑτως
1697 4583 1881 4654 ἄρχων

308 4673 544 4744 κατέστη
578 4674 685 4726 τῶν
719 4674 811 4726 ἐπὶ
833 4673 954 4743 γῆς.
985 4674 1048 4725 Εἰ
1075 4673 1131 4727 δὲ
1160 4673 1461 4737 καθολικῶς
1490 4674 1738 4745 εἴρηται·
1769 4676 1880 4730 Καὶ

307 4764 687 4833 κατέστησας
732 4765 919 4819 αὑτὸν
947 4765 1044 4817 ἐπὶ
1071 4765 1143 4818 τὰ
1169 4766 1311 4834 ἔργα
1339 4764 1456 4818 τῶν
1490 4765 1703 4837 χειρῶν
1727 4782 1842 4821 σου
1864 4783 1877 4797 ’

308 4858 454 4925 λέγει
484 4857 541 4910 δὲ
587 4856 850 4927 ἀλλαχοῦ·
887 4857 1112 4919 Καιμτὰ
1155 4857 1298 4926 ἔργα
1346 4857 1465 4910 τῶν
1510 4857 1724 4926 χειρῶν
1765 4874 1881 4913 σου

306 4952 469 5005 εἰσὶν
494 4954 547 5005 οὶ
589 4950 850 5019 οὐρανοὶ,
885 4951 1042 5024 δῆλον
1082 4950 1157 5014 ὡς
1199 4952 1293 5005 καὶ
1333 4951 1426 5002 ἐπὶ
1463 4953 1589 5014 τοὺς
1621 4952 1882 5022 οὐρανοὺς

307 5046 643 5117 κατέστησεν
690 5045 875 5099 αὐτόν.
915 5046 1024 5099 Καὶ
1072 5046 1279 5117 μήποτε
1326 5044 1652 5115 ἀποῤῥήτως
1692 5043 1792 5115 τὴν
1830 5046 1889 5098 ὲν

307 5137 520 5209 οὐρανῷ
546 5136 825 5209 διατριϐὴν
851 5137 1123 5209 σημαίνει,
1151 5137 1257 5190 τῶν
1283 5136 1392 5189 ἀπὸ
1411 5136 1514 5205 γῆς
1546 5138 1723 5189 ἐκεῖσε
1757 5135 1888 5208 μεθ-

309 5232 632 5302 ισταμένων,
665 5231 750 5283 ὅτε
803 5229 1053 5300 μέλλουσι
1088 5228 1365 5299 βασιλείαν
1411 5226 1764 5299 κληρονομεῖν
1793 5227 1886 5280 οὑ-

310 5323 487 5395 ρανῶν
521 5324 597 5385 ὡς
642 5321 995 5393 ἐπήγγελται.
1027 5321 1186 5390 Λέγει
1220 5321 1276 5374 δὲ
1322 5324 1350 5375 ὀ
1383 5320 1591 5383 Παῦλος
1611 5336 1624 5350 ο
1660 5323 1888 5387 Κληρο-

306 5416 476 5483 νόμοι
535 5415 652 5485 μὲν
707 5415 889 5477 Θεοῦ,
944 5415 1423 5483 συγκληρονόμοι
1480 5413 1549 5467 δὲ
1602 5412 1877 5481 Χριστοῦ.

1912 4534 1959 4590 D

1990 1923 2167 1969 totum
2196 1915 2460 1969 mundum
2508 1917 3067 1987 circumplectuntur;
3113 1918 3271 1973 video
3308 1919 3436 1973 item
3474 1918 3558 1971 lu-

1989 2023 2117 2063 nam
2143 2016 2198 2062 et
2227 2010 2439 2067 stellas.
2477 2018 2531 2064 et
2559 2010 2719 2079 plane
2749 2025 2920 2065 nosco
2958 2011 3073 2065 haec
3105 2012 3287 2065 omnia
3330 2025 3558 2081 magnas

1988 2098 2376 2169 mirabilesque
2401 2100 2638 2154 universi
2668 2100 2870 2171 opiﬁcii
2903 2110 3084 2172 partes
3113 2117 3235 2157 esse
3262 2121 3274 2156 :
3318 2109 3558 2156 attamen

1988 2190 2091 2244 etsi
2139 2190 2268 2243 talia
2321 2198 2463 2256 sunt,
2517 2192 2644 2246 novi
2684 2207 2748 2247 ea
2797 2192 3018 2247 minima
3066 2209 3292 2264 operum
3340 2203 3557 2248 tuorum

1986 2298 2125 2339 esse.
2166 2282 2291 2338 llaec
2340 2285 2520 2355 itaque
2565 2293 2694 2341 sunt
2744 2285 3039 2356 digitorum
3082 2296 3302 2342 tuorum
3352 2304 3555 2360 opera;

1984 2389 2095 2430 non
2126 2391 2255 2429 vero
2290 2391 2570 2438 manuum,
2604 2392 2783 2447 neque
2813 2393 3023 2449 magnae
3050 2379 3335 2449 cujusdam
3366 2386 3557 2450 poten-

1988 2468 2076 2524 tiae
2102 2477 2239 2536 tuae;
2295 2469 2412 2533 sed,
2453 2478 2512 2523 ut
2569 2469 2644 2524 ita
2699 2470 2901 2537 dicam,
2953 2481 3319 2527 extremorum
3357 2472 3551 2543 digito-

1985 2575 2137 2616 rum:
2172 2561 2245 2615 ita
2292 2560 2543 2616 videlicet
2593 2563 2802 2632 tropice
2838 2572 3105 2619 vocantur
3152 2564 3382 2620 virtutes
3435 2564 3552 2630 Dei,

1984 2654 2184 2725 quibus
2218 2655 2501 2711 sensibilia
2531 2655 2877 2727 visibiliaque
2910 2672 3076 2726 opera
3107 2658 3412 2712 constituit.

2057 2829 2226 2886 Vens.
2258 2832 2312 2886 6.
2348 2829 2595 2885 Minuisti
2635 2845 2752 2884 eum
2794 2831 2954 2900 paulo
2989 2831 3161 2884 minus
3212 2831 3277 2883 ab
3333 2830 3555 2900 angelis,

1986 2920 2157 2989 gloria
2180 2930 2229 2974 et
2261 2921 2455 2975 honore
2484 2921 2754 2974 coronasti
2784 2937 2926 2975 eum.
2963 2921 3028 2975 Et
3054 2936 3185 2976 sane
3212 2922 3317 2975 alia
3347 2923 3558 2978 ratione

1987 3012 2263 3069 hominem
2296 3013 2468 3083 gloria
2501 3023 2554 3066 et
2584 3012 2793 3066 honore
2825 3013 3109 3067 coronavit
3138 3011 3322 3080 Deus;
3353 3014 3420 3067 de
3440 3016 3559 3069 solo

1986 3107 2189 3178 quippe
2217 3108 2436 3161 homine
2465 3107 2636 3162 dixit:
2692 3104 2982 3161 Faciamus
3021 3105 3283 3159 hominem
3322 3104 3391 3160 ad
3422 3107 3559 3161 ima-

1986 3200 2159 3271 ginem
2182 3208 2231 3253 et
2256 3198 2657 3254 similitudinem
2684 3198 2997 3253 nostram".
3038 3197 3370 3268 Diversoque
3394 3198 3559 3254 modo

1984 3291 2189 3346 sanctis
2207 3290 2516 3345 hominibus
2529 3290 2798 3361 apparuit,
2822 3288 3194 3360 Spiritumque
3211 3300 3457 3346 sanctum
3494 3308 3559 3347 ac.

1984 3383 2268 3439 cmlestem
2303 3390 2629 3452 potestatem
2668 3382 2884 3448 indidit,
2936 3390 2995 3437 ut
3038 3382 3221 3437 futura
3251 3398 3557 3453 praenosce-

1985 3483 2129 3540 rent,
2183 3476 2405 3531 morbus
2458 3477 2741 3544 pellerent,
2790 3482 3037 3532 mortuos
3083 3476 3455 3531 suscitarent:
3503 3486 3557 3531 et

1984 3569 2133 3640 quod
2184 3569 2428 3625 omnium
2461 3568 3001 3639 praestantissimum,
3044 3568 3325 3625 hominem
3356 3567 3553 3640 Unige-

1985 3661 2086 3715 niti
2112 3661 2197 3716 sui
2228 3661 2463 3715 adventu
2496 3661 2805 3715 honoravit.

2058 3750 2227 3806 Vens.
2266 3750 2378 3804 7-9.
2416 3750 2600 3803 Gloria
2653 3760 2703 3804 et
2765 3751 2961 3803 honore
3022 3754 3290 3807 coronasti
3318 3769 3455 3820 eum,
3505 3767 3555 3808 et

1987 3842 2312 3896 constituisti
2346 3857 2463 3895 eum
2507 3858 2664 3910 super
2690 3857 2847 3909 opera
2882 3860 3132 3896 manuum
3158 3853 3389 3899 tuarum.
3427 3845 3556 3901 0m-

1984 3935 2078 3989 nia
2105 3933 2374 4002 subjecisti
2403 3932 2497 3987 sub
2526 3932 2743 4003 pedibus
2773 3933 2909 4003 ejus,
2935 3950 3051 3989 oves
3080 3944 3129 3989 et
3174 3935 3320 3991 boves
3350 3938 3555 3992 univer-

1986 4044 2099 4090 sas,
2133 4028 2347 4096 insuper
2371 4034 2420 4080 et
2447 4042 2637 4095 pecora
2661 4029 2855 4098 campi,
2879 4028 3111 4083 volucres
3145 4030 3262 4082 caeli
3297 4039 3346 4083 et
3387 4035 3553 4099 pisces

1986 4120 2175 4183 maris,
2206 4120 2295 4189 qui
2334 4120 2703 4188 perambulant
2736 4122 2952 4176 semitas
3001 4123 3183 4176 maris.
3222 4121 3553 4179 Rationabili

1985 4213 2131 4268 enim
2163 4220 2392 4276 natura,
2427 4220 2617 4283 utpote
2657 4211 2725 4267 ad
2777 4212 3191 4269 similitudinem
3227 4214 3323 4270 Dei
3371 4216 3549 4281 factm,

1984 4305 2325 4360 dominatum
2368 4313 2800 4376 potestatemque
2830 4305 2885 4359 in
2919 4306 3102 4360 omnia
3132 4307 3341 4362 tribuit.
3380 4306 3553 4362 Homo

1985 4416 2116 4457 sane
2146 4400 2241 4455 Dei
2271 4401 2559 4469 imaginem
2594 4402 2820 4471 accepit,
2853 4416 2916 4455 ac
2942 4409 3001 4456 ut
3032 4417 3127 4458 rex
3143 4402 3386 4457 omnium
3409 4401 3552 4459 Deus

1986 4505 2091 4559 est,
2133 4494 2215 4549 sic
2258 4493 2375 4564 ipse
2433 4494 2689 4564 princeps
2719 4502 3064 4550 terrenarum
3097 4497 3339 4550 omnium
3369 4510 3551 4550 rerum

1984 4586 2317 4640 constitutus
2346 4592 2450 4642 est.
2488 4585 2642 4652 Quod
2674 4587 2721 4641 si
2745 4586 3042 4657 generatim
3073 4586 3185 4640 haec
3208 4588 3383 4656 posita
3400 4595 3550 4645 sunt.

1987 4677 2054 4732 Et
2086 4678 2407 4732 constituisti
2451 4694 2569 4732 eum
2611 4692 2766 4745 super
2800 4693 2960 4746 opera
3000 4692 3251 4730 manuum
3286 4685 3499 4730 tuarum
3529 4691 3552 4731 :
3606 4714 3609 4719 ι

1986 4785 2112 4826 cum
2164 4770 2294 4825 alibi
2340 4771 2577 4835 dicatur,
2611 4769 2679 4823 Et
2712 4784 2870 4836 opera
2900 4786 3153 4823 manuum
3186 4780 3397 4823 tuarum
3426 4782 3550 4824 sunt

1986 4863 2102 4918 coeli
2129 4863 2196 4927 θ’,
2248 4862 2377 4917 hinc
2408 4862 2783 4931 consequitur,
2815 4861 2976 4916 etiam
3029 4877 3191 4933 super
3220 4864 3389 4919 cmlos
3417 4878 3551 4918 con-

1988 4955 2237 5013 stitutum
2263 4968 2294 5008 a
2324 4953 2435 5008 Deo
2468 4952 2658 5010 fuisse.
2707 4954 2781 5010 Ac
2810 4969 3091 5026 nunquam
3120 4971 3307 5011 eorum
3351 4956 3444 5026 qui
3482 4956 3550 5011 ad

1987 5059 2253 5115 supernas
2283 5044 2444 5099 sedes
2471 5044 2888 5113 transferentur,
2918 5047 3309 5102 habitationem
3330 5049 3383 5100 in
3411 5048 3550 5102 cmlo

1985 5136 2225 5191 futuram
2255 5136 2470 5192 occulte
2497 5144 2912 5203 commemorat,
2955 5138 3045 5193 ubi
3075 5138 3403 5209 promissum
3443 5138 3547 5193 sibi

1985 5227 2251 5282 caelorum
2301 5241 2529 5298 regnum
2563 5228 2873 5297 possessuri
2920 5236 3085 5296 sunt;
3121 5230 3195 5284 ait
3223 5229 3368 5283 enim
3407 5226 3549 5283 Pau-

1984 5317 2072 5372 lus
2110 5334 2123 5372 :
2164 5314 2413 5372 Hceredes
2458 5318 2666 5386 quidem
2703 5318 2821 5384 Dei,
2866 5312 3155 5373 cohwredes
3186 5328 3361 5374 autem
3395 5320 3547 5374 Chri-

1984 5408 2134 5464 sti”.
2163 5408 2253 5463 Sic
2282 5409 2436 5473 illud.
2470 5414 2666 5472 Omnia
2721 5411 2956 5482 subjecit
2987 5412 3089 5467 sub
3115 5412 3342 5482 pedibus
3406 5406 3547 5476 eius.

308 5506 465 5560 Οὕτω
503 5508 599 5561 καὶ
631 5507 711 5571 τὸ,
748 5506 931 5560 Πάντα
967 5505 1232 5571 ὑπέταξεν
1266 5505 1520 5559 ὑποκάτω
1560 5503 1669 5558 τῶν
1701 5503 1879 5556 ποδῶν

1987 5501 2093 5570 iam
2125 5500 2534 5571 intelligendum
2558 5505 2625 5559 de
2654 5503 2983 5559 animalibus
3022 5523 3034 5558 :
3078 5510 3132 5557 at
3158 5504 3285 5573 quia
3319 5498 3549 5555 homini-

309 5598 496 5663 αὑτοῦ,
532 5600 748 5671 νοητέον
781 5598 875 5651 νῦν
911 5598 1009 5669 μὲν
1042 5597 1110 5650 τὰ
1139 5596 1285 5661 Cibo.“
1322 5596 1505 5667 ἐπειδὴ
1539 5597 1597 5651 δὲ
1639 5597 1732 5650 καὶ
1762 5594 1879 5666 βίος

1987 5595 2088 5650 bus
2115 5594 2169 5648 in
2203 5594 2342 5650 caelo
2376 5609 2472 5664 par
2499 5596 2753 5667 angelica
2783 5597 2889 5653 vita
2919 5597 3157 5670 reposita
3191 5603 3294 5660 est,
3326 5605 3451 5648 cum
3479 5591 3550 5649 il-

376 5782 420 5813 "
462 5779 609 5835 Psal.
645 5795 769 5843 vui,
810 5780 899 5835 45.
976 5779 1020 5812 ⁸⁸
1060 5778 1255 5834 Gcnes.
1294 5792 1349 5840 ι,
1383 5775 1473 5830 26.
1553 5775 1596 5809 '9
1634 5774 1874 5844 Psal.cr,
1911 5773 2000 5832 26.
2077 5776 2122 5808 ’°
2164 5774 2322 5833 Rom.
2360 5793 2488 5847 vin,
2525 5778 2612 5835 l7.
