4086 6568
560 316 651 368 151
760 330 765 335 ·
1255 307 1519 363 EUSEBII
1558 298 2033 364 CASSARIENSIS
2064 309 2215 366 OPP.
2255 309 2436 365 PARS
2472 309 2561 365 lll.
2592 307 3086 369 ~EXEGETICA.

3690 310 3801 363 132

558 432 629 487 lie
658 430 987 485 constitutus
1018 425 1183 481 fuerit
1227 442 1392 496 super
1440 442 1604 496 opera
1663 443 1923 483 manuum
1976 429 2117 498 ejus,

2247 430 2507 498 σάγγελος
2540 430 2824 483 ἀπόκειται
2859 433 2970 492 τοῖς
3004 426 3309 498 ἀνθρώποις
3335 427 3391 479 ὲν
3417 427 3654 500 οὐρανῷ,
3678 412 3806 479 ὲκεῖ

558 522 729 576 οωιοε
759 528 813 575 et
860 518 1042 573 omnia
1073 532 1195 586 quae
1227 517 1279 569 in
1327 516 1407 571 eis
1453 523 1583 571 sunt
1643 518 2117 589 contemplabitur.

560 614 760 668 Beatus
788 620 965 665 autem
995 608 1195 661 Paulus
1229 608 1332 661 hoc
1360 608 1427 661 de
1464 607 1747 664 Salvatore
1781 612 2011 679 accepit,
2046 619 2127 664 ut-

559 710 688 773 pote
729 700 873 771 quod
928 698 1028 767 ipsi
1077 696 1133 749 in
1184 696 1366 749 futuro
1409 697 1609 751 saeculo
1640 697 2002 752 obventurum
2032 700 2124 755 sit.

557 794 899 864 Quapropter
929 790 1004 842 ait
1036 788 1113 842 illi
1141 786 1304 841 Pater
1332 805 1346 840 :
1380 786 1514 841 Sede
1543 805 1575 841 a
1621 787 1823 842 dextris
1861 790 2010 852 meis,
2039 789 2131 843 do-

561 898 651 934 nec
677 896 865 948 ponam
890 878 1127 931 inimicos
1150 886 1266 931 tuos
1292 875 1581 931 scabellum
1604 878 1792 946 pedum
1821 888 2031 934 tuorum
2058 881 2124 936 ⁸⁸.

989 1068 1310 1125 PSALMUS
1345 1067 1554 1123 DAVID
1590 1068 1684 1125 IX.

874 1163 920 1216 Ι.
951 1163 1017 1217 1η
1043 1165 1200 1233 ﬁnem
1237 1179 1331 1232 pro
1363 1162 1581 1216 occultis
1607 1160 1759 1215 Filii.

630 1254 798 1310 Multa
832 1266 988 1311 erant
1016 1271 1137 1325 qua:
1169 1256 1285 1325 ipse
1311 1255 1528 1309 occulte
1568 1260 1873 1323 peregerat,
1906 1269 2131 1323 genera-

560 1351 636 1404 tio
673 1350 880 1405 scilicet
913 1364 979 1402 ex
1013 1348 1233 1417 Virgine
1265 1346 1567 1402 secundum
1600 1359 1821 1400 carnem
1870 1361 1966 1415 per
2010 1345 2134 1417 Spi-

560 1442 726 1493 ritum
755 1446 1026 1501 sanctum,
1051 1437 1331 1506 stupendae
1361 1436 1464 1489 illae
1492 1435 1717 1491 virtutes
1746 1436 1944 1504 quibus
1967 1437 2135 1491 mira-

562 1530 691 1585 bilia
722 1530 935 1594 edebat,
965 1545 1115 1584 mors
1158 1529 1278 1598 ejus
1308 1537 1362 1583 et
1409 1527 1709 1583 descensus
1739 1529 1794 1583 in
1838 1527 2132 1594 infernum,

561 1636 625 1675 ac
658 1619 989 1675 resurrectio
1016 1636 1081 1675 ex
1114 1620 1363 1674 mortuis.
1396 1619 1541 1685 Haec,
1575 1620 1818 1690 inquam,
1850 1620 2032 1674 omnia
2056 1620 2136 1674 la-

560 1719 739 1767 tenter
781 1714 849 1767 ab
897 1713 1016 1782 ipso
1064 1721 1394 1783 perpetrata.
1440 1713 1575 1768 Nam
1626 1714 1741 1767 haec
1795 1712 2136 1784 principibus

2227 522 2499 585 καταστὰς
2531 523 2623 574 ἐπὶ
2666 521 2733 575 τὰ
2782 522 2918 592 ἔργα
2957 520 3063 573 τῶν
3110 520 3305 590 χειρῶν
3356 517 3543 583 αὐτοῦ,
3594 518 3805 588 θεωρὸς

2226 613 2466 684 οὐρανῶν
2499 614 2649 667 ἔσται
2686 615 2780 667 καὶ
2826 614 2932 667 τῶν
2975 615 3032 666 ὲν
3081 614 3279 676 αὐτοῖς.
3329 612 3386 665 '0
3424 612 3481 664 δὲ
3528 611 3806 682 μακάριος

2227 706 2436 769 Παῦλος
2480 707 2573 760 καὶ
2620 707 2777 760 τοῦτο
2824 708 2949 779 περὶ
2994 706 3087 759 τοῦ
3129 706 3379 775 Σωτῆρος
3418 704 3688 770 ἐξέλαϐεν,
3742 705 3808 756 ἐν

2228 796 2382 849 αἰῶνι
2411 796 2489 867 τῷ
2523 797 2766 868 μέλλοντι
2798 796 3180 869 γενησόμενον.
3222 796 3313 849 Διό
3354 813 3484 865 φησι
3527 795 3662 866 πρὸς
3696 796 3808 848 αὑ-

2227 888 2319 942 τὸν
2352 891 2379 941 6
2423 890 2646 960 Πατήρ⁹
2682 889 2878 943 Κάθου
2919 890 2987 942 ἐκ
3032 888 3244 953 δεξιῶν
3268 906 3409 957 μου,
3451 888 3561 952 ἕως
3600 887 3676 941 ἂν
3718 886 3811 941 θῶ

2227 980 2369 1049 τοὺς
2400 981 2650 1050 ἐχθρούς
2681 997 2795 1035 σου
2824 981 3158 1036 ὑποπόδιον
3181 979 3301 1034 τῶν
3327 979 3528 1034 ποδῶν
3554 996 3688 1034 σου.

2640 1074 2930 1127 ΨΑΛΜΟΣ
2961 1073 3049 1125 ΤΩ
3080 1072 3275 1125 ΔΑΥΙΔ
3302 1071 3383 1128 Θ’.

2334 1170 2441 1234 Εἰς
2474 1165 2541 1220 τὸ
2572 1164 2749 1231 τέλος
2778 1164 2929 1231 ὑπὲρ
2954 1162 3072 1216 τῶν
3099 1163 3364 1231 κρυφίων
3391 1162 3500 1216 τοῦ
3536 1163 3693 1219 Υὶοῦ.

2300 1260 2480 1313 Πολλὰ
2520 1258 2578 1310 δὲ
2614 1253 2683 1329 ῆν
2712 1256 2861 1326 αὐτῷ
2893 1256 2963 1309 τὰ
2996 1255 3241 1327 κρυφίως
3274 1255 3639 1326 πεπραγμένα
3673 1256 3707 1327 ἥ
3746 1273 3819 1310 τε

2232 1353 2297 1405 ὲκ
2330 1350 2608 1424 Παρθένου
2649 1348 2737 1402 διὰ
2769 1348 3082 1419 Πνεύματος
3113 1347 3267 1415 ἁγίου
3291 1346 3430 1401 κατὰ
3464 1348 3641 1418 σάρκα
3680 1349 3819 1416 γέν-

2233 1459 2407 1514 νησις,
2438 1440 2493 1493 αἳ
2530 1457 2589 1493 τε
2634 1438 2921 1509 παράδοξοι
2953 1438 3046 1492 καὶ
3082 1436 3484 1507 θαυματουργοὶ
3524 1436 3814 1507 δυνάμεις,

2234 1532 2262 1584 ὅ
2290 1547 2349 1583 τε
2377 1530 2603 1592 Θάνατος
2640 1528 2801 1591 αὐτὸς
2830 1528 2923 1581 καὶ
2951 1530 2985 1597 ἡ
3019 1528 3100 1589 εἰς
3132 1526 3261 1597 ᾇδου
3298 1525 3521 1589 κάθοδος
3552 1527 3645 1578 καὶ
3675 1528 3708 1595 ἡ
3741 1528 3818 1577 ὲκ

2235 1622 2442 1694 νεκρῶν
2476 1620 2789 1685 ἀναϐίωσις.
2820 1618 3005 1673 Ταῦτα
3033 1616 3141 1689 γὰρ
3173 1617 3320 1689 αὑτῷ
3354 1617 3531 1671 πάντα
3563 1617 3818 1686 κρυφίως

2237 1716 2573 1788 πέπρακται.
2616 1711 2929 1783 Ἀπέκρυψε
2963 1710 3070 1781 γὰρ
3102 1710 3241 1762 αὐτὰ
3271 1709 3365 1762 καὶ
3393 1710 3516 1771 τοὺς
3546 1710 3819 1779 ἄρχοντας

560 1806 726 1876 hujus
776 1806 965 1861 mundi
1000 1805 1319 1861 abscondita
1361 1806 1554 1862 voluit.
1612 1805 1689 1863 De
1720 1806 1807 1863 bis
1843 1820 2008 1877 porro
2039 1819 2136 1860 oc-

2240 1807 2329 1862 τοῦ
2372 1807 2575 1877 κόσμου
2607 1804 2813 1858 τούτου.
2852 1803 3023 1874 Ὑπὲρ
3050 1801 3114 1873 δὴ
3147 1800 3350 1854 τούτων
3376 1799 3483 1853 τῶν
3512 1800 3753 1871 κρυφίων
3783 1802 3818 1852 ὁ

561 1899 727 1954 cultis
761 1899 835 1951 ait
864 1896 1133 1967 Pr0pheta
1164 1917 1177 1953 :

638 1989 802 2046 Vens.
833 1989 887 2044 2.
933 1990 1236 2061 Conﬁtebor
1277 1991 1395 2056 tibi,
1452 1990 1698 2054 Domine,
1743 1991 1799 2045 in
1831 1998 1941 2045 toto
1975 1988 2131 2044 corde

563 2098 697 2146 meo,
730 2082 959 2137 narrabo
988 2085 1166 2137 omnia
1199 2083 1468 2137 mirabilia
1500 2092 1612 2137 tua.
1658 2081 1869 2136 Similia
1901 2082 2018 2151 ipse
2055 2080 2133 2134 ait

564 2174 620 2227 in
650 2173 963 2244 Evangeliis
992 2177 1037 2207 θ’
1061 2194 1073 2229 :
1099 2175 1404 2243 Conﬁtebor
1425 2174 1542 2238 tibi,
1566 2173 1747 2237 Pater,
1770 2172 1991 2226 Domine
2017 2170 2132 2226 coeli

561 2276 610 2318 et
642 2273 815 2327 terrae,
845 2266 970 2333 quia
1016 2265 1340 2320 abscondisti
1367 2266 1478 2320 lucc
1515 2284 1547 2320 a
1579 2265 1900 2335 sapientibus
1928 2274 1978 2319 et
2004 2280 2132 2334 pru-

563 2354 826 2419 dentibus,
858 2365 908 2409 et
936 2357 1179 2409 revelasti
1213 2373 1275 2410 ea
1296 2357 1550 2427 parvulis.
1581 2356 1641 2411 In
1674 2357 1886 2428 psalmo
1917 2370 2134 2426 quoque

563 2448 631 2502 de
658 2448 888 2504 occultis
914 2450 1118 2519 gratias
1149 2450 1279 2520 agit,
1335 2460 1389 2506 et
1435 2457 1560 2522 post
1608 2449 1906 2521 gratiarum
1956 2450 2130 2503 actio-

564 2553 713 2603 nem,
742 2554 903 2609 quam
935 2555 1036 2610 pro
1064 2541 1238 2595 salute
1275 2548 1465 2596 nostra
1494 2542 1689 2607 edidit,
1721 2556 1823 2596 nos
1853 2540 1921 2596 de
1966 2540 2134 2594 mira-

565 2630 766 2685 bilibus
798 2629 976 2686 Patris
1006 2632 1090 2686 sui
1118 2631 1439 2687 edocturum
1469 2648 1549 2698 se,
1575 2632 1643 2688 de
1660 2633 1777 2702 ipsa
1800 2631 1981 2688 Patris
2011 2647 2135 2687 con-

564 2723 917 2793 templatione
946 2724 1250 2789 exsultans,
1298 2725 1607 2795 pollicetur.
1645 2724 1788 2780 Sane
1828 2733 2017 2795 utpote
2045 2724 2135 2781 Fi-

564 2814 638 2868 lio
669 2815 847 2868 inerat
878 2816 980 2885 ipsi
1005 2817 1245 2888 cognitio
1274 2818 1512 2873 nominis
1546 2818 1693 2888 quod
1731 2817 1921 2873 deitati
1954 2816 2136 2873 Patris

564 2907 671 2971 sui,
705 2908 854 2961 nulla
880 2924 1012 2965 voce
1045 2909 1302 2980 nulloque
1341 2908 1566 2965 nomine
1603 2908 1955 2979 explicandae,
1987 2924 2137 2964 com-

565 2998 804 3068 petebat.
855 2996 980 3054 Haec
1046 3000 1301 3065 maxime,
1355 2998 1553 3068 inquit,
1607 2997 1805 3054 faciam
1842 3006 2134 3069 postquam

562 3090 842 3147 inimicam
893 3092 1018 3146 vitae
1069 3099 1298 3147 mortem
1335 3093 1541 3155 vicero,
1589 3090 1657 3146 de
1703 3106 1811 3160 qua
1864 3090 2065 3145 dicitur
2117 3106 2133 3144 :

2237 1901 2527 1973 Προφήτης
2551 1898 2730 1966 λέγει·

2319 1987 2870 2059 Ἐξομολογήσομαι
2918 1999 3038 2051 σοι,
3089 1985 3285 2053 Κύριε,
3325 1982 3395 2037 ὲν
3435 1982 3547 2051 ὅλῃ
3598 1980 3816 2049 καρδίᾳ

2231 2098 2374 2151 μου,
2404 2079 2764 2149 διηγήσομαι
2814 2076 3011 2131 πάντα
3047 2078 3119 2132 τὰ
3160 2073 3461 2145 θαυμάσιά
3507 2088 3642 2127 σου.
3685 2074 3816 2126 Τοι-

2237 2171 2375 2225 αῦτα
2402 2170 2493 2223 καὶ
2522 2169 2683 2232 αὐτὸς
2707 2168 2765 2219 ἐν
2782 2166 3131 2236 Εὑαγγελίοις
3156 2166 3318 2237 φησίν
3336 2182 3349 2195 ·
3387 2163 3817 2233 Ἐξομολογοῦ-

2232 2260 2343 2329 μαί
2369 2273 2489 2322 σοι,
2529 2256 2742 2325 Πάτερ,
2772 2256 2952 2323 Κύριε
2984 2256 3089 2310 τοῦ
3115 2254 3374 2323 οὐρανοῦ
3413 2254 3514 2307 καὶ
3541 2254 3650 2322 τῆς
3678 2251 3811 2322 γῆς,

2238 2351 2329 2405 ὅτι
2375 2350 2731 2418 ἀπέκρυψας
2770 2349 2955 2403 ταῦτα
2990 2348 3109 2403 ἀπὸ
3140 2348 3347 2417 σοφῶν
3393 2348 3489 2401 καὶ
3522 2345 3815 2409 συνετῶν,

2237 2444 2338 2497 καὶ
2362 2441 2762 2511 ἀπεκάλυψας
2787 2440 2973 2495 ταῦτα
3002 2441 3260 2509 νηπίοις.
3288 2441 3397 2495 Καὶ
3423 2443 3482 2494 ὲν
3512 2441 3591 2511 τῷ
3618 2439 3814 2510 ψαλμῷ

2239 2537 2347 2609 γὰρ
2380 2537 2508 2609 περὶ
2544 2534 2653 2591 τῶν
2688 2535 2935 2606 κρυφίων
2966 2534 3291 2607 εὐχαριστεῖ.
3326 2535 3480 2589 Μετὰ
3511 2534 3567 2587 δὲ
3608 2535 3703 2603 τὴν
3736 2534 3811 2584 sb-

2239 2627 2545 2700 χαριστίαν,
2580 2628 2641 2700 ἢν
2672 2628 2811 2699 ὑπὲρ
2849 2627 2947 2698 τῆς
2986 2626 3263 2699 ἡμετέρας
3308 2627 3601 2698 ἐποιήσατο
3646 2641 3813 2695 σωτηη

2242 2723 2381 2794 ρίας,
2414 2721 2541 2793 περὶ
2564 2718 2672 2773 τῶν
2705 2718 3024 2789 θαυμασίων
3052 2719 3145 2772 τοῦ
3170 2719 3383 2790 [ἰατρὸς
3407 2718 3643 2783 διδάξειν
3670 2719 3815 2789 ἡμᾶς

2240 2813 2635 2883 ἐπαγγέλλεται
2658 2816 2725 2884 τῇ
2764 2811 2857 2865 τοῦ
2888 2812 3101 2884 Πατρδς
3126 2810 3552 2881 ὲναγαλλόμενος
3578 2810 3694 2882 θέᾳ.
3730 2810 3815 2873 Ὠς

2238 2905 2295 2960 δὲ
2328 2906 2445 2977 Υίῷ
2474 2908 2566 2960 καὶ
2593 2908 2626 2977 ἡ
2656 2905 2853 2974 γνῶσις
2885 2905 3067 2976 παρῆν
3096 2904 3192 2958 τοῦ
3224 2903 3485 2973 ὀνόματος
3510 2903 3609 2973 τῆς
3634 2901 3815 2971 θεότη-

2240 3018 2331 3064 τος
2357 3000 2450 3055 τοῦ
2484 3000 2722 3073 ἀρρήτου
2755 3000 2848 3053 καὶ
2879 2998 3321 3069 ἀκατονομάστου
3355 2996 3587 3067 Πατρός.
3634 2993 3817 3048 Ταῦτα

2241 3092 2299 3147 δὲ
2353 3093 2603 3163 μάλιστα,
2646 3091 2800 3162 φησὶ,
2853 3092 3062 3163 ποιήσω
3110 3089 3203 3142 τὸν
3253 3089 3351 3159 τῆς
3404 3087 3550 3158 ζωῆς
3591 3088 3817 3157 νικήσας

566 3184 872 3240 Novissima
905 3183 1122 3236 inimica
1161 3182 1460 3237 destruetur
1489 3200 1630 3237 mors
1655 3184 1725 3236 ⁸³.
1760 3182 1895 3236 Nam
1928 3193 2136 3238 retror-

2240 3186 2430 3258 ἐχθρὸν
2459 3187 2706 3250 θάνατον,
2738 3186 2867 3257 περὶ
2897 3179 2958 3238 οὗ
2979 3184 3223 3237 λέλεκται
3244 3200 3258 3214 ·
3292 3184 3584 3253 Ἕσχατος
3610 3181 3817 3248 ἐχθρὸς

566 3291 689 3331 sum
719 3279 1091 3337 convertatur,
1123 3274 1174 3327 id
1207 3283 1313 3339 est,
1346 3275 1400 3328 in
1434 3274 1724 3344 pristinam
1760 3290 1917 3329 suam
1948 3274 2139 3330 condi-

567 3368 792 3430 tionem,
824 3382 931 3436 qua
975 3381 1084 3419 non
1114 3366 1414 3421 exsistebat
1456 3385 1471 3421 :
1527 3365 1669 3420 Deus
1719 3368 1864 3422 enim
1919 3378 2140 3424 mortem

568 3475 673 3512 non
708 3458 828 3527 fecit
873 3458 941 3525 ⁸⁸⁵,
990 3458 1083 3513 sed
1135 3457 1335 3510 invidia
1388 3457 1591 3511 diaboli
1638 3475 1780 3512 mors
1831 3459 2051 3515 intravit
2084 3462 2141 3514 in

569 3550 823 3604 mundum
846 3552 913 3603 θ’.
946 3549 1077 3616 Quae
1107 3565 1230 3604 cum
1259 3550 1562 3615 evenerint,
1596 3551 1792 3621 reliqui
1833 3552 1995 3607 etiam
2026 3567 2141 3606 om-

569 3658 667 3697 nes
701 3643 850 3698 verbi
881 3643 959 3697 tui
1000 3642 1229 3711 inimici,
1260 3642 1459 3697 inﬁrmi
1507 3642 1738 3698 evadent
1769 3658 1833 3699 ac
1872 3643 1927 3699 in
1956 3643 2142 3715 perni-

570 3733 708 3790 ciem
743 3735 919 3790 ibunt.

644 3910 808 3967 Vens.
840 3912 892 3967 9.
941 3910 1007 3964 Et
1047 3910 1155 3980 ipse
1190 3909 1457 3979 judicabit
1496 3911 1673 3965 orbem
1703 3918 1855 3964 terra:
1888 3911 1941 3964 in
1973 3916 2141 3986 justi-

578 4005 676 4071 tia,
713 4003 977 4072 judicabit
999 4004 1216 4072 populos
1241 4004 1295 4056 in
1318 4002 1653 4075 wguitate.Si
1676 4004 1714 4057 ii
1742 4005 1834 4072 qui
1858 4005 1911 4057 in
1939 4004 2143 4058 mundo

569 4101 880 4153 versantur.
915 4109 1022 4146 non
1055 4094 1256 4148 similia
1302 4108 1469 4162 opera
1525 4094 1844 4158 edidissent,
1875 4095 2143 4163 judicium

574 4182 668 4237 Dei
703 4183 913 4251 justum
944 4199 1053 4237 non
1087 4193 1271 4249 esset;
1308 4185 1400 4254 qui
1433 4186 1549 4254 pari
1581 4186 1792 4239 ratione
1828 4194 2144 4255 peccatores

573 4275 864 4345 supplicio,
894 4274 1072 4342 justos
1106 4275 1277 4345 gloria
1301 4274 1481 4330 allicit.
1514 4275 1789 4330 Judicabit
1832 4277 2053 4346 populos
2087 4279 2144 4331 in

574 4370 841 4438 wquitate.
870 4365 1067 4422 Orbem
1094 4375 1252 4423 terra:
1287 4378 1442 4423 vocat
1474 4368 1793 4435 Ecclesiam,
1836 4385 1957 4439 qua:
1988 4371 2145 4425 inha-

574 4462 780 4516 bitatur
809 4476 839 4513 a
868 4460 1050 4527 Patre,
1110 4459 1249 4516 Filio
1292 4470 1345 4516 et
1387 4460 1594 4531 Spiritu
1628 4470 1842 4524 sancto,
1889 4462 2044 4531 juxta
2080 4464 2145 4516 il-

2241 3278 2673 3349 καταργήσεται
2698 3280 2732 3331 ό
2759 3276 3034 3345 θάνατος.
3072 3277 3576 3348 Ἀποστραφήσεται
3602 3272 3709 3344 γάρ
3740 3274 3820 3336 εἰς

2239 3368 2309 3423 τὰ
2348 3371 2542 3435 ὀπίσω,
2576 3369 2825 3423 τουτέστι
2854 3369 2952 3441 τὴν
2997 3368 3219 3442 πρώτην
3269 3367 3433 3422 αὐτοῦ
3468 3366 3819 3428 κατάστασιν,

2241 3464 2327 3516 ὅτε
2359 3463 2432 3534 μὴ
2454 3464 2769 3533 ὑφεστήκει.
2808 3463 2870 3516 '0
2894 3462 3003 3535 γὰρ
3042 3463 3185 3528 Θεὸς
3216 3462 3475 3517 θάνατον
3497 3463 3606 3514 οὐκ
3630 3460 3821 3525 ἐποίη-

2242 3570 2379 3610 σεν’
2425 3560 2624 3625 φθόνῳ
2674 3557 2731 3610 δὲ
2778 3557 3060 3611 διαϐόλου
3105 3558 3360 3623 θάνατος
3410 3557 3694 3623 εισῆλθεν
3733 3558 3821 3622 εἰς

2242 3647 2348 3701 τὸν
2377 3650 2609 3717 κόσμον
2631 3666 2643 3679 ·
2676 3642 2738 3702 οὗ
2780 3649 2843 3721 δὴ
2873 3648 3154 3719 γεγονότος
3194 3650 3289 3703 καὶ
3318 3651 3366 3701 οἱ
3401 3648 3580 3702 λοιποὶ
3620 3649 3822 3712 πάντες

2242 3737 2426 3809 ἐχθροὶ
2475 3738 2566 3792 τοῦ
2620 3738 2778 3809 λόγου
2833 3756 2925 3793 σου
2978 3739 3071 3792 καὶ
3125 3736 3374 3807 πολέμιοι
3425 3735 3822 3807 ἀσθενήσαντες

2242 3829 2584 3883 ἀπολοῦνται.

2312 3922 2422 3976 Καὶ
2479 3922 2662 3988 αὐτὸς
2707 3923 2897 3991 κρινεῖ
2936 3922 3052 3990 τὴν
3098 3922 3455 3990 οἰκουμένην
3490 3921 3559 3974 ἐν
3602 3920 3823 3973 δικαιο-

2243 4015 2422 4081 σύνῃ,
2453 4013 2645 4081 κρινεῖ
2686 4013 2875 4078 λαοὺς
2910 4014 2979 4066 ἐν
3009 4012 3303 4081 εὐθύτητι.
3354 4012 3417 4065 Εἰ
3461 4015 3508 4065 οἱ
3542 4012 3599 4064 ὲν
3641 4013 3707 4081 τῇ
3741 4012 3824 4065 ol-

2245 4105 2481 4174 κουμένῃ
2515 4105 2613 4157 οὐκ
2638 4106 2693 4157 ἐν
2716 4104 2919 4174 ὁμοίοις
2935 4105 3071 4157 εἰσὶν
3097 4103 3298 4174 ἔργοις,
3319 4105 3420 4158 οὐκ
3439 4105 3503 4158 ἂν
3520 4100 3627 4156 εἷεν
3645 4103 3722 4173 (1)
3746 4101 3825 4156 δι-

2246 4196 2502 4267 καιοσύνη
2544 4198 2577 4266 ἡ
2616 4197 2796 4268 κρίσις
2829 4196 2922 4249 τοῦ
2969 4195 3137 4249 Θεοῦ⁶
3175 4196 3375 4267 ὁμοίως
3408 4199 3534 4260 τοὺς
3574 4195 3825 4267 ἁμαρτά-

2246 4303 2431 4348 νοντας
2480 4286 2719 4353 κολάζει,
2770 4286 2803 4359 ἢ
2854 4288 2977 4350 τοὺς
3032 4287 3273 4351 δικαίους
3328 4288 3558 4353 δοξάζει.
3621 4288 3825 4356 Κρινεῖ

2246 4379 2433 4445 λαοὺς
2456 4379 2526 4432 ἐν
2544 4382 2838 4448 εὐθύτητι.
2868 4383 3028 4434 Οίκου
3037 4382 3203 4453 μένην
3232 4382 3329 4453 μὲν
3350 4384 3449 4453 τὴν
3475 4381 3820 4451 Ἐκκλησίαν,

2247 4470 2367 4539 ἥτις
2398 4472 2621 4523 οἰκεῖται
2651 4471 2754 4524 ὑπὸ
2789 4471 2881 4525 τοῦ
2908 4474 3118 4545 Πατρὸς
3152 4475 3245 4527 καὶ
3295 4473 3389 4527 τοῦ
3421 4472 3572 4537 Υἱοῦ,
3606 4472 3698 4525 καὶ
3724 4472 3818 4525 τοῦ

573 4552 666 4606 Iud
696 4571 709 4607 :
747 4551 861 4622 Ego
882 4560 937 4607 et
962 4551 1124 4607 Pater
1156 4552 1225 4605 ad
1255 4570 1372 4607 eum
1416 4554 1700 4617 veniemus,
1739 4562 1787 4607 et
1816 4556 2136 4609 mansionem

2252 4538 2405 4629 άγίου
2440 4562 2771 4634 Πνεύματος,
2804 4566 2944 4620 κατὰ
2974 4538 3067 4618 τός’
3105 4567 3246 4635 Ἐγὼ
3272 4568 3364 4620 καὶ
3395 4568 3423 4619 6
3449 4567 3637 4637 Πατὴρ
3663 4566 3823 4619 ἐλευ-

576 4646 715 4713 apud
734 4662 853 4700 eum
884 4645 1137 4715 faciemus
1160 4646 1226 4700 ⁸⁸.
1251 4644 1486 4715 Populos
1508 4655 1688 4701 autem
1717 4647 1953 4716 appellat
1982 4654 2145 4702 caete-

574 4754 669 4793 ros
700 4754 891 4794 omnes
925 4742 1017 4808 qui
1062 4745 1215 4794 extra
1246 4737 1544 4793 Ecclesiam
1578 4746 1892 4802 versantur,
1930 4745 2023 4791 aut
2049 4739 2144 4809 qui

577 4843 645 4883 ex
679 4828 1099 4905 circumcisione
1129 4836 1279 4885 sunt.
1317 4829 1582 4899 Quotquot
1612 4830 1751 4883 enim
1782 4829 1841 4882 in
1879 4828 1986 4900 lege
2022 4845 2144 4899 pec-

577 4931 849 4986 caverunt,
874 4937 964 4989 per
996 4922 1154 4993 legem
1176 4923 1599 4993 jitdicabuntur;
1628 4924 1717 4994 'qui
1748 4940 1865 4978 vero
1896 4924 2007 4978 sine
2034 4924 2142 4995 lege

579 5016 895 5084 transgressi
919 5024 1062 5079 sunt,
1091 5016 1207 5069 sine
1242 5015 1349 5085 lege
1378 5016 1617 5084 peribunt
1654 5015 1725 5075 ⁸⁷.

651 5105 817 5161 Vens.
862 5106 951 5171 ‘10,
984 5107 1070 5161 11.
1117 5106 1187 5161 Ει
1236 5108 1409 5176 factus
1449 5118 1525 5162 est
1574 5108 1831 5163 Dominus
1880 5109 2143 5180 refugium

578 5199 814 5267 pauperi,
846 5198 1061 5267 adjutor
1084 5200 1140 5252 in
1171 5200 1673 5269 opportunitatibus,
1699 5202 1754 5256 in
1780 5201 2142 5258 tribulatione.

583 5292 649 5345 Et
679 5302 883 5360 sperent
912 5294 964 5347 in
1003 5305 1050 5347 te
1080 5275 1175 5363 qui.
1200 5302 1448 5348 noverunt
1478 5311 1663 5349 nomen
1697 5304 1866 5359 tuum,
1894 5295 2144 5364 quoniam

580 5402 684 5438 non
722 5383 1047 5453 dereliquisti
1074 5394 1361 5453 quaerentes
1412 5395 1479 5450 te,
1510 5384 1753 5440 Domine.
1786 5385 1887 5441 Cui
1920 5387 2144 5455 pauperi

575 5477 742 5548 judex
774 5476 1042 5546 refugium
1068 5475 1241 5545 iacturis
1265 5486 1369 5537 est.
1398 5479 1504 5533 nisi
1530 5480 1583 5533 in
1613 5480 1790 5550 primo
1818 5479 1942 5533 vita!
1963 5480 2142 5535 curri-

2251 4655 2475 4722 σόμεθα
2501 4656 2650 4723 πρὸς
2693 4657 2896 4721 αὐτὸν,
2941 4657 3039 4711 καὶ
3068 4658 3269 4727 μονὴν
3313 4661 3449 4725 παρ’
3474 4658 3634 4723 αὐτῷ
3663 4676 3821 4726 ποιη-

2249 4747 2473 4813 σόμεθα
2497 4763 2510 4776 ο
2552 4747 2713 4810 λαοὺς
2749 4748 2805 4799 δὲ
2843 4749 2967 4811 τοὺς
2996 4748 3215 4812 λοιποὺς
3258 4749 3408 4819 παρὰ
3450 4749 3547 4819 τὴν
3591 4750 3819 4820 Ἐκκληε

2265 4830 2419 4893 σίαν,
2466 4830 2499 4897 ἢ
2546 4832 2671 4893 τοὺς
2714 4831 2779 4881 ὲκ
2822 4834 3138 4903 περιτομῆς.
3188 4834 3351 4884 Ὅσοι
3395 4833 3505 4900 γὰρ
3552 4832 3621 4886 ἐν
3667 4834 3827 4900 νόμῳ

2265 4920 2560 4989 ἥμαρτον,
2601 4921 2698 4975 διὰ
2733 4924 2921 4991 νόμου
2969 4922 3383 4990 κριθήσονται,
3430 4922 3549 4977 τῶν
3594 4923 3825 4993 ἀνόμως

2263 5012 2721 5082 ἁμαρτανόντων
2746 5014 2977 5082 ἀνόμως
3008 5014 3460 5082 ἀπολλυμένων.

2316 5112 2425 5165 Καὶ
2448 5110 2681 5181 ἐγένετο
2708 5112 2920 5180 Κύριος
2950 5112 3261 5183 καταφυγὴ
3305 5112 3385 5178 τῷ
3416 5113 3643 5180 πένητι,
3666 5112 3817 5178 ,βοη-

2248 5205 2349 5271 θὸς
2388 5206 2459 5259 ἐν
2504 5206 2851 5273 εὐκαιρίαις,
2882 5206 2952 5258 ἐν
2996 5207 3216 5274 θλίψει.
3268 5207 3375 5260 Καὶ
3421 5204 3816 5265 ἐλπιζέτωσαν

2247 5296 2345 5349 ἐπὶ
2384 5296 2459 5349 σὲ
2505 5299 2561 5350 ol
2604 5296 3000 5367 γινώσκοντες
3044 5297 3109 5350 τὸ
3164 5297 3351 5367 ὄνομά
3393 5314 3529 5359 σου,
3576 5295 3667 5349 ὅτι
3704 5296 3815 5349 οὐκ

2247 5386 2631 5456 ἐγκατέλιπες
2664 5387 2805 5453 τοὺς
2847 5386 3245 5455 ἐκζητοῦντάς
3279 5403 3373 5449 σε,
3427 5386 3621 5451 Κύριε.
3672 5381 3815 5451 Ποίῳ

2247 5481 2304 5534 δὲ
2352 5482 2545 5550 πένητι
2592 5481 2879 5553 καταφυγὴ
2926 5482 3144 5559 γέγονεν
3182 5483 3210 5533 6
3255 5479 3465 5549 κριτὴς,
3505 5475 3684 5545 ἀλλ’ἢ
3738 5472 3817 5544 τῷ

649 5597 689 5628 ’³
731 5594 876 5671 Psal.
910 5611 997 5650 ου(
1022 5635 1035 5652 .
1070 5594 1241 5671 Lm"
1282 5596 1469 5650 Matth.
1507 5612 1583 5652 χι.
1613 5597 1703 5652 25.
1783 5597 1828 5630 "
1868 5596 1888 5651 l
1919 5598 2045 5655 Cor.
2078 5615 2136 5654 xv

2240 5600 2299 5655 ιϐ.
2376 5600 2421 5633 ’⁵
2461 5599 2589 5671 Sap.
2624 5615 2664 5665 ι,
2704 5601 2787 5654 l5.
2865 5600 2910 5633 ’⁸
2986 5610 3113 5669 δη).
3152 5613 3224 5663 ιι,
3259 5594 3348 5649 24.
3423 5593 3469 5626 ⁸⁸
3506 5592 3663 5648 Joan.
3705 5606 3817 5657 xxv,

579 5667 667 5722 23.
743 5669 792 5751 ’ί
827 5666 984 5721 Rom.
1021 5681 1093 5731 Il,
1131 5664 1215 5719 i2.

657 5757 895 5828 (1)Εἶεν.
925 5759 1087 5818 Forte
1112 5760 1223 5815 ειν.
1251 5760 1409 5817 Enn.
