  <div class='ocr_page' id='page_1' title='image "/cluster/home/n/w/nwhite01/storage/ocr_20150623/23/hvd.32044019207711/074.png"; bbox 0 0 4086 6532; ppageno 0'>
   <div class='ocr_carea' id='block_1_1' title="bbox 360 342 457 397">
    <p class='ocr_par' dir='ltr' id='par_1_1' title="bbox 360 342 457 397">
     <span class='ocr_line' id='line_1_1' title="bbox 360 342 457 397; baseline 0.041 -4"><span class='ocrx_word' id='word_1_1' title='bbox 360 342 457 397; x_wconf 71' lang='grc' dir='ltr'><strong>Ιίὤ</strong></span> 
     </span>
    </p>
   </div>
   <div class='ocr_carea' id='block_1_2' title="bbox 1480 325 2458 392">
    <p class='ocr_par' dir='ltr' id='par_1_2' title="bbox 1480 325 2458 392">
     <span class='ocr_line' id='line_1_2' title="bbox 1480 325 2458 392; baseline -0.012 0"><span class='ocrx_word' id='word_1_2' title='bbox 1480 329 1980 392; x_wconf 71' lang='lat' dir='ltr'><strong>COMMENTARIA</strong></span> <span class='ocrx_word' id='word_1_3' title='bbox 2018 327 2083 382; x_wconf 77' lang='lat' dir='ltr'><strong>IN</strong></span> <span class='ocrx_word' id='word_1_4' title='bbox 2122 325 2458 383; x_wconf 82' lang='lat' dir='ltr'><strong>PSALMOS.</strong></span> 
     </span>
    </p>
   </div>
   <div class='ocr_carea' id='block_1_3' title="bbox 3487 328 3585 388">
    <p class='ocr_par' dir='ltr' id='par_1_3' title="bbox 3487 328 3585 388">
     <span class='ocr_line' id='line_1_3' title="bbox 3487 328 3585 388; baseline 0.02 -2"><span class='ocrx_word' id='word_1_5' title='bbox 3487 328 3585 388; x_wconf 66' lang='grc'><strong>154</strong></span> 
     </span>
    </p>
   </div>
   <div class='ocr_carea' id='block_1_4' title="bbox 354 443 1925 526">
    <p class='ocr_par' dir='ltr' id='par_1_4' title="bbox 354 447 1925 526">
     <span class='ocr_line' id='line_1_4' title="bbox 354 447 1925 526; baseline -0.003 -21"><span class='ocrx_word' id='word_1_6' title='bbox 354 452 494 507; x_wconf 88' lang='grc' dir='ltr'><strong>κατά</strong></span> <span class='ocrx_word' id='word_1_7' title='bbox 550 453 640 507; x_wconf 78' lang='grc' dir='ltr'>τὸν</span> <span class='ocrx_word' id='word_1_8' title='bbox 695 455 909 526; x_wconf 76' lang='grc' dir='ltr'>πρῶτον</span> <span class='ocrx_word' id='word_1_9' title='bbox 959 454 1070 524; x_wconf 76' lang='grc' dir='ltr'>βίον</span> <span class='ocrx_word' id='word_1_10' title='bbox 1127 455 1226 524; x_wconf 76' lang='grc' dir='ltr'>τὴν</span> <span class='ocrx_word' id='word_1_11' title='bbox 1273 453 1460 524; x_wconf 79' lang='grc' dir='ltr'>στενὴν</span> <span class='ocrx_word' id='word_1_12' title='bbox 1512 452 1769 506; x_wconf 79' lang='grc' dir='ltr'><strong>ὡδευκότι</strong></span> <span class='ocrx_word' id='word_1_13' title='bbox 1831 447 1925 502; x_wconf 78' lang='grc' dir='ltr'>καὶ</span> 
     </span>
    </p>
   </div>
   <div class='ocr_carea' id='block_1_5' title="bbox 2028 443 3586 526">
    <p class='ocr_par' dir='ltr' id='par_1_5' title="bbox 2028 443 3586 514">
     <span class='ocr_line' id='line_1_5' title="bbox 2028 443 3586 514; baseline 0.003 -16"><span class='ocrx_word' id='word_1_14' title='bbox 2028 443 2173 507; x_wconf 90' lang='lat' dir='ltr'><strong>culo,</strong></span> <span class='ocrx_word' id='word_1_15' title='bbox 2224 445 2276 498; x_wconf 94' lang='lat' dir='ltr'><strong>in</strong></span> <span class='ocrx_word' id='word_1_16' title='bbox 2305 452 2533 514; x_wconf 81' lang='lat' dir='ltr'><strong>angusta</strong></span> <span class='ocrx_word' id='word_1_17' title='bbox 2585 452 2637 499; x_wconf 89' lang='lat' dir='ltr'><strong>et</strong></span> <span class='ocrx_word' id='word_1_18' title='bbox 2671 455 2819 500; x_wconf 87' lang='lat' dir='ltr'><strong>arcta</strong></span> <span class='ocrx_word' id='word_1_19' title='bbox 2864 446 2948 500; x_wconf 87' lang='lat' dir='ltr'><strong>via</strong></span> <span class='ocrx_word' id='word_1_20' title='bbox 3001 445 3321 514; x_wconf 75' lang='lat' dir='ltr'><strong>incesserit;</strong></span> <span class='ocrx_word' id='word_1_21' title='bbox 3376 463 3586 505; x_wconf 79' lang='lat' dir='ltr'><strong>necnmt</strong></span> 
     </span>
    </p>
   </div>
   <div class='ocr_carea' id='block_1_6' title="bbox 351 544 1921 616">
    <p class='ocr_par' dir='ltr' id='par_1_6' title="bbox 351 544 1921 616">
     <span class='ocr_line' id='line_1_6' title="bbox 351 544 1921 616; baseline 0.001 -21"><span class='ocrx_word' id='word_1_22' title='bbox 351 544 730 616; x_wconf 84' lang='grc' dir='ltr'>τεθλιμμένην,</span> <span class='ocrx_word' id='word_1_23' title='bbox 762 547 856 598; x_wconf 77' lang='grc' dir='ltr'>καὶ</span> <span class='ocrx_word' id='word_1_24' title='bbox 882 545 960 614; x_wconf 82' lang='grc' dir='ltr'>τῷ</span> <span class='ocrx_word' id='word_1_25' title='bbox 991 545 1410 615; x_wconf 77' lang='grc' dir='ltr'><strong>μακαριζομένῳ</strong></span> <span class='ocrx_word' id='word_1_26' title='bbox 1438 544 1654 614; x_wconf 80' lang='grc' dir='ltr'><strong>πτωχῷ,</strong></span> <span class='ocrx_word' id='word_1_27' title='bbox 1681 544 1921 614; x_wconf 87' lang='grc' dir='ltr'>δηλονότι</span> 
     </span>
    </p>
   </div>
   <div class='ocr_carea' id='block_1_7' title="bbox 353 633 1924 706">
    <p class='ocr_par' dir='ltr' id='par_1_7' title="bbox 353 633 1924 706">
     <span class='ocr_line' id='line_1_7' title="bbox 353 633 1924 706; baseline 0.002 -22"><span class='ocrx_word' id='word_1_28' title='bbox 353 633 430 703; x_wconf 80' lang='grc' dir='ltr'>τῷ</span> <span class='ocrx_word' id='word_1_29' title='bbox 463 633 728 706; x_wconf 86' lang='grc' dir='ltr'>πνεύματι</span> <span class='ocrx_word' id='word_1_30' title='bbox 755 653 768 700; x_wconf 90' lang='grc'><strong>;</strong></span> <span class='ocrx_word' id='word_1_31' title='bbox 799 634 970 688; x_wconf 86' lang='grc' dir='ltr'>Τοῦτο</span> <span class='ocrx_word' id='word_1_32' title='bbox 993 635 1049 687; x_wconf 82' lang='grc' dir='ltr'>δὲ</span> <span class='ocrx_word' id='word_1_33' title='bbox 1087 635 1347 704; x_wconf 80' lang='grc' dir='ltr'><strong>μαθόντες</strong></span> <span class='ocrx_word' id='word_1_34' title='bbox 1383 635 1432 686; x_wconf 79' lang='grc' dir='ltr'>οἱ</span> <span class='ocrx_word' id='word_1_35' title='bbox 1472 634 1827 704; x_wconf 81' lang='grc' dir='ltr'><strong>γινώσκοντες</strong></span> <span class='ocrx_word' id='word_1_36' title='bbox 1863 635 1924 688; x_wconf 84' lang='grc' dir='ltr'><strong>τὸ</strong></span> 
     </span>
    </p>
   </div>
   <div class='ocr_carea' id='block_1_8' title="bbox 239 721 1924 794">
    <p class='ocr_par' dir='ltr' id='par_1_8' title="bbox 239 721 1924 794">
     <span class='ocr_line' id='line_1_8' title="bbox 239 721 1924 794; baseline 0.001 -20"><span class='ocrx_word' id='word_1_37' title='bbox 239 751 246 757; x_wconf 83' lang='lat'><strong><em>~</em></strong></span> <span class='ocrx_word' id='word_1_38' title='bbox 351 721 520 791; x_wconf 76' lang='grc' dir='ltr'>ὄνομά</span> <span class='ocrx_word' id='word_1_39' title='bbox 557 739 672 788; x_wconf 90' lang='grc' dir='ltr'>σου,</span> <span class='ocrx_word' id='word_1_40' title='bbox 715 725 809 777; x_wconf 69' lang='grc' dir='ltr'><strong>καὶ</strong></span> <span class='ocrx_word' id='word_1_41' title='bbox 845 725 925 776; x_wconf 85' lang='grc' dir='ltr'>ὅτι</span> <span class='ocrx_word' id='word_1_42' title='bbox 969 724 1026 775; x_wconf 83' lang='grc' dir='ltr'>ὲν</span> <span class='ocrx_word' id='word_1_43' title='bbox 1068 723 1145 794; x_wconf 82' lang='grc' dir='ltr'>τῷ</span> <span class='ocrx_word' id='word_1_44' title='bbox 1182 725 1277 794; x_wconf 88' lang='grc' dir='ltr'><strong>τῆς</strong></span> <span class='ocrx_word' id='word_1_45' title='bbox 1309 723 1702 794; x_wconf 68' lang='grc' dir='ltr'><strong>δικαιοκρισίας</strong></span> <span class='ocrx_word' id='word_1_46' title='bbox 1747 723 1924 794; x_wconf 84' lang='grc' dir='ltr'>καιρῷ</span> 
     </span>
    </p>
   </div>
   <div class='ocr_carea' id='block_1_9' title="bbox 351 814 1925 887">
    <p class='ocr_par' dir='ltr' id='par_1_9' title="bbox 351 814 1925 887">
     <span class='ocr_line' id='line_1_9' title="bbox 351 814 1925 887; baseline 0 -19"><span class='ocrx_word' id='word_1_47' title='bbox 351 818 477 879; x_wconf 82' lang='grc' dir='ltr'>τοὺς</span> <span class='ocrx_word' id='word_1_48' title='bbox 503 816 863 887; x_wconf 66' lang='grc' dir='ltr'><strong>ἐπιζητοῦντας</strong></span> <span class='ocrx_word' id='word_1_49' title='bbox 893 833 950 869; x_wconf 89' lang='grc' dir='ltr'><strong>σε</strong></span> <span class='ocrx_word' id='word_1_50' title='bbox 979 817 1072 870; x_wconf 89' lang='grc' dir='ltr'><strong>νῦν</strong></span> <span class='ocrx_word' id='word_1_51' title='bbox 1093 817 1193 869; x_wconf 80' lang='grc' dir='ltr'><strong>οὐκ</strong></span> <span class='ocrx_word' id='word_1_52' title='bbox 1217 815 1650 885; x_wconf 75' lang='grc' dir='ltr'>ἐγκαταλείψεις,</span> <span class='ocrx_word' id='word_1_53' title='bbox 1677 814 1925 868; x_wconf 78' lang='grc' dir='ltr'>ἐντεῦθεν</span> 
     </span>
    </p>
   </div>
   <div class='ocr_carea' id='block_1_10' title="bbox 354 905 1926 978">
    <p class='ocr_par' dir='ltr' id='par_1_10' title="bbox 354 905 1926 978">
     <span class='ocr_line' id='line_1_10' title="bbox 354 905 1926 978; baseline 0.002 -21"><span class='ocrx_word' id='word_1_54' title='bbox 354 905 720 970; x_wconf 78' lang='grc' dir='ltr'>ὲλπιζέτωσαν</span> <span class='ocrx_word' id='word_1_55' title='bbox 771 909 863 960; x_wconf 76' lang='grc' dir='ltr'><strong>ἐπὶ</strong></span> <span class='ocrx_word' id='word_1_56' title='bbox 903 908 962 960; x_wconf 83' lang='grc' dir='ltr'><strong>σὲ</strong></span> <span class='ocrx_word' id='word_1_57' title='bbox 991 908 1167 961; x_wconf 78' lang='grc' dir='ltr'>πάντα</span> <span class='ocrx_word' id='word_1_58' title='bbox 1192 907 1279 961; x_wconf 86' lang='grc' dir='ltr'><strong>διά</strong></span> <span class='ocrx_word' id='word_1_59' title='bbox 1319 907 1416 971; x_wconf 85' lang='grc' dir='ltr'>τὰς</span> <span class='ocrx_word' id='word_1_60' title='bbox 1449 906 1680 978; x_wconf 78' lang='grc' dir='ltr'>ἀμοιδάς</span> <span class='ocrx_word' id='word_1_61' title='bbox 1722 907 1926 978; x_wconf 85' lang='grc' dir='ltr'>ὑπομέ-</span> 
     </span>
    </p>
   </div>
   <div class='ocr_carea' id='block_1_11' title="bbox 352 1013 551 1060">
    <p class='ocr_par' dir='ltr' id='par_1_11' title="bbox 352 1013 551 1060">
     <span class='ocr_line' id='line_1_11' title="bbox 352 1013 551 1060; baseline 0.005 -11"><span class='ocrx_word' id='word_1_62' title='bbox 352 1013 551 1060; x_wconf 88' lang='grc' dir='ltr'>νοντες.</span> 
     </span>
    </p>
   </div>
   <div class='ocr_carea' id='block_1_12' title="bbox 435 1086 1922 1157">
    <p class='ocr_par' dir='ltr' id='par_1_12' title="bbox 435 1086 1922 1157">
     <span class='ocr_line' id='line_1_12' title="bbox 435 1086 1922 1157; baseline 0 -17"><span class='ocrx_word' id='word_1_63' title='bbox 435 1088 929 1157; x_wconf 69' lang='grc' dir='ltr'>Ἀταλλιασόμεθα</span> <span class='ocrx_word' id='word_1_64' title='bbox 957 1088 1055 1142; x_wconf 74' lang='grc' dir='ltr'><strong>ἐπὶ</strong></span> <span class='ocrx_word' id='word_1_65' title='bbox 1099 1088 1179 1154; x_wconf 87' lang='grc' dir='ltr'>τῷ</span> <span class='ocrx_word' id='word_1_66' title='bbox 1213 1089 1484 1157; x_wconf 81' lang='grc' dir='ltr'><strong>σωτηρίῳ</strong></span> <span class='ocrx_word' id='word_1_67' title='bbox 1523 1104 1660 1151; x_wconf 88' lang='grc' dir='ltr'>σου,</span> <span class='ocrx_word' id='word_1_68' title='bbox 1709 1086 1922 1141; x_wconf 75' lang='grc' dir='ltr'>ἐνεπα-</span> 
     </span>
    </p>
   </div>
   <div class='ocr_carea' id='block_1_13' title="bbox 354 1175 1925 1252">
    <p class='ocr_par' dir='ltr' id='par_1_13' title="bbox 354 1175 1925 1252">
     <span class='ocr_line' id='line_1_13' title="bbox 354 1175 1925 1252; baseline 0.001 -22"><span class='ocrx_word' id='word_1_69' title='bbox 354 1195 553 1246; x_wconf 81' lang='grc' dir='ltr'>τησαν</span> <span class='ocrx_word' id='word_1_70' title='bbox 578 1180 720 1248; x_wconf 80' lang='grc' dir='ltr'>ἔθνη</span> <span class='ocrx_word' id='word_1_71' title='bbox 749 1179 818 1232; x_wconf 87' lang='grc' dir='ltr'>ἐν</span> <span class='ocrx_word' id='word_1_72' title='bbox 843 1179 1129 1249; x_wconf 67' lang='grc' dir='ltr'>διαφθορᾷ</span> <span class='ocrx_word' id='word_1_73' title='bbox 1155 1175 1194 1252; x_wconf 84' lang='grc' dir='ltr'><em>ᾗ</em></span> <span class='ocrx_word' id='word_1_74' title='bbox 1239 1181 1555 1248; x_wconf 84' lang='grc' dir='ltr'>ἐποίησαν.</span> <span class='ocrx_word' id='word_1_75' title='bbox 1598 1181 1696 1232; x_wconf 84' lang='grc' dir='ltr'>Ἐν</span> <span class='ocrx_word' id='word_1_76' title='bbox 1723 1179 1925 1248; x_wconf 78' lang='grc' dir='ltr'>παγίδι</span> 
     </span>
    </p>
   </div>
   <div class='ocr_carea' id='block_1_14' title="bbox 352 1265 1926 1341">
    <p class='ocr_par' dir='ltr' id='par_1_14' title="bbox 352 1265 1926 1341">
     <span class='ocr_line' id='line_1_14' title="bbox 352 1265 1926 1341; baseline 0 -19"><span class='ocrx_word' id='word_1_77' title='bbox 352 1271 540 1337; x_wconf 75' lang='grc' dir='ltr'>ταύτῃ</span> <span class='ocrx_word' id='word_1_78' title='bbox 561 1265 600 1341; x_wconf 80' lang='grc' dir='ltr'><em>ᾗ</em></span> <span class='ocrx_word' id='word_1_79' title='bbox 639 1272 910 1339; x_wconf 76' lang='grc' dir='ltr'>ἔκρυψαν</span> <span class='ocrx_word' id='word_1_80' title='bbox 936 1271 1290 1341; x_wconf 68' lang='grc' dir='ltr'>συνελήφθη</span> <span class='ocrx_word' id='word_1_81' title='bbox 1329 1276 1362 1326; x_wconf 85' lang='grc' dir='ltr'><em>ὀ</em></span> <span class='ocrx_word' id='word_1_82' title='bbox 1391 1273 1544 1337; x_wconf 82' lang='grc' dir='ltr'>ποῦς</span> <span class='ocrx_word' id='word_1_83' title='bbox 1573 1271 1791 1326; x_wconf 84' lang='grc' dir='ltr'>αὐτῶν.</span> <span class='ocrx_word' id='word_1_84' title='bbox 1827 1273 1926 1324; x_wconf 86' lang='grc' dir='ltr'><strong>Γι-</strong></span> 
     </span>
    </p>
   </div>
   <div class='ocr_carea' id='block_1_15' title="bbox 353 1359 1924 1432">
    <p class='ocr_par' dir='ltr' id='par_1_15' title="bbox 353 1359 1924 1432">
     <span class='ocr_line' id='line_1_15' title="bbox 353 1359 1924 1432; baseline 0 -18"><span class='ocrx_word' id='word_1_85' title='bbox 353 1359 640 1414; x_wconf 77' lang='grc' dir='ltr'>νώσκεται</span> <span class='ocrx_word' id='word_1_86' title='bbox 664 1365 876 1430; x_wconf 82' lang='grc' dir='ltr'>Κύριος</span> <span class='ocrx_word' id='word_1_87' title='bbox 912 1363 1165 1432; x_wconf 80' lang='grc' dir='ltr'>κρίματα</span> <span class='ocrx_word' id='word_1_88' title='bbox 1201 1363 1408 1418; x_wconf 80' lang='grc' dir='ltr'>ποιῶν.</span> <span class='ocrx_word' id='word_1_89' title='bbox 1453 1364 1548 1416; x_wconf 86' lang='grc' dir='ltr'>Ἐν</span> <span class='ocrx_word' id='word_1_90' title='bbox 1578 1363 1700 1428; x_wconf 83' lang='grc' dir='ltr'>τοῖς</span> <span class='ocrx_word' id='word_1_91' title='bbox 1731 1363 1924 1432; x_wconf 79' lang='grc' dir='ltr'>ἔργοις</span> 
     </span>
    </p>
   </div>
   <div class='ocr_carea' id='block_1_16' title="bbox 352 1450 1922 1525">
    <p class='ocr_par' dir='ltr' id='par_1_16' title="bbox 352 1450 1922 1525">
     <span class='ocr_line' id='line_1_16' title="bbox 352 1450 1922 1525; baseline 0.002 -22"><span class='ocrx_word' id='word_1_92' title='bbox 352 1450 470 1504; x_wconf 80' lang='grc' dir='ltr'>τῶν</span> <span class='ocrx_word' id='word_1_93' title='bbox 499 1452 710 1520; x_wconf 87' lang='grc' dir='ltr'>χειρῶν</span> <span class='ocrx_word' id='word_1_94' title='bbox 722 1454 917 1510; x_wconf 81' lang='grc' dir='ltr'>ἀὐταῦ</span> <span class='ocrx_word' id='word_1_95' title='bbox 938 1454 1294 1523; x_wconf 69' lang='grc' dir='ltr'>συνελήφθη</span> <span class='ocrx_word' id='word_1_96' title='bbox 1324 1457 1356 1508; x_wconf 83' lang='grc' dir='ltr'><strong>ό</strong></span> <span class='ocrx_word' id='word_1_97' title='bbox 1379 1455 1745 1524; x_wconf 72' lang='grc' dir='ltr'>ἁμαρτωλός.</span> <span class='ocrx_word' id='word_1_98' title='bbox 1790 1453 1922 1525; x_wconf 80' lang='grc' dir='ltr'><strong>ᾨδὴ</strong></span> 
     </span>
    </p>
   </div>
   <div class='ocr_carea' id='block_1_17' title="bbox 350 1541 1925 1612">
    <p class='ocr_par' dir='ltr' id='par_1_17' title="bbox 350 1541 1925 1612">
     <span class='ocr_line' id='line_1_17' title="bbox 350 1541 1925 1612; baseline 0.001 -18"><span class='ocrx_word' id='word_1_99' title='bbox 350 1541 778 1612; x_wconf 66' lang='grc' dir='ltr'>διαψάλματος.</span> <span class='ocrx_word' id='word_1_100' title='bbox 824 1543 982 1597; x_wconf 83' lang='grc' dir='ltr'><strong>Ἀλλά</strong></span> <span class='ocrx_word' id='word_1_101' title='bbox 1015 1545 1110 1598; x_wconf 76' lang='grc' dir='ltr'><strong>καὶ</strong></span> <span class='ocrx_word' id='word_1_102' title='bbox 1141 1547 1252 1608; x_wconf 86' lang='grc' dir='ltr'>τοῖς</span> <span class='ocrx_word' id='word_1_103' title='bbox 1295 1544 1574 1598; x_wconf 80' lang='grc' dir='ltr'>εὐσεϐέσιν</span> <span class='ocrx_word' id='word_1_104' title='bbox 1612 1543 1925 1597; x_wconf 78' lang='grc' dir='ltr'>ἐπιϐουλεύ-</span> 
     </span>
    </p>
   </div>
   <div class='ocr_carea' id='block_1_18' title="bbox 351 1635 1926 1708">
    <p class='ocr_par' dir='ltr' id='par_1_18' title="bbox 351 1635 1926 1708">
     <span class='ocr_line' id='line_1_18' title="bbox 351 1635 1926 1708; baseline 0.002 -23"><span class='ocrx_word' id='word_1_105' title='bbox 351 1649 559 1696; x_wconf 83' lang='grc' dir='ltr'>σαντες,</span> <span class='ocrx_word' id='word_1_106' title='bbox 618 1636 845 1698; x_wconf 81' lang='grc' dir='ltr'>έαυτοὺς</span> <span class='ocrx_word' id='word_1_107' title='bbox 897 1636 1254 1708; x_wconf 81' lang='grc' dir='ltr'>περιέπειραν</span> <span class='ocrx_word' id='word_1_108' title='bbox 1321 1635 1586 1706; x_wconf 74' lang='grc' dir='ltr'>ἀπωλείᾳ.</span> <span class='ocrx_word' id='word_1_109' title='bbox 1644 1636 1779 1688; x_wconf 83' lang='grc' dir='ltr'>Τότε</span> <span class='ocrx_word' id='word_1_110' title='bbox 1832 1635 1926 1688; x_wconf 77' lang='grc' dir='ltr'><strong>καὶ</strong></span> 
     </span>
    </p>
   </div>
   <div class='ocr_carea' id='block_1_19' title="bbox 347 1725 1923 1798">
    <p class='ocr_par' dir='ltr' id='par_1_19' title="bbox 347 1725 1923 1798">
     <span class='ocr_line' id='line_1_19' title="bbox 347 1725 1923 1798; baseline 0.001 -21"><span class='ocrx_word' id='word_1_111' title='bbox 347 1725 716 1797; x_wconf 70' lang='grc' dir='ltr'>γνωσθήσεται</span> <span class='ocrx_word' id='word_1_112' title='bbox 745 1727 928 1798; x_wconf 72' lang='grc' dir='ltr'>δικαίᾳ</span> <span class='ocrx_word' id='word_1_113' title='bbox 961 1727 1140 1798; x_wconf 88' lang='grc' dir='ltr'>κρίσει</span> <span class='ocrx_word' id='word_1_114' title='bbox 1169 1726 1447 1798; x_wconf 80' lang='grc' dir='ltr'>χρώμενος</span> <span class='ocrx_word' id='word_1_115' title='bbox 1471 1729 1499 1780; x_wconf 99' lang='lat'><strong>6</strong></span> <span class='ocrx_word' id='word_1_116' title='bbox 1527 1726 1675 1790; x_wconf 90' lang='grc' dir='ltr'>Θεός.</span> <span class='ocrx_word' id='word_1_117' title='bbox 1721 1726 1842 1796; x_wconf 83' lang='grc' dir='ltr'><strong>’ῼδὴ</strong></span> <span class='ocrx_word' id='word_1_118' title='bbox 1868 1726 1923 1778; x_wconf 85' lang='grc' dir='ltr'>δὲ</span> 
     </span>
    </p>
   </div>
   <div class='ocr_carea' id='block_1_20' title="bbox 346 1816 746 1889">
    <p class='ocr_par' dir='ltr' id='par_1_20' title="bbox 346 1816 746 1889">
     <span class='ocr_line' id='line_1_20' title="bbox 346 1816 746 1889; baseline 0.005 -19"><span class='ocrx_word' id='word_1_119' title='bbox 346 1816 714 1889; x_wconf 72' lang='grc' dir='ltr'>διαψάλματος</span> <span class='ocrx_word' id='word_1_120' title='bbox 733 1836 746 1849; x_wconf 76' lang='grc' dir='ltr'><strong>ο</strong></span> 
     </span>
    </p>
   </div>
   <div class='ocr_carea' id='block_1_21' title="bbox 349 1909 1926 1981">
    <p class='ocr_par' dir='ltr' id='par_1_21' title="bbox 349 1909 1926 1981">
     <span class='ocr_line' id='line_1_21' title="bbox 349 1909 1926 1981; baseline 0.001 -20"><span class='ocrx_word' id='word_1_121' title='bbox 349 1909 544 1978; x_wconf 81' lang='grc' dir='ltr'>μέλους</span> <span class='ocrx_word' id='word_1_122' title='bbox 574 1911 717 1964; x_wconf 82' lang='grc' dir='ltr'><strong>κατά</strong></span> <span class='ocrx_word' id='word_1_123' title='bbox 745 1911 842 1980; x_wconf 84' lang='grc' dir='ltr'><strong>τὴν</strong></span> <span class='ocrx_word' id='word_1_124' title='bbox 884 1910 1139 1981; x_wconf 76' lang='grc' dir='ltr'>Ἐϐραῖδα</span> <span class='ocrx_word' id='word_1_125' title='bbox 1169 1909 1370 1979; x_wconf 81' lang='grc' dir='ltr'>φωνὴν,</span> <span class='ocrx_word' id='word_1_126' title='bbox 1399 1909 1433 1979; x_wconf 81' lang='grc' dir='ltr'><strong>ἢ</strong></span> <span class='ocrx_word' id='word_1_127' title='bbox 1469 1909 1752 1980; x_wconf 81' lang='grc' dir='ltr'>μελῳδίας,</span> <span class='ocrx_word' id='word_1_128' title='bbox 1777 1909 1810 1979; x_wconf 82' lang='grc' dir='ltr'><strong>ῆ</strong></span> <span class='ocrx_word' id='word_1_129' title='bbox 1833 1911 1926 1962; x_wconf 69' lang='grc' dir='ltr'>καὶ</span> 
     </span>
    </p>
   </div>
   <div class='ocr_carea' id='block_1_22' title="bbox 345 1986 1926 2072">
    <p class='ocr_par' dir='ltr' id='par_1_22' title="bbox 345 1986 1926 2072">
     <span class='ocr_line' id='line_1_22' title="bbox 345 1986 1926 2072; baseline 0.002 -19"><span class='ocrx_word' id='word_1_130' title='bbox 345 2001 444 2072; x_wconf 82' lang='grc' dir='ltr'><strong>τῆς</strong></span> <span class='ocrx_word' id='word_1_131' title='bbox 477 2002 713 2066; x_wconf 85' lang='grc' dir='ltr'>διανοίας</span> <span class='ocrx_word' id='word_1_132' title='bbox 752 2003 922 2071; x_wconf 78' lang='grc' dir='ltr'>αὐτῆς</span> <span class='ocrx_word' id='word_1_133' title='bbox 966 2001 1073 2053; x_wconf 82' lang='grc' dir='ltr'><strong>τῶν</strong></span> <span class='ocrx_word' id='word_1_134' title='bbox 1109 2000 1445 2072; x_wconf 80' lang='grc' dir='ltr'>λελεγμένων</span> <span class='ocrx_word' id='word_1_135' title='bbox 1479 2003 1562 2071; x_wconf 72' lang='grc' dir='ltr'><strong>ἐφ’</strong></span> <span class='ocrx_word' id='word_1_136' title='bbox 1591 2001 1774 2072; x_wconf 80' lang='grc' dir='ltr'>ἕτερον</span> <span class='ocrx_word' id='word_1_137' title='bbox 1803 1986 1926 2056; x_wconf 70' lang='grc' dir='ltr'>νοῦν</span> 
     </span>
    </p>
   </div>
   <div class='ocr_carea' id='block_1_23' title="bbox 353 2093 1124 2162">
    <p class='ocr_par' dir='ltr' id='par_1_23' title="bbox 353 2093 1124 2162">
     <span class='ocr_line' id='line_1_23' title="bbox 353 2093 1124 2162; baseline 0 -17"><span class='ocrx_word' id='word_1_138' title='bbox 353 2093 796 2162; x_wconf 82' lang='grc' dir='ltr'>μεταϐαλλόντων</span> <span class='ocrx_word' id='word_1_139' title='bbox 830 2095 919 2147; x_wconf 81' lang='grc' dir='ltr'><strong>τὸν</strong></span> <span class='ocrx_word' id='word_1_140' title='bbox 945 2094 1124 2161; x_wconf 89' lang='grc' dir='ltr'>λόγον.</span> 
     </span>
    </p>
   </div>
   <div class='ocr_carea' id='block_1_24' title="bbox 434 2183 1921 2252">
    <p class='ocr_par' dir='ltr' id='par_1_24' title="bbox 434 2183 1921 2252">
     <span class='ocr_line' id='line_1_24' title="bbox 434 2183 1921 2252; baseline -0.001 -15"><span class='ocrx_word' id='word_1_141' title='bbox 434 2184 1012 2252; x_wconf 65' lang='grc' dir='ltr'>Ἄποστραερήτωσαν</span> <span class='ocrx_word' id='word_1_142' title='bbox 1042 2187 1095 2236; x_wconf 89' lang='grc' dir='ltr'><strong>οί</strong></span> <span class='ocrx_word' id='word_1_143' title='bbox 1126 2184 1456 2252; x_wconf 79' lang='grc' dir='ltr'>ἁμαρτωλοὶ</span> <span class='ocrx_word' id='word_1_144' title='bbox 1487 2185 1575 2248; x_wconf 83' lang='grc' dir='ltr'><strong>είς</strong></span> <span class='ocrx_word' id='word_1_145' title='bbox 1611 2184 1716 2238; x_wconf 85' lang='grc' dir='ltr'>τὸν</span> <span class='ocrx_word' id='word_1_146' title='bbox 1748 2183 1921 2251; x_wconf 83' lang='grc' dir='ltr'>ᾅδην,</span> 
     </span>
    </p>
   </div>
   <div class='ocr_carea' id='block_1_25' title="bbox 348 2275 1925 2344">
    <p class='ocr_par' dir='ltr' id='par_1_25' title="bbox 348 2275 1925 2344">
     <span class='ocr_line' id='line_1_25' title="bbox 348 2275 1925 2344; baseline 0 -14"><span class='ocrx_word' id='word_1_147' title='bbox 348 2275 546 2330; x_wconf 73' lang='grc' dir='ltr'>πάντα</span> <span class='ocrx_word' id='word_1_148' title='bbox 576 2276 645 2329; x_wconf 88' lang='grc' dir='ltr'>τὰ</span> <span class='ocrx_word' id='word_1_149' title='bbox 677 2277 820 2344; x_wconf 83' lang='grc' dir='ltr'>ἔθνη</span> <span class='ocrx_word' id='word_1_150' title='bbox 859 2279 930 2330; x_wconf 83' lang='grc' dir='ltr'>τὰ</span> <span class='ocrx_word' id='word_1_151' title='bbox 961 2277 1478 2343; x_wconf 77' lang='grc' dir='ltr'>ἐπιλανθανόμενα</span> <span class='ocrx_word' id='word_1_152' title='bbox 1523 2275 1629 2329; x_wconf 84' lang='grc' dir='ltr'><strong>τοῦ</strong></span> <span class='ocrx_word' id='word_1_153' title='bbox 1664 2276 1831 2330; x_wconf 81' lang='grc' dir='ltr'>Θεοῦ.</span> <span class='ocrx_word' id='word_1_154' title='bbox 1863 2278 1925 2330; x_wconf 81' lang='lat' dir='ltr'><strong>El</strong></span> 
     </span>
    </p>
   </div>
   <div class='ocr_carea' id='block_1_26' title="bbox 347 2364 1924 2438">
    <p class='ocr_par' dir='ltr' id='par_1_26' title="bbox 347 2364 1924 2438">
     <span class='ocr_line' id='line_1_26' title="bbox 347 2364 1924 2438; baseline -0.002 -17"><span class='ocrx_word' id='word_1_155' title='bbox 347 2367 456 2438; x_wconf 80' lang='grc' dir='ltr'><strong>γὰρ</strong></span> <span class='ocrx_word' id='word_1_156' title='bbox 488 2369 583 2420; x_wconf 75' lang='grc' dir='ltr'><strong>καὶ</strong></span> <span class='ocrx_word' id='word_1_157' title='bbox 616 2367 710 2419; x_wconf 90' lang='grc' dir='ltr'><strong>νῦν</strong></span> <span class='ocrx_word' id='word_1_158' title='bbox 742 2365 1149 2437; x_wconf 84' lang='grc' dir='ltr'>ἁναισθητοῦσι,</span> <span class='ocrx_word' id='word_1_159' title='bbox 1194 2365 1308 2418; x_wconf 85' lang='grc' dir='ltr'>ἀλλ’</span> <span class='ocrx_word' id='word_1_160' title='bbox 1339 2364 1457 2434; x_wconf 79' lang='grc' dir='ltr'>ἥξει</span> <span class='ocrx_word' id='word_1_161' title='bbox 1490 2365 1591 2434; x_wconf 87' lang='grc' dir='ltr'><strong>τῆς</strong></span> <span class='ocrx_word' id='word_1_162' title='bbox 1633 2366 1865 2435; x_wconf 87' lang='grc' dir='ltr'>κρίσεως</span> <span class='ocrx_word' id='word_1_163' title='bbox 1895 2367 1924 2418; x_wconf 92' lang='grc' dir='ltr'><strong>ό</strong></span> 
     </span>
    </p>
   </div>
   <div class='ocr_carea' id='block_1_27' title="bbox 346 2456 1926 2530">
    <p class='ocr_par' dir='ltr' id='par_1_27' title="bbox 346 2456 1926 2530">
     <span class='ocr_line' id='line_1_27' title="bbox 346 2456 1926 2530; baseline -0.002 -19"><span class='ocrx_word' id='word_1_164' title='bbox 346 2458 557 2530; x_wconf 68' lang='grc' dir='ltr'>καιρός.</span> <span class='ocrx_word' id='word_1_165' title='bbox 593 2458 725 2511; x_wconf 92' lang='grc' dir='ltr'>Θεοῦ</span> <span class='ocrx_word' id='word_1_166' title='bbox 767 2459 824 2512; x_wconf 85' lang='grc' dir='ltr'>δὲ</span> <span class='ocrx_word' id='word_1_167' title='bbox 868 2458 1171 2528; x_wconf 79' lang='grc' dir='ltr'>ἄνθρωπος,</span> <span class='ocrx_word' id='word_1_168' title='bbox 1204 2456 1305 2510; x_wconf 80' lang='grc' dir='ltr'><strong>κᾶν</strong></span> <span class='ocrx_word' id='word_1_169' title='bbox 1336 2457 1464 2527; x_wconf 86' lang='grc' dir='ltr'>δοκῇ</span> <span class='ocrx_word' id='word_1_170' title='bbox 1511 2459 1926 2530; x_wconf 87' lang='grc' dir='ltr'>καταπεφρονῆ-</span> 
     </span>
    </p>
   </div>
   <div class='ocr_carea' id='block_1_28' title="bbox 349 2547 1926 2621">
    <p class='ocr_par' dir='ltr' id='par_1_28' title="bbox 349 2547 1926 2621">
     <span class='ocr_line' id='line_1_28' title="bbox 349 2547 1926 2621; baseline 0.001 -19"><span class='ocrx_word' id='word_1_171' title='bbox 349 2550 470 2603; x_wconf 84' lang='grc' dir='ltr'>σθαι</span> <span class='ocrx_word' id='word_1_172' title='bbox 497 2552 646 2620; x_wconf 87' lang='grc' dir='ltr'><strong>παρά</strong></span> <span class='ocrx_word' id='word_1_173' title='bbox 671 2551 826 2615; x_wconf 89' lang='grc' dir='ltr'>Θεοῦ,</span> <span class='ocrx_word' id='word_1_174' title='bbox 853 2549 932 2620; x_wconf 82' lang='grc' dir='ltr'>τῷ</span> <span class='ocrx_word' id='word_1_175' title='bbox 962 2548 1112 2621; x_wconf 88' lang='grc' dir='ltr'><strong>παρά</strong></span> <span class='ocrx_word' id='word_1_176' title='bbox 1144 2549 1251 2601; x_wconf 85' lang='grc' dir='ltr'><strong>τῶν</strong></span> <span class='ocrx_word' id='word_1_177' title='bbox 1285 2547 1619 2619; x_wconf 83' lang='grc' dir='ltr'>ἁμαρτωλῶν</span> <span class='ocrx_word' id='word_1_178' title='bbox 1651 2549 1926 2618; x_wconf 82' lang='grc' dir='ltr'>ἀνήκεστα</span> 
     </span>
    </p>
   </div>
   <div class='ocr_carea' id='block_1_29' title="bbox 346 2640 1925 2713">
    <p class='ocr_par' dir='ltr' id='par_1_29' title="bbox 346 2640 1925 2713">
     <span class='ocr_line' id='line_1_29' title="bbox 346 2640 1925 2713; baseline 0.001 -20"><span class='ocrx_word' id='word_1_179' title='bbox 346 2644 610 2712; x_wconf 56' lang='grc' dir='ltr'>πάσχειν</span> <span class='ocrx_word' id='word_1_180' title='bbox 651 2642 764 2696; x_wconf 85' lang='grc' dir='ltr'>ἁλλ’</span> <span class='ocrx_word' id='word_1_181' title='bbox 811 2643 870 2696; x_wconf 81' lang='grc' dir='ltr'><strong>οὐ</strong></span> <span class='ocrx_word' id='word_1_182' title='bbox 907 2641 1260 2713; x_wconf 83' lang='grc' dir='ltr'>παραδέδοται</span> <span class='ocrx_word' id='word_1_183' title='bbox 1291 2641 1447 2712; x_wconf 78' lang='grc' dir='ltr'>λήθῃ.</span> <span class='ocrx_word' id='word_1_184' title='bbox 1481 2641 1555 2695; x_wconf 83' lang='grc' dir='ltr'><strong>Οὐ</strong></span> <span class='ocrx_word' id='word_1_185' title='bbox 1597 2640 1706 2712; x_wconf 82' lang='grc' dir='ltr'>γὰρ</span> <span class='ocrx_word' id='word_1_186' title='bbox 1753 2643 1832 2704; x_wconf 84' lang='grc' dir='ltr'><strong>είς</strong></span> <span class='ocrx_word' id='word_1_187' title='bbox 1865 2641 1925 2694; x_wconf 85' lang='grc' dir='ltr'>τὺ</span> 
     </span>
    </p>
   </div>
   <div class='ocr_carea' id='block_1_30' title="bbox 345 2729 1925 2807">
    <p class='ocr_par' dir='ltr' id='par_1_30' title="bbox 345 2729 1925 2807">
     <span class='ocr_line' id='line_1_30' title="bbox 345 2729 1925 2807; baseline -0.001 -20"><span class='ocrx_word' id='word_1_188' title='bbox 345 2735 498 2798; x_wconf 82' lang='grc' dir='ltr'>τέλος</span> <span class='ocrx_word' id='word_1_189' title='bbox 535 2729 955 2807; x_wconf 75' lang='grc' dir='ltr'>ἐπιλησθήσεται</span> <span class='ocrx_word' id='word_1_190' title='bbox 987 2736 1016 2786; x_wconf 91' lang='lat'><strong>6</strong></span> <span class='ocrx_word' id='word_1_191' title='bbox 1049 2734 1262 2804; x_wconf 82' lang='grc' dir='ltr'>πτωχὸς</span> <span class='ocrx_word' id='word_1_192' title='bbox 1289 2733 1367 2804; x_wconf 83' lang='grc' dir='ltr'><strong>τῷ</strong></span> <span class='ocrx_word' id='word_1_193' title='bbox 1398 2733 1668 2803; x_wconf 89' lang='grc' dir='ltr'>πνεύματι</span> <span class='ocrx_word' id='word_1_194' title='bbox 1689 2749 1702 2763; x_wconf 73' lang='grc' dir='ltr'><strong><em>ο</em></strong></span> <span class='ocrx_word' id='word_1_195' title='bbox 1738 2732 1848 2798; x_wconf 73' lang='grc' dir='ltr'>ἔξει</span> <span class='ocrx_word' id='word_1_196' title='bbox 1869 2732 1925 2786; x_wconf 83' lang='grc' dir='ltr'>δὲ</span> 
     </span>
    </p>
   </div>
   <div class='ocr_carea' id='block_1_31' title="bbox 347 2825 1926 2899">
    <p class='ocr_par' dir='ltr' id='par_1_31' title="bbox 347 2825 1926 2899">
     <span class='ocr_line' id='line_1_31' title="bbox 347 2825 1926 2899; baseline 0.002 -20"><span class='ocrx_word' id='word_1_197' title='bbox 347 2826 560 2899; x_wconf 74' lang='grc' dir='ltr'>καρπὸν</span> <span class='ocrx_word' id='word_1_198' title='bbox 599 2828 692 2880; x_wconf 72' lang='grc' dir='ltr'><strong>καὶ</strong></span> <span class='ocrx_word' id='word_1_199' title='bbox 721 2827 873 2891; x_wconf 85' lang='grc' dir='ltr'>τέλος</span> <span class='ocrx_word' id='word_1_200' title='bbox 908 2825 1110 2894; x_wconf 82' lang='grc' dir='ltr'>ἀγαθὸν</span> <span class='ocrx_word' id='word_1_201' title='bbox 1143 2826 1232 2879; x_wconf 88' lang='grc' dir='ltr'><strong>διά</strong></span> <span class='ocrx_word' id='word_1_202' title='bbox 1274 2825 1374 2898; x_wconf 80' lang='grc' dir='ltr'><strong>τὴν</strong></span> <span class='ocrx_word' id='word_1_203' title='bbox 1404 2827 1462 2879; x_wconf 85' lang='grc' dir='ltr'>ὲν</span> <span class='ocrx_word' id='word_1_204' title='bbox 1507 2828 1618 2892; x_wconf 85' lang='grc' dir='ltr'>τοῖς</span> <span class='ocrx_word' id='word_1_205' title='bbox 1663 2826 1926 2898; x_wconf 87' lang='grc' dir='ltr'>παροῦσιν</span> 
     </span>
    </p>
   </div>
   <div class='ocr_carea' id='block_1_32' title="bbox 349 2919 647 2990">
    <p class='ocr_par' dir='ltr' id='par_1_32' title="bbox 349 2919 647 2990">
     <span class='ocr_line' id='line_1_32' title="bbox 349 2919 647 2990; baseline 0.003 -20"><span class='ocrx_word' id='word_1_206' title='bbox 349 2919 455 2972; x_wconf 76' lang='grc' dir='ltr'><strong>ὑπο</strong></span> <span class='ocrx_word' id='word_1_207' title='bbox 462 2921 647 2990; x_wconf 84' lang='grc' dir='ltr'>μονήν.</span> 
     </span>
    </p>
   </div>
   <div class='ocr_carea' id='block_1_33' title="bbox 431 3009 1923 3080">
    <p class='ocr_par' dir='ltr' id='par_1_33' title="bbox 431 3009 1923 3080">
     <span class='ocr_line' id='line_1_33' title="bbox 431 3009 1923 3080; baseline 0 -16"><span class='ocrx_word' id='word_1_208' title='bbox 431 3011 768 3080; x_wconf 79' lang='grc' dir='ltr'>Ἀνάστηθι,</span> <span class='ocrx_word' id='word_1_209' title='bbox 801 3011 994 3079; x_wconf 85' lang='grc' dir='ltr'>Κύριε,</span> <span class='ocrx_word' id='word_1_210' title='bbox 1021 3010 1108 3078; x_wconf 81' lang='grc' dir='ltr'>μὴ</span> <span class='ocrx_word' id='word_1_211' title='bbox 1139 3011 1548 3078; x_wconf 81' lang='grc' dir='ltr'>κραταιούσθω</span> <span class='ocrx_word' id='word_1_212' title='bbox 1594 3009 1923 3078; x_wconf 79' lang='grc' dir='ltr'>ἄνθρωπος,</span> 
     </span>
    </p>
   </div>
   <div class='ocr_carea' id='block_1_34' title="bbox 348 3098 1927 3169">
    <p class='ocr_par' dir='ltr' id='par_1_34' title="bbox 348 3098 1927 3169">
     <span class='ocr_line' id='line_1_34' title="bbox 348 3098 1927 3169; baseline 0.001 -15"><span class='ocrx_word' id='word_1_213' title='bbox 348 3100 727 3169; x_wconf 73' lang='grc' dir='ltr'>κριθήτωσαν</span> <span class='ocrx_word' id='word_1_214' title='bbox 755 3100 898 3168; x_wconf 80' lang='grc' dir='ltr'>ἔθνη</span> <span class='ocrx_word' id='word_1_215' title='bbox 925 3099 1183 3153; x_wconf 83' lang='grc' dir='ltr'>ἐνώπιόν</span> <span class='ocrx_word' id='word_1_216' title='bbox 1205 3116 1340 3154; x_wconf 90' lang='grc' dir='ltr'>σου.</span> <span class='ocrx_word' id='word_1_217' title='bbox 1370 3098 1787 3169; x_wconf 83' lang='grc' dir='ltr'>Κατάστησον,</span> <span class='ocrx_word' id='word_1_218' title='bbox 1812 3103 1927 3156; x_wconf 83' lang='grc' dir='ltr'><strong>Κύ-</strong></span> 
     </span>
    </p>
   </div>
   <div class='ocr_carea' id='block_1_35' title="bbox 341 3189 1925 3260">
    <p class='ocr_par' dir='ltr' id='par_1_35' title="bbox 341 3189 1925 3260">
     <span class='ocr_line' id='line_1_35' title="bbox 341 3189 1925 3260; baseline 0.002 -16"><span class='ocrx_word' id='word_1_219' title='bbox 341 3207 459 3259; x_wconf 85' lang='grc' dir='ltr'>ριε,</span> <span class='ocrx_word' id='word_1_220' title='bbox 501 3189 830 3258; x_wconf 81' lang='grc' dir='ltr'><strong>νομοθέτην</strong></span> <span class='ocrx_word' id='word_1_221' title='bbox 859 3190 952 3243; x_wconf 84' lang='grc' dir='ltr'><strong>ἐπ’</strong></span> <span class='ocrx_word' id='word_1_222' title='bbox 981 3191 1202 3257; x_wconf 86' lang='grc' dir='ltr'>αὐτούς</span> <span class='ocrx_word' id='word_1_223' title='bbox 1221 3209 1234 3222; x_wconf 91' lang='grc'>·</span> <span class='ocrx_word' id='word_1_224' title='bbox 1271 3190 1593 3260; x_wconf 73' lang='grc' dir='ltr'>γνώτωσαν</span> <span class='ocrx_word' id='word_1_225' title='bbox 1620 3191 1789 3260; x_wconf 80' lang='grc' dir='ltr'>ἔθνη,</span> <span class='ocrx_word' id='word_1_226' title='bbox 1837 3193 1925 3247; x_wconf 83' lang='grc' dir='ltr'>ὅτι</span> 
     </span>
    </p>
   </div>
   <div class='ocr_carea' id='block_1_36' title="bbox 343 3279 1925 3351">
    <p class='ocr_par' dir='ltr' id='par_1_36' title="bbox 343 3279 1925 3351">
     <span class='ocr_line' id='line_1_36' title="bbox 343 3279 1925 3351; baseline 0.001 -19"><span class='ocrx_word' id='word_1_227' title='bbox 343 3279 646 3348; x_wconf 84' lang='grc' dir='ltr'>ἄνθρωποί</span> <span class='ocrx_word' id='word_1_228' title='bbox 675 3283 814 3334; x_wconf 76' lang='grc' dir='ltr'>εἱσι.</span> <span class='ocrx_word' id='word_1_229' title='bbox 861 3280 1126 3350; x_wconf 85' lang='grc' dir='ltr'>Διεγείρει</span> <span class='ocrx_word' id='word_1_230' title='bbox 1165 3280 1256 3332; x_wconf 82' lang='grc' dir='ltr'><strong>τὸν</strong></span> <span class='ocrx_word' id='word_1_231' title='bbox 1300 3280 1434 3334; x_wconf 86' lang='grc' dir='ltr'>Θεὸν</span> <span class='ocrx_word' id='word_1_232' title='bbox 1470 3281 1549 3344; x_wconf 87' lang='grc' dir='ltr'>ὼς</span> <span class='ocrx_word' id='word_1_233' title='bbox 1597 3280 1698 3350; x_wconf 83' lang='grc' dir='ltr'><strong>τῆς</strong></span> <span class='ocrx_word' id='word_1_234' title='bbox 1728 3281 1925 3351; x_wconf 83' lang='grc' dir='ltr'>ἀνοχῆς</span> 
     </span>
    </p>
   </div>
   <div class='ocr_carea' id='block_1_37' title="bbox 346 3372 1927 3444">
    <p class='ocr_par' dir='ltr' id='par_1_37' title="bbox 346 3372 1927 3444">
     <span class='ocr_line' id='line_1_37' title="bbox 346 3372 1927 3444; baseline -0.001 -19"><span class='ocrx_word' id='word_1_235' title='bbox 346 3372 509 3426; x_wconf 84' lang='grc' dir='ltr'>αὐτοῦ</span> <span class='ocrx_word' id='word_1_236' title='bbox 545 3373 638 3426; x_wconf 59' lang='grc' dir='ltr'><strong>καὶ⁵</strong></span> <span class='ocrx_word' id='word_1_237' title='bbox 662 3373 755 3426; x_wconf 91' lang='grc' dir='ltr'><strong>τοῦ</strong></span> <span class='ocrx_word' id='word_1_238' title='bbox 786 3373 1015 3426; x_wconf 87' lang='grc' dir='ltr'>πλούτου</span> <span class='ocrx_word' id='word_1_239' title='bbox 1049 3373 1147 3443; x_wconf 90' lang='grc' dir='ltr'><strong>τῆς</strong></span> <span class='ocrx_word' id='word_1_240' title='bbox 1181 3372 1548 3444; x_wconf 83' lang='grc' dir='ltr'>χρηστότητος</span> <span class='ocrx_word' id='word_1_241' title='bbox 1578 3372 1671 3425; x_wconf 78' lang='grc' dir='ltr'><strong>καὶ</strong></span> <span class='ocrx_word' id='word_1_242' title='bbox 1698 3372 1795 3443; x_wconf 88' lang='grc' dir='ltr'><strong>τῆς</strong></span> <span class='ocrx_word' id='word_1_243' title='bbox 1825 3390 1927 3442; x_wconf 90' lang='grc' dir='ltr'>μα-</span> 
     </span>
    </p>
   </div>
   <div class='ocr_carea' id='block_1_38' title="bbox 348 3463 1927 3537">
    <p class='ocr_par' dir='ltr' id='par_1_38' title="bbox 348 3463 1927 3537">
     <span class='ocr_line' id='line_1_38' title="bbox 348 3463 1927 3537; baseline -0.001 -20"><span class='ocrx_word' id='word_1_244' title='bbox 348 3464 668 3534; x_wconf 83' lang='grc' dir='ltr'>κροθυμίας,</span> <span class='ocrx_word' id='word_1_245' title='bbox 703 3465 972 3537; x_wconf 71' lang='grc' dir='ltr'>ἀναϐολὴν</span> <span class='ocrx_word' id='word_1_246' title='bbox 1013 3465 1110 3535; x_wconf 80' lang='grc' dir='ltr'>μὲν</span> <span class='ocrx_word' id='word_1_247' title='bbox 1153 3463 1487 3534; x_wconf 78' lang='grc' dir='ltr'>ἐμποιούσης</span> <span class='ocrx_word' id='word_1_248' title='bbox 1519 3463 1686 3535; x_wconf 82' lang='grc' dir='ltr'>αύτῷ,</span> <span class='ocrx_word' id='word_1_249' title='bbox 1718 3465 1927 3536; x_wconf 80' lang='grc' dir='ltr'>ἐπιτρι-</span> 
     </span>
    </p>
   </div>
   <div class='ocr_carea' id='block_1_39' title="bbox 343 3554 1928 3628">
    <p class='ocr_par' dir='ltr' id='par_1_39' title="bbox 343 3554 1928 3628">
     <span class='ocr_line' id='line_1_39' title="bbox 343 3554 1928 3628; baseline 0.001 -21"><span class='ocrx_word' id='word_1_250' title='bbox 343 3557 448 3626; x_wconf 79' lang='grc' dir='ltr'><strong>ὔὴν</strong></span> <span class='ocrx_word' id='word_1_251' title='bbox 487 3557 542 3609; x_wconf 83' lang='grc' dir='ltr'><strong>δὲ</strong></span> <span class='ocrx_word' id='word_1_252' title='bbox 593 3561 704 3620; x_wconf 87' lang='grc' dir='ltr'>τοῖς</span> <span class='ocrx_word' id='word_1_253' title='bbox 747 3557 999 3610; x_wconf 76' lang='grc' dir='ltr'>ἀσεϐέσιν</span> <span class='ocrx_word' id='word_1_254' title='bbox 1045 3555 1370 3628; x_wconf 84' lang='grc' dir='ltr'>ἀνθρώποις.</span> <span class='ocrx_word' id='word_1_255' title='bbox 1406 3554 1716 3625; x_wconf 84' lang='grc' dir='ltr'>Εὑξάμενος</span> <span class='ocrx_word' id='word_1_256' title='bbox 1747 3555 1804 3608; x_wconf 84' lang='grc' dir='ltr'>δὲ</span> <span class='ocrx_word' id='word_1_257' title='bbox 1843 3558 1928 3608; x_wconf 88' lang='grc' dir='ltr'><strong>ὲν-</strong></span> 
     </span>
    </p>
   </div>
   <div class='ocr_carea' id='block_1_40' title="bbox 347 3647 1928 3720">
    <p class='ocr_par' dir='ltr' id='par_1_40' title="bbox 347 3647 1928 3720">
     <span class='ocr_line' id='line_1_40' title="bbox 347 3647 1928 3720; baseline -0.001 -19"><span class='ocrx_word' id='word_1_258' title='bbox 347 3648 518 3701; x_wconf 83' lang='grc' dir='ltr'>ώπιον</span> <span class='ocrx_word' id='word_1_259' title='bbox 533 3649 625 3701; x_wconf 88' lang='grc' dir='ltr'><strong>τοῦ</strong></span> <span class='ocrx_word' id='word_1_260' title='bbox 655 3649 790 3701; x_wconf 85' lang='grc' dir='ltr'>Θεοῦ</span> <span class='ocrx_word' id='word_1_261' title='bbox 814 3649 1064 3720; x_wconf 82' lang='grc' dir='ltr'>κριθῆναι</span> <span class='ocrx_word' id='word_1_262' title='bbox 1097 3647 1167 3700; x_wconf 86' lang='grc' dir='ltr'><strong>τά</strong></span> <span class='ocrx_word' id='word_1_263' title='bbox 1189 3648 1337 3718; x_wconf 76' lang='grc' dir='ltr'>ἔθνη,</span> <span class='ocrx_word' id='word_1_264' title='bbox 1364 3647 1458 3700; x_wconf 89' lang='grc' dir='ltr'><strong>νῦν</strong></span> <span class='ocrx_word' id='word_1_265' title='bbox 1487 3647 1794 3710; x_wconf 81' lang='grc' dir='ltr'>ἀκολούθως</span> <span class='ocrx_word' id='word_1_266' title='bbox 1821 3648 1928 3718; x_wconf 85' lang='grc' dir='ltr'><strong>πρὸ</strong></span> 
     </span>
    </p>
   </div>
   <div class='ocr_carea' id='block_1_41' title="bbox 347 3739 1929 3813">
    <p class='ocr_par' dir='ltr' id='par_1_41' title="bbox 347 3739 1929 3813">
     <span class='ocr_line' id='line_1_41' title="bbox 347 3739 1929 3813; baseline -0.001 -19"><span class='ocrx_word' id='word_1_267' title='bbox 347 3741 448 3812; x_wconf 87' lang='grc' dir='ltr'><strong>τῆς</strong></span> <span class='ocrx_word' id='word_1_268' title='bbox 478 3741 775 3813; x_wconf 85' lang='grc' dir='ltr'>μελλούσης</span> <span class='ocrx_word' id='word_1_269' title='bbox 812 3741 1046 3813; x_wconf 85' lang='grc' dir='ltr'>κρίσεως</span> <span class='ocrx_word' id='word_1_270' title='bbox 1078 3740 1217 3806; x_wconf 79' lang='grc' dir='ltr'>ἀξιοῖ</span> <span class='ocrx_word' id='word_1_271' title='bbox 1247 3739 1464 3809; x_wconf 88' lang='grc' dir='ltr'>δοθῆναι</span> <span class='ocrx_word' id='word_1_272' title='bbox 1498 3742 1608 3802; x_wconf 79' lang='grc' dir='ltr'>τοῖς</span> <span class='ocrx_word' id='word_1_273' title='bbox 1637 3739 1815 3792; x_wconf 81' lang='grc' dir='ltr'>ἔθνεσι</span> <span class='ocrx_word' id='word_1_274' title='bbox 1843 3757 1929 3792; x_wconf 89' lang='grc' dir='ltr'>νο-</span> 
     </span>
    </p>
   </div>
   <div class='ocr_carea' id='block_1_42' title="bbox 352 3829 1930 3904">
    <p class='ocr_par' dir='ltr' id='par_1_42' title="bbox 352 3829 1930 3904">
     <span class='ocr_line' id='line_1_42' title="bbox 352 3829 1930 3904; baseline -0.003 -17"><span class='ocrx_word' id='word_1_275' title='bbox 352 3834 604 3904; x_wconf 82' lang='grc' dir='ltr'>μοθέτην,</span> <span class='ocrx_word' id='word_1_276' title='bbox 637 3835 723 3886; x_wconf 81' lang='grc' dir='ltr'>ἵνα</span> <span class='ocrx_word' id='word_1_277' title='bbox 768 3833 1032 3896; x_wconf 84' lang='grc' dir='ltr'>μάθωσιν,</span> <span class='ocrx_word' id='word_1_278' title='bbox 1067 3831 1142 3894; x_wconf 83' lang='grc' dir='ltr'>ὡς</span> <span class='ocrx_word' id='word_1_279' title='bbox 1174 3831 1309 3883; x_wconf 69' lang='grc' dir='ltr'>εἰσὶν</span> <span class='ocrx_word' id='word_1_280' title='bbox 1355 3830 1647 3899; x_wconf 83' lang='grc' dir='ltr'>ἄνθρωποι,</span> <span class='ocrx_word' id='word_1_281' title='bbox 1677 3829 1790 3882; x_wconf 85' lang='grc' dir='ltr'>ἀλλ’</span> <span class='ocrx_word' id='word_1_282' title='bbox 1828 3829 1930 3882; x_wconf 83' lang='grc' dir='ltr'><strong>οῦκ</strong></span> 
     </span>
    </p>
   </div>
   <div class='ocr_carea' id='block_1_43' title="bbox 346 3920 1928 3997">
    <p class='ocr_par' dir='ltr' id='par_1_43' title="bbox 346 3920 1928 3997">
     <span class='ocr_line' id='line_1_43' title="bbox 346 3920 1928 3997; baseline -0.005 -17"><span class='ocrx_word' id='word_1_283' title='bbox 346 3926 518 3995; x_wconf 82' lang='grc' dir='ltr'>ἄλογα</span> <span class='ocrx_word' id='word_1_284' title='bbox 552 3926 666 3990; x_wconf 80' lang='grc' dir='ltr'><strong>ζῶα</strong></span> <span class='ocrx_word' id='word_1_285' title='bbox 689 3943 702 3956; x_wconf 80' lang='lat'><strong><em>°</em></strong></span> <span class='ocrx_word' id='word_1_286' title='bbox 737 3943 798 3978; x_wconf 92' lang='grc' dir='ltr'><strong>ου</strong></span> <span class='ocrx_word' id='word_1_287' title='bbox 825 3926 933 3997; x_wconf 82' lang='grc' dir='ltr'>γὰρ</span> <span class='ocrx_word' id='word_1_288' title='bbox 965 3923 1177 3992; x_wconf 82' lang='grc' dir='ltr'>ἀλόγοις</span> <span class='ocrx_word' id='word_1_289' title='bbox 1205 3923 1404 3976; x_wconf 85' lang='grc' dir='ltr'>δίδοται</span> <span class='ocrx_word' id='word_1_290' title='bbox 1437 3922 1612 3991; x_wconf 85' lang='grc' dir='ltr'>νόμος.</span> <span class='ocrx_word' id='word_1_291' title='bbox 1647 3921 1759 3974; x_wconf 84' lang='grc' dir='ltr'><strong>Ούκ</strong></span> <span class='ocrx_word' id='word_1_292' title='bbox 1784 3920 1849 3974; x_wconf 83' lang='grc' dir='ltr'><strong>ἂν</strong></span> <span class='ocrx_word' id='word_1_293' title='bbox 1872 3920 1928 3973; x_wconf 84' lang='grc' dir='ltr'>δὲ</span> 
     </span>
    </p>
   </div>
   <div class='ocr_carea' id='block_1_44' title="bbox 346 4014 1928 4087">
    <p class='ocr_par' dir='ltr' id='par_1_44' title="bbox 346 4014 1928 4087">
     <span class='ocr_line' id='line_1_44' title="bbox 346 4014 1928 4087; baseline -0.002 -18"><span class='ocrx_word' id='word_1_294' title='bbox 346 4017 495 4086; x_wconf 83' lang='grc' dir='ltr'>λέγοι</span> <span class='ocrx_word' id='word_1_295' title='bbox 539 4018 778 4087; x_wconf 79' lang='grc' dir='ltr'>Μωῦσῆν</span> <span class='ocrx_word' id='word_1_296' title='bbox 821 4019 911 4070; x_wconf 74' lang='grc' dir='ltr'><strong>τὸν</strong></span> <span class='ocrx_word' id='word_1_297' title='bbox 962 4017 1020 4082; x_wconf 76' lang='grc' dir='ltr'>ἐξ</span> <span class='ocrx_word' id='word_1_298' title='bbox 1060 4014 1362 4086; x_wconf 73' lang='grc' dir='ltr'>ἀνθρώπιον</span> <span class='ocrx_word' id='word_1_299' title='bbox 1407 4015 1573 4068; x_wconf 79' lang='grc' dir='ltr'>πάλαι</span> <span class='ocrx_word' id='word_1_300' title='bbox 1625 4014 1928 4085; x_wconf 86' lang='grc' dir='ltr'>γεγενημέ-</span> 
     </span>
    </p>
   </div>
   <div class='ocr_carea' id='block_1_45' title="bbox 347 4101 1924 4176">
    <p class='ocr_par' dir='ltr' id='par_1_45' title="bbox 347 4101 1924 4176">
     <span class='ocr_line' id='line_1_45' title="bbox 347 4101 1924 4176; baseline -0.003 -17"><span class='ocrx_word' id='word_1_301' title='bbox 347 4123 458 4168; x_wconf 88' lang='grc' dir='ltr'>νον,</span> <span class='ocrx_word' id='word_1_302' title='bbox 489 4106 608 4159; x_wconf 78' lang='grc' dir='ltr'>ούδὲ</span> <span class='ocrx_word' id='word_1_303' title='bbox 639 4107 798 4176; x_wconf 86' lang='grc' dir='ltr'>νόμον</span> <span class='ocrx_word' id='word_1_304' title='bbox 839 4107 930 4158; x_wconf 79' lang='grc' dir='ltr'><strong>τὸν</strong></span> <span class='ocrx_word' id='word_1_305' title='bbox 975 4105 1156 4176; x_wconf 87' lang='grc' dir='ltr'>μόνοις</span> <span class='ocrx_word' id='word_1_306' title='bbox 1198 4103 1419 4156; x_wconf 84' lang='grc' dir='ltr'>τεθέντα</span> <span class='ocrx_word' id='word_1_307' title='bbox 1461 4105 1573 4165; x_wconf 84' lang='grc' dir='ltr'>τοῖς</span> <span class='ocrx_word' id='word_1_308' title='bbox 1613 4101 1886 4166; x_wconf 81' lang='grc' dir='ltr'>Ἰουδαίοις</span> <span class='ocrx_word' id='word_1_309' title='bbox 1911 4119 1924 4134; x_wconf 89' lang='grc'><strong>·</strong></span> 
     </span>
    </p>
   </div>
   <div class='ocr_carea' id='block_1_46' title="bbox 347 4189 1926 4265">
    <p class='ocr_par' dir='ltr' id='par_1_46' title="bbox 347 4189 1926 4265">
     <span class='ocr_line' id='line_1_46' title="bbox 347 4189 1926 4265; baseline -0.003 -18"><span class='ocrx_word' id='word_1_310' title='bbox 347 4194 462 4249; x_wconf 81' lang='grc' dir='ltr'>ἀλλ’</span> <span class='ocrx_word' id='word_1_311' title='bbox 489 4195 609 4247; x_wconf 71' lang='grc' dir='ltr'>οὐδὲ</span> <span class='ocrx_word' id='word_1_312' title='bbox 636 4195 940 4265; x_wconf 79' lang='grc' dir='ltr'>προσδοκᾷν</span> <span class='ocrx_word' id='word_1_313' title='bbox 965 4194 1151 4264; x_wconf 70' lang='grc' dir='ltr'>ἕτερον</span> <span class='ocrx_word' id='word_1_314' title='bbox 1196 4189 1355 4253; x_wconf 75' lang='grc' dir='ltr'>εἶναι,</span> <span class='ocrx_word' id='word_1_315' title='bbox 1387 4193 1448 4244; x_wconf 81' lang='grc' dir='ltr'><strong>τὸ</strong></span> <span class='ocrx_word' id='word_1_316' title='bbox 1493 4191 1581 4244; x_wconf 76' lang='grc' dir='ltr'>διὰ</span> <span class='ocrx_word' id='word_1_317' title='bbox 1622 4191 1802 4260; x_wconf 85' lang='grc' dir='ltr'>πάσης</span> <span class='ocrx_word' id='word_1_318' title='bbox 1839 4190 1926 4242; x_wconf 85' lang='grc' dir='ltr'><strong>ὲλ-</strong></span> 
     </span>
    </p>
   </div>
   <div class='ocr_carea' id='block_1_47' title="bbox 348 4283 1923 4356">
    <p class='ocr_par' dir='ltr' id='par_1_47' title="bbox 348 4283 1923 4356">
     <span class='ocr_line' id='line_1_47' title="bbox 348 4283 1923 4356; baseline -0.002 -17"><span class='ocrx_word' id='word_1_319' title='bbox 348 4285 462 4341; x_wconf 86' lang='grc' dir='ltr'>θεῖν</span> <span class='ocrx_word' id='word_1_320' title='bbox 493 4290 589 4356; x_wconf 85' lang='grc' dir='ltr'><strong>τῆς</strong></span> <span class='ocrx_word' id='word_1_321' title='bbox 617 4286 942 4356; x_wconf 78' lang='grc' dir='ltr'>οἰκουμένης</span> <span class='ocrx_word' id='word_1_322' title='bbox 965 4286 1062 4354; x_wconf 80' lang='grc' dir='ltr'><strong>τῆς</strong></span> <span class='ocrx_word' id='word_1_323' title='bbox 1087 4285 1292 4354; x_wconf 80' lang='grc' dir='ltr'>Καινῆς</span> <span class='ocrx_word' id='word_1_324' title='bbox 1318 4283 1588 4353; x_wconf 80' lang='grc' dir='ltr'>Διαθήκης</span> <span class='ocrx_word' id='word_1_325' title='bbox 1619 4283 1709 4335; x_wconf 85' lang='grc' dir='ltr'><strong>τὸν</strong></span> <span class='ocrx_word' id='word_1_326' title='bbox 1741 4283 1923 4354; x_wconf 89' lang='grc' dir='ltr'>νόμον.</span> 
     </span>
    </p>
   </div>
   <div class='ocr_carea' id='block_1_48' title="bbox 349 4373 1928 4451">
    <p class='ocr_par' dir='ltr' id='par_1_48' title="bbox 349 4373 1928 4451">
     <span class='ocr_line' id='line_1_48' title="bbox 349 4373 1928 4451; baseline -0.003 -19"><span class='ocrx_word' id='word_1_327' title='bbox 349 4378 584 4451; x_wconf 76' lang='grc' dir='ltr'>Χριστὸς</span> <span class='ocrx_word' id='word_1_328' title='bbox 615 4379 741 4450; x_wconf 73' lang='grc' dir='ltr'>’γὰρ</span> <span class='ocrx_word' id='word_1_329' title='bbox 770 4381 798 4431; x_wconf 92' lang='lat'><strong>6</strong></span> <span class='ocrx_word' id='word_1_330' title='bbox 839 4377 1154 4448; x_wconf 81' lang='grc' dir='ltr'>νομοθέτης,</span> <span class='ocrx_word' id='word_1_331' title='bbox 1199 4377 1290 4428; x_wconf 55' lang='grc' dir='ltr'><strong>καὶ⁵</strong></span> <span class='ocrx_word' id='word_1_332' title='bbox 1339 4375 1432 4427; x_wconf 91' lang='grc' dir='ltr'><strong>τοῦ</strong></span> <span class='ocrx_word' id='word_1_333' title='bbox 1484 4374 1820 4442; x_wconf 85' lang='grc' dir='ltr'>Εὑαγγελίου</span> <span class='ocrx_word' id='word_1_334' title='bbox 1869 4373 1928 4427; x_wconf 77' lang='grc' dir='ltr'>τὸ</span> 
     </span>
    </p>
   </div>
   <div class='ocr_carea' id='block_1_49' title="bbox 2027 537 3590 610">
    <p class='ocr_par' dir='ltr' id='par_1_49' title="bbox 2027 537 3590 610">
     <span class='ocr_line' id='line_1_49' title="bbox 2027 537 3590 610; baseline 0.004 -20"><span class='ocrx_word' id='word_1_335' title='bbox 2027 537 2276 590; x_wconf 78' lang='lat' dir='ltr'><strong>mendico</strong></span> <span class='ocrx_word' id='word_1_336' title='bbox 2321 545 2376 590; x_wconf 91' lang='lat' dir='ltr'><strong>et</strong></span> <span class='ocrx_word' id='word_1_337' title='bbox 2428 538 2675 606; x_wconf 83' lang='lat' dir='ltr'><strong>pauperi,</strong></span> <span class='ocrx_word' id='word_1_338' title='bbox 2731 538 2925 608; x_wconf 77' lang='lat' dir='ltr'><strong>spiritu</strong></span> <span class='ocrx_word' id='word_1_339' title='bbox 2980 539 3208 604; x_wconf 79' lang='lat' dir='ltr'><strong>scilicet,</strong></span> <span class='ocrx_word' id='word_1_340' title='bbox 3259 541 3349 610; x_wconf 85' lang='lat' dir='ltr'><strong>qui</strong></span> <span class='ocrx_word' id='word_1_341' title='bbox 3398 541 3590 596; x_wconf 87' lang='lat' dir='ltr'><strong>beatus</strong></span> 
     </span>
    </p>
   </div>
   <div class='ocr_carea' id='block_1_50' title="bbox 2026 625 3592 698">
    <p class='ocr_par' dir='ltr' id='par_1_50' title="bbox 2026 625 3592 698">
     <span class='ocr_line' id='line_1_50' title="bbox 2026 625 3592 698; baseline 0.004 -21"><span class='ocrx_word' id='word_1_342' title='bbox 2026 626 2390 694; x_wconf 70' lang='lat' dir='ltr'><strong>praedicatur?</strong></span> <span class='ocrx_word' id='word_1_343' title='bbox 2415 625 2528 680; x_wconf 90' lang='lat' dir='ltr'><strong>Hoc</strong></span> <span class='ocrx_word' id='word_1_344' title='bbox 2563 641 2685 680; x_wconf 92' lang='lat' dir='ltr'><strong>cum</strong></span> <span class='ocrx_word' id='word_1_345' title='bbox 2716 627 3040 682; x_wconf 88' lang='lat' dir='ltr'><strong>edidicerint</strong></span> <span class='ocrx_word' id='word_1_346' title='bbox 3069 631 3161 698; x_wconf 90' lang='lat' dir='ltr'><strong>qui</strong></span> <span class='ocrx_word' id='word_1_347' title='bbox 3203 637 3470 684; x_wconf 87' lang='lat' dir='ltr'><strong>noverunt</strong></span> <span class='ocrx_word' id='word_1_348' title='bbox 3491 645 3592 685; x_wconf 88' lang='lat' dir='ltr'><strong>no-</strong></span> 
     </span>
    </p>
   </div>
   <div class='ocr_carea' id='block_1_51' title="bbox 2027 719 3592 793">
    <p class='ocr_par' dir='ltr' id='par_1_51' title="bbox 2027 719 3592 793">
     <span class='ocr_line' id='line_1_51' title="bbox 2027 719 3592 793; baseline 0.005 -23"><span class='ocrx_word' id='word_1_349' title='bbox 2027 732 2149 772; x_wconf 88' lang='lat' dir='ltr'><strong>men</strong></span> <span class='ocrx_word' id='word_1_350' title='bbox 2186 726 2358 780; x_wconf 84' lang='lat' dir='ltr'><strong>tuutn,</strong></span> <span class='ocrx_word' id='word_1_351' title='bbox 2409 719 2564 788; x_wconf 78' lang='lat' dir='ltr'><strong>gnari</strong></span> <span class='ocrx_word' id='word_1_352' title='bbox 2607 735 2825 789; x_wconf 88' lang='lat' dir='ltr'><strong>quoque</strong></span> <span class='ocrx_word' id='word_1_353' title='bbox 2857 721 3064 789; x_wconf 85' lang='lat' dir='ltr'><strong>tejusli</strong></span> <span class='ocrx_word' id='word_1_354' title='bbox 3111 722 3300 790; x_wconf 82' lang='lat' dir='ltr'><strong>judicii</strong></span> <span class='ocrx_word' id='word_1_355' title='bbox 3351 733 3592 793; x_wconf 87' lang='lat' dir='ltr'><strong>tempore</strong></span> 
     </span>
    </p>
   </div>
   <div class='ocr_carea' id='block_1_52' title="bbox 2025 810 3593 882">
    <p class='ocr_par' dir='ltr' id='par_1_52' title="bbox 2025 810 3593 882">
     <span class='ocr_line' id='line_1_52' title="bbox 2025 810 3593 882; baseline 0.004 -20"><span class='ocrx_word' id='word_1_356' title='bbox 2025 823 2137 862; x_wconf 90' lang='lat' dir='ltr'><strong>non</strong></span> <span class='ocrx_word' id='word_1_357' title='bbox 2169 810 2485 863; x_wconf 90' lang='lat' dir='ltr'><strong>relicturum</strong></span> <span class='ocrx_word' id='word_1_358' title='bbox 2509 825 2604 864; x_wconf 91' lang='lat' dir='ltr'><strong>eos</strong></span> <span class='ocrx_word' id='word_1_359' title='bbox 2630 811 2722 880; x_wconf 90' lang='lat' dir='ltr'><strong>qui</strong></span> <span class='ocrx_word' id='word_1_360' title='bbox 2745 826 2892 865; x_wconf 93' lang='lat' dir='ltr'><strong>nunc</strong></span> <span class='ocrx_word' id='word_1_361' title='bbox 2913 821 3164 882; x_wconf 61' lang='lat' dir='ltr'><strong>quarrunt</strong></span> <span class='ocrx_word' id='word_1_362' title='bbox 3189 821 3275 878; x_wconf 87' lang='lat' dir='ltr'><strong>te;</strong></span> <span class='ocrx_word' id='word_1_363' title='bbox 3307 814 3434 868; x_wconf 89' lang='lat' dir='ltr'><strong>inde</strong></span> <span class='ocrx_word' id='word_1_364' title='bbox 3455 815 3593 870; x_wconf 84' lang='lat' dir='ltr'><strong>bene</strong></span> 
     </span>
    </p>
   </div>
   <div class='ocr_carea' id='block_1_53' title="bbox 2026 902 3592 970">
    <p class='ocr_par' dir='ltr' id='par_1_53' title="bbox 2026 902 3592 970">
     <span class='ocr_line' id='line_1_53' title="bbox 2026 902 3592 970; baseline 0.004 -17"><span class='ocrx_word' id='word_1_365' title='bbox 2026 910 2249 969; x_wconf 88' lang='lat' dir='ltr'><strong>sperent</strong></span> <span class='ocrx_word' id='word_1_366' title='bbox 2279 903 2332 954; x_wconf 94' lang='lat' dir='ltr'><strong>in</strong></span> <span class='ocrx_word' id='word_1_367' title='bbox 2359 908 2432 963; x_wconf 89' lang='lat' dir='ltr'><strong>te,</strong></span> <span class='ocrx_word' id='word_1_368' title='bbox 2467 902 2782 970; x_wconf 85' lang='lat' dir='ltr'><strong>patientiam</strong></span> <span class='ocrx_word' id='word_1_369' title='bbox 2828 903 2884 957; x_wconf 89' lang='lat' dir='ltr'><strong>in</strong></span> <span class='ocrx_word' id='word_1_370' title='bbox 2926 904 3180 962; x_wconf 87' lang='lat' dir='ltr'><strong>omnibus</strong></span> <span class='ocrx_word' id='word_1_371' title='bbox 3217 905 3479 962; x_wconf 82' lang='lat' dir='ltr'><strong>habentes</strong></span> <span class='ocrx_word' id='word_1_372' title='bbox 3522 908 3592 962; x_wconf 88' lang='lat' dir='ltr'><strong>ob</strong></span> 
     </span>
    </p>
   </div>
   <div class='ocr_carea' id='block_1_54' title="bbox 2026 994 2740 1061">
    <p class='ocr_par' dir='ltr' id='par_1_54' title="bbox 2026 994 2740 1061">
     <span class='ocr_line' id='line_1_54' title="bbox 2026 994 2740 1061; baseline 0.007 -18"><span class='ocrx_word' id='word_1_373' title='bbox 2026 1000 2270 1061; x_wconf 82' lang='lat' dir='ltr'><strong>paratam</strong></span> <span class='ocrx_word' id='word_1_374' title='bbox 2304 994 2740 1049; x_wconf 85' lang='lat' dir='ltr'><strong>retributionem.</strong></span> 
     </span>
    </p>
   </div>
   <div class='ocr_carea' id='block_1_55' title="bbox 2100 1080 3594 1155">
    <p class='ocr_par' dir='ltr' id='par_1_55' title="bbox 2100 1080 3594 1155">
     <span class='ocr_line' id='line_1_55' title="bbox 2100 1080 3594 1155; baseline 0.006 -21"><span class='ocrx_word' id='word_1_375' title='bbox 2100 1080 2266 1136; x_wconf 64' lang='lat' dir='ltr'><strong>Vens.</strong></span> <span class='ocrx_word' id='word_1_376' title='bbox 2303 1082 2390 1146; x_wconf 69' lang='grc'><strong>16,</strong></span> <span class='ocrx_word' id='word_1_377' title='bbox 2427 1083 2516 1138; x_wconf 81' lang='grc'><strong>17.</strong></span> <span class='ocrx_word' id='word_1_378' title='bbox 2567 1083 2969 1139; x_wconf 75' lang='lat' dir='ltr'><strong>Exsultabimus</strong></span> <span class='ocrx_word' id='word_1_379' title='bbox 3011 1086 3064 1139; x_wconf 89' lang='lat' dir='ltr'><strong>in</strong></span> <span class='ocrx_word' id='word_1_380' title='bbox 3116 1088 3347 1141; x_wconf 88' lang='lat' dir='ltr'><strong>salutari</strong></span> <span class='ocrx_word' id='word_1_381' title='bbox 3371 1099 3479 1155; x_wconf 88' lang='lat' dir='ltr'><strong>tuo,</strong></span> <span class='ocrx_word' id='word_1_382' title='bbox 3509 1091 3594 1143; x_wconf 84' lang='lat' dir='ltr'><strong>in-</strong></span> 
     </span>
    </p>
   </div>
   <div class='ocr_carea' id='block_1_56' title="bbox 2026 1159 3595 1252">
    <p class='ocr_par' dir='ltr' id='par_1_56' title="bbox 2026 1159 3595 1252">
     <span class='ocr_line' id='line_1_56' title="bbox 2026 1159 3595 1252; baseline 0.008 -29"><span class='ocrx_word' id='word_1_383' title='bbox 2026 1173 2150 1241; x_wconf 71' lang='lat' dir='ltr'><strong>ﬁxa:</strong></span> <span class='ocrx_word' id='word_1_384' title='bbox 2176 1183 2298 1227; x_wconf 91' lang='lat' dir='ltr'><strong>sunt</strong></span> <span class='ocrx_word' id='word_1_385' title='bbox 2320 1183 2493 1243; x_wconf 78' lang='lat' dir='ltr'><strong>gentes</strong></span> <span class='ocrx_word' id='word_1_386' title='bbox 2525 1176 2578 1228; x_wconf 87' lang='lat' dir='ltr'><strong>in</strong></span> <span class='ocrx_word' id='word_1_387' title='bbox 2610 1159 2825 1230; x_wconf 70' lang='lat' dir='ltr'><strong>interitu</strong></span> <span class='ocrx_word' id='word_1_388' title='bbox 2853 1195 3002 1247; x_wconf 86' lang='lat' dir='ltr'><strong>quem</strong></span> <span class='ocrx_word' id='word_1_389' title='bbox 3036 1179 3286 1239; x_wconf 80' lang='lat' dir='ltr'><strong>fecerunt.</strong></span> <span class='ocrx_word' id='word_1_390' title='bbox 3324 1180 3389 1234; x_wconf 89' lang='lat' dir='ltr'><strong>In</strong></span> <span class='ocrx_word' id='word_1_391' title='bbox 3412 1183 3595 1252; x_wconf 80' lang='lat' dir='ltr'><strong>laqueo</strong></span> 
     </span>
    </p>
   </div>
   <div class='ocr_carea' id='block_1_57' title="bbox 2027 1262 3592 1338">
    <p class='ocr_par' dir='ltr' id='par_1_57' title="bbox 2027 1262 3592 1338">
     <span class='ocr_line' id='line_1_57' title="bbox 2027 1262 3592 1338; baseline 0.008 -24"><span class='ocrx_word' id='word_1_392' title='bbox 2027 1262 2127 1315; x_wconf 87' lang='lat' dir='ltr'><strong>isto</strong></span> <span class='ocrx_word' id='word_1_393' title='bbox 2152 1280 2301 1333; x_wconf 85' lang='lat' dir='ltr'><strong>quem</strong></span> <span class='ocrx_word' id='word_1_394' title='bbox 2327 1264 2733 1326; x_wconf 82' lang='lat' dir='ltr'><strong>absconderant,</strong></span> <span class='ocrx_word' id='word_1_395' title='bbox 2760 1269 3159 1334; x_wconf 81' lang='lat' dir='ltr'><strong>comprehensus</strong></span> <span class='ocrx_word' id='word_1_396' title='bbox 3183 1279 3258 1322; x_wconf 88' lang='lat' dir='ltr'><strong>est</strong></span> <span class='ocrx_word' id='word_1_397' title='bbox 3279 1285 3366 1338; x_wconf 91' lang='lat' dir='ltr'><strong>pes</strong></span> <span class='ocrx_word' id='word_1_398' title='bbox 3391 1287 3592 1327; x_wconf 87' lang='lat' dir='ltr'><strong>eorum.</strong></span> 
     </span>
    </p>
   </div>
   <div class='ocr_carea' id='block_1_58' title="bbox 2027 1353 3596 1431">
    <p class='ocr_par' dir='ltr' id='par_1_58' title="bbox 2027 1353 3596 1431">
     <span class='ocr_line' id='line_1_58' title="bbox 2027 1353 3596 1431; baseline 0.004 -22"><span class='ocrx_word' id='word_1_399' title='bbox 2027 1353 2382 1426; x_wconf 86' lang='lat' dir='ltr'><strong>Cognoscetur</strong></span> <span class='ocrx_word' id='word_1_400' title='bbox 2423 1356 2682 1411; x_wconf 86' lang='lat' dir='ltr'><strong>Dominus</strong></span> <span class='ocrx_word' id='word_1_401' title='bbox 2723 1358 2934 1428; x_wconf 87' lang='lat' dir='ltr'><strong>judicia</strong></span> <span class='ocrx_word' id='word_1_402' title='bbox 2982 1360 3200 1428; x_wconf 79' lang='lat' dir='ltr'><strong>faciens.</strong></span> <span class='ocrx_word' id='word_1_403' title='bbox 3240 1360 3304 1414; x_wconf 83' lang='lat' dir='ltr'><strong>In</strong></span> <span class='ocrx_word' id='word_1_404' title='bbox 3352 1364 3596 1431; x_wconf 77' lang='lat' dir='ltr'><strong>operibus</strong></span> 
     </span>
    </p>
   </div>
   <div class='ocr_carea' id='block_1_59' title="bbox 2027 1451 3597 1528">
    <p class='ocr_par' dir='ltr' id='par_1_59' title="bbox 2027 1451 3597 1528">
     <span class='ocr_line' id='line_1_59' title="bbox 2027 1451 3597 1528; baseline 0.004 -28"><span class='ocrx_word' id='word_1_405' title='bbox 2027 1465 2276 1501; x_wconf 87' lang='lat' dir='ltr'><strong>manuum</strong></span> <span class='ocrx_word' id='word_1_406' title='bbox 2295 1467 2512 1502; x_wconf 88' lang='lat' dir='ltr'><strong>suarum</strong></span> <span class='ocrx_word' id='word_1_407' title='bbox 2531 1451 2925 1520; x_wconf 81' lang='lat' dir='ltr'><strong>comprehensus</strong></span> <span class='ocrx_word' id='word_1_408' title='bbox 2945 1462 3022 1506; x_wconf 88' lang='lat' dir='ltr'><strong>est</strong></span> <span class='ocrx_word' id='word_1_409' title='bbox 3042 1463 3299 1521; x_wconf 84' lang='lat' dir='ltr'><strong>peccator.</strong></span> <span class='ocrx_word' id='word_1_410' title='bbox 3318 1452 3597 1528; x_wconf 76' lang='lat' dir='ltr'><strong>Canticum</strong></span> 
     </span>
    </p>
   </div>
   <div class='ocr_carea' id='block_1_60' title="bbox 2026 1537 3598 1612">
    <p class='ocr_par' dir='ltr' id='par_1_60' title="bbox 2026 1537 3598 1612">
     <span class='ocr_line' id='line_1_60' title="bbox 2026 1537 3598 1612; baseline 0.006 -21"><span class='ocrx_word' id='word_1_411' title='bbox 2026 1537 2420 1607; x_wconf 83' lang='lat' dir='ltr'><strong>diapsalmatis.</strong></span> <span class='ocrx_word' id='word_1_412' title='bbox 2452 1541 2565 1596; x_wconf 88' lang='lat' dir='ltr'><strong>lmo</strong></span> <span class='ocrx_word' id='word_1_413' title='bbox 2597 1558 2726 1598; x_wconf 86' lang='lat' dir='ltr'><strong>vero</strong></span> <span class='ocrx_word' id='word_1_414' title='bbox 2748 1543 2876 1596; x_wconf 89' lang='lat' dir='ltr'><strong>dum</strong></span> <span class='ocrx_word' id='word_1_415' title='bbox 2905 1543 3012 1612; x_wconf 90' lang='lat' dir='ltr'><strong>piis</strong></span> <span class='ocrx_word' id='word_1_416' title='bbox 3033 1545 3346 1599; x_wconf 82' lang='lat' dir='ltr'><strong>horninibus</strong></span> <span class='ocrx_word' id='word_1_417' title='bbox 3369 1545 3598 1601; x_wconf 88' lang='lat' dir='ltr'><strong>insidias</strong></span> 
     </span>
    </p>
   </div>
   <div class='ocr_carea' id='block_1_61' title="bbox 2027 1633 3597 1706">
    <p class='ocr_par' dir='ltr' id='par_1_61' title="bbox 2027 1633 3597 1706">
     <span class='ocr_line' id='line_1_61' title="bbox 2027 1633 3597 1706; baseline 0.005 -24"><span class='ocrx_word' id='word_1_418' title='bbox 2027 1638 2326 1695; x_wconf 85' lang='lat' dir='ltr'><strong>struerent.</strong></span> <span class='ocrx_word' id='word_1_419' title='bbox 2363 1648 2482 1688; x_wconf 87' lang='lat' dir='ltr'><strong>sese</strong></span> <span class='ocrx_word' id='word_1_420' title='bbox 2517 1633 2569 1686; x_wconf 94' lang='lat' dir='ltr'><strong>in</strong></span> <span class='ocrx_word' id='word_1_421' title='bbox 2605 1633 2904 1702; x_wconf 88' lang='lat' dir='ltr'><strong>perniciem</strong></span> <span class='ocrx_word' id='word_1_422' title='bbox 2935 1641 2989 1689; x_wconf 90' lang='lat' dir='ltr'><strong>et</strong></span> <span class='ocrx_word' id='word_1_423' title='bbox 3032 1635 3312 1689; x_wconf 88' lang='lat' dir='ltr'><strong>interitum</strong></span> <span class='ocrx_word' id='word_1_424' title='bbox 3347 1637 3597 1706; x_wconf 88' lang='lat' dir='ltr'><strong>conjece-</strong></span> 
     </span>
    </p>
   </div>
   <div class='ocr_carea' id='block_1_62' title="bbox 2027 1722 3598 1797">
    <p class='ocr_par' dir='ltr' id='par_1_62' title="bbox 2027 1722 3598 1797">
     <span class='ocr_line' id='line_1_62' title="bbox 2027 1722 3598 1797; baseline 0.004 -21"><span class='ocrx_word' id='word_1_425' title='bbox 2027 1730 2174 1777; x_wconf 88' lang='lat' dir='ltr'><strong>runt.</strong></span> <span class='ocrx_word' id='word_1_426' title='bbox 2221 1722 2374 1778; x_wconf 91' lang='lat' dir='ltr'><strong>Tunc</strong></span> <span class='ocrx_word' id='word_1_427' title='bbox 2405 1733 2584 1779; x_wconf 83' lang='lat' dir='ltr'><strong>autem</strong></span> <span class='ocrx_word' id='word_1_428' title='bbox 2619 1733 2980 1796; x_wconf 79' lang='lat' dir='ltr'><strong>cognoscetur</strong></span> <span class='ocrx_word' id='word_1_429' title='bbox 3022 1725 3166 1782; x_wconf 90' lang='lat' dir='ltr'><strong>Deus</strong></span> <span class='ocrx_word' id='word_1_430' title='bbox 3211 1727 3359 1796; x_wconf 87' lang='lat' dir='ltr'><strong>justo</strong></span> <span class='ocrx_word' id='word_1_431' title='bbox 3384 1728 3598 1797; x_wconf 81' lang='lat' dir='ltr'><strong>judicio</strong></span> 
     </span>
    </p>
   </div>
   <div class='ocr_carea' id='block_1_63' title="bbox 791 1815 1925 1890">
    <p class='ocr_par' dir='ltr' id='par_1_63' title="bbox 791 1818 1924 1890">
     <span class='ocr_line' id='line_1_63' title="bbox 791 1818 1924 1890; baseline -0.001 -19"><span class='ocrx_word' id='word_1_432' title='bbox 791 1819 867 1883; x_wconf 83' lang='grc' dir='ltr'>ὡς</span> <span class='ocrx_word' id='word_1_433' title='bbox 913 1820 981 1873; x_wconf 84' lang='grc' dir='ltr'><strong>ἂν</strong></span> <span class='ocrx_word' id='word_1_434' title='bbox 1032 1819 1334 1890; x_wconf 76' lang='grc' dir='ltr'>μεταϐολῆς</span> <span class='ocrx_word' id='word_1_435' title='bbox 1387 1818 1759 1889; x_wconf 85' lang='grc' dir='ltr'>γεγενημένης</span> <span class='ocrx_word' id='word_1_436' title='bbox 1805 1819 1924 1888; x_wconf 76' lang='grc' dir='ltr'>ἦτοι</span> 
     </span>
    </p>
   </div>
   <div class='ocr_carea' id='block_1_64' title="bbox 2028 1815 3600 1890">
    <p class='ocr_par' dir='ltr' id='par_1_64' title="bbox 2028 1815 3600 1888">
     <span class='ocr_line' id='line_1_64' title="bbox 2028 1815 3600 1888; baseline 0.003 -20"><span class='ocrx_word' id='word_1_437' title='bbox 2028 1830 2180 1870; x_wconf 90' lang='lat' dir='ltr'><strong>usus.</strong></span> <span class='ocrx_word' id='word_1_438' title='bbox 2231 1815 2518 1870; x_wconf 87' lang='lat' dir='ltr'><strong>Canticum</strong></span> <span class='ocrx_word' id='word_1_439' title='bbox 2552 1819 2927 1888; x_wconf 86' lang='lat' dir='ltr'><strong>diapsalmatis</strong></span> <span class='ocrx_word' id='word_1_440' title='bbox 2956 1819 3179 1884; x_wconf 88' lang='lat' dir='ltr'><strong>dicitur,</strong></span> <span class='ocrx_word' id='word_1_441' title='bbox 3213 1828 3271 1874; x_wconf 91' lang='lat' dir='ltr'><strong>ut</strong></span> <span class='ocrx_word' id='word_1_442' title='bbox 3304 1819 3444 1874; x_wconf 79' lang='lat' dir='ltr'><strong>facta</strong></span> <span class='ocrx_word' id='word_1_443' title='bbox 3478 1836 3600 1873; x_wconf 91' lang='lat' dir='ltr'><strong>mu-</strong></span> 
     </span>
    </p>
   </div>
   <div class='ocr_carea' id='block_1_65' title="bbox 2027 1910 3597 1979">
    <p class='ocr_par' dir='ltr' id='par_1_65' title="bbox 2027 1910 3597 1979">
     <span class='ocr_line' id='line_1_65' title="bbox 2027 1910 3597 1979; baseline 0.004 -19"><span class='ocrx_word' id='word_1_444' title='bbox 2027 1910 2251 1973; x_wconf 88' lang='lat' dir='ltr'><strong>tatione,</strong></span> <span class='ocrx_word' id='word_1_445' title='bbox 2299 1910 2414 1964; x_wconf 83' lang='lat' dir='ltr'><strong>sive</strong></span> <span class='ocrx_word' id='word_1_446' title='bbox 2466 1910 2650 1973; x_wconf 91' lang='lat' dir='ltr'><strong>metri,</strong></span> <span class='ocrx_word' id='word_1_447' title='bbox 2701 1911 3000 1965; x_wconf 89' lang='lat' dir='ltr'><strong>secundum</strong></span> <span class='ocrx_word' id='word_1_448' title='bbox 3031 1911 3355 1967; x_wconf 83' lang='lat' dir='ltr'><strong>Hebraicam</strong></span> <span class='ocrx_word' id='word_1_449' title='bbox 3383 1928 3597 1979; x_wconf 92' lang='lat' dir='ltr'><strong>vocem,</strong></span> 
     </span>
    </p>
   </div>
   <div class='ocr_carea' id='block_1_66' title="bbox 2028 2000 3596 2066">
    <p class='ocr_par' dir='ltr' id='par_1_66' title="bbox 2028 2000 3596 2066">
     <span class='ocr_line' id='line_1_66' title="bbox 2028 2000 3596 2066; baseline 0.003 -12"><span class='ocrx_word' id='word_1_450' title='bbox 2028 2000 2142 2055; x_wconf 87' lang='lat' dir='ltr'><strong>sive</strong></span> <span class='ocrx_word' id='word_1_451' title='bbox 2176 2002 2442 2066; x_wconf 69' lang='lat' dir='ltr'><strong>melodire,</strong></span> <span class='ocrx_word' id='word_1_452' title='bbox 2477 2002 2592 2057; x_wconf 86' lang='lat' dir='ltr'><strong>sive</strong></span> <span class='ocrx_word' id='word_1_453' title='bbox 2621 2003 2914 2058; x_wconf 86' lang='lat' dir='ltr'><strong>verborum</strong></span> <span class='ocrx_word' id='word_1_454' title='bbox 2938 2005 3205 2059; x_wconf 86' lang='lat' dir='ltr'><strong>sententia</strong></span> <span class='ocrx_word' id='word_1_455' title='bbox 3239 2007 3294 2060; x_wconf 89' lang='lat' dir='ltr'><strong>in</strong></span> <span class='ocrx_word' id='word_1_456' title='bbox 3325 2007 3484 2061; x_wconf 87' lang='lat' dir='ltr'><strong>aliam</strong></span> <span class='ocrx_word' id='word_1_457' title='bbox 3518 2007 3596 2063; x_wconf 83' lang='lat' dir='ltr'><strong>si-</strong></span> 
     </span>
    </p>
   </div>
   <div class='ocr_carea' id='block_1_67' title="bbox 2027 2090 2734 2161">
    <p class='ocr_par' dir='ltr' id='par_1_67' title="bbox 2027 2090 2734 2161">
     <span class='ocr_line' id='line_1_67' title="bbox 2027 2090 2734 2161; baseline 0.006 -17"><span class='ocrx_word' id='word_1_458' title='bbox 2027 2090 2426 2161; x_wconf 82' lang='lat' dir='ltr'><strong>gniﬁcationem</strong></span> <span class='ocrx_word' id='word_1_459' title='bbox 2449 2094 2734 2148; x_wconf 89' lang='lat' dir='ltr'><strong>translata.</strong></span> 
     </span>
    </p>
   </div>
   <div class='ocr_carea' id='block_1_68' title="bbox 2099 2181 3593 2258">
    <p class='ocr_par' dir='ltr' id='par_1_68' title="bbox 2099 2181 3593 2258">
     <span class='ocr_line' id='line_1_68' title="bbox 2099 2181 3593 2258; baseline 0.005 -22"><span class='ocrx_word' id='word_1_460' title='bbox 2099 2181 2270 2237; x_wconf 75' lang='lat' dir='ltr'><strong>Vsus.</strong></span> <span class='ocrx_word' id='word_1_461' title='bbox 2309 2183 2395 2238; x_wconf 76' lang='grc'><strong>18.</strong></span> <span class='ocrx_word' id='word_1_462' title='bbox 2440 2183 2828 2239; x_wconf 81' lang='lat' dir='ltr'><strong>Convertuntur</strong></span> <span class='ocrx_word' id='word_1_463' title='bbox 2850 2197 3148 2254; x_wconf 86' lang='lat' dir='ltr'><strong>peccatores</strong></span> <span class='ocrx_word' id='word_1_464' title='bbox 3200 2190 3254 2242; x_wconf 90' lang='lat' dir='ltr'><strong>in</strong></span> <span class='ocrx_word' id='word_1_465' title='bbox 3306 2189 3593 2258; x_wconf 77' lang='lat' dir='ltr'><strong>infernum,</strong></span> 
     </span>
    </p>
   </div>
   <div class='ocr_carea' id='block_1_69' title="bbox 2026 2277 3596 2350">
    <p class='ocr_par' dir='ltr' id='par_1_69' title="bbox 2026 2277 3596 2350">
     <span class='ocr_line' id='line_1_69' title="bbox 2026 2277 3596 2350; baseline 0.005 -24"><span class='ocrx_word' id='word_1_466' title='bbox 2026 2289 2203 2327; x_wconf 89' lang='lat' dir='ltr'><strong>omnes</strong></span> <span class='ocrx_word' id='word_1_467' title='bbox 2232 2285 2406 2344; x_wconf 84' lang='lat' dir='ltr'><strong>gentes</strong></span> <span class='ocrx_word' id='word_1_468' title='bbox 2452 2292 2570 2345; x_wconf 69' lang='lat' dir='ltr'><strong>quae</strong></span> <span class='ocrx_word' id='word_1_469' title='bbox 2601 2277 2981 2331; x_wconf 85' lang='lat' dir='ltr'><strong>obliviscuntur</strong></span> <span class='ocrx_word' id='word_1_470' title='bbox 3008 2279 3195 2334; x_wconf 90' lang='lat' dir='ltr'><strong>Deum.</strong></span> <span class='ocrx_word' id='word_1_471' title='bbox 3230 2280 3454 2334; x_wconf 82' lang='lat' dir='ltr'><strong>Etiamsi</strong></span> <span class='ocrx_word' id='word_1_472' title='bbox 3484 2282 3596 2350; x_wconf 84' lang='lat' dir='ltr'><strong>jam</strong></span> 
     </span>
    </p>
   </div>
   <div class='ocr_carea' id='block_1_70' title="bbox 2025 2367 3599 2443">
    <p class='ocr_par' dir='ltr' id='par_1_70' title="bbox 2025 2367 3599 2443">
     <span class='ocr_line' id='line_1_70' title="bbox 2025 2367 3599 2443; baseline 0.004 -23"><span class='ocrx_word' id='word_1_473' title='bbox 2025 2367 2176 2420; x_wconf 91' lang='lat' dir='ltr'><strong>nullo</strong></span> <span class='ocrx_word' id='word_1_474' title='bbox 2216 2383 2381 2423; x_wconf 89' lang='lat' dir='ltr'><strong>sensu</strong></span> <span class='ocrx_word' id='word_1_475' title='bbox 2410 2377 2714 2438; x_wconf 85' lang='lat' dir='ltr'><strong>moventur,</strong></span> <span class='ocrx_word' id='word_1_476' title='bbox 2746 2379 2800 2424; x_wconf 88' lang='lat' dir='ltr'><strong>at</strong></span> <span class='ocrx_word' id='word_1_477' title='bbox 2825 2371 3004 2426; x_wconf 84' lang='lat' dir='ltr'><strong>ve&#39;niet</strong></span> <span class='ocrx_word' id='word_1_478' title='bbox 3031 2371 3222 2440; x_wconf 86' lang='lat' dir='ltr'><strong>judicii</strong></span> <span class='ocrx_word' id='word_1_479' title='bbox 3246 2382 3482 2443; x_wconf 84' lang='lat' dir='ltr'><strong>tempus.</strong></span> <span class='ocrx_word' id='word_1_480' title='bbox 3511 2372 3599 2427; x_wconf 89' lang='lat' dir='ltr'><strong>ln-</strong></span> 
     </span>
    </p>
   </div>
   <div class='ocr_carea' id='block_1_71' title="bbox 2027 2459 3594 2536">
    <p class='ocr_par' dir='ltr' id='par_1_71' title="bbox 2027 2459 3594 2536">
     <span class='ocr_line' id='line_1_71' title="bbox 2027 2459 3594 2536; baseline 0.005 -24"><span class='ocrx_word' id='word_1_481' title='bbox 2027 2459 2187 2513; x_wconf 90' lang='lat' dir='ltr'><strong>terim</strong></span> <span class='ocrx_word' id='word_1_482' title='bbox 2223 2460 2386 2515; x_wconf 86' lang='lat' dir='ltr'><strong>homo</strong></span> <span class='ocrx_word' id='word_1_483' title='bbox 2410 2459 2527 2525; x_wconf 88' lang='lat' dir='ltr'><strong>Dei,</strong></span> <span class='ocrx_word' id='word_1_484' title='bbox 2551 2463 2653 2518; x_wconf 87' lang='lat' dir='ltr'><strong>etsi</strong></span> <span class='ocrx_word' id='word_1_485' title='bbox 2685 2461 2936 2516; x_wconf 89' lang='lat' dir='ltr'><strong>videatur</strong></span> <span class='ocrx_word' id='word_1_486' title='bbox 2977 2463 3045 2516; x_wconf 90' lang='lat' dir='ltr'><strong>ah</strong></span> <span class='ocrx_word' id='word_1_487' title='bbox 3073 2463 3193 2532; x_wconf 93' lang='lat' dir='ltr'><strong>ipso</strong></span> <span class='ocrx_word' id='word_1_488' title='bbox 3228 2463 3339 2519; x_wconf 88' lang='lat' dir='ltr'><strong>Deo</strong></span> <span class='ocrx_word' id='word_1_489' title='bbox 3373 2466 3594 2536; x_wconf 80' lang='lat' dir='ltr'><strong>negligi,</strong></span> 
     </span>
    </p>
   </div>
   <div class='ocr_carea' id='block_1_72' title="bbox 2027 2551 3594 2624">
    <p class='ocr_par' dir='ltr' id='par_1_72' title="bbox 2027 2551 3594 2624">
     <span class='ocr_line' id='line_1_72' title="bbox 2027 2551 3594 2624; baseline 0.005 -20"><span class='ocrx_word' id='word_1_490' title='bbox 2027 2551 2157 2605; x_wconf 91' lang='lat' dir='ltr'><strong>dum</strong></span> <span class='ocrx_word' id='word_1_491' title='bbox 2199 2552 2556 2608; x_wconf 85' lang='lat' dir='ltr'><strong>intolerandis</strong></span> <span class='ocrx_word' id='word_1_492' title='bbox 2602 2569 2632 2607; x_wconf 88' lang='lat' dir='ltr'><strong>a</strong></span> <span class='ocrx_word' id='word_1_493' title='bbox 2685 2553 3068 2624; x_wconf 88' lang='lat' dir='ltr'><strong>peccatoribus</strong></span> <span class='ocrx_word' id='word_1_494' title='bbox 3117 2554 3350 2610; x_wconf 76' lang='lat' dir='ltr'><strong>allicitur</strong></span> <span class='ocrx_word' id='word_1_495' title='bbox 3393 2559 3594 2623; x_wconf 87' lang='lat' dir='ltr'><strong>malis,</strong></span> 
     </span>
    </p>
   </div>
   <div class='ocr_carea' id='block_1_73' title="bbox 2027 2641 3600 2719">
    <p class='ocr_par' dir='ltr' id='par_1_73' title="bbox 2027 2641 3600 2719">
     <span class='ocr_line' id='line_1_73' title="bbox 2027 2641 3600 2719; baseline 0.006 -24"><span class='ocrx_word' id='word_1_496' title='bbox 2027 2641 2371 2714; x_wconf 67' lang='lat' dir='ltr'><strong>nequaquam</strong></span> <span class='ocrx_word' id='word_1_497' title='bbox 2402 2645 2456 2698; x_wconf 90' lang='lat' dir='ltr'><strong>in</strong></span> <span class='ocrx_word' id='word_1_498' title='bbox 2487 2645 2816 2701; x_wconf 87' lang='lat' dir='ltr'><strong>oblivionem</strong></span> <span class='ocrx_word' id='word_1_499' title='bbox 2848 2647 3016 2701; x_wconf 89' lang='lat' dir='ltr'><strong>venit.</strong></span> <span class='ocrx_word' id='word_1_500' title='bbox 3067 2645 3186 2700; x_wconf 85' lang='lat' dir='ltr'><strong>Non</strong></span> <span class='ocrx_word' id='word_1_501' title='bbox 3231 2647 3376 2701; x_wconf 92' lang='lat' dir='ltr'><strong>enim</strong></span> <span class='ocrx_word' id='word_1_502' title='bbox 3425 2664 3600 2719; x_wconf 87' lang='lat' dir='ltr'><strong>usque</strong></span> 
     </span>
    </p>
   </div>
   <div class='ocr_carea' id='block_1_74' title="bbox 2028 2733 3602 2809">
    <p class='ocr_par' dir='ltr' id='par_1_74' title="bbox 2028 2733 3602 2809">
     <span class='ocr_line' id='line_1_74' title="bbox 2028 2733 3602 2809; baseline 0.004 -22"><span class='ocrx_word' id='word_1_503' title='bbox 2028 2733 2084 2787; x_wconf 73' lang='lat' dir='ltr'><strong>in</strong></span> <span class='ocrx_word' id='word_1_504' title='bbox 2132 2736 2294 2788; x_wconf 88' lang='lat' dir='ltr'><strong>linem</strong></span> <span class='ocrx_word' id='word_1_505' title='bbox 2321 2749 2528 2805; x_wconf 85' lang='lat' dir='ltr'><strong>pauper</strong></span> <span class='ocrx_word' id='word_1_506' title='bbox 2551 2736 2749 2805; x_wconf 88' lang='lat' dir='ltr'><strong>spiritu</strong></span> <span class='ocrx_word' id='word_1_507' title='bbox 2784 2751 2813 2789; x_wconf 91' lang='lat' dir='ltr'><strong>a</strong></span> <span class='ocrx_word' id='word_1_508' title='bbox 2846 2735 2956 2792; x_wconf 91' lang='lat' dir='ltr'><strong>Deo</strong></span> <span class='ocrx_word' id='word_1_509' title='bbox 2982 2738 3371 2809; x_wconf 77' lang='lat' dir='ltr'><strong>negligendus;</strong></span> <span class='ocrx_word' id='word_1_510' title='bbox 3407 2740 3498 2794; x_wconf 85' lang='lat' dir='ltr'><strong>sed</strong></span> <span class='ocrx_word' id='word_1_511' title='bbox 3527 2737 3602 2793; x_wconf 89' lang='lat' dir='ltr'><strong>ob</strong></span> 
     </span>
    </p>
   </div>
   <div class='ocr_carea' id='block_1_75' title="bbox 2027 2827 3598 2896">
    <p class='ocr_par' dir='ltr' id='par_1_75' title="bbox 2027 2827 3598 2896">
     <span class='ocr_line' id='line_1_75' title="bbox 2027 2827 3598 2896; baseline 0.004 -17"><span class='ocrx_word' id='word_1_512' title='bbox 2027 2833 2352 2895; x_wconf 65' lang='lat' dir='ltr'><strong>praesentem</strong></span> <span class='ocrx_word' id='word_1_513' title='bbox 2381 2827 2719 2896; x_wconf 86' lang='lat' dir='ltr'><strong>patientiam,</strong></span> <span class='ocrx_word' id='word_1_514' title='bbox 2767 2834 2821 2882; x_wconf 88' lang='lat' dir='ltr'><strong>et</strong></span> <span class='ocrx_word' id='word_1_515' title='bbox 2856 2827 3092 2883; x_wconf 80' lang='lat' dir='ltr'><strong>fructum</strong></span> <span class='ocrx_word' id='word_1_516' title='bbox 3124 2845 3284 2884; x_wconf 90' lang='lat' dir='ltr'><strong>suum</strong></span> <span class='ocrx_word' id='word_1_517' title='bbox 3314 2839 3369 2885; x_wconf 89' lang='lat' dir='ltr'><strong>et</strong></span> <span class='ocrx_word' id='word_1_518' title='bbox 3396 2832 3598 2885; x_wconf 90' lang='lat' dir='ltr'><strong>bonum</strong></span> 
     </span>
    </p>
   </div>
   <div class='ocr_carea' id='block_1_76' title="bbox 2029 2917 2607 2986">
    <p class='ocr_par' dir='ltr' id='par_1_76' title="bbox 2029 2917 2607 2986">
     <span class='ocr_line' id='line_1_76' title="bbox 2029 2917 2607 2986; baseline 0.003 -17"><span class='ocrx_word' id='word_1_519' title='bbox 2029 2917 2192 2970; x_wconf 80' lang='lat' dir='ltr'><strong>tinem</strong></span> <span class='ocrx_word' id='word_1_520' title='bbox 2219 2923 2607 2986; x_wconf 89' lang='lat' dir='ltr'><strong>consequetur.</strong></span> 
     </span>
    </p>
   </div>
   <div class='ocr_carea' id='block_1_77' title="bbox 2101 3006 3598 3080">
    <p class='ocr_par' dir='ltr' id='par_1_77' title="bbox 2101 3006 3598 3080">
     <span class='ocr_line' id='line_1_77' title="bbox 2101 3006 3598 3080; baseline 0.003 -19"><span class='ocrx_word' id='word_1_521' title='bbox 2101 3006 2269 3062; x_wconf 73' lang='lat' dir='ltr'><strong>Vitas.</strong></span> <span class='ocrx_word' id='word_1_522' title='bbox 2301 3008 2394 3072; x_wconf 78' lang='grc'><strong>20,</strong></span> <span class='ocrx_word' id='word_1_523' title='bbox 2428 3008 2518 3062; x_wconf 76' lang='grc'><strong>21.</strong></span> <span class='ocrx_word' id='word_1_524' title='bbox 2560 3007 2824 3080; x_wconf 78' lang='lat' dir='ltr'><strong>Exsurge,</strong></span> <span class='ocrx_word' id='word_1_525' title='bbox 2859 3009 3104 3076; x_wconf 88' lang='lat' dir='ltr'><strong>Domine,</strong></span> <span class='ocrx_word' id='word_1_526' title='bbox 3135 3027 3237 3064; x_wconf 90' lang='lat' dir='ltr'><strong>non</strong></span> <span class='ocrx_word' id='word_1_527' title='bbox 3271 3011 3598 3080; x_wconf 79' lang='lat' dir='ltr'><strong>confortetnr</strong></span> 
     </span>
    </p>
   </div>
   <div class='ocr_carea' id='block_1_78' title="bbox 2030 3097 3596 3170">
    <p class='ocr_par' dir='ltr' id='par_1_78' title="bbox 2030 3097 3596 3170">
     <span class='ocr_line' id='line_1_78' title="bbox 2030 3097 3596 3170; baseline 0.004 -20"><span class='ocrx_word' id='word_1_528' title='bbox 2030 3097 2206 3162; x_wconf 88' lang='lat' dir='ltr'><strong>homo,</strong></span> <span class='ocrx_word' id='word_1_529' title='bbox 2224 3098 2535 3168; x_wconf 82' lang='lat' dir='ltr'><strong>judicentur</strong></span> <span class='ocrx_word' id='word_1_530' title='bbox 2565 3110 2740 3170; x_wconf 83' lang='lat' dir='ltr'><strong>gentes</strong></span> <span class='ocrx_word' id='word_1_531' title='bbox 2772 3103 2828 3154; x_wconf 89' lang='lat' dir='ltr'><strong>in</strong></span> <span class='ocrx_word' id='word_1_532' title='bbox 2860 3113 3136 3169; x_wconf 86' lang='lat' dir='ltr'><strong>conspectu</strong></span> <span class='ocrx_word' id='word_1_533' title='bbox 3167 3110 3276 3156; x_wconf 84' lang='lat' dir='ltr'><strong>tuo.</strong></span> <span class='ocrx_word' id='word_1_534' title='bbox 3303 3101 3596 3166; x_wconf 79' lang='lat' dir='ltr'><strong>Constitue,</strong></span> 
     </span>
    </p>
   </div>
   <div class='ocr_carea' id='block_1_79' title="bbox 2030 3191 3598 3266">
    <p class='ocr_par' dir='ltr' id='par_1_79' title="bbox 2030 3191 3598 3266">
     <span class='ocr_line' id='line_1_79' title="bbox 2030 3191 3598 3266; baseline 0.004 -23"><span class='ocrx_word' id='word_1_535' title='bbox 2030 3191 2275 3257; x_wconf 75' lang='lat' dir='ltr'><strong>Domine,</strong></span> <span class='ocrx_word' id='word_1_536' title='bbox 2312 3193 2666 3262; x_wconf 88' lang='lat' dir='ltr'><strong>legislatorem</strong></span> <span class='ocrx_word' id='word_1_537' title='bbox 2695 3211 2851 3264; x_wconf 86' lang='lat' dir='ltr'><strong>super</strong></span> <span class='ocrx_word' id='word_1_538' title='bbox 2889 3210 3018 3248; x_wconf 91' lang='lat' dir='ltr'><strong>eos:</strong></span> <span class='ocrx_word' id='word_1_539' title='bbox 3049 3195 3220 3248; x_wconf 79' lang='lat' dir='ltr'><strong>sciant</strong></span> <span class='ocrx_word' id='word_1_540' title='bbox 3251 3205 3425 3264; x_wconf 85' lang='lat' dir='ltr'><strong>gentes</strong></span> <span class='ocrx_word' id='word_1_541' title='bbox 3466 3213 3598 3266; x_wconf 89' lang='lat' dir='ltr'><strong>quo-</strong></span> 
     </span>
    </p>
   </div>
   <div class='ocr_carea' id='block_1_80' title="bbox 2029 3283 3602 3356">
    <p class='ocr_par' dir='ltr' id='par_1_80' title="bbox 2029 3283 3602 3356">
     <span class='ocr_line' id='line_1_80' title="bbox 2029 3283 3602 3356; baseline 0.003 -19"><span class='ocrx_word' id='word_1_542' title='bbox 2029 3285 2172 3338; x_wconf 70' lang='lat' dir='ltr'><strong>niam</strong></span> <span class='ocrx_word' id='word_1_543' title='bbox 2191 3283 2423 3338; x_wconf 82' lang='lat' dir='ltr'><strong>homines</strong></span> <span class='ocrx_word' id='word_1_544' title='bbox 2454 3294 2599 3340; x_wconf 87' lang='lat' dir='ltr'><strong>sunt.</strong></span> <span class='ocrx_word' id='word_1_545' title='bbox 2627 3284 2796 3340; x_wconf 90' lang='lat' dir='ltr'><strong>Deum</strong></span> <span class='ocrx_word' id='word_1_546' title='bbox 2823 3286 3048 3350; x_wconf 80' lang='lat' dir='ltr'><strong>excitat,</strong></span> <span class='ocrx_word' id='word_1_547' title='bbox 3084 3293 3143 3339; x_wconf 93' lang='lat' dir='ltr'><strong>ut</strong></span> <span class='ocrx_word' id='word_1_548' title='bbox 3177 3287 3266 3356; x_wconf 91' lang='lat' dir='ltr'><strong>qui</strong></span> <span class='ocrx_word' id='word_1_549' title='bbox 3313 3288 3602 3342; x_wconf 86' lang='lat' dir='ltr'><strong>tolerantia</strong></span> 
     </span>
    </p>
   </div>
   <div class='ocr_carea' id='block_1_81' title="bbox 2029 3377 3598 3449">
    <p class='ocr_par' dir='ltr' id='par_1_81' title="bbox 2029 3377 3598 3449">
     <span class='ocr_line' id='line_1_81' title="bbox 2029 3377 3598 3449; baseline 0.002 -18"><span class='ocrx_word' id='word_1_550' title='bbox 2029 3390 2150 3440; x_wconf 91' lang='lat' dir='ltr'><strong>sua,</strong></span> <span class='ocrx_word' id='word_1_551' title='bbox 2179 3383 2343 3446; x_wconf 90' lang='lat' dir='ltr'><strong>atque</strong></span> <span class='ocrx_word' id='word_1_552' title='bbox 2372 3377 2422 3429; x_wconf 92' lang='lat' dir='ltr'><strong>vi</strong></span> <span class='ocrx_word' id='word_1_553' title='bbox 2447 3377 2748 3432; x_wconf 76' lang='lat' dir='ltr'><strong>clementize</strong></span> <span class='ocrx_word' id='word_1_554' title='bbox 2802 3384 2855 3432; x_wconf 90' lang='lat' dir='ltr'><strong>et</strong></span> <span class='ocrx_word' id='word_1_555' title='bbox 2902 3379 3196 3448; x_wconf 56' lang='lat' dir='ltr'><strong>patientiae,</strong></span> <span class='ocrx_word' id='word_1_556' title='bbox 3246 3379 3347 3434; x_wconf 89' lang='lat' dir='ltr'><strong>sibi</strong></span> <span class='ocrx_word' id='word_1_557' title='bbox 3380 3379 3598 3449; x_wconf 87' lang='lat' dir='ltr'><strong>quidem</strong></span> 
     </span>
    </p>
   </div>
   <div class='ocr_carea' id='block_1_82' title="bbox 2026 3468 3602 3539">
    <p class='ocr_par' dir='ltr' id='par_1_82' title="bbox 2026 3468 3602 3539">
     <span class='ocr_line' id='line_1_82' title="bbox 2026 3468 3602 3539; baseline 0.002 -17"><span class='ocrx_word' id='word_1_558' title='bbox 2026 3483 2396 3523; x_wconf 68' lang='lat' dir='ltr'><strong>aerumnarum</strong></span> <span class='ocrx_word' id='word_1_559' title='bbox 2426 3468 2860 3533; x_wconf 86' lang='lat' dir='ltr'><strong>diuturnitatem,</strong></span> <span class='ocrx_word' id='word_1_560' title='bbox 2893 3469 3075 3539; x_wconf 90' lang='lat' dir='ltr'><strong>impiis</strong></span> <span class='ocrx_word' id='word_1_561' title='bbox 3121 3485 3250 3524; x_wconf 85' lang='lat' dir='ltr'><strong>vero</strong></span> <span class='ocrx_word' id='word_1_562' title='bbox 3287 3471 3602 3525; x_wconf 85' lang='lat' dir='ltr'><strong>hominibus</strong></span> 
     </span>
    </p>
   </div>
   <div class='ocr_carea' id='block_1_83' title="bbox 2026 3558 3600 3636">
    <p class='ocr_par' dir='ltr' id='par_1_83' title="bbox 2026 3558 3600 3636">
     <span class='ocr_line' id='line_1_83' title="bbox 2026 3558 3600 3636; baseline 0.002 -22"><span class='ocrx_word' id='word_1_563' title='bbox 2026 3558 2261 3615; x_wconf 79' lang='lat' dir='ltr'><strong>vexandi</strong></span> <span class='ocrx_word' id='word_1_564' title='bbox 2286 3567 2502 3630; x_wconf 81' lang='lat' dir='ltr'><strong>tempus</strong></span> <span class='ocrx_word' id='word_1_565' title='bbox 2524 3560 2752 3636; x_wconf 77' lang='lat' dir='ltr'><strong>tribuat.</strong></span> <span class='ocrx_word' id='word_1_566' title='bbox 2787 3559 3082 3630; x_wconf 80' lang='lat' dir='ltr'><strong>Postquam</strong></span> <span class='ocrx_word' id='word_1_567' title='bbox 3124 3574 3303 3616; x_wconf 88' lang='lat' dir='ltr'><strong>autem</strong></span> <span class='ocrx_word' id='word_1_568' title='bbox 3345 3572 3600 3632; x_wconf 86' lang='lat' dir='ltr'><strong>precatus</strong></span> 
     </span>
    </p>
   </div>
   <div class='ocr_carea' id='block_1_84' title="bbox 2027 3649 3602 3722">
    <p class='ocr_par' dir='ltr' id='par_1_84' title="bbox 2027 3649 3602 3722">
     <span class='ocr_line' id='line_1_84' title="bbox 2027 3649 3602 3722; baseline -0.002 -14"><span class='ocrx_word' id='word_1_569' title='bbox 2027 3659 2136 3719; x_wconf 87' lang='lat' dir='ltr'><strong>est,</strong></span> <span class='ocrx_word' id='word_1_570' title='bbox 2165 3658 2226 3706; x_wconf 89' lang='lat' dir='ltr'><strong>ut</strong></span> <span class='ocrx_word' id='word_1_571' title='bbox 2255 3653 2567 3722; x_wconf 73' lang='lat' dir='ltr'><strong>iudicentur</strong></span> <span class='ocrx_word' id='word_1_572' title='bbox 2597 3658 2785 3718; x_wconf 81' lang='lat' dir='ltr'><strong>gentes</strong></span> <span class='ocrx_word' id='word_1_573' title='bbox 2812 3650 2867 3702; x_wconf 93' lang='lat' dir='ltr'><strong>in</strong></span> <span class='ocrx_word' id='word_1_574' title='bbox 2893 3659 3190 3719; x_wconf 87' lang='lat' dir='ltr'><strong>conspectu</strong></span> <span class='ocrx_word' id='word_1_575' title='bbox 3212 3649 3328 3716; x_wconf 87' lang='lat' dir='ltr'><strong>Dei,</strong></span> <span class='ocrx_word' id='word_1_576' title='bbox 3351 3653 3465 3720; x_wconf 88' lang='lat' dir='ltr'><strong>jam</strong></span> <span class='ocrx_word' id='word_1_577' title='bbox 3511 3670 3602 3708; x_wconf 87' lang='lat' dir='ltr'><strong>ro-</strong></span> 
     </span>
    </p>
   </div>
   <div class='ocr_carea' id='block_1_85' title="bbox 2028 3741 3602 3815">
    <p class='ocr_par' dir='ltr' id='par_1_85' title="bbox 2028 3741 3602 3815">
     <span class='ocr_line' id='line_1_85' title="bbox 2028 3741 3602 3815; baseline 0.002 -18"><span class='ocrx_word' id='word_1_578' title='bbox 2028 3751 2120 3815; x_wconf 75' lang='lat' dir='ltr'><strong>gat</strong></span> <span class='ocrx_word' id='word_1_579' title='bbox 2149 3751 2208 3796; x_wconf 91' lang='lat' dir='ltr'><strong>ut</strong></span> <span class='ocrx_word' id='word_1_580' title='bbox 2239 3750 2368 3797; x_wconf 86' lang='lat' dir='ltr'><strong>ante</strong></span> <span class='ocrx_word' id='word_1_581' title='bbox 2412 3741 2657 3796; x_wconf 81' lang='lat' dir='ltr'><strong>futurum</strong></span> <span class='ocrx_word' id='word_1_582' title='bbox 2711 3741 2978 3808; x_wconf 88' lang='lat' dir='ltr'><strong>judicium</strong></span> <span class='ocrx_word' id='word_1_583' title='bbox 3016 3744 3267 3812; x_wconf 86' lang='lat' dir='ltr'><strong>gentibus</strong></span> <span class='ocrx_word' id='word_1_584' title='bbox 3323 3744 3602 3813; x_wconf 80' lang='lat' dir='ltr'><strong>legislator</strong></span> 
     </span>
    </p>
   </div>
   <div class='ocr_carea' id='block_1_86' title="bbox 2029 3832 3604 3896">
    <p class='ocr_par' dir='ltr' id='par_1_86' title="bbox 2029 3832 3604 3896">
     <span class='ocr_line' id='line_1_86' title="bbox 2029 3832 3604 3896; baseline 0 -6"><span class='ocrx_word' id='word_1_585' title='bbox 2029 3834 2423 3896; x_wconf 84' lang='lat' dir='ltr'><strong>constituatur,</strong></span> <span class='ocrx_word' id='word_1_586' title='bbox 2447 3838 2507 3886; x_wconf 92' lang='lat' dir='ltr'><strong>ut</strong></span> <span class='ocrx_word' id='word_1_587' title='bbox 2545 3832 2761 3885; x_wconf 87' lang='lat' dir='ltr'><strong>discant</strong></span> <span class='ocrx_word' id='word_1_588' title='bbox 2789 3847 2848 3886; x_wconf 88' lang='lat' dir='ltr'><strong>se</strong></span> <span class='ocrx_word' id='word_1_589' title='bbox 2875 3832 3147 3896; x_wconf 90' lang='lat' dir='ltr'><strong>homines,</strong></span> <span class='ocrx_word' id='word_1_590' title='bbox 3173 3849 3280 3887; x_wconf 93' lang='lat' dir='ltr'><strong>non</strong></span> <span class='ocrx_word' id='word_1_591' title='bbox 3304 3834 3462 3889; x_wconf 90' lang='lat' dir='ltr'><strong>bruta</strong></span> <span class='ocrx_word' id='word_1_592' title='bbox 3492 3839 3604 3890; x_wconf 88' lang='lat' dir='ltr'><strong>ani-</strong></span> 
     </span>
    </p>
   </div>
   <div class='ocr_carea' id='block_1_87' title="bbox 2029 3922 3604 3989">
    <p class='ocr_par' dir='ltr' id='par_1_87' title="bbox 2029 3922 3604 3989">
     <span class='ocr_line' id='line_1_87' title="bbox 2029 3922 3604 3989; baseline 0.001 -11"><span class='ocrx_word' id='word_1_593' title='bbox 2029 3925 2216 3989; x_wconf 89' lang='lat' dir='ltr'><strong>malia,</strong></span> <span class='ocrx_word' id='word_1_594' title='bbox 2246 3939 2368 3979; x_wconf 89' lang='lat' dir='ltr'><strong>esse</strong></span> <span class='ocrx_word' id='word_1_595' title='bbox 2397 3941 2409 3976; x_wconf 92' lang='lat'>:</span> <span class='ocrx_word' id='word_1_596' title='bbox 2440 3937 2564 3976; x_wconf 91' lang='lat' dir='ltr'><strong>nam</strong></span> <span class='ocrx_word' id='word_1_597' title='bbox 2613 3922 2792 3978; x_wconf 89' lang='lat' dir='ltr'><strong>brutis</strong></span> <span class='ocrx_word' id='word_1_598' title='bbox 2847 3923 3178 3977; x_wconf 88' lang='lat' dir='ltr'><strong>animalibus</strong></span> <span class='ocrx_word' id='word_1_599' title='bbox 3238 3923 3323 3978; x_wconf 78' lang='lat' dir='ltr'><strong>lex</strong></span> <span class='ocrx_word' id='word_1_600' title='bbox 3377 3925 3604 3980; x_wconf 89' lang='lat' dir='ltr'><strong>minime</strong></span> 
     </span>
    </p>
   </div>
   <div class='ocr_carea' id='block_1_88' title="bbox 2029 4013 3601 4085">
    <p class='ocr_par' dir='ltr' id='par_1_88' title="bbox 2029 4013 3601 4085">
     <span class='ocr_line' id='line_1_88' title="bbox 2029 4013 3601 4085; baseline 0 -15"><span class='ocrx_word' id='word_1_601' title='bbox 2029 4015 2210 4070; x_wconf 90' lang='lat' dir='ltr'><strong>datur.</strong></span> <span class='ocrx_word' id='word_1_602' title='bbox 2236 4015 2503 4070; x_wconf 68' lang='lat' dir='ltr'><strong>Carterum</strong></span> <span class='ocrx_word' id='word_1_603' title='bbox 2532 4029 2640 4068; x_wconf 92' lang='lat' dir='ltr'><strong>non</strong></span> <span class='ocrx_word' id='word_1_604' title='bbox 2670 4013 2761 4067; x_wconf 90' lang='lat' dir='ltr'><strong>hic</strong></span> <span class='ocrx_word' id='word_1_605' title='bbox 2785 4013 2852 4068; x_wconf 86' lang='lat' dir='ltr'><strong>de</strong></span> <span class='ocrx_word' id='word_1_606' title='bbox 2867 4013 3050 4084; x_wconf 84' lang='lat' dir='ltr'><strong>Moyse</strong></span> <span class='ocrx_word' id='word_1_607' title='bbox 3067 4013 3198 4084; x_wconf 78' lang='lat' dir='ltr'><strong>agit,</strong></span> <span class='ocrx_word' id='word_1_608' title='bbox 3220 4015 3313 4085; x_wconf 90' lang='lat' dir='ltr'><strong>qui</strong></span> <span class='ocrx_word' id='word_1_609' title='bbox 3333 4016 3444 4084; x_wconf 89' lang='lat' dir='ltr'><strong>jam</strong></span> <span class='ocrx_word' id='word_1_610' title='bbox 3471 4017 3601 4071; x_wconf 93' lang='lat' dir='ltr'><strong>olim</strong></span> 
     </span>
    </p>
   </div>
   <div class='ocr_carea' id='block_1_89' title="bbox 2029 4103 3604 4178">
    <p class='ocr_par' dir='ltr' id='par_1_89' title="bbox 2029 4103 3604 4178">
     <span class='ocr_line' id='line_1_89' title="bbox 2029 4103 3604 4178; baseline 0 -16"><span class='ocrx_word' id='word_1_611' title='bbox 2029 4107 2098 4162; x_wconf 93' lang='lat' dir='ltr'><strong>de</strong></span> <span class='ocrx_word' id='word_1_612' title='bbox 2125 4107 2306 4162; x_wconf 91' lang='lat' dir='ltr'><strong>medio</strong></span> <span class='ocrx_word' id='word_1_613' title='bbox 2329 4107 2611 4160; x_wconf 89' lang='lat' dir='ltr'><strong>hominum</strong></span> <span class='ocrx_word' id='word_1_614' title='bbox 2647 4105 2901 4161; x_wconf 90' lang='lat' dir='ltr'><strong>sublatus</strong></span> <span class='ocrx_word' id='word_1_615' title='bbox 2931 4103 3138 4166; x_wconf 79' lang='lat' dir='ltr'><strong>fuerat;</strong></span> <span class='ocrx_word' id='word_1_616' title='bbox 3185 4121 3363 4176; x_wconf 90' lang='lat' dir='ltr'><strong>neque</strong></span> <span class='ocrx_word' id='word_1_617' title='bbox 3386 4107 3453 4162; x_wconf 91' lang='lat' dir='ltr'><strong>de</strong></span> <span class='ocrx_word' id='word_1_618' title='bbox 3485 4108 3604 4178; x_wconf 84' lang='lat' dir='ltr'><strong>lege</strong></span> 
     </span>
    </p>
   </div>
   <div class='ocr_carea' id='block_1_90' title="bbox 2028 4197 3604 4269">
    <p class='ocr_par' dir='ltr' id='par_1_90' title="bbox 2028 4197 3604 4269">
     <span class='ocr_line' id='line_1_90' title="bbox 2028 4197 3604 4269; baseline 0.001 -16"><span class='ocrx_word' id='word_1_619' title='bbox 2028 4215 2150 4269; x_wconf 66' lang='lat' dir='ltr'><strong>qua:</strong></span> <span class='ocrx_word' id='word_1_620' title='bbox 2178 4199 2312 4254; x_wconf 89' lang='lat' dir='ltr'><strong>solis</strong></span> <span class='ocrx_word' id='word_1_621' title='bbox 2343 4197 2550 4253; x_wconf 71' lang='lat' dir='ltr'><strong>Iudaeis</strong></span> <span class='ocrx_word' id='word_1_622' title='bbox 2576 4198 2702 4252; x_wconf 84' lang='lat' dir='ltr'><strong>data</strong></span> <span class='ocrx_word' id='word_1_623' title='bbox 2735 4198 2934 4260; x_wconf 82' lang='lat' dir='ltr'><strong>fuerat,</strong></span> <span class='ocrx_word' id='word_1_624' title='bbox 2962 4212 3138 4266; x_wconf 90' lang='lat' dir='ltr'><strong>neque</strong></span> <span class='ocrx_word' id='word_1_625' title='bbox 3170 4199 3285 4250; x_wconf 90' lang='lat' dir='ltr'><strong>vult</strong></span> <span class='ocrx_word' id='word_1_626' title='bbox 3317 4199 3478 4252; x_wconf 89' lang='lat' dir='ltr'><strong>aliam</strong></span> <span class='ocrx_word' id='word_1_627' title='bbox 3506 4215 3604 4254; x_wconf 83' lang='lat' dir='ltr'><strong>ex-</strong></span> 
     </span>
    </p>
   </div>
   <div class='ocr_carea' id='block_1_91' title="bbox 2031 4288 3604 4361">
    <p class='ocr_par' dir='ltr' id='par_1_91' title="bbox 2031 4288 3604 4361">
     <span class='ocr_line' id='line_1_91' title="bbox 2031 4288 3604 4361; baseline -0.001 -16"><span class='ocrx_word' id='word_1_628' title='bbox 2031 4292 2270 4361; x_wconf 89' lang='lat' dir='ltr'><strong>spectari</strong></span> <span class='ocrx_word' id='word_1_629' title='bbox 2314 4291 2507 4360; x_wconf 84' lang='lat' dir='ltr'><strong>legem,</strong></span> <span class='ocrx_word' id='word_1_630' title='bbox 2557 4301 2616 4344; x_wconf 90' lang='lat' dir='ltr'><strong>ut</strong></span> <span class='ocrx_word' id='word_1_631' title='bbox 2655 4288 2790 4345; x_wconf 87' lang='lat' dir='ltr'><strong>Novi</strong></span> <span class='ocrx_word' id='word_1_632' title='bbox 2819 4290 3155 4346; x_wconf 88' lang='lat' dir='ltr'><strong>Testamenti</strong></span> <span class='ocrx_word' id='word_1_633' title='bbox 3191 4291 3277 4344; x_wconf 80' lang='lat' dir='ltr'><strong>lex</strong></span> <span class='ocrx_word' id='word_1_634' title='bbox 3314 4299 3484 4344; x_wconf 90' lang='lat' dir='ltr'><strong>totum</strong></span> <span class='ocrx_word' id='word_1_635' title='bbox 3512 4306 3604 4344; x_wconf 90' lang='lat' dir='ltr'><strong>or-</strong></span> 
     </span>
    </p>
   </div>
   <div class='ocr_carea' id='block_1_92' title="bbox 2030 4383 3604 4455">
    <p class='ocr_par' dir='ltr' id='par_1_92' title="bbox 2030 4383 3604 4455">
     <span class='ocr_line' id='line_1_92' title="bbox 2030 4383 3604 4455; baseline -0.001 -16"><span class='ocrx_word' id='word_1_636' title='bbox 2030 4386 2151 4440; x_wconf 89' lang='lat' dir='ltr'><strong>bem</strong></span> <span class='ocrx_word' id='word_1_637' title='bbox 2193 4385 2470 4455; x_wconf 86' lang='lat' dir='ltr'><strong>pervadat.</strong></span> <span class='ocrx_word' id='word_1_638' title='bbox 2505 4383 2756 4438; x_wconf 85' lang='lat' dir='ltr'><strong>Christus</strong></span> <span class='ocrx_word' id='word_1_639' title='bbox 2786 4384 2931 4438; x_wconf 91' lang='lat' dir='ltr'><strong>enim</strong></span> <span class='ocrx_word' id='word_1_640' title='bbox 2964 4384 3263 4454; x_wconf 84' lang='lat' dir='ltr'><strong>legislator,</strong></span> <span class='ocrx_word' id='word_1_641' title='bbox 3295 4383 3604 4454; x_wconf 82' lang='lat' dir='ltr'><strong>Evangelii-</strong></span> 
     </span>
    </p>
   </div>
   <div class='ocr_carea' id='block_1_93' title="bbox 351 4462 1925 4546">
    <p class='ocr_par' dir='ltr' id='par_1_93' title="bbox 351 4462 1921 4544">
     <span class='ocr_line' id='line_1_93' title="bbox 351 4462 1921 4544; baseline -0.005 -19"><span class='ocrx_word' id='word_1_642' title='bbox 351 4475 614 4544; x_wconf 83' lang='grc' dir='ltr'>κήρυγμα</span> <span class='ocrx_word' id='word_1_643' title='bbox 659 4473 967 4542; x_wconf 82' lang='grc' dir='ltr'>κεκράτηκε</span> <span class='ocrx_word' id='word_1_644' title='bbox 1027 4470 1134 4524; x_wconf 86' lang='grc' dir='ltr'><strong>τῶν</strong></span> <span class='ocrx_word' id='word_1_645' title='bbox 1179 4468 1367 4524; x_wconf 78' lang='grc' dir='ltr'>ἐθνῶν.</span> <span class='ocrx_word' id='word_1_646' title='bbox 1427 4469 1564 4538; x_wconf 71' lang='grc' dir='ltr'>Περὶ</span> <span class='ocrx_word' id='word_1_647' title='bbox 1606 4462 1666 4520; x_wconf 74' lang='grc' dir='ltr'><strong>οὗ</strong></span> <span class='ocrx_word' id='word_1_648' title='bbox 1700 4465 1787 4518; x_wconf 83' lang='grc' dir='ltr'>διὰ</span> <span class='ocrx_word' id='word_1_649' title='bbox 1829 4465 1921 4518; x_wconf 89' lang='grc' dir='ltr'><strong>τοῦ</strong></span> 
     </span>
    </p>
   </div>
   <div class='ocr_carea' id='block_1_94' title="bbox 2028 4462 3603 4546">
    <p class='ocr_par' dir='ltr' id='par_1_94' title="bbox 2028 4475 3603 4546">
     <span class='ocr_line' id='line_1_94' title="bbox 2028 4475 3603 4546; baseline 0.001 -18"><span class='ocrx_word' id='word_1_650' title='bbox 2028 4491 2135 4545; x_wconf 92' lang='lat' dir='ltr'><strong>que</strong></span> <span class='ocrx_word' id='word_1_651' title='bbox 2186 4475 2500 4544; x_wconf 68' lang='lat' dir='ltr'><strong>praedicatio</strong></span> <span class='ocrx_word' id='word_1_652' title='bbox 2546 4475 2600 4528; x_wconf 91' lang='lat' dir='ltr'><strong>in</strong></span> <span class='ocrx_word' id='word_1_653' title='bbox 2649 4475 2901 4545; x_wconf 83' lang='lat' dir='ltr'><strong>gentibus</strong></span> <span class='ocrx_word' id='word_1_654' title='bbox 2949 4475 3206 4530; x_wconf 88' lang='lat' dir='ltr'><strong>obtinuit.</strong></span> <span class='ocrx_word' id='word_1_655' title='bbox 3253 4475 3330 4531; x_wconf 91' lang='lat' dir='ltr'><strong>De</strong></span> <span class='ocrx_word' id='word_1_656' title='bbox 3370 4492 3481 4546; x_wconf 87' lang='lat' dir='ltr'><strong>quo</strong></span> <span class='ocrx_word' id='word_1_657' title='bbox 3507 4492 3603 4546; x_wconf 89' lang='lat' dir='ltr'><strong>per</strong></span> 
     </span>
    </p>
   </div>
   <div class='ocr_carea' id='block_1_95' title="bbox 351 4557 1924 4636">
    <p class='ocr_par' dir='ltr' id='par_1_95' title="bbox 351 4557 1924 4636">
     <span class='ocr_line' id='line_1_95' title="bbox 351 4557 1924 4636; baseline -0.005 -19"><span class='ocrx_word' id='word_1_658' title='bbox 351 4568 634 4636; x_wconf 83' lang='grc' dir='ltr'>προφήτου</span> <span class='ocrx_word' id='word_1_659' title='bbox 692 4564 856 4634; x_wconf 77' lang='grc' dir='ltr'>φησὶν</span> <span class='ocrx_word' id='word_1_660' title='bbox 906 4565 934 4616; x_wconf 89' lang='lat'><strong>6</strong></span> <span class='ocrx_word' id='word_1_661' title='bbox 984 4562 1208 4633; x_wconf 82' lang='grc' dir='ltr'>Πατήρ·</span> <span class='ocrx_word' id='word_1_662' title='bbox 1255 4560 1398 4614; x_wconf 75' lang='grc' dir='ltr'>Ἰδοὺ</span> <span class='ocrx_word' id='word_1_663' title='bbox 1443 4563 1476 4612; x_wconf 84' lang='grc' dir='ltr'><em>ὁ</em></span> <span class='ocrx_word' id='word_1_664' title='bbox 1508 4557 1649 4623; x_wconf 81' lang='grc' dir='ltr'>παῖς</span> <span class='ocrx_word' id='word_1_665' title='bbox 1688 4575 1809 4626; x_wconf 83' lang='grc' dir='ltr'><strong>μου</strong></span> <span class='ocrx_word' id='word_1_666' title='bbox 1852 4557 1924 4609; x_wconf 81' lang='grc' dir='ltr'>ὃν</span> 
     </span>
    </p>
   </div>
   <div class='ocr_carea' id='block_1_96' title="bbox 351 4647 1923 4725">
    <p class='ocr_par' dir='ltr' id='par_1_96' title="bbox 351 4647 1923 4725">
     <span class='ocr_line' id='line_1_96' title="bbox 351 4647 1923 4725; baseline -0.004 -19"><span class='ocrx_word' id='word_1_667' title='bbox 351 4657 618 4725; x_wconf 70' lang='grc' dir='ltr'>ᾑρέτισα,</span> <span class='ocrx_word' id='word_1_668' title='bbox 673 4658 706 4709; x_wconf 86' lang='grc' dir='ltr'><strong>ό</strong></span> <span class='ocrx_word' id='word_1_669' title='bbox 745 4656 1027 4720; x_wconf 74' lang='grc' dir='ltr'>ἐκλεκτός</span> <span class='ocrx_word' id='word_1_670' title='bbox 1071 4671 1189 4722; x_wconf 82' lang='grc' dir='ltr'><strong>μου</strong></span> <span class='ocrx_word' id='word_1_671' title='bbox 1237 4654 1322 4716; x_wconf 85' lang='grc' dir='ltr'><strong>είς</strong></span> <span class='ocrx_word' id='word_1_672' title='bbox 1374 4650 1446 4702; x_wconf 82' lang='grc' dir='ltr'>ὃν</span> <span class='ocrx_word' id='word_1_673' title='bbox 1497 4647 1830 4715; x_wconf 79' lang='grc' dir='ltr'>εὐδόκησεν</span> <span class='ocrx_word' id='word_1_674' title='bbox 1885 4648 1923 4714; x_wconf 74' lang='grc' dir='ltr'>ἡ</span> 
     </span>
    </p>
   </div>
   <div class='ocr_carea' id='block_1_97' title="bbox 349 4741 1924 4818">
    <p class='ocr_par' dir='ltr' id='par_1_97' title="bbox 349 4741 1924 4818">
     <span class='ocr_line' id='line_1_97' title="bbox 349 4741 1924 4818; baseline -0.007 -16"><span class='ocrx_word' id='word_1_675' title='bbox 349 4749 520 4818; x_wconf 70' lang='grc' dir='ltr'><strong>ψυχή</strong></span> <span class='ocrx_word' id='word_1_676' title='bbox 568 4766 706 4818; x_wconf 86' lang='grc' dir='ltr'>μου.</span> <span class='ocrx_word' id='word_1_677' title='bbox 758 4748 974 4815; x_wconf 78' lang='grc' dir='ltr'>Κρίσιν</span> <span class='ocrx_word' id='word_1_678' title='bbox 1029 4745 1153 4810; x_wconf 86' lang='grc' dir='ltr'>τοῖς</span> <span class='ocrx_word' id='word_1_679' title='bbox 1201 4745 1443 4798; x_wconf 78' lang='grc' dir='ltr'>ἔθνεσιν</span> <span class='ocrx_word' id='word_1_680' title='bbox 1490 4741 1733 4805; x_wconf 72' lang='grc' dir='ltr'>ἐξοίσει.</span> <span class='ocrx_word' id='word_1_681' title='bbox 1803 4742 1924 4792; x_wconf 79' lang='grc' dir='ltr'><strong>Οὐκ</strong></span> 
     </span>
    </p>
   </div>
   <div class='ocr_carea' id='block_1_98' title="bbox 349 4831 1926 4911">
    <p class='ocr_par' dir='ltr' id='par_1_98' title="bbox 349 4831 1926 4911">
     <span class='ocr_line' id='line_1_98' title="bbox 349 4831 1926 4911; baseline -0.009 -15"><span class='ocrx_word' id='word_1_682' title='bbox 349 4843 556 4911; x_wconf 75' lang='grc' dir='ltr'>ἐρίσει,</span> <span class='ocrx_word' id='word_1_683' title='bbox 615 4841 756 4896; x_wconf 79' lang='grc' dir='ltr'>οὐδὲ</span> <span class='ocrx_word' id='word_1_684' title='bbox 802 4838 1146 4908; x_wconf 75' lang='grc' dir='ltr'>κραυγάσει,</span> <span class='ocrx_word' id='word_1_685' title='bbox 1201 4834 1341 4889; x_wconf 83' lang='grc' dir='ltr'>οὐδὲ</span> <span class='ocrx_word' id='word_1_686' title='bbox 1396 4831 1840 4898; x_wconf 81' lang='grc' dir='ltr'>ἀκουσθήσεται</span> <span class='ocrx_word' id='word_1_687' title='bbox 1889 4832 1926 4898; x_wconf 80' lang='grc' dir='ltr'><strong><em>ἠ</em></strong></span> 
     </span>
    </p>
   </div>
   <div class='ocr_carea' id='block_1_99' title="bbox 351 4923 1929 5002">
    <p class='ocr_par' dir='ltr' id='par_1_99' title="bbox 351 4923 1929 5002">
     <span class='ocr_line' id='line_1_99' title="bbox 351 4923 1929 5002; baseline -0.008 -15"><span class='ocrx_word' id='word_1_688' title='bbox 351 4933 519 5002; x_wconf 75' lang='grc' dir='ltr'>φωνὴ</span> <span class='ocrx_word' id='word_1_689' title='bbox 550 4931 754 4987; x_wconf 86' lang='grc' dir='ltr'>αὑτοῦ.</span> <span class='ocrx_word' id='word_1_690' title='bbox 797 4930 1080 5000; x_wconf 72' lang='grc' dir='ltr'>Κάλαμον</span> <span class='ocrx_word' id='word_1_691' title='bbox 1111 4923 1638 4993; x_wconf 78' lang='grc' dir='ltr'>συντεθλασμένον</span> <span class='ocrx_word' id='word_1_692' title='bbox 1675 4924 1747 4975; x_wconf 85' lang='grc' dir='ltr'>οὐ</span> <span class='ocrx_word' id='word_1_693' title='bbox 1777 4937 1929 4974; x_wconf 85' lang='grc' dir='ltr'>συν-</span> 
     </span>
    </p>
   </div>
   <div class='ocr_carea' id='block_1_100' title="bbox 351 5013 1928 5096">
    <p class='ocr_par' dir='ltr' id='par_1_100' title="bbox 351 5013 1928 5096">
     <span class='ocr_line' id='line_1_100' title="bbox 351 5013 1928 5096; baseline -0.008 -18"><span class='ocrx_word' id='word_1_694' title='bbox 351 5027 568 5096; x_wconf 72' lang='grc' dir='ltr'>τρίψει,</span> <span class='ocrx_word' id='word_1_695' title='bbox 614 5026 712 5080; x_wconf 78' lang='grc' dir='ltr'>καὶ</span> <span class='ocrx_word' id='word_1_696' title='bbox 753 5026 930 5078; x_wconf 71' lang='grc' dir='ltr'>λίνον</span> <span class='ocrx_word' id='word_1_697' title='bbox 979 5024 1318 5090; x_wconf 67' lang='grc' dir='ltr'>τυφόμενον</span> <span class='ocrx_word' id='word_1_698' title='bbox 1373 5019 1445 5070; x_wconf 85' lang='grc' dir='ltr'>οὐ</span> <span class='ocrx_word' id='word_1_699' title='bbox 1493 5015 1735 5069; x_wconf 82' lang='grc' dir='ltr'>σϐέσει·</span> <span class='ocrx_word' id='word_1_700' title='bbox 1791 5013 1928 5067; x_wconf 74' lang='grc' dir='ltr'><strong>ἀλλ’</strong></span> 
     </span>
    </p>
   </div>
   <div class='ocr_carea' id='block_1_101' title="bbox 352 5108 1930 5186">
    <p class='ocr_par' dir='ltr' id='par_1_101' title="bbox 352 5108 1930 5186">
     <span class='ocr_line' id='line_1_101' title="bbox 352 5108 1930 5186; baseline -0.008 -13"><span class='ocrx_word' id='word_1_701' title='bbox 352 5124 441 5186; x_wconf 80' lang='grc' dir='ltr'>εὶς</span> <span class='ocrx_word' id='word_1_702' title='bbox 480 5119 769 5186; x_wconf 72' lang='grc' dir='ltr'>ἀλήθειαν</span> <span class='ocrx_word' id='word_1_703' title='bbox 792 5117 1014 5180; x_wconf 79' lang='grc' dir='ltr'>ἐξοίσει</span> <span class='ocrx_word' id='word_1_704' title='bbox 1052 5113 1271 5181; x_wconf 80' lang='grc' dir='ltr'>κρίσιν.</span> <span class='ocrx_word' id='word_1_705' title='bbox 1319 5109 1703 5177; x_wconf 72' lang='grc' dir='ltr'>Ἀναλάμψει,</span> <span class='ocrx_word' id='word_1_706' title='bbox 1728 5108 1824 5160; x_wconf 76' lang='grc' dir='ltr'>καὶ</span> <span class='ocrx_word' id='word_1_707' title='bbox 1859 5109 1930 5161; x_wconf 86' lang='grc' dir='ltr'>οὐ</span> 
     </span>
    </p>
   </div>
   <div class='ocr_carea' id='block_1_102' title="bbox 353 5199 1930 5279">
    <p class='ocr_par' dir='ltr' id='par_1_102' title="bbox 353 5199 1930 5279">
     <span class='ocr_line' id='line_1_102' title="bbox 353 5199 1930 5279; baseline -0.009 -14"><span class='ocrx_word' id='word_1_708' title='bbox 353 5210 814 5279; x_wconf 73' lang='grc' dir='ltr'>θραυσθήσεται,</span> <span class='ocrx_word' id='word_1_709' title='bbox 838 5207 947 5272; x_wconf 78' lang='grc' dir='ltr'>ἕως</span> <span class='ocrx_word' id='word_1_710' title='bbox 969 5205 1045 5260; x_wconf 86' lang='grc' dir='ltr'>ἂν</span> <span class='ocrx_word' id='word_1_711' title='bbox 1071 5204 1265 5273; x_wconf 49' lang='lat' dir='ltr'><strong>emam</strong></span> <span class='ocrx_word' id='word_1_712' title='bbox 1308 5201 1418 5271; x_wconf 82' lang='grc' dir='ltr'><strong>τῆς</strong></span> <span class='ocrx_word' id='word_1_713' title='bbox 1439 5200 1551 5269; x_wconf 79' lang='grc' dir='ltr'><strong>γῆς</strong></span> <span class='ocrx_word' id='word_1_714' title='bbox 1583 5200 1805 5267; x_wconf 83' lang='grc' dir='ltr'>κρίσιν,</span> <span class='ocrx_word' id='word_1_715' title='bbox 1832 5199 1930 5252; x_wconf 76' lang='grc' dir='ltr'>καὶ</span> 
     </span>
    </p>
   </div>
   <div class='ocr_carea' id='block_1_103' title="bbox 353 5294 1929 5372">
    <p class='ocr_par' dir='ltr' id='par_1_103' title="bbox 353 5294 1929 5372">
     <span class='ocr_line' id='line_1_103' title="bbox 353 5294 1929 5372; baseline -0.006 -16"><span class='ocrx_word' id='word_1_716' title='bbox 353 5303 434 5369; x_wconf 85' lang='grc' dir='ltr'>τῷ</span> <span class='ocrx_word' id='word_1_717' title='bbox 489 5304 732 5372; x_wconf 82' lang='grc' dir='ltr'>ὀνόματι</span> <span class='ocrx_word' id='word_1_718' title='bbox 787 5299 974 5353; x_wconf 75' lang='grc' dir='ltr'>αὐτοῦ</span> <span class='ocrx_word' id='word_1_719' title='bbox 1027 5297 1169 5364; x_wconf 78' lang='grc' dir='ltr'>ἔθνη</span> <span class='ocrx_word' id='word_1_720' title='bbox 1222 5295 1542 5350; x_wconf 71' lang='grc' dir='ltr'>ἐλπιοῦσιν</span> <span class='ocrx_word' id='word_1_721' title='bbox 1603 5294 1699 5364; x_wconf 79' lang='grc' dir='ltr'>(Ι).</span> <span class='ocrx_word' id='word_1_722' title='bbox 1751 5294 1822 5346; x_wconf 84' lang='grc' dir='ltr'><strong>Τὸ</strong></span> <span class='ocrx_word' id='word_1_723' title='bbox 1871 5294 1929 5346; x_wconf 82' lang='grc' dir='ltr'>δὲ</span> 
     </span>
    </p>
   </div>
   <div class='ocr_carea' id='block_1_104' title="bbox 365 5383 1926 5466">
    <p class='ocr_par' dir='ltr' id='par_1_104' title="bbox 365 5383 1926 5466">
     <span class='ocr_line' id='line_1_104' title="bbox 365 5383 1926 5466; baseline -0.006 -18"><span class='ocrx_word' id='word_1_724' title='bbox 365 5395 651 5466; x_wconf 74' lang='grc' dir='ltr'>Ἐϐραῖκὸν</span> <span class='ocrx_word' id='word_1_725' title='bbox 684 5393 779 5446; x_wconf 73' lang='grc' dir='ltr'><strong>καὶ</strong></span> <span class='ocrx_word' id='word_1_726' title='bbox 801 5408 852 5444; x_wconf 89' lang='grc' dir='ltr'><strong>οι</strong></span> <span class='ocrx_word' id='word_1_727' title='bbox 879 5391 1053 5444; x_wconf 73' lang='grc' dir='ltr'>λοιποὶ</span> <span class='ocrx_word' id='word_1_728' title='bbox 1080 5388 1280 5451; x_wconf 85' lang='grc' dir='ltr'>πάντες</span> <span class='ocrx_word' id='word_1_729' title='bbox 1318 5387 1670 5459; x_wconf 70' lang='grc' dir='ltr'>ὲρμηνευταὶ,</span> <span class='ocrx_word' id='word_1_730' title='bbox 1704 5385 1812 5439; x_wconf 78' lang='grc' dir='ltr'><strong>Καὶ</strong></span> <span class='ocrx_word' id='word_1_731' title='bbox 1847 5383 1926 5449; x_wconf 84' lang='grc' dir='ltr'>τῷ</span> 
     </span>
    </p>
   </div>
   <div class='ocr_carea' id='block_1_105' title="bbox 352 5480 1608 5554">
    <p class='ocr_par' dir='ltr' id='par_1_105' title="bbox 352 5480 1608 5554">
     <span class='ocr_line' id='line_1_105' title="bbox 352 5480 1608 5554; baseline -0.006 -14"><span class='ocrx_word' id='word_1_732' title='bbox 352 5489 514 5554; x_wconf 84' lang='grc' dir='ltr'>νόμῳ</span> <span class='ocrx_word' id='word_1_733' title='bbox 551 5485 736 5540; x_wconf 82' lang='grc' dir='ltr'>αὐτοῦ</span> <span class='ocrx_word' id='word_1_734' title='bbox 775 5484 918 5552; x_wconf 74' lang='grc' dir='ltr'>ἔθνη</span> <span class='ocrx_word' id='word_1_735' title='bbox 943 5482 1284 5546; x_wconf 75' lang='grc' dir='ltr'>ἐλπιοῦσιν,</span> <span class='ocrx_word' id='word_1_736' title='bbox 1319 5480 1608 5547; x_wconf 76' lang='grc' dir='ltr'>ἐξέδωκαν.</span> 
     </span>
    </p>
   </div>
   <div class='ocr_carea' id='block_1_106' title="bbox 331 5598 958 5671">
    <p class='ocr_par' dir='ltr' id='par_1_106' title="bbox 331 5598 958 5671">
     <span class='ocr_line' id='line_1_106' title="bbox 331 5598 958 5671; baseline 0.002 -12"><span class='ocrx_word' id='word_1_737' title='bbox 331 5598 352 5646; x_wconf 63' lang='grc'><strong>⁸-</strong></span> <span class='ocrx_word' id='word_1_738' title='bbox 424 5606 470 5638; x_wconf 80' lang='grc'><strong>’⁸</strong></span> <span class='ocrx_word' id='word_1_739' title='bbox 511 5606 614 5660; x_wconf 86' lang='lat' dir='ltr'><strong>lsa.</strong></span> <span class='ocrx_word' id='word_1_740' title='bbox 653 5622 801 5671; x_wconf 77' lang='lat' dir='ltr'><strong>ml,</strong></span> <span class='ocrx_word' id='word_1_741' title='bbox 843 5605 958 5661; x_wconf 78' lang='grc'><strong>1-4.</strong></span> 
     </span>
    </p>
   </div>
   <div class='ocr_carea' id='block_1_107' title="bbox 2031 4565 3599 4638">
    <p class='ocr_par' dir='ltr' id='par_1_107' title="bbox 2031 4565 3599 4638">
     <span class='ocr_line' id='line_1_107' title="bbox 2031 4565 3599 4638; baseline 0 -18"><span class='ocrx_word' id='word_1_742' title='bbox 2031 4568 2355 4638; x_wconf 89' lang='lat' dir='ltr'><strong>prophetam</strong></span> <span class='ocrx_word' id='word_1_743' title='bbox 2391 4567 2469 4620; x_wconf 90' lang='lat' dir='ltr'><strong>ait</strong></span> <span class='ocrx_word' id='word_1_744' title='bbox 2513 4565 2675 4621; x_wconf 89' lang='lat' dir='ltr'><strong>Pater</strong></span> <span class='ocrx_word' id='word_1_745' title='bbox 2708 4586 2718 4620; x_wconf 91' lang='lat'>:</span> <span class='ocrx_word' id='word_1_746' title='bbox 2758 4567 2890 4621; x_wconf 87' lang='lat' dir='ltr'><strong>Ecce</strong></span> <span class='ocrx_word' id='word_1_747' title='bbox 2919 4583 3046 4635; x_wconf 87' lang='lat' dir='ltr'><strong>puer</strong></span> <span class='ocrx_word' id='word_1_748' title='bbox 3075 4585 3240 4631; x_wconf 79' lang='lat' dir='ltr'><strong>meus,</strong></span> <span class='ocrx_word' id='word_1_749' title='bbox 3261 4584 3412 4636; x_wconf 87' lang='lat' dir='ltr'><strong>quem</strong></span> <span class='ocrx_word' id='word_1_750' title='bbox 3446 4569 3599 4638; x_wconf 86' lang='lat' dir='ltr'><strong>elegi,</strong></span> 
     </span>
    </p>
   </div>
   <div class='ocr_carea' id='block_1_108' title="bbox 2032 4658 3605 4728">
    <p class='ocr_par' dir='ltr' id='par_1_108' title="bbox 2032 4658 3605 4728">
     <span class='ocr_line' id='line_1_108' title="bbox 2032 4658 3605 4728; baseline 0.001 -17"><span class='ocrx_word' id='word_1_751' title='bbox 2032 4660 2224 4712; x_wconf 85' lang='lat' dir='ltr'><strong>electus</strong></span> <span class='ocrx_word' id='word_1_752' title='bbox 2248 4675 2427 4722; x_wconf 87' lang='lat' dir='ltr'><strong>meus;</strong></span> <span class='ocrx_word' id='word_1_753' title='bbox 2465 4659 2783 4728; x_wconf 86' lang='lat' dir='ltr'><strong>complacuit</strong></span> <span class='ocrx_word' id='word_1_754' title='bbox 2806 4659 2980 4711; x_wconf 86' lang='lat' dir='ltr'><strong>sibiin</strong></span> <span class='ocrx_word' id='word_1_755' title='bbox 3003 4659 3095 4711; x_wconf 93' lang='lat' dir='ltr'><strong>illo</strong></span> <span class='ocrx_word' id='word_1_756' title='bbox 3129 4660 3307 4711; x_wconf 88' lang='lat' dir='ltr'><strong>anima</strong></span> <span class='ocrx_word' id='word_1_757' title='bbox 3332 4676 3464 4712; x_wconf 83' lang='lat' dir='ltr'><strong>utea.</strong></span> <span class='ocrx_word' id='word_1_758' title='bbox 3501 4658 3605 4712; x_wconf 84' lang='lat' dir='ltr'><strong>Ju-</strong></span> 
     </span>
    </p>
   </div>
   <div class='ocr_carea' id='block_1_109' title="bbox 2034 4749 3600 4821">
    <p class='ocr_par' dir='ltr' id='par_1_109' title="bbox 2034 4749 3600 4821">
     <span class='ocr_line' id='line_1_109' title="bbox 2034 4749 3600 4821; baseline 0.001 -17"><span class='ocrx_word' id='word_1_759' title='bbox 2034 4751 2232 4804; x_wconf 86' lang='lat' dir='ltr'><strong>dicium</strong></span> <span class='ocrx_word' id='word_1_760' title='bbox 2265 4750 2505 4821; x_wconf 84' lang='lat' dir='ltr'><strong>gentibus</strong></span> <span class='ocrx_word' id='word_1_761' title='bbox 2539 4750 2788 4819; x_wconf 75' lang='lat' dir='ltr'><strong>proferet.</strong></span> <span class='ocrx_word' id='word_1_762' title='bbox 2819 4749 2940 4804; x_wconf 87' lang='lat' dir='ltr'><strong>Non</strong></span> <span class='ocrx_word' id='word_1_763' title='bbox 2962 4750 3256 4816; x_wconf 85' lang='lat' dir='ltr'><strong>contendet,</strong></span> <span class='ocrx_word' id='word_1_764' title='bbox 3294 4768 3453 4821; x_wconf 89' lang='lat' dir='ltr'><strong>neque</strong></span> <span class='ocrx_word' id='word_1_765' title='bbox 3484 4752 3600 4806; x_wconf 84' lang='lat' dir='ltr'><strong>cla-</strong></span> 
     </span>
    </p>
   </div>
   <div class='ocr_carea' id='block_1_110' title="bbox 2032 4840 3601 4912">
    <p class='ocr_par' dir='ltr' id='par_1_110' title="bbox 2032 4840 3601 4912">
     <span class='ocr_line' id='line_1_110' title="bbox 2032 4840 3601 4912; baseline 0.003 -20"><span class='ocrx_word' id='word_1_766' title='bbox 2032 4841 2219 4905; x_wconf 86' lang='lat' dir='ltr'><strong>mabit,</strong></span> <span class='ocrx_word' id='word_1_767' title='bbox 2245 4857 2405 4910; x_wconf 89' lang='lat' dir='ltr'><strong>neque</strong></span> <span class='ocrx_word' id='word_1_768' title='bbox 2428 4840 2674 4894; x_wconf 87' lang='lat' dir='ltr'><strong>audietur</strong></span> <span class='ocrx_word' id='word_1_769' title='bbox 2698 4857 2796 4895; x_wconf 76' lang='lat' dir='ltr'><strong>vox</strong></span> <span class='ocrx_word' id='word_1_770' title='bbox 2823 4842 2955 4911; x_wconf 88' lang='lat' dir='ltr'><strong>ejus.</strong></span> <span class='ocrx_word' id='word_1_771' title='bbox 2991 4841 3271 4897; x_wconf 88' lang='lat' dir='ltr'><strong>Calamum</strong></span> <span class='ocrx_word' id='word_1_772' title='bbox 3293 4855 3601 4912; x_wconf 81' lang='lat' dir='ltr'><strong>quassatum</strong></span> 
     </span>
    </p>
   </div>
   <div class='ocr_carea' id='block_1_111' title="bbox 2034 4934 3601 5007">
    <p class='ocr_par' dir='ltr' id='par_1_111' title="bbox 2034 4934 3601 5007">
     <span class='ocr_line' id='line_1_111' title="bbox 2034 4934 3601 5007; baseline 0 -19"><span class='ocrx_word' id='word_1_773' title='bbox 2034 4951 2137 4988; x_wconf 90' lang='lat' dir='ltr'><strong>non</strong></span> <span class='ocrx_word' id='word_1_774' title='bbox 2171 4943 2423 4996; x_wconf 85' lang='lat' dir='ltr'><strong>conteret,</strong></span> <span class='ocrx_word' id='word_1_775' title='bbox 2450 4942 2499 4986; x_wconf 89' lang='lat' dir='ltr'><strong>et</strong></span> <span class='ocrx_word' id='word_1_776' title='bbox 2540 4934 2706 4986; x_wconf 86' lang='lat' dir='ltr'><strong>linum</strong></span> <span class='ocrx_word' id='word_1_777' title='bbox 2740 4934 3004 5005; x_wconf 84' lang='lat' dir='ltr'><strong>fumignns</strong></span> <span class='ocrx_word' id='word_1_778' title='bbox 3031 4953 3133 4990; x_wconf 90' lang='lat' dir='ltr'><strong>non</strong></span> <span class='ocrx_word' id='word_1_779' title='bbox 3161 4941 3482 5007; x_wconf 72' lang='lat' dir='ltr'><strong>exstinguet;</strong></span> <span class='ocrx_word' id='word_1_780' title='bbox 3510 4937 3601 4990; x_wconf 84' lang='lat' dir='ltr'><strong>sed</strong></span> 
     </span>
    </p>
   </div>
   <div class='ocr_carea' id='block_1_112' title="bbox 2033 5023 3602 5096">
    <p class='ocr_par' dir='ltr' id='par_1_112' title="bbox 2033 5023 3602 5096">
     <span class='ocr_line' id='line_1_112' title="bbox 2033 5023 3602 5096; baseline 0.001 -17"><span class='ocrx_word' id='word_1_781' title='bbox 2033 5027 2088 5078; x_wconf 88' lang='lat' dir='ltr'><strong>in</strong></span> <span class='ocrx_word' id='word_1_782' title='bbox 2120 5026 2334 5079; x_wconf 83' lang='lat' dir='ltr'><strong>veritate</strong></span> <span class='ocrx_word' id='word_1_783' title='bbox 2360 5023 2541 5078; x_wconf 87' lang='lat' dir='ltr'><strong>educet</strong></span> <span class='ocrx_word' id='word_1_784' title='bbox 2569 5025 2854 5093; x_wconf 86' lang='lat' dir='ltr'><strong>judicium.</strong></span> <span class='ocrx_word' id='word_1_785' title='bbox 2881 5025 3242 5096; x_wconf 83' lang='lat' dir='ltr'><strong>Resplendebit</strong></span> <span class='ocrx_word' id='word_1_786' title='bbox 3271 5037 3318 5082; x_wconf 90' lang='lat' dir='ltr'><strong>et</strong></span> <span class='ocrx_word' id='word_1_787' title='bbox 3356 5045 3458 5082; x_wconf 92' lang='lat' dir='ltr'><strong>non</strong></span> <span class='ocrx_word' id='word_1_788' title='bbox 3490 5029 3602 5081; x_wconf 89' lang='lat' dir='ltr'><strong>col-</strong></span> 
     </span>
    </p>
   </div>
   <div class='ocr_carea' id='block_1_113' title="bbox 2037 5113 3602 5185">
    <p class='ocr_par' dir='ltr' id='par_1_113' title="bbox 2037 5113 3602 5185">
     <span class='ocr_line' id='line_1_113' title="bbox 2037 5113 3602 5185; baseline 0.002 -16"><span class='ocrx_word' id='word_1_789' title='bbox 2037 5116 2248 5178; x_wconf 86' lang='lat' dir='ltr'><strong>lidetur,</strong></span> <span class='ocrx_word' id='word_1_790' title='bbox 2277 5113 2442 5168; x_wconf 79' lang='lat' dir='ltr'><strong>donec</strong></span> <span class='ocrx_word' id='word_1_791' title='bbox 2472 5125 2634 5184; x_wconf 89' lang='lat' dir='ltr'><strong>ponat</strong></span> <span class='ocrx_word' id='word_1_792' title='bbox 2669 5117 2722 5170; x_wconf 87' lang='lat' dir='ltr'><strong>in</strong></span> <span class='ocrx_word' id='word_1_793' title='bbox 2766 5125 2908 5170; x_wconf 90' lang='lat' dir='ltr'><strong>terra</strong></span> <span class='ocrx_word' id='word_1_794' title='bbox 2933 5117 3218 5185; x_wconf 81' lang='lat' dir='ltr'><strong>judicium,</strong></span> <span class='ocrx_word' id='word_1_795' title='bbox 3249 5126 3298 5171; x_wconf 86' lang='lat' dir='ltr'><strong>et</strong></span> <span class='ocrx_word' id='word_1_796' title='bbox 3332 5119 3386 5171; x_wconf 88' lang='lat' dir='ltr'><strong>in</strong></span> <span class='ocrx_word' id='word_1_797' title='bbox 3417 5135 3602 5173; x_wconf 87' lang='lat' dir='ltr'><strong>nomen</strong></span> 
     </span>
    </p>
   </div>
   <div class='ocr_carea' id='block_1_114' title="bbox 2033 5207 3602 5277">
    <p class='ocr_par' dir='ltr' id='par_1_114' title="bbox 2033 5207 3602 5277">
     <span class='ocr_line' id='line_1_114' title="bbox 2033 5207 3602 5277; baseline 0.001 -16"><span class='ocrx_word' id='word_1_798' title='bbox 2033 5208 2146 5276; x_wconf 86' lang='lat' dir='ltr'><strong>ejus</strong></span> <span class='ocrx_word' id='word_1_799' title='bbox 2175 5216 2350 5277; x_wconf 85' lang='lat' dir='ltr'><strong>gentes</strong></span> <span class='ocrx_word' id='word_1_800' title='bbox 2381 5207 2663 5276; x_wconf 83' lang='lat' dir='ltr'><strong>sperabunt</strong></span> <span class='ocrx_word' id='word_1_801' title='bbox 2695 5208 2762 5261; x_wconf 74' lang='lat'><strong>9&quot;.</strong></span> <span class='ocrx_word' id='word_1_802' title='bbox 2801 5207 3125 5263; x_wconf 86' lang='lat' dir='ltr'><strong>llebraicum</strong></span> <span class='ocrx_word' id='word_1_803' title='bbox 3170 5219 3350 5263; x_wconf 86' lang='lat' dir='ltr'><strong>autem</strong></span> <span class='ocrx_word' id='word_1_804' title='bbox 3381 5218 3435 5264; x_wconf 92' lang='lat' dir='ltr'><strong>et</strong></span> <span class='ocrx_word' id='word_1_805' title='bbox 3476 5209 3602 5263; x_wconf 87' lang='lat' dir='ltr'><strong>reli-</strong></span> 
     </span>
    </p>
   </div>
   <div class='ocr_carea' id='block_1_115' title="bbox 2033 5300 3601 5372">
    <p class='ocr_par' dir='ltr' id='par_1_115' title="bbox 2033 5300 3601 5372">
     <span class='ocr_line' id='line_1_115' title="bbox 2033 5300 3601 5372; baseline 0.003 -19"><span class='ocrx_word' id='word_1_806' title='bbox 2033 5301 2122 5370; x_wconf 91' lang='lat' dir='ltr'><strong>qui</strong></span> <span class='ocrx_word' id='word_1_807' title='bbox 2151 5316 2344 5355; x_wconf 90' lang='lat' dir='ltr'><strong>omnes</strong></span> <span class='ocrx_word' id='word_1_808' title='bbox 2366 5301 2692 5371; x_wconf 88' lang='lat' dir='ltr'><strong>interpretes</strong></span> <span class='ocrx_word' id='word_1_809' title='bbox 2723 5300 3014 5356; x_wconf 84' lang='lat' dir='ltr'><strong>ediderunt</strong></span> <span class='ocrx_word' id='word_1_810' title='bbox 3041 5321 3053 5354; x_wconf 90' lang='lat'><strong>:</strong></span> <span class='ocrx_word' id='word_1_811' title='bbox 3090 5300 3156 5354; x_wconf 84' lang='lat' dir='ltr'><strong>Et</strong></span> <span class='ocrx_word' id='word_1_812' title='bbox 3202 5302 3255 5356; x_wconf 90' lang='lat' dir='ltr'><strong>in</strong></span> <span class='ocrx_word' id='word_1_813' title='bbox 3291 5302 3452 5372; x_wconf 86' lang='lat' dir='ltr'><strong>legem</strong></span> <span class='ocrx_word' id='word_1_814' title='bbox 3483 5300 3601 5370; x_wconf 78' lang='lat' dir='ltr'><strong>ejus</strong></span> 
     </span>
    </p>
   </div>
   <div class='ocr_carea' id='block_1_116' title="bbox 2033 5393 2534 5462">
    <p class='ocr_par' dir='ltr' id='par_1_116' title="bbox 2033 5393 2534 5462">
     <span class='ocr_line' id='line_1_116' title="bbox 2033 5393 2534 5462; baseline 0 -17"><span class='ocrx_word' id='word_1_815' title='bbox 2033 5402 2205 5462; x_wconf 88' lang='lat' dir='ltr'><strong>gentes</strong></span> <span class='ocrx_word' id='word_1_816' title='bbox 2234 5393 2534 5460; x_wconf 88' lang='lat' dir='ltr'><strong>sperabunt.</strong></span> 
     </span>
    </p>
   </div>
   <div class='ocr_carea' id='block_1_117' title="bbox 428 5694 3598 5796">
    <p class='ocr_par' dir='ltr' id='par_1_117' title="bbox 428 5694 3598 5796">
     <span class='ocr_line' id='line_1_117' title="bbox 428 5694 3598 5796; baseline -0.015 -2"><span class='ocrx_word' id='word_1_817' title='bbox 428 5725 502 5794; x_wconf 74' lang='grc' dir='ltr'><strong>(ί)</strong></span> <span class='ocrx_word' id='word_1_818' title='bbox 530 5727 584 5777; x_wconf 83' lang='grc' dir='ltr'><strong>1η</strong></span> <span class='ocrx_word' id='word_1_819' title='bbox 613 5720 876 5782; x_wconf 67' lang='grc' dir='ltr'>Ποιπεῑεο</span> <span class='ocrx_word' id='word_1_820' title='bbox 910 5723 1108 5796; x_wconf 79' lang='lat' dir='ltr'><strong>legitur</strong></span> <span class='ocrx_word' id='word_1_821' title='bbox 1139 5701 1275 5784; x_wconf 62' lang='grc' dir='ltr'>ιιι-ιη</span> <span class='ocrx_word' id='word_1_822' title='bbox 1301 5728 1431 5780; x_wconf 53' lang='lat' dir='ltr'><strong>Dim</strong></span> <span class='ocrx_word' id='word_1_823' title='bbox 1457 5696 1700 5785; x_wconf 54' lang='lat' dir='ltr'><strong>tn&#39;t&#39;tn&#39;Tt,</strong></span> <span class='ocrx_word' id='word_1_824' title='bbox 1735 5715 1785 5771; x_wconf 86' lang='lat' dir='ltr'><strong>id</strong></span> <span class='ocrx_word' id='word_1_825' title='bbox 1810 5723 1894 5772; x_wconf 91' lang='lat' dir='ltr'><strong>est</strong></span> <span class='ocrx_word' id='word_1_826' title='bbox 1921 5711 2234 5784; x_wconf 81' lang='lat' dir='ltr'><strong>utVulgata</strong></span> <span class='ocrx_word' id='word_1_827' title='bbox 2264 5710 2677 5780; x_wconf 86' lang='lat' dir='ltr'><strong>interpretatur,</strong></span> <span class='ocrx_word' id='word_1_828' title='bbox 2727 5705 2794 5761; x_wconf 83' lang='lat' dir='ltr'><strong>Et</strong></span> <span class='ocrx_word' id='word_1_829' title='bbox 2842 5706 2892 5762; x_wconf 91' lang='lat' dir='ltr'><strong>in</strong></span> <span class='ocrx_word' id='word_1_830' title='bbox 2931 5705 3089 5774; x_wconf 85' lang='lat' dir='ltr'><strong>legem</strong></span> <span class='ocrx_word' id='word_1_831' title='bbox 3138 5701 3250 5769; x_wconf 85' lang='lat' dir='ltr'><strong>ejus</strong></span> <span class='ocrx_word' id='word_1_832' title='bbox 3283 5694 3468 5752; x_wconf 72' lang='lat' dir='ltr'><strong>insula</strong></span> <span class='ocrx_word' id='word_1_833' title='bbox 3501 5709 3598 5751; x_wconf 74' lang='lat' dir='ltr'><strong>ex-</strong></span> 
     </span>
    </p>
   </div>
   <div class='ocr_carea' id='block_1_118' title="bbox 355 5797 683 5864">
    <p class='ocr_par' dir='ltr' id='par_1_118' title="bbox 355 5797 683 5864">
     <span class='ocr_line' id='line_1_118' title="bbox 355 5797 683 5864; baseline 0.009 -14"><span class='ocrx_word' id='word_1_834' title='bbox 355 5797 683 5864; x_wconf 80' lang='lat' dir='ltr'><strong>spectabunt.</strong></span> 
     </span>
    </p>
   </div>
  </div>
