4086 6544
514 308 618 361 m;
1227 308 1496 364 EUSEBII
1534 298 2012 364 cmssme‘usrs
2049 306 2200 364 ore.
2242 306 2421 362 mas
2460 307 2548 363 Ill.
2588 340 2655 348 —
2705 306 3133 365 EXEGETICA..
3170 314 3197 329 '-
3651 320 3769 375 156

1470 403 1810 461 PSALMUS
1850 403 1902 459 X
1960 402 2370 460 SECUNDUM
2414 402 2797 458 HEBR/EOS.

586 494 753 552 Vens.
804 496 855 563 1,
902 497 957 552 2.
1002 496 1071 551 Ut
1121 498 1265 570 quid,
1319 497 1563 565 Domine,
1609 500 1872 554 recessisti
1914 498 2081 568 longe,
2113 504 2160 560 Α

514 591 741 646 desvicis
781 591 836 644 in
874 592 1375 659 opportunitatibus,
1422 592 1476 644 in
1522 591 1903 648 tribulatione?
1940 591 2080 645 Dum

519 684 754 752 superbit
784 686 996 747 impius,
1035 684 1331 737 incenditur
1372 700 1609 753 pauper:
1637 686 2082 755 comprehendun-

518 784 603 828 tur
635 780 687 829 in
715 777 947 830 consiliis
980 774 1167 847 quibus
1202 778 1455 846 cogitant.
1500 779 1583 831 An
1624 778 1752 847 quia
1805 776 1947 831 Deus
1976 787 2079 845 est,

517 868 816 923 secundum
846 866 1191 937 Apostolum,
1226 870 1318 936 qui
1360 866 1778 936 comprehendit
1805 867 2081 936 sapientes

516 958 569 1012 in
622 958 823 1013 astutia
856 973 976 1021 sua,
1026 956 1263 1027 idipsum
1296 957 1408 1026 jam
1453 957 1568 1011 lieri
1620 956 1899 1027 postulat?
1928 955 2082 1010 Multi

514 1054 657 1106 enim
689 1067 813 1105 cum
848 1052 1069 1107 videant
1090 1066 1170 1116 se,
1202 1051 1306 1106 etsi
1336 1051 1390 1103 in
1417 1050 1789 1119 impietatibus
1831 1049 2083 1119 plurimis

512 1152 819 1210 versantes,
857 1160 1120 1216 prospere
1173 1159 1354 1216 agere,
1387 1159 1449 1198 ac
1484 1144 1539 1197 in
1568 1144 1910 1199 calamitates
1945 1143 2085 1198 inci-

515 1235 644 1289 dere
672 1236 879 1298 nullas,
912 1252 1032 1292 sese
1075 1237 1265 1292 beatos
1307 1246 1360 1291 et
1392 1236 1550 1291 laude
1580 1237 1777 1307 dignos
1807 1236 2084 1291 arbitran-

513 1336 626 1381 tur.
652 1329 721 1381 At
758 1337 873 1383 tum
920 1329 1045 1399 ipsi,
1092 1338 1205 1384 tum
1250 1329 1618 1399 improbitatis
1647 1330 1848 1395 aemuli,
1877 1330 2083 1402 ingenti

513 1420 826 1475 adiciuntur
855 1420 1204 1476 detrimento.

582 1511 749 1567 Vens.
805 1510 919 1566 5-5.
965 1511 1229 1575 Quoniam
1289 1512 1544 1567 laudatur
1596 1522 1836 1581 peccator
1873 1514 1933 1567 in
1998 1513 2084 1567 de-

510 1602 725 1656 sideriis
767 1603 959 1656 anima:
990 1618 1129 1666 sure,
1160 1611 1209 1656 ct
1232 1603 1443 1672 iniquus
1475 1603 1816 1657 benedicitur.
1849 1604 2084 1659 Exacer-

512 1693 647 1746 bavit
692 1693 973 1747 Dominum
1018 1704 1262 1763 peccator
1308 1711 1326 1748 :
1376 1696 1662 1749 secundum
1694 1698 2082 1753 multitudinem

511 1785 608 1837 ira:
644 1802 751 1839 sua:
777 1801 880 1839 non
902 1794 1119 1855 qua’ret.
1148 1785 1272 1839 Non
1303 1794 1380 1840 est
1403 1786 1543 1841 Deus
1565 1790 1617 1841 in
1646 1800 1921 1858 conspectu
1943 1790 2080 1858 ejus,

2270 498 2462 563 Ἰνατί,
2491 497 2684 566 Κύριε,
2722 496 3074 566 ἀφέστηκας
3105 498 3425 567 μακρόθεν,
3459 500 3773 569 ὑπερορᾷς

2180 589 2251 643 ἐν
2271 590 2692 665 εὐχαιρίαιςβν
2714 591 2953 658 θλίψει;
2987 593 3081 644 Ἐν
3100 592 3180 655 τῷ
3204 592 3775 660 ὺπερηφανεύεσθαι

2180 680 2288 734 τὸν
2315 678 2505 748 ἀσεϐῆ
2540 679 2907 749 ἐμπυρίζεται
2946 685 2979 735 ό
3002 680 3237 750 πτωχός
3259 697 3273 711 ·
3306 680 3776 751 συλλαμϐάνον-

2177 792 2280 831 ται
2315 774 2384 827 ὲν
2409 771 2771 839 διαϐουλίοις
2798 768 2888 839 οἷς
2931 770 3376 843 διαλογίζονται.
3406 769 3484 826 Ἦ
3518 776 3706 847 ἐπειδὴ
3734 778 3773 831 ὁ

2181 866 2314 931 Θεὸς
2346 868 2374 918 ὀ
2404 866 2770 938 δρασσόμενός
2800 867 2915 919 ἐστι
2947 866 3071 929 τοὺς
3116 866 3311 936 σοφοὺς
3340 867 3397 919 ὲν
3436 869 3501 937 τῇ
3529 885 3773 940 πανουρ-

2182 957 2277 1029 γίᾳ
2303 957 2502 1021 αὐτῶν,
2530 958 2669 1011 κατά
2689 958 2778 1010 τὸν
2803 957 3142 1022 Ἀπόστολον,
3168 957 3324 1011 τοῦτο
3342 958 3475 1012 αὐτὸ
3495 959 3593 1031 ἠδη
3617 960 3773 1028 γενέ-

2186 1045 2308 1098 σθαι
2340 1045 2680 1116 παρακαλεί;
2725 1046 2849 1098 Ἐπὶ
2881 1046 3103 1110 πολλαῖς
3132 1046 3243 1119 γὰρ
3284 1047 3562 1111 ἀσεϐείαις
3590 1049 3771 1119 ὁρῶν-

2180 1154 2273 1201 τες
2308 1139 2504 1203 αὐτοὺς
2542 1141 2591 1191 oi
2638 1138 2824 1193 πολλοὶ
2862 1139 3288 1211 εὑθυνουμένους
3334 1158 3393 1194 τε
3436 1142 3530 1194 καὶ
3572 1142 3775 1212 μηδενὶ

2182 1230 2409 1302 λυπηρῷ
2466 1231 2912 1302 περιπίπτοντας,
2970 1233 3271 1305 μακαρίους
3321 1234 3518 1297 αὐτοὺς
3568 1232 3773 1304 ἡγοῦν-

2182 1339 2270 1376 ται
2296 1324 2389 1375 καί
2418 1322 2651 1376 ἐπαίνων
2675 1322 2876 1387 ἀξίους.
2901 1325 3159 1379 Κάκεῖνοί
3180 1343 3238 1378 τε
3272 1325 3482 1396 μεγάλα
3505 1325 3775 1395 βλάπτον-

2182 1430 2271 1467 ται
2298 1414 2391 1467 καὶ
2413 1416 2461 1467 oi
2491 1413 2727 1486 ζηλωταὶ
2755 1415 2855 1487 τῆς
2879 1417 3077 1481 κακίας
3105 1418 3403 1488 γενόμενοι.

2258 1506 2379 1559 Ὅτι
2429 1506 2754 1560 ἐπαινεῖται
2798 1511 2831 1561 ό
2880 1507 3229 1577 ἁμαρτωλὸς
3272 1509 3340 1561 ἐν
3387 1509 3515 1575 ταῖς
3560 1510 3774 1565 ἐπιθυ-

2177 1599 2343 1667 μίαις
2380 1598 2491 1667 τῆς
2517 1599 2727 1669 ψυχῆς
2758 1600 2965 1664 αὑτοῦ,
2999 1600 3095 1654 καὶ
3118 1603 3151 1655 o'
3174 1600 3396 1654 ἀδικῶν
3431 1603 3774 1673 ἐνευλογεῖ-

2183 1708 2297 1748 ται.
2341 1690 2662 1759 Παρώξυνε
2706 1693 2814 1745 τὸν
2856 1693 3075 1760 Κύριον
3115 1695 3147 1746 ό
3191 1693 3574 1761 ἁμαρτωλόςο
3612 1697 3773 1752 κατὰ

2182 1783 2249 1837 τὸ
2282 1784 2518 1852 πλῆθος
2547 1784 2657 1854 τῆς
2698 1784 2882 1854 ὀργῆς
2908 1786 3094 1840 αὺτοῦ
3128 1788 3237 1841 οὐκ
3265 1787 3595 1855 ἐκζητήσει.
3637 1792 3768 1843 Οὐκ

509 1876 798 1946 inquinata:
842 1886 963 1931 sunt
1001 1878 1095 1932 vite
1144 1878 1294 1933 illius
1342 1879 1396 1933 in
1433 1881 1576 1933 omni
1636 1894 1883 1949 tempore.
1918 1882 2083 1950 Aule-

2184 1873 2353 1927 ἔστιν
2400 1876 2434 1927 ό
2488 1874 2630 1940 Θεὸς
2683 1873 2940 1928 ἐνώπιον
2986 1876 3191 1941 αὐτοῦ,
3240 1878 3642 1946 βεϐηλοῦνται
3698 1882 3769 1933 al

508 1980 700 2017 runtur
722 1964 933 2034 judicia
966 1976 1058 2019 tua
1091 1985 1122 2021 a
1146 1966 1282 2036 {acie
1302 1968 1438 2038 ejus,
1467 1971 1703 2024 omnium
1740 1972 2081 2027 inimicorum

508 2073 723 2111 suorum
761 2056 1143 2115 dominabitur.
1178 2059 1508 2116 Praesentem
1556 2064 1844 2133 impiorum
1888 2066 2082 2121 condi-

510 2149 714 2203 tionem
749 2149 1072 2215 insectatur,
1118 2159 1177 2204 ut
1234 2152 1403 2207 futuri
1451 2154 1644 2223 judicii
1694 2158 2081 2213 necessitatem

509 2230 844 2310 eotnprobet.
902 2243 1041 2298 lllud
1092 2261 1278 2314 porro,
1328 2247 1681 2313 exacerbavit,
1714 2251 1933 2320 Aquila,
1968 2261 2082 2305 tra-

508 2334 680 2397 duxit,
712 2334 1102 2405 interpretatus
1131 2345 1234 2393 est.
1263 2335 1556 2394 Sermones
1579 2339 1779 2411 quippe
1805 2342 1872 2397 de
1895 2340 2082 2396 futuro

510 2424 603 2479 Dei
630 2425 840 2494 judicio
892 2426 995 2497 ipsi
1048 2442 1236 2483 revera
1268 2429 1585 2486 traducunt.
1623 2429 1759 2486 Dum
1796 2447 1926 2488 vero
1957 2434 2082 2503 quis

507 2514 563 2569 in
593 2518 834 2585 peccatis
856 2526 1187 2587 perseverat,
1214 2519 1259 2575 is
1295 2519 1591 2589 impeditur
1623 2523 1918 2593 quominus
1940 2540 2081 2595 quas-

506 2614 593 2658 rat
609 2604 800 2672 Deum,
821 2624 885 2662 ac
906 2609 1013 2663 vim
1043 2611 1139 2665 ira:
1163 2626 1414 2683 magnam
1438 2613 1540 2667 sibi
1559 2622 1858 2684 comparat.
1878 2616 2081 2682 Quam-

506 2699 695 2753 obrem
747 2715 817 2756 ne
862 2701 1035 2755 nimio
1089 2702 1277 2758 labore
1326 2713 1381 2759 et
1411 2706 1685 2761 anxietate
1717 2709 1944 2765 notitias
1982 2709 2079 2765 Dei

508 2792 789 2848 naturales
818 2794 1131 2864 expetieris,
1185 2794 1314 2850 dum
1355 2798 1480 2851 vita:
1521 2806 1629 2852 tua:
1655 2800 1757 2853 via:
1784 2799 2081 2870 inquinataa

505 2891 635 2937 sunt
668 2903 681 2938 :
714 2884 880 2955 idque
911 2900 973 2940 ea
1003 2888 1238 2942 maxime
1263 2888 1330 2942 de
1360 2904 1549 2952 causa,
1574 2890 1720 2960 quod
1748 2891 1953 2960 judicia
1982 2891 2078 2949 Dei

503 2991 617 3031 non
674 2978 858 3033 animo
911 2988 1154 3047 reputes.
1204 2994 1330 3034 cum
1379 2982 1615 3038 maxime
1652 2998 1951 3041 concessus
1978 2985 2077 3041 tibi

504 3067 820 3124 dominatus
850 3070 1016 3125 fuerit
1039 3071 1095 3125 in
1114 3086 1307 3127 omnes
1328 3072 1580 3129 inimicos
1605 3082 1753 3131 tuos.

2188 1963 2313 2017 όδόὶ
2360 1963 2545 2017 αὐτοῦ
2593 1964 2665 2018 ἐν
2714 1966 2894 2019 παντὶ
2947 1967 3145 2035 καιρῷ.
3200 1969 3644 2038 Ἁνταναιρεῖτιιι
3688 1972 3769 2024 τὰ

2187 2055 2439 2125 χρίματὰ
2474 2072 2590 2110 σου
2631 2057 2749 2112 ἀπὸ
2789 2059 3113 2127 προσώπου
3141 2062 3346 2126 αὐτοῦ,
3370 2062 3607 2116 πάντων
3643 2062 3769 2117 τῶν

2186 2151 2412 2219 ἐχθρῶν
2464 2153 2648 2209 αὐτοῦ
2695 2153 3168 2221 κατακυριεύσει.
3220 2154 3298 2225 Τῇ
3355 2154 3599 2226 παρούσῃ
3651 2154 3768 2208 τῶν

2187 2242 2398 2296 ἀσεϐῶν
2424 2244 2779 2315 ἐπεξέρχεται
2810 2245 3160 2308 καταστάσει,
3188 2244 3284 2317 τὴν
3321 2245 3613 2317 μέλλουσαν
3643 2248 3769 2317 κρί-

2188 2352 2272 2387 σιν
2302 2336 2603 2403 ἀναγκαίαν
2628 2336 2796 2401 δεῖξαι
2833 2337 3172 2408 βουλόμενος.
3228 2338 3300 2390 Τὸ
3326 2337 3382 2391 δὲ
3424 2336 3762 2404 παρώξυνε,

2186 2424 2464 2493 διέσυρεν
2512 2425 2740 2489 Ἀκύλας
2774 2428 3106 2498 ἡρμήνευσε.
3138 2427 3275 2488 Τοὺς
3325 2427 3451 2497 περὶ
3484 2424 3618 2478 Θεοῦ
3650 2425 3764 2495 γὰρ

2188 2519 2421 2590 κρίσεως
2467 2517 2658 2586 λόγους
2697 2519 2909 2590 ἀληθῶς
2948 2519 3315 2591 διασύρουσιν.
3353 2518 3655 2589 Ἐπιμένων
3700 2516 3765 2570 δέ

2185 2630 2270 2675 τις
2324 2612 2640 2683 ἁμαρτίαις,
2678 2612 2814 2684 πρὸς
2861 2611 2921 2664 τὸ
2972 2611 3105 2665 Θεὸν
3158 2612 3337 2681 ζητεῖν
3388 2610 3761 2681 ὲμποδίζεται,

2188 2704 2435 2773 συνάγων
2467 2703 2642 2775 ἑαυτῷ
2675 2704 2877 2775 πλῆθος
2896 2703 3084 2776 ὀργῆς.
3121 2702 3211 2755 Διὸ
3246 2703 3318 2773 μὴ
3358 2702 3507 2772 ζήτει
3536 2703 3627 2755 καὶ
3661 2700 3763 2766 τὰς

2186 2797 2314 2869 περὶ
2347 2796 2481 2850 Θεοῦ
2522 2796 2755 2866 φυσικὰς
2786 2794 2991 2858 ἑννοίας
3028 2793 3509 2864 περικοπτόμενος,
3546 2793 3637 2846 καὶ
3664 2792 3762 2846 τοῦ

2185 2886 2302 2960 βίου
2345 2888 2444 2953 τὰς
2477 2888 2629 2952 ὁδοὺς
2677 2887 3018 2959 ἀκαθάρτους
3060 2886 3226 2956 ἔχωνο
3271 2884 3461 2939 τούτου
3495 2903 3558 2954 γε
3601 2886 3763 2957 χάριν

2184 2981 2271 3037 διὰ
2302 2981 2503 3046 παντὸς
2535 2981 2628 3034 καὶ
2658 2980 2751 3034 τοῦ
2788 2980 2922 3033 Θεοῦ
2968 2980 3037 3033 τὰ
3082 2982 3323 3053 κρίματα
3357 2980 3433 3051 μὴ
3471 2979 3764 3050 λαμϐάνων

2185 3076 2265 3141 είς
2292 3072 2435 3140 νοῦν,
2474 3076 2531 3129 ὲν
2563 3074 2641 3146 τῷ
2685 3074 3079 3146 συγχωρεῖσθαι
3128 3075 3357 3147 μάλιστα
3401 3074 3762 3148 κατακυριεῦ-

2188 3181 2275 3216 σαι
2303 3163 2409 3218 τῶν
2440 3163 2669 3235 ἐχθρῶν.

576 3243 742 3298 Vsus.
780 3245 831 3300 7.
857 3244 1022 3315 Cujus
1048 3249 1414 3305 maledictione
1440 3267 1496 3305 os
1525 3251 1734 3321 plenum
1760 3262 1838 3308 est
1859 3263 1909 3309 et
1929 3271 2082 3310 ama-

2257 3252 2338 3312 Οὗ
2368 3256 2518 3325 ἀρᾶς
2544 3258 2609 3311 τὸ
2638 3258 2832 3327 στόμα
2857 3257 3047 3312 αὐτοῦ
3080 3255 3241 3329 γέμει
3267 3259 3368 3313 καὶ
3400 3259 3639 3327 πικρίας
3660 3259 3760 3312 καὶ

505 3337 738 3391 ritudine
767 3346 817 3391 et
846 3337 1006 3402 dolo;
1031 3341 1128 3394 sub
1163 3341 1345 3413 lingua
1375 3343 1489 3412 ejus
1518 3343 1671 3398 labor
1698 3354 1747 3399 et
1785 3346 1961 3401 dolor.
1996 3346 2083 3401 Si-

503 3429 725 3499 quidem
769 3431 1231 3486 heterodoxorum
1281 3450 1344 3488 os
1395 3434 1781 3492 maledictione
1816 3439 2079 3508 repletur,

505 3527 695 3589 utpote
720 3521 813 3591 qui
843 3522 1159 3578 Creatorem
1193 3524 1459 3579 conviciis
1489 3525 1788 3593 incessant,
1826 3531 1971 3598 quod
1995 3532 2084 3585 iti-

506 3615 629 3669 dem
667 3615 917 3669 maledici
948 3615 1158 3670 faciuut
1192 3635 1205 3671 :
1240 3631 1303 3671 os
1341 3604 1467 3671 it'em
1514 3618 1905 3675 iracundorum
1934 3638 2085 3677 ama-

504 3706 770 3769 ritudine,
796 3706 1111 3763 dolosorum
1137 3707 1284 3775 dolo,
1316 3709 1536 3779 plenum
1564 3718 1670 3765 est.

578 3796 743 3853 Vens.
776 3797 830 3853 8.
876 3797 1035 3853 Sedet
1066 3800 1123 3853 in
1158 3800 1368 3854 insidiis
1401 3817 1517 3854 cum
1547 3802 1800 3858 divitibus
1828 3805 1882 3858 in
1904 3804 2083 3860 occul-

506 3888 597 3953 tis,
632 3899 689 3942 ιιι
724 3890 1011 3959 interﬁciat
1054 3891 1402 3946 innocentem.
1454 3891 1592 3947 Dum
1624 3903 1805 3950 autem
1853 3896 1907 3951 id
1944 3898 2077 3969 agit,

505 3983 746 4053 seipsum
772 3984 995 4055 decipit,
1029 3985 1188 4054 quasi
1212 3986 1422 4040 scilicet
1446 3986 1581 4039 nihil
1608 3987 1786 4042 videat
1808 3987 1974 4045 Deus.

579 4073 747 4129 Vens.
784 4076 873 4129 11.
918 4076 1068 4129 Dixit
1112 4077 1249 4130 enim
1294 4077 1348 4130 in
1388 4077 1545 4131 corde
1586 4095 1681 4132 suo
1713 4095 1731 4132 :
1766 4079 1973 4135 Oblitus
2002 4091 2080 4137 est

506 4165 670 4232 Deus,
701 4166 886 4220 avertit
914 4166 1106 4235 faciem
1138 4184 1292 4221 suam
1322 4185 1384 4221 ne
1424 4168 1595 4223 videat
1642 4172 1697 4225 in
1740 4172 1919 4241 ﬁnem.
1955 4171 2081 4228 Haec

508 4260 693 4313 omnia
730 4259 838 4331 agit
872 4259 1072 4330 impius
1103 4261 1369 4317 adversus
1400 4261 1495 4318 Dei
1528 4279 1817 4334 pauperes.
1868 4267 2083 4337 sibique

510 4348 628 4419 ipse
669 4350 1002 4415 ludiﬁcatur,
1030 4351 1161 4406 dum
1196 4354 1312 4409 suis
1359 4353 1463 4409 sibi
1494 4357 1920 4426 cogitationibus
1948 4373 2083 4412 con-

514 4442 670 4512 t‘mgit
706 4458 815 4497 non
845 4459 969 4500 esse
996 4443 1167 4500 Deum
1199 4446 1586 4517 inspectorem.

576 4624 743 4682 Vens.
781 4626 967 4682 12-15.
1008 4625 1270 4697 Exsurge,
1308 4626 1529 4684 Domine
1567 4628 1707 4683 Deus
1741 4646 1905 4695 meus,
1930 4631 2080 4685 exal-
2111 4633 2158 4689 D

510 4727 646 4772 tctur
701 4735 889 4773 manus
958 4728 1072 4783 tua,
1120 4736 1186 4773 ne
1231 4719 1559 4775 obliviscaris
1618 4737 1905 4790 pauperum
1960 4731 2066 4776 tuo-

510 4826 629 4863 rum
665 4812 718 4865 in
766 4813 941 4881 ﬁnem.
992 4812 1147 4868 Vides
1177 4815 1424 4885 quoniam
1483 4825 1538 4867 tu
1574 4814 1806 4869 laborem
1836 4823 1885 4868 et
1928 4814 2079 4868 dolo-

511 4918 620 4955 rem
660 4903 985 4968 consideras,
1022 4914 1095 4971 ut,
1124 4907 1308 4959 tradas
1340 4923 1428 4960 eos
1468 4906 1521 4959 in
1553 4923 1739 4959 manus
1782 4916 1922 4961 tuas.
1960 4906 2080 4960 Tibi

510 4993 792 5048 derelictus
821 5004 897 5048 est
920 5010 1134 5064 pauper,
1166 4997 1398 5066 orphano
1438 5006 1494 5049 tu
1523 5013 1642 5051 eras
1673 4997 1908 5066 adjutor.
1941 4996 2081 5052 Con-

514 5096 620 5140 tere
649 5086 917 5141 brachium
947 5091 1233 5156 peccatoris
1255 5099 1303 5144 et
1327 5091 1548 5161 maligni
1570 5107 1588 5144 :
1613 5102 1879 5160 quwrelur
1894 5107 2082 5159 pecca-

516 5186 627 5230 tum
654 5177 788 5246 ejus,
826 5188 874 5232 et
896 5196 1000 5234 non
1030 5181 1337 5236 invenietur.
1372 5179 1467 5236 Dei
1498 5182 1845 5236 tolerantiam
1878 5182 2082 5235 excitat

514 5269 583 5324 ad
614 5270 881 5340 judicium
907 5271 975 5327 de
1006 5272 1189 5342 impiis
1220 5272 1524 5328 ferendum.
1575 5272 1678 5328 Per
1709 5289 1930 5327 manum
1983 5288 2081 5327 au-

514 5368 623 5415 tem
649 5363 961 5430 exaltatam,
981 5364 1090 5419 vim
1118 5364 1433 5433 iudicialem
1457 5364 1751 5436 signiﬁcat.
1772 5364 1907 5418 Dum
1931 5365 2077 5419 enim

515 5453 632 5521 ipsa
664 5454 860 5524 impios
889 5470 1000 5510 non
1029 5456 1337 5520 ulciscitur,
1371 5470 1471 5509 ceu
1491 5456 1636 5510 victa
1671 5455 1844 5509 videri
1872 5462 2076 5525 potest.

513 5544 744 5611 Quando
784 5562 910 5601 vero
956 5547 1253 5615 unicuique
1298 5546 1479 5601 reddit
1526 5547 1672 5616 quod
1716 5562 1931 5616 aequum
1965 5556 2075 5611 est,

514 5640 740 5696 exaltari
789 5639 1008 5705 dicitur,
1062 5653 1331 5708 nemoque
1383 5639 1556 5708 ipsam
1618 5637 1857 5708 eﬂugere
1907 5640 2075 5695 valet.

2182 3349 2389 3413 δόλου,
2416 3349 2534 3405 ὑπὸ
2558 3349 2672 3419 τὴν
2698 3349 2967 3421 γλῶτταν
2993 3352 3179 3406 αὑτοῦ
3206 3355 3392 3419 κόπος
3420 3353 3520 3406 καὶ
3552 3354 3759 3417 πόνος.

2184 3440 2305 3494 Τῶν
2333 3442 2442 3512 γὰρ
2488 3442 2808 3515 ἑτεροδόξων
2838 3444 2899 3496 τὸ
2930 3444 3104 3515 στόμα
3141 3446 3281 3516 ἀρᾶς
3330 3446 3507 3517 γέμει,
3540 3445 3761 3499 κακολο-

2182 3533 2423 3603 γούντων
2453 3535 2541 3588 τὸν
2570 3536 2931 3608 Δημιουργὸν,
2963 3536 3185 3590 καὶτῶν
3215 3538 3466 3610 λοιδόρων
3486 3555 3500 3569 ο
3539 3540 3760 3611 πικρίας

2180 3625 2237 3678 δὲ
2258 3626 2365 3680 τῶν
2389 3625 2656 3698 θυμικῶν,
2690 3627 2841 3681 δόλου
2871 3628 2979 3683 τῶν
3004 3629 3211 3683 δολίων.

2266 3801 2609 3872 Ἐγκάθηται
2646 3804 2859 3873 ἐνέδρᾳ
2885 3806 3036 3876 μετὰ
3061 3808 3375 3861 πλουσίων
3397 3808 3467 3861 ὲν
3495 3808 3759 3876 ἀποκρύ-

2180 3912 2337 3965 φοις,
2387 3894 2494 3950 τοῦ
2534 3897 2881 3956 ἀποκτεῖναι
2915 3900 3132 3957 ἀθῶον.
3173 3900 3283 3952 Καὶ
3316 3900 3489 3955 ταῦτα
3530 3902 3760 3971 πράττει

2183 3989 2681 4060 παραλογιζόμενος
2709 3991 2921 4055 ἑαυτὸν,
2956 3991 3029 4055 ὡς
3054 3993 3151 4063 οὐχ
3177 3992 3409 4065 ὁρῶντος
3441 3993 3596 4046 Θεοῦ.

2254 4075 2402 4133 Εἷπρ
2450 4081 2563 4148 γὰρ
2607 4079 2677 4131 ἐν
2729 4080 2942 4147 καρδίᾳ
2993 4080 3206 4134 αὐτοῦ·
3261 4080 3675 4149 Ἐπιλέληστιιι
3724 4083 3759 4135 ό

2185 4169 2348 4236 Θεὸς,
2391 4171 2735 4239 ἀπέστρεψε
2760 4171 2826 4223 τὸ
2860 4173 3184 4239 πρόσωπον
3212 4171 3401 4226 αὐτοῦ
3435 4173 3541 4226 τοῦ
3575 4172 3660 4242 μὴ
3682 4174 3757 4226 εί-

2182 4260 2310 4313 δεῖν
2333 4262 2416 4326 είς
2442 4259 2634 4326 τέλος.
2672 4260 2855 4314 Ταῦτα
2889 4261 2944 4315 δὲ
2978 4265 3154 4317 πάντα
3181 4265 3209 4316 ό
3241 4264 3444 4335 ἀσεϐὴς
3472 4263 3615 4315 κατά
3650 4262 3761 4316 τῶν

2184 4352 2430 4421 πενήτων
2452 4351 2544 4404 τοῦ
2577 4352 2711 4405 Θεοῦ
2742 4354 3151 4429 διαπράττεται,
3185 4356 3376 4409 ἑαυτὸν
3409 4338 3759 4409 ἀπατῶνοιαὶ

2184 4447 2293 4506 τοῖς
2331 4444 2523 4497 ἑαυτοῦ
2557 4445 2837 4516 λογισμοῖς
2872 4446 2948 4519 μὴ
2981 4444 3119 4501 εἶναι
3152 4448 3283 4502 Θεὸν
3307 4449 3500 4520 ἔφορον
3524 4447 3731 4501 διανοοῦ

2189 4552 2365 4605 μενος.

2267 4626 2596 4695 Ἀνάστηθι,
2629 4629 2804 4695 Κύριε
2830 4629 2863 4680 ό
2897 4629 3039 4695 Θεός
3065 4647 3205 4698 μου,
3240 4630 3533 4698 ὐψωθήτω
3562 4630 3600 4697 ἡ
3631 4627 3757 4697 χείρ

2184 4737 2320 4783 σου,
2368 4720 2453 4789 μὴ
2492 4721 2747 4791 ἐπιλάϐῃ
2792 4721 2911 4777 τῶν
2951 4723 3225 4791 πενήτων
3264 4738 3379 4776 σου
3425 4725 3511 4789 εὶς
3562 4720 3757 4787 τέλος.

2185 4811 2458 4877 Βλέπεις,
2492 4814 2579 4866 ὅτι
2611 4813 2691 4867 σὺ
2718 4815 2909 4868 πόνον
2946 4814 3044 4867 καὶ
3078 4814 3268 4884 θυμὸν
3296 4813 3623 4879 κατανοεῖς,
3654 4809 3755 4866 τοῦ

2188 4904 2553 4971 παραδοῦναι
2592 4907 2811 4973 αὐτοὺς
2849 4910 2936 4974 είς
2971 4906 3173 4977 χεῖράς
3207 4922 3344 4961 σου.
3378 4906 3480 4961 Σοὶ
3512 4906 3755 4976 ἐγκατα-

2186 4994 2492 5049 λέλειπται
2522 4999 2554 5050 ό
2600 4998 2856 5066 πτωχὸς,
2908 4997 3146 5066 ὀρφανῷ
3185 4997 3265 5051 σὺ
3312 4994 3471 5068 ἦσθα
3510 4997 3753 5064 βοηθός.

2188 5089 2526 5158 Σύντριψον
2558 5088 2664 5142 τὸν
2697 5092 2997 5159 ,βραχίονα
3024 5089 3129 5143 τοῦ
3158 5089 3506 5159 ἁμαρτωλοὶ)
3536 5089 3629 5142 καὶ
3655 5102 3738 5140 -πο

2188 5181 2403 5247 νηροῦ·
2461 5181 2851 5249 ζητηθήσεται
2896 5184 2934 5251 ἡ
2979 5182 3234 5251 ἁμαρτία
3283 5182 3484 5246 αὐτοῦ,
3536 5182 3633 5234 καὶ
3686 5181 3753 5234 οὐ

2183 5271 2268 5341 μὴ
2296 5272 2529 5341 εὑρεθῇ.
2584 5273 2770 5337 Οὕτως
2800 5275 2892 5327 ἐπὶ
2929 5275 3027 5346 τὴν
3061 5275 3170 5329 τῶν
3206 5274 3415 5329 ἀσεϐῶν
3454 5274 3633 5346 κρίσιν
3686 5272 3752 5325 δι-

2186 5366 2388 5436 εγείρει
2414 5366 2599 5420 λοιπὸν
2619 5366 2717 5438 τὴν
2742 5369 2939 5439 ἀνοχὴν
2971 5368 3063 5421 τοῦ
3095 5368 3251 5423 Θεοῦ.
3288 5370 3351 5422 Ἡ
3373 5368 3428 5421 δὲ
3454 5368 3572 5439 χεὶρ
3607 5365 3760 5434 ὑψοῦ·

2192 5462 2326 5531 μένη
2362 5460 2589 5533 δύναμιν
2634 5463 2867 5535 ἐδήλωσε
2902 5466 3171 5536 κριτικήν.
3217 5466 3301 5516 Ἐν
3334 5466 3441 5533 ὅσῳ
3483 5462 3589 5535 γὰρ
3621 5460 3758 5532 αὑτὴ

2190 5551 2264 5621 μὴ
2291 5553 2750 5622 τιμωρεῖταιτοὺς
2776 5556 3011 5619 ἀσεϐεῖς,
3040 5554 3458 5625 τετιμωρεῖσθαι
3480 5554 3555 5623 (ι)
3577 5551 3757 5603 δοκεῖ’

2185 5639 2507 5697 ἀποδιδοῦσα
2532 5641 2588 5696 δὲ
2614 5642 2828 5714 ἑκάστῳ
2868 5645 3007 5699 κατὰ
3039 5646 3099 5698 τὸ
3128 5644 3350 5705 δίκαιον,
3381 5640 3642 5712 ὑψοῦσθαι
3674 5638 3764 5691 λὲη

516 5824 519 5829 ι
586 5758 661 5831 (ί)
698 5758 1161 5830 Τετιμωρεῖσθαι.
1192 5757 1298 5815 Pro
1320 5758 1746 5827 τετιμωρῆσθαι,
1774 5766 1899 5818 met
1926 5761 2071 5816 alibi.
2108 5756 2262 5814 Εοιτ-
