4086 6540
261 373 362 430 I37
1383 363 1894 430 COMMENTARIA
1934 367 2003 423 IN
2034 365 2373 424 PSALMOS.
3414 367 3517 425 158

249 483 428 537 γεται,
456 467 550 521 καὶ
579 465 780 539 ταύτην
804 453 981 531 οὐδεὶς
1004 461 1386 540 ἀποδράσεται.
1420 469 1510 522 Διό
1537 487 1669 540 φησι
1689 487 1702 500 ·
1727 469 1819 522 Τοῐ

1941 465 2308 533 Quamobrem
2342 465 2419 518 ait
2453 463 2779 519 tradendum
2813 479 2936 520 esse
2965 463 3192 536 impium
3229 466 3283 519 in
3318 481 3518 521 manus

252 557 589 631 παραδοῦναι
637 559 797 614 αὐτὸν
846 562 927 623 εἰς
973 559 1132 631 χεῖρά
1172 576 1284 614 σου.
1328 558 1630 631 Τοιγαροῦν
1669 562 1698 612 ὁ
1744 559 1819 622 σὸς

1941 573 2093 614 suas.
2147 556 2441 612 Enimvero
2487 568 2694 628 pauper
2729 556 2820 612 ille
2844 565 2974 614 tuus
3005 557 3121 612 haec
3142 557 3307 612 verba
3339 559 3440 614 abs
3465 568 3520 616 te

251 653 468 724 πτωχὸς
513 653 754 716 ἀκούσας
804 652 913 705 τῶν
953 651 1063 704 σῶν
1106 652 1279 720 λόγων
1334 653 1649 721 φασκόντων
1672 669 1686 684 ο
1738 653 1819 712 Mi

1937 653 2151 722 prolata
2183 651 2392 706 audivit
2435 670 2450 706 :
2480 650 2532 704 Ν
2538 669 2605 707 οη
2635 653 2976 719 vosmetipsos
3003 652 3360 721 defendentes,
3390 655 3519 709 cha-

250 743 505 812 ἑαυτοὺς
541 744 940 810 ἐκδικοῦντες,
985 745 1281 813 ἀγαπητοί
1300 761 1314 775 ο
1357 745 1520 799 ἀλλὰ
1549 745 1684 800 δότε
1735 747 1834 800 τό-

250 846 369 886 πον
396 833 471 902 τῇ
496 833 661 905 ὀργῇ.
711 836 865 904 Ἐμοὶ
906 835 1236 903 ἐκδίκησις,
1269 835 1385 906 ἐγὼ
1405 836 1831 904 ἀνταποδώσω,

247 923 409 996 λέγει
434 928 670 994 Κύριος.

397 1013 506 1072 ΕΙΣ
544 1019 631 1072 ΤΟ
669 1019 889 1072 ΤΕΛΟΣ
924 1017 1219 1074 ΨᾹΛΜΟΣ
1255 1021 1343 1074 ΤΩ
1381 1022 1582 1075 ΔΑΥΙΔ
1623 1024 1679 1076 I’.

333 1109 554 1181 Ἐπειδὴ
591 1111 683 1164 καὶ
727 1113 808 1179 τῷ
847 1111 1032 1166 Δαυῒδ
1064 1113 1153 1176 είς
1176 1111 1240 1165 τὸ
1266 1111 1443 1178 τέλος
1487 1114 1828 1185 γέγραπταιδ

245 1202 344 1256 καὶ
387 1203 528 1256 κατὰ
569 1203 658 1256 τὸν
706 1203 954 1268 Ἀκύλαν,
1003 1202 1084 1269 τῷ
1120 1205 1426 1271 νικοποιῷ,
1462 1207 1602 1260 κατὰ
1639 1206 1696 1260 δὲ
1738 1206 1832 1262 τὸν

245 1291 563 1364 Σύμμαχον,
590 1293 878 1360 ἐπινίκιος
907 1294 1015 1348 τοῦ
1044 1295 1249 1360 Δαυῒδ,
1291 1298 1504 1368 φήσεις,
1550 1299 1631 1350 ὅτι
1676 1300 1771 1353 καὶ
1801 1301 1830 1352 ὁ

244 1383 410 1436 Δαυῒδ
436 1384 570 1454 μετὰ
600 1385 698 1456 τὴν
731 1387 1016 1456 συμϐᾶσαν
1041 1388 1190 1460 αύτῷ
1215 1389 1499 1462 συμφορὰν
1531 1389 1736 1459 ἔφασκε
1760 1392 1829 1445 τὰ

243 1474 602 1544 προκείμενα.

217 1618 228 1641 ς
327 1567 449 1619 Ἐπὶ
489 1567 570 1632 τῷ
614 1571 808 1637 Κυρίῳ
841 1572 1100 1628 πέποιθα
1121 1590 1134 1602 ’
1173 1574 1302 1641 πῶς
1333 1575 1519 1644 ἐρεῖτε
1551 1576 1625 1647 τῇ
1653 1577 1828 1648 ψυχῇ

233 1671 353 1721 μου
373 1671 386 1683 ·
431 1658 892 1714 Μεταναστεύου
929 1663 1031 1716 ἐπὶ
1080 1663 1152 1717 τὰ
1187 1663 1294 1733 ὅρη
1340 1666 1422 1732 ὡς
1471 1669 1796 1735 στρουθίον
1807 1684 1828 1732 ;

238 1742 455 1799 Τελείου
488 1750 660 1821 φωνὴ,
693 1753 788 1806 καὶ
819 1755 962 1808 κατὰ
985 1756 1076 1810 τὸν
1111 1759 1430 1813 Ἀπόστολον
1463 1763 1636 1814 εἰπεῖν
1666 1762 1826 1815 δυνα-

238 1838 424 1909 μένου,
481 1843 574 1908 Τίς
623 1843 784 1912 ἡμᾶς
829 1851 1073 1917 χωρίσει
1113 1851 1232 1905 ἀπὸ
1282 1853 1390 1922 τῆς
1435 1853 1672 1924 ἀγάπης
1718 1857 1825 1911 τοῦ

236 1931 386 1985 Θεοῦ
411 1947 429 1996 ;
459 1935 534 1987 Ού
566 1937 708 1990 κατὰ
737 1939 828 1992 τὸν
861 1941 1027 2010 ἀτελῆ
1057 1939 1149 1994 τὸν
1180 1946 1323 2016 φυγῇ
1362 1947 1827 2016 μεταναστεύοντα

230 2021 400 2075 τόπον
435 2026 501 2077 ὲκ
543 2026 734 2090 τόπου,
778 2029 871 2082 καὶ
917 2030 1317 2102 περιφεύγοντα
1347 2036 1471 2099 τοὺς
1511 2035 1821 2101 διώκοντας.

235 2112 399 2166 Καθὰ
429 2114 494 2187 δὴ
527 2116 806 2188 στρουθίον
841 2123 970 2184 τοὺς
1011 2121 1355 2194 θηρεύοντας,
1385 2126 1464 2190 ὃς,
1506 2126 1608 2181 κᾶν
1637 2127 1827 2198 διαφύ-

235 2219 347 2272 γοι,
377 2205 523 2275 λέγοι
551 2208 615 2261 ἄν
639 2226 652 2238 °
709 2211 772 2266 Ἠ
798 2213 970 2281 ψυχὴ
997 2215 1164 2283 ἡμῶν
1194 2217 1274 2282 ὡς
1313 2219 1632 2285 στρουθίον
1655 2221 1826 2288 ἐρρύ-

234 2301 355 2364 σθη
400 2299 469 2352 ἐκ
499 2300 608 2368 τῆς
630 2301 881 2373 παγίδος
911 2304 1029 2359 τῶν
1065 2310 1459 2375 θηρευόντων.

311 2389 432 2443 Ὅτι
476 2390 516 2444 ἆ
556 2397 894 2463 κατηρτίσω
934 2401 1243 2455 καθεῖλον·
1298 2407 1332 2457 ό
1378 2403 1446 2458 δὲ
1491 2404 1720 2477 δίκαιος
1767 2410 1824 2464 τί

230 2477 516 2549 exclude;
549 2486 765 2554 Κύριος
806 2489 876 2542 ἐν
915 2491 1040 2557 ναῷ
1068 2493 1216 2563 ἁγίῳ
1256 2498 1465 2563 αὐτοῦ,
1501 2502 1717 2568 Κύριος
1751 2503 1823 2556 ἐν

231 2572 468 2640 οὐρανῷ
499 2578 532 2628 ὁ
572 2580 785 2645 θρόνος
823 2583 1032 2638 αὐτοῦ.
1076 2588 1142 2639 Οἱ
1173 2587 1468 2658 ὀφθαλμοὶ
1510 2593 1696 2647 αὐτοῦ
1732 2595 1821 2662 εἰς

230 2665 340 2718 τὸν
397 2666 631 2736 πένητα
678 2671 1115 2743 ἀποϐλέπουσι,
1165 2679 1237 2734 τὰ
1291 2682 1575 2752 ,ϐλέφαρα
1631 2687 1820 2741 αὑτοῦ

229 2755 490 2818 ἐξετάζει
539 2761 680 2828 τοὺς
725 2765 895 2831 υἱοὺς
937 2766 1056 2820 τῶν
1088 2770 1433 2839 ἀνθρώτων.
1473 2777 1687 2844 Κύριος
1718 2778 1817 2844 ἑξ-

229 2846 416 2908 ετάζει
450 2850 557 2904 τὸν
580 2852 813 2909 δίκαιον
841 2857 1068 2912 καὶτὸν
1097 2859 1301 2930 ἀσεϐῆ.
1347 2865 1406 2917 '0
1437 2865 1596 2935 μόνος
1615 2869 1820 2936 δίκαιος

230 2939 560 3033 καὶνκριτὴς
595 2944 748 3011 Θεὸς,
796 2950 922 3012 τοὺς
947 2949 1141 3005 ἑαυτοῦ
1173 2952 1611 3026 πολεμουμένους
1653 2963 1817 3033 ὀρῶν,

228 3030 285 3119 τί
335 3032 623 3103 ὲποίησεν;
679 3037 767 3090 Ἐν
812 3040 1025 3112 ούρανῷ
1074 3045 1343 3099 κατοικῶν
1397 3049 1491 3107 καὶ
1545 3030 1821 3119 βασιλείαν

1937 746 2174 808 rissimi;
2202 745 2291 800 sed
2311 741 2432 800 date
2462 745 2634 799 locum
2663 748 2758 801 ἕνα
2790 766 2805 800 :
2848 743 2985 799 Mihi
3023 747 3276 812 vindicta,
3311 763 3401 819 ego
3434 763 3519 802 re-

1937 837 2192 903 tribuam,
2225 837 2355 892 dicit
2384 837 2640 894 Dominus
2669 840 2736 893 ³⁸.

2165 1017 2216 1072 i.
2263 1011 2330 1072 ΪΝ
2372 1015 2586 1071 FINEM
2623 1017 2949 1074 PSALMUS
2987 1012 3195 1073 DAVID
3233 1019 3299 1077 Χ.

2003 1108 2456 1179 Quandoquidem
2487 1108 2680 1163 Davidi
2716 1111 2772 1164 in
2813 1112 2990 1180 finem,
3043 1111 3346 1181 inscriptus
3393 1117 3514 1180 est;

1931 1205 1988 1256 et
2036 1200 2192 1270 juxta
2251 1201 2540 1271 Aquilam,
2600 1202 2822 1266 victori;
2874 1203 3031 1272 juxta
3092 1201 3514 1275 Symmachum,

1935 1294 2269 1362 triumphalis
2299 1295 2518 1348 Davidis
2543 1311 2560 1349 :
2585 1296 2754 1365 probe
2789 1295 3016 1359 inferas,
3046 1295 3304 1354 Davidem
3330 1300 3518 1355 isthmc

1931 1398 2057 1461 post
2086 1391 2296 1445 illatam
2330 1389 2435 1446 sibi
2467 1389 2833 1446 calamitatem
2865 1393 3275 1461 pronuntiasse.

2003 1569 2174 1626 Vsus.
2225 1569 2281 1628 2.
2325 1568 2393 1624 In
2442 1569 2670 1624 Domino
2723 1568 2934 1638 conﬁdo
2970 1581 2986 1618 :
3029 1569 3291 1640 quomodo
3338 1569 3516 1624 dicitis

1931 1665 2125 1718 anima:
2166 1679 2294 1718 mea:
2329 1679 2346 1716 :
2378 1663 2727 1734 Transmigra
2767 1663 2823 1716 in
2873 1673 3072 1717 montes
3123 1665 3259 1718 sicut
3296 1667 3518 1732 passer?

1932 1754 2058 1810 Haec
2087 1757 2192 1810 viri
2234 1754 2464 1826 perfecti
2509 1770 2615 1810 vox
2656 1762 2762 1818 est,
2804 1755 2896 1826 qui
2927 1757 3230 1811 secundum
3279 1757 3517 1826 Aposto-

1930 1848 2044 1901 lum
2084 1846 2268 1903 dicere
2304 1847 2483 1900 valeat
2517 1864 2530 1899 :
2567 1846 2701 1911 Quis
2733 1863 2827 1900 nos
2882 1846 3153 1916 separabit
3188 1864 3220 1900 a
3253 1846 3517 1900 charitate

1936 1935 2033 1994 Dei
2098 1935 2114 1965 ί
2148 1937 2172 1988 ‘t
2243 1935 2364 1992 Non
2395 1951 2549 1991 more
2573 1935 2878 2006 imperfecti
2910 1937 3171 2001 hominis,
3206 1939 3296 2008 qui
3329 1954 3518 2008 perse-

1928 2029 2225 2102 quentibus
2250 2038 2307 2082 ut
2339 2044 2398 2083 se
2437 2027 2727 2098 proripiat,
2763 2027 2831 2082 de
2865 2028 2986 2083 loco
3030 2029 3084 2082 in
3116 2029 3296 2083 locum
3331 2037 3516 2086 trans-

1927 2123 2146 2193 migrat.
2179 2119 2283 2185 Qui
2320 2119 2388 2183 si,
2441 2127 2502 2172 ut
2552 2133 2748 2188 passer
2783 2128 3098 2184 venatores,
3146 2119 3385 2191 ell‘ugere
3419 2136 3514 2174 va-

1926 2215 2054 2278 leat,
2087 2215 2210 2282 jure
2236 2212 2437 2267 dixerit
2467 2231 2481 2264 :
2518 2212 2716 2264 Anima
2755 2222 2939 2265 nostra
2966 2213 3100 2265 sicut
3131 2230 3314 2282 passer
3337 2225 3514 2282 erepta

1922 2315 2002 2359 est
2029 2305 2093 2359 de
2123 2305 2310 2375 laqueo
2341 2303 2643 2358 venantium
2661 2303 2702 2358 ².

1996 2397 2163 2452 Vens.
2221 2394 2343 2452 4-6.
2413 2393 2679 2461 Quoniam
2737 2409 2854 2464 quae
2913 2394 3179 2463 perfeciin
3237 2396 3515 2450 destruxe-

1924 2489 2259 2559 runt,justus
2275 2497 2448 2543 autem
2466 2487 2592 2558 quid
2606 2489 2726 2558 fecit
2743 2490 2766 2542 ?
2783 2486 3040 2541 Dominus
3055 2487 3105 2541 in
3128 2488 3317 2557 templo
3331 2500 3517 2544 sancto

1923 2600 2042 2647 suo,
2076 2581 2336 2635 Dominus
2374 2581 2430 2634 in
2455 2581 2582 2634 Caelo
2609 2579 2755 2634 sedes
2789 2577 2925 2647 ejus.
2966 2578 3122 2634 Oculi
3155 2578 3267 2647 ejus
3301 2580 3351 2633 in
3373 2596 3510 2647 pau-

1921 2688 2096 2744 perem
2142 2674 2462 2743 respiciunt,
2514 2671 2779 2742 palpebrw
2822 2673 2938 2739 ejus
2990 2673 3316 2742 interrogant
3368 2673 3510 2740 ﬁlios

1923 2769 2215 2822 hominum.
2241 2767 2496 2818 Dominus
2521 2765 3036 2836 interrogatjustum
3059 2774 3107 2818 et
3136 2766 3379 2834 impium.
3400 2774 3509 2819 etc.

1925 2859 2070 2915 Deus
2103 2859 2194 2932 qui
2245 2860 2396 2914 solus
2419 2859 2606 2929 justus
2645 2871 2697 2912 et
2723 2857 2889 2926 judex
2940 2865 3046 2920 est,
3080 2872 3204 2910 eum
3253 2872 3387 2912 suos
3415 2872 3514 2926 op-

1923 2951 2156 3022 pugnari
2195 2957 2466 3014 cerneret,
2513 2950 2643 3019 quid
2683 2949 2847 3002 fecit?
2876 2947 2925 3001 ls
2957 2962 3092 3002 sane
3119 2948 3220 3001 etsi
3260 2947 3315 3001 in
3367 2949 3510 3002 ccelo

1925 3045 2159 3107 habitet,
2195 3057 2258 3098 ac
2288 3041 2506 3096 firmum
2541 3040 2934 3110 immobileque
2977 3055 3208 3110 regnum
3240 3039 3507 3103 obtineat,

229 3118 371 3190 ἔχων
402 3122 715 3216 ἀσάλευτον,
749 3128 900 3182 οὐδὲν
931 3131 1041 3184 τῶν
1071 3133 1164 3187 ἐπὶ
1197 3135 1301 3206 γῆς
1334 3118 1569 3212 παρορᾷ.
1595 3143 1819 3216 Χαρίξε-

1926 3139 2132 3194 nullam
2166 3145 2510 3191 terrenarum
2544 3148 2728 3189 rerum
2769 3133 3014 3204 negligit.
3048 3131 3284 3204 Pauperi
3322 3143 3506 3187 autem

227 3227 322 3264 ται
351 3213 409 3267 δὲ
449 3215 527 3288 τῷ
567 3217 760 3292 πένητι
793 3221 902 3275 τῶν
938 3225 1302 3299 εύεργετικῶν
1339 3232 1504 3286 αὑτοῦ
1538 3213 1819 3310 δυνάμεων

383 3306 709 3382 ἐπισκοπὴν,
766 3313 833 3378 ἃς
885 3333 1050 3387 φησιν
1098 3316 1442 3393 ὀφθαλμούξο
1483 3303 1685 3402 ὥσπερ⁷
1726 3327 1820 3388 οὖν

229 3395 479 3496 βλέφαρα
521 3402 621 3474 τὴν
669 3407 920 3480 κριτικὴν
957 3411 1121 3465 αὐτοῦ
1157 3415 1252 3467 καὶ
1294 3417 1470 3471 πάντα
1516 3395 1820 3496 διακρίνου-

229 3505 333 3542 σαν
357 3492 635 3563 πρόνοιαν.
663 3496 764 3550 Διὰ
791 3498 1140 3575 δικαιοσύνην
1170 3504 1226 3558 δὲ
1253 3511 1433 3578 κρινεῖ
1462 3512 1556 3563 καὶ
1587 3492 1712 3578 τοὺς
1740 3516 1819 3570 δι-

228 3574 440 3644 καίους,
485 3582 560 3652 μή
588 3599 642 3635 τι
667 3585 762 3638 καὶ
789 3587 952 3652 αὐτὸς
981 3591 1458 3666 πεπλημμέληται.

314 3757 638 3850 Ὲπιϐρέξει
679 3762 777 3816 ἐπὶ
819 3765 1206 3837 ἁμαρτωλοὺς
1244 3776 1520 3844 παγίδας,
1554 3780 1674 3850 πῦρ
1715 3784 1814 3837 καὶ

225 3848 412 3916 θεῖον,
452 3853 552 3905 καὶ
579 3855 816 3925 πνεῦμα
846 3862 1185 3931 καταιγίδος
1216 3866 1254 3934 ἡ
1289 3867 1462 3936 μερὶς
1495 3871 1600 3925 τοῦ
1634 3848 1817 3943 ποτη-

212 3941 361 4036 ρίου
395 3943 610 4000 αὐτῶν.
643 3947 754 4010 Τὰς
787 3952 1080 4017 ἐπιπόνους
1111 3956 1363 4023 κολάσεις
1394 3959 1634 4036 πολλαχῆ
1667 3941 1816 4036 δηλοῖ

219 4027 287 4128 ’τὸ
319 4037 597 4109 ποτήριον,
629 4044 706 4103 ὡς
734 4044 790 4094 ὲν
835 4044 1062 4117 Ἡσαΐᾳ·
1106 4047 1454 4120 Ἐξεγείρου,
1488 4027 1812 4128 ἐξεγείρου,

236 4123 536 4224 Ἱερουααλ
545 4131 689 4202 ium}
705 4134 930 4189 πιοῦσα
941 4138 1006 4192 τὸ
1021 4141 1306 4210 ποτήριον
1315 4123 1691 4218 εἱσπτὼσεως
1712 4153 1812 4224 (1),

222 4219 544 4320 ΞὸνιόνδυΔ
563 4225 700 4320 τοῦ-
723 4231 934 4298 θυμοῦ.
991 4233 1152 4304 Λέγει
1198 4236 1256 4290 δὲ
1303 4240 1396 4295 καὶ
1441 4241 1520 4314 τῷ
1573 4219 1814 4320 Ἱερεμίᾳ.

220 4308 387 4374 Θεὸςο
414 4311 570 4367 Λάϐε
597 4315 704 4369 τοῦ
732 4318 902 4372 οἴνου
926 4321 1032 4374 τοῦ
1059 4322 1320 4392 ἀκράτου
1345 4327 1413 4380 ἐκ
1448 4308 1808 4402 χειρόςδμου,

221 4402 324 4456 καὶ
359 4405 627 4472 ποτίσεις
656 4409 802 4462 αὐτὸ
846 4411 1044 4466 πάντα
1071 4416 1144 4468 τὰ
1175 4416 1340 4486 ἐθνη,
1381 4421 1532 4488 πρὸς
1561 4421 1668 4490 οὓς
1695 4421 1810 4483 ἐγώ

1927 3233 1981 3289 id
2011 3232 2200 3304 gratiae
2233 3228 2468 3292 confert,
2496 3235 2555 3281 ut
2585 3225 2953 3282 beneficarum
2986 3227 3249 3282 virtutum
3283 3241 3507 3282 suarum

1923 3322 2266 3392 inspectione
2301 3326 2553 3376 servetur
2587 3336 2598 3371 :
2635 3332 2773 3388 quas
2823 3317 3079 3381 virtutes,
3128 3316 3319 3371 oculos
3363 3332 3504 3372 nuu—

1922 3421 2124 3485 cupat;
2160 3429 2269 3484 qua
2306 3412 2437 3467 item
2469 3411 2685 3465 ratione
2722 3410 3000 3480 palpebra:
3033 3409 3153 3479 ejus
3191 3407 3506 3479 signiﬁcant

1915 3507 2231 3578 judicialem
2261 3505 2407 3558 illius
2429 3503 2830 3576 providentiam
2853 3517 2960 3572 qua
3001 3503 3184 3556 omnia
3215 3501 3506 3572 dijudicat.

1919 3595 2152 3669 Propter
2185 3597 2461 3666 justitiam
2518 3601 2700 3649 autem
2747 3608 2901 3648 suam
2945 3593 3029 3648 vel
3080 3594 3261 3664 ipsum
3294 3594 3507 3664 justum

1916 3690 2208 3762 judicabit,
2242 3703 2312 3743 ne
2343 3695 2397 3741 et
2422 3687 2541 3756 ipse
2579 3701 2798 3755 quoque
2826 3685 2882 3738 in
2911 3693 3197 3755 peccatum
3227 3686 3505 3741 inciderit.

1991 3780 2159 3834 Vens.
2197 3779 2247 3834 7.
2290 3777 2449 3831 Pluct
2483 3789 2643 3845 super
2667 3787 2968 3844 peccatores
3007 3777 3245 3846 laqueos,
3281 3778 3416 3846 ignis
3457 3788 3507 3831 et

1918 3873 2141 3941 sulphur
2173 3879 2222 3925 et
2256 3869 2476 3938 spiritus
2507 3867 2887 3938 procellarum,
2927 3884 3051 3936 pars
3084 3869 3264 3923 calicis
3301 3885 3504 3924 eorum.

1918 3965 2074 4020 Calix
2101 3963 2355 4036 graviora
2387 3962 2710 4033 plerumque
2742 3962 3010 4032 supplicia
3036 3962 3329 4032 signiﬁcat,
3365 3970 3424 4016 ut
3449 3961 3506 4017 in

1918 4053 2060 4113 Isaia
2096 4078 2109 4114 ε
2161 4055 2425 4128 Exsurge,
2448 4069 2692 4126 exsurge,
2716 4053 3039 4118 Jerusalem,
3063 4070 3180 4125 qute
3210 4054 3389 4109 bibisti
3417 4073 3508 4110 ca-

1917 4151 2069 4206 licem
2100 4152 2290 4215 ruinw,
2337 4149 2586 4214 poculum
2617 4148 2711 4202 ine
2735 4149 2776 4201 ³.
2811 4145 3063 4202 Ieremia:
3107 4163 3327 4219 quoque
3367 4149 3505 4203 dicit

1918 4244 2060 4299 Deus
2092 4262 2104 4296 :
2133 4241 2292 4295 Sume
2323 4241 2500 4294 vinum
2544 4255 2648 4293 non
2686 4238 2913 4292 dilutum
2959 4238 3024 4292 de
3073 4255 3233 4292 manu
3276 4256 3412 4304 mea,
3453 4251 3505 4295 et

1913 4336 2122 4406 potabis
2146 4349 2211 4389 ex
2238 4350 2296 4388 eo
2327 4349 2505 4388 omnes
2525 4342 2722 4402 gentes,
2758 4331 2826 4385 ad
2866 4348 2999 4402 quas
3025 4347 3116 4402 ego
3147 4333 3356 4386 mittam
3388 4342 3437 4387 te
3458 4334 3500 4386 ⁸.

1915 4429 2107 4497 Qualis
2131 4434 2214 4483 est
2248 4426 2390 4481 calix
2419 4425 2486 4480 de
2509 4441 2620 4496 quo
2644 4426 2757 4495 jam
2790 4426 2993 4496 agitur,
3032 4425 3198 4495 cujus
3222 4426 3504 4496 plenitudo

218 4493 544 4550 ἀποστελῶ
574 4514 666 4552 σε.
706 4500 918 4556 Ὁποῖον
947 4499 1006 4557 τὸ
1035 4509 1394 4579 προκείμενον
1435 4514 1716 4586 ποτήριον,
1750 4510 1811 4570 οὗ

1922 4524 2059 4596 ignis
2113 4529 2168 4575 et
2218 4519 2450 4589 sulphur
2507 4527 2561 4573 et
2611 4517 2843 4587 spiritus
2891 4517 3292 4586 procellarum;
3340 4519 3502 4586 cujus

217 4584 284 4684 τὲ
316 4586 592 4684 πλήρωμα
633 4591 745 4664 πῦρ
779 4596 872 4647 καὶ
898 4596 1060 4662 θεῖον,
1095 4601 1188 4654 καὶ
1218 4601 1436 4674 πνεῦμα
1466 4584 1810 4675 καταιγίδοςο

1922 4584 2051 4670 sane
2081 4611 2328 4684 symboia
2358 4626 2421 4666 ea
2455 4609 2572 4680 ipsa
2606 4615 2735 4664 sunt
2764 4624 2885 4679 quae
2916 4615 3109 4663 contra
3141 4609 3378 4663 Sodoma
3399 4609 3502 4662 im-

419 4681 659 4752 σύμόολα
681 4685 750 4739 τὰ
781 4689 924 4742 κατὰ
961 4689 1208 4762 Σοδόμων
1247 4672 1817 4771 ἐπενεχθένταίΔηλοϊ

1922 4707 2086 4762 missa
2111 4672 2288 4758 iuere.
2337 4700 2546 4756 Iudicat
2581 4715 2748 4770 porro
2785 4701 2928 4770 ignis
2969 4699 3206 4754 incendii
3255 4715 3320 4755 ac
3364 4701 3501 4754 adu-

216 4767 277 4821 δὲ
302 4769 366 4822 τὸ
407 4771 519 4843 πῦρ
552 4773 649 4846 τὴν
691 4775 1032 4842 διακαύσεως
1061 4780 1311 4854 ἀπειλὴν,
1343 4783 1404 4837 τὸ
1443 4784 1500 4837 δὲ
1541 4785 1684 4840 Οεῖον

1922 4797 2114 4853 stionis
2152 4795 2330 4849 minas
2358 4812 2370 4846 :
2399 4791 2652 4861 sulphur,
2696 4790 2838 4857 ignis
2874 4790 3198 4853 fomentum,
3236 4805 3346 4860 quo
3373 4791 3498 4861 plus

215 4860 594 4932 διεγείρουσαν
643 4864 722 4918 ἔτι
778 4867 977 4935 μᾶλλον
1034 4869 1094 4922 τὸ
1150 4871 1262 4943 πῦρ
1312 4875 1589 4947 ἀφορμὴν,
1644 4877 1705 4931 τὸ
1756 4879 1814 4932 δὲ

1922 4887 2259 4953 exardescit;
2291 4860 2521 4955 spiritus
2561 4882 2948 4952 procellarum,
2992 4883 3316 4937 tentationis
3365 4898 3500 4938 con-

215 4951 440 5023 πνεῢμα
462 4955 560 5024 τῆς
585 4959 912 5028 καταιγίδος,
941 4963 1247 5034 πειρασμοῦ
1284 4969 1608 5040 συστροφήν.
1637 4971 1806 5042 Εἴρη-

213 5063 308 5100 ται
348 5046 459 5118 γὰρ
487 5050 544 5102 ἐν
586 5051 812 5122 Ἡσαΐᾳ·
863 5052 955 5119 Ὠς
988 5057 1259 5126 καταιγὶς
1291 5056 1368 5110 δι’
1402 5058 1626 5130 ἐρήμου
1659 5060 1808 5116 διέλ-

215 5141 308 5192 θοι
333 5139 627 5210 ἐρχομένη
653 5143 834 5214 ἐγγύς
851 5163 864 5176 ·
896 5147 1152 5216 φοϐερὸν
1180 5149 1244 5202 τὸ
1277 5150 1466 5221 ὅραμα
1491 5153 1591 5206 καὶ
1623 5159 1811 5226 σκλη-

209 5230 328 5296 ρὸν
356 5231 660 5303 ἀνηγγέλη
689 5253 809 5305 μοι.
845 5238 1000 5290 Ἔστι
1023 5239 1078 5292 δὲ
1103 5241 1196 5294 καὶ
1227 5246 1340 5307 τοῖς
1368 5245 1618 5300 εὐσεϐέσι
1641 5250 1809 5321 ποτή-

219 5338 336 5394 ριον
373 5323 435 5376 τὸ
479 5323 752 5396 μεθύσκον
794 5328 870 5392 ὡς
916 5331 1224 5401 κράτιστον,
1257 5336 1386 5406 περὶ
1429 5331 1489 5391 οὗ
1527 5338 1670 5408 τάχα
1715 5343 1808 5393 κά-

214 5418 366 5470 κεῖνο
404 5417 686 5474 λέλεκταιο
734 5423 947 5490 Κύριος
975 5425 1012 5492 η
1042 5425 1212 5492 μερὶς
1250 5425 1358 5495 τῆς
1404 5434 1806 5500 κληρονομίας

208 5525 334 5576 μου
367 5510 466 5562 καὶ
513 5511 619 5566 τοῦ
658 5515 968 5581 ποτηρίου.
1001 5517 1112 5568 Καὶ
1152 5517 1220 5569 δι’
1269 5519 1444 5590 ἔργων
1489 5524 1708 5591 ἀγαθῶν
1744 5526 1804 5578 τὸ

217 5599 321 5673 μὲν
351 5607 562 5672 φυγεῖν,
595 5605 654 5658 τὸ
685 5605 739 5658 δὲ
775 5607 1127 5679 αἱρήσασϐαι.

288 5697 334 5729 ’³
380 5695 538 5751 Rom.
577 5716 690 5764 xu,
729 5701 814 5756 i9.

215 5765 239 5819 i
270 5807 284 5826 .
321 5767 376 5820 2.
455 5769 477 5799 ⁶
517 5769 658 5826 Psal.
696 5787 798 5836 xv,
835 5773 887 5828 5.

1915 4982 2247 5038 versionem.
2283 4979 2343 5031 in
2376 4976 2514 5031 Isaia
2552 4991 2789 5047 namque
2810 4975 3013 5030 dicitur
3041 4993 3054 5028 :
3085 4973 3234 5029 Sicut
3265 4977 3498 5044 procella

1911 5090 2004 5144 per
2029 5074 2294 5126 desertum
2324 5070 2712 5140 pertransierit,
2745 5084 2903 5137 prope
2927 5067 3175 5122 accedens
3200 5083 3219 5121 :
3246 5067 3496 5124 terribilis

1913 5168 2044 5222 visio
2073 5177 2122 5219 et
2153 5164 2287 5218 dura
2317 5165 2563 5218 nuntiata
2595 5161 2722 5215 mihi
2750 5172 2828 5216 est
2848 5163 2890 5217 ⁸.
2925 5161 3036 5216 Piis
3057 5178 3274 5232 quoque
3302 5163 3496 5218 homi-

1912 5262 2078 5315 nibus
2111 5259 2252 5313 calix
2303 5257 2584 5312 inebrians
2620 5272 2782 5326 quam
2817 5257 3258 5325 potentissimus,
3291 5257 3359 5312 de
3386 5275 3495 5326 quo

1913 5353 2150 5407 fortasse
2194 5349 2398 5404 dicitur
2425 5369 2438 5403 :
2467 5348 2728 5402 Dominus
2762 5363 2886 5416 pars
2928 5348 3256 5402 Izmreditatis
3289 5365 3416 5402 metu
3447 5359 3494 5401 et

1912 5447 2094 5500 calicis
2128 5445 2227 5499 mei
2250 5446 2291 5499 °.
2327 5443 2405 5498 Ac
2439 5459 2536 5514 per
2581 5450 2726 5497 recte
2773 5441 2918 5497 facta
2955 5433 3211 5496 vitandus
3253 5440 3362 5503 ille,
3399 5439 3492 5494 hic

1911 5535 2321 5608 amplectendus
2350 5544 2454 5590 est.
2627 5524 2633 5531 ’

897 5711 910 5732 ι
955 5702 1114 5758 ilom.
1154 5720 1274 5771 vin,
1323 5709 1412 5762 55.
1489 5712 1510 5742 '
1550 5711 1694 5768 Psal.
1731 5729 1924 5780 cxxnt,
1962 5715 2017 5774 7.
2093 5714 2268 5771 ’olsa.
2304 5732 2392 5785 Li,
2432 5717 2520 5773 i7.
2568 5717 2618 5801 f
2653 5714 2768 5773 Jer.
2808 5729 2951 5780 xxv,
2994 5713 3074 5768 l5.
3153 5714 3172 5744 ⁸
3216 5713 3318 5768 lsa.
3362 5725 3488 5781 ικι,

293 5863 370 5934 il)
418 5862 835 5932 Εἱσπτώσεως.
865 5867 1030 5923 Forte
1065 5869 1413 5936 ἐκπτώσεως.
1442 5869 1606 5938 LXX,
1641 5870 1918 5937 πτώσεως.
1949 5872 2106 5930 Eutr.

534 5960 737 6019 Pars.
771 5958 887 6019 Gn.
935 5959 1184 6025 .\'Xlll.

3169 5965 3211 6029 5
