4086 6526
573 327 680 384 κιο

649 439 814 495 Vua.
846 439 911 494 ~8.
953 440 1214 506 Quoniam
1251 441 1429 508 justus
1482 439 1736 493 Dominus
1761 481 1776 503 ,
1819 449 1869 492 et
1911 440 2146 507 iustitia:
2175 443 2226 498 Α

573 531 784 594 dilexit,
816 532 1113 602 (equitatem
1141 531 1268 584 cidit
1301 531 1474 584 vultus
1497 531 1628 599 ejus.
1678 529 1810 584 Nam
1845 538 2030 600 utpote
2058 529 2148 598 ju-

577 630 698 678 stus
721 636 1012 692 pauperem
1047 622 1285 690 respicit,
1320 631 1634 688 peccatores
1663 622 1909 691 corripit.
1940 619 2147 673 Natura

575 719 758 765 autem
807 725 926 770 sua.
984 725 1091 763 non
1139 711 1557 780 participatione
1603 712 1787 778 justus
1823 719 1928 766 est.
1976 712 2150 765 Caete-

575 815 696 852 rum
737 814 860 853 cum
909 799 984 853 ita
1031 814 1091 854 se
1142 799 1361 864 habeat,
1390 800 1657 867 justitias,
1709 817 1830 870 quae
1863 803 1914 855 in
1960 802 2147 858 multis

577 891 761 958 probis
795 890 928 947 viris
965 893 1335 961 reperiuntur,
1363 891 1560 962 diligit,
1603 909 1668 947 ac
1713 898 1986 964 cujusque
2021 910 2148 964 pro-

576 980 813 1048 positum
851 984 1140 1052 approbat.
1186 983 1428 1054 Singulis
1473 998 1605 1040 sane
1635 986 1862 1055 judiciis
1899 988 2146 1056 quaedam

569 1071 784 1138 justitia
833 1070 1214 1130 inest:multa
1259 1085 1442 1132 autem
1490 1087 1618 1133 sunt
1661 1079 1866 1148 judicia
1917 1079 2032 1143 Dei,
2079 1080 2148 1134 de

571 1163 773 1232 quibus
805 1165 1071 1236 scriptum
1107 1178 1230 1223 est:
1269 1168 1483 1222 Judicia
1525 1170 1740 1224 Domini
1771 1185 1912 1234 vera,
1940 1171 2147 1240 justiﬁ-

570 1264 694 1308 cata
745 1256 801 1310 in
853 1259 1194 1328 semetipsa’.
1264 1261 1444 1315 Multa:
1503 1263 1668 1330 igitur
1715 1263 1944 1332 justitia:
1993 1273 2142 1320 sunt.

573 1347 909 1418 Equitatem
944 1368 1162 1422 quoque
1222 1355 1396 1416 videt,
1450 1355 1703 1410 videlicet
1755 1373 1944 1411 sanam
1992 1356 2145 1412 verbi

573 1443 900 1498 sententiam
947 1449 1002 1498 et
1046 1445 1355 1499 doctrinam
1383 1467 1395 1500 :
1422 1449 1620 1515 gaudet
1662 1450 1863 1519 quippe
1913 1448 1981 1502 de
2025 1450 2146 1517 ejus

570 1539 898 1602 cultoribus,
938 1540 1154 1595 etiamsi
1180 1541 1360 1596 videat
1399 1559 1494 1597 eos
1536 1544 1803 1598 conviciis
1839 1550 1892 1597 et
1924 1543 2147 1596 maledi-

569 1630 677 1686 ctis
719 1631 1020 1702 impetitos.
1055 1631 1345 1703 Nunquam
1384 1643 1566 1689 autem
1603 1635 1788 1706 plures
1838 1635 2142 1703 mquitates,

569 1719 798 1790 perinde
822 1728 988 1791 atque
1009 1723 1240 1791 justitia:
1271 1724 1323 1778 in
1354 1723 1579 1793 judiciis
1611 1724 1818 1786 multm,
1853 1723 2144 1776 habentur.

1244 325 1511 383 EUSEBH
1546 325 2026 382 CESARIENSS
2063 321 2214 379 OPP.
2259 320 2437 374 PARS
2495 321 2578 374 Ill.
2621 353 2690 362 -—
2727 318 3140 374 EXECETICA.

3727 273 3913 370 tto.

2326 434 2440 487 Ὀτι
2494 435 2723 500 δίκαιος
2761 436 2973 501 Κύριος
3017 435 3114 487 καὶ
3157 433 3544 500 δικαιοσύνας
3591 432 3840 502 ἠγάπη-

2250 543 2383 590 σεν,
2409 529 2701 592 εὐθύτητα
2741 523 2860 580 εἶδε
2889 528 2953 580 τὸ
2987 529 3309 593 πρόσωπον
3341 527 3547 580 αὐτοῦ.
3591 527 3678 589 Ὡς
3718 528 3840 596 γὰρ
3909 580 3918 588 ,

2249 619 2453 680 δίκαιος
2486 619 2762 672 emensas;
2799 620 2894 688 μὲν
2933 620 3022 671 τὸν
3058 619 3284 687 πένητα,
3331 618 3572 670 παιδεύει
3613 618 3668 671 δὲ
3698 621 3837 682 τοὺς

2252 708 2633 780 ἁμαρτωλούς⁸
2692 710 2850 779 οὐσίᾳ
2900 709 2957 761 δὲ
3003 708 3208 772 δίκαιός
3259 709 3426 766 ἐστιν.
3478 709 3539 761 οὐ
3599 715 3834 780 μετοχῇ.

2251 802 2396 873 Πλὴν
2427 804 2518 856 καὶ
2541 786 2715 864 οὕτως
2749 801 2888 871 ἔχων
2931 802 3119 870 ἀγαπᾷ
3146 800 3242 862 τὰς
3269 802 3325 852 ὲν
3353 803 3466 863 τοῖς
3500 800 3712 864 πολλοῖς
3746 801 3838 854 δι-

2251 895 2424 958 καίοις
2457 894 2819 957 δικαιοσύνας,
2853 893 2949 964 τὴν
2981 893 3210 946 ἑκάστου
3262 891 3516 963 πρόθεσιν
3566 893 3838 964 ἁποδεχὸο

2253 1004 2429 1057 μενος.
2469 986 2626 1038 Ἀλλὰ
2670 986 2761 1038 καὶ
2802 985 3032 1038 ἑκάστου
3061 984 3326 1055 κρίματός
3354 985 3469 1037 ὲστί
3502 1002 3585 1048 τις
3629 985 3840 1038 δικαιο-

2251 1079 2383 1150 σύνη
2405 1097 2417 1109 ’
2456 1080 2623 1134 πολλὰ
2664 1080 2718 1132 δὲ
2748 1079 2815 1132 τὰ
2847 1079 3091 1148 κρίματα
3123 1077 3218 1130 τοῦ
3263 1077 3418 1141 Θεοῦ,
3462 1080 3589 1149 περὶ
3620 1071 3694 1130 ὧν
3742 1077 3839 1146 γέρ

2249 1190 2525 1243 γραπταισ
2569 1175 2644 1226 Τὰ
2675 1173 2925 1240 κρίματα
2974 1171 3190 1236 Ii'vplov
3232 1171 3486 1236 ἀληθινὰ
3530 1170 3841 1225 δεδικαιω-

2245 1266 2398 1335 μένα
2431 1266 2530 1318 ἐπὶ
2576 1265 2640 1318 τό
2674 1266 2840 1318 αὑτό.
2880 1261 3079 1316 Πολλαὶ
3109 1263 3216 1332 ἄρα
3246 1263 3338 1315 καὶ
3371 1265 3424 1314 αἱ
3469 1261 3831 1318 δικαιοσύναι.

2250 1358 2443 1411 Βλέπει
2472 1358 2528 1411 δὲ
2563 1359 2658 1410 καὶ
2707 1356 2997 1427 εὐθύτητα,
3040 1357 3140 1427 τὴν
3185 1357 3319 1427 πρὸς
3363 1357 3452 1410 τὸν
3479 1357 3636 1429 ὀρθὸν
3667 1359 3840 1428 λόγον

2249 1449 2502 1521 γνώμην’
2536 1452 2715 1520 χαίρει
2748 1449 2855 1520 γὰρ
2880 1450 2972 1502 ἐπὶ
3005 1451 3115 1511 τοῖς
3145 1450 3344 1518 ἔχουσι,
3383 1450 3483 1503 κᾶν
3509 1452 3842 1523 ὀνειδιζομέ-

2249 1559 2371 1604 νους
2396 1544 2515 1612 ὁρᾷ.
2556 1543 2779 1612 Μήποτε
2809 1541 2866 1594 δὲ
2892 1541 2967 1605 ὡς
2997 1541 3186 1594 πολλαὶ
3217 1541 3550 1596 δικαιοσύναι
3589 1545 3678 1596 ἐπὶ
3716 1548 3839 1610 τοῖς

2249 1633 2528 1704 κρίμασιν,
2562 1632 2734 1697 οὕτως
2777 1632 3087 1703 εὐθύτητες.
3135 1633 3232 1687 Διὰ
3278 1632 3334 1686 δὲ
3374 1634 3432 1687 τὸ
3470 1635 3839 1705 ἀποδέχεσθαι

2247 1727 2346 1798 τὴν
2375 1725 2665 1795 εὐθύτητα,
2700 1727 2760 1779 τὸ
2792 1726 3078 1798 πρόσωπον
3109 1727 3270 1781 αὑτοῦ
3293 1729 3413 1800 ὁρᾷ.
3454 1730 3836 1798 Ἐπιεραίνεταε

569 1807 770 1867 Vultus
800 1827 930 1867 vero
950 1814 1071 1882 ejus
1105 1814 1225 1871 ideo
1255 1817 1565 1886 aequitatem
1599 1816 1766 1882 videt,
1801 1815 1928 1883 quia
1970 1815 2144 1884 ipsam

2249 1795 2356 1892 γάρ
2381 1819 2570 1891 παρὼν
2595 1822 2624 1874 ὁ
2662 1819 2793 1884 Θεὸς
2821 1795 2931 1883 τοῖς
2959 1821 3139 1890 ἔργοις
3168 1822 3267 1893 τῆς
3301 1795 3557 1893 προνοίας
3586 1795 3680 1876 καὶ
3711 1825 3839 1884 τοῖς

569 1904 858 1973 approbat.
893 1905 1025 1960 Nam
1075 1905 1218 1962 Deus
1249 1923 1492 1978 praesens
1537 1925 1661 1966 esse
1695 1909 2145 1980 deprehenditur,

569 2008 696 2048 cum
726 1995 1080 2066 providendae
1100 2000 1382 2070 operibus,
1419 2009 1535 2056 tum
1566 2001 1764 2057 ell‘ectu
1789 2002 2144 2073 judiciorum.

1007 2109 1332 2168 PSALMUS
1373 2112 1582 2167 DAVID
1619 2113 1713 2171 XI.

994 2222 1046 2278 l.
1102 2223 1169 2278 In
1191 2226 1370 2294 ﬁnem,
1391 2241 1488 2296 pro
1516 2237 1720 2282 octava.

643 2329 719 2385 Ea
756 2333 874 2404 ipsa
905 2343 992 2392 est
1013 2352 1136 2407 qua:
1167 2340 1360 2410 psalmi
1392 2343 1533 2396 sexti
1561 2343 1846 2412 inscriptio
1871 2342 1968 2416 (i).
1999 2343 2148 2400 Dixi—

570 2434 694 2480 mus
727 2434 910 2482 autem
940 2429 1078 2484 solvi
1111 2431 1282 2502 legem
1309 2433 1534 2505 Moysis,
1575 2435 1622 2490 si
1658 2451 1793 2506 puer
1824 2435 2058 2491 ducatur
2092 2438 2148 2492 in

570 2511 812 2574 sabbato
863 2510 1411 2598 [circumcidendus,]
1447 2527 1668 2597 quando
1725 2527 1867 2584 diem
1906 2529 2146 2584 circum-

566 2611 798 2668 eisiouis
842 2621 1095 2669 octavam
1145 2615 1202 2670 in
1239 2618 1359 2686 ipso
1411 2617 1608 2674 cadere
1656 2620 1927 2691 contingit
1962 2633 2149 2676 :eam-

566 2705 800 2775 demque
835 2707 944 2762 vim
981 2718 1035 2763 et
1065 2711 1437 2779 praestantiam
1483 2711 1684 2766 habere
1717 2713 1858 2767 diem
1898 2711 2145 2766 Domini-

565 2811 708 2859 cam,
740 2815 863 2869 quae
897 2799 1114 2855 Domini
1148 2803 1555 2859 resurrectione
1584 2804 1926 2868 nobilitatur,
1953 2814 2148 2876 estque

567 2899 594 2937 a
637 2887 814 2956 primo
847 2889 958 2954 die,
1005 2898 1219 2949 octava.
1271 2892 1338 2946 Et
1369 2893 1486 2964 ipsa
1537 2909 1758 2965 quoque
1800 2903 1998 2950 natura
2047 2912 2148 2952 sua

567 2969 739 3046 prima
767 2977 1020 3050 habetur,
1045 2984 1174 3054 quia
1200 2971 1261 3039 in
1295 2984 1487 3041 eadem
1515 3001 1709 3042 omnes
1738 2987 1934 3044 anima:
1953 3004 2148 3045 emun-

565 3072 786 3124 dantur.

2250 1912 2648 1984 ἅποτελέσμασι
2677 1911 2785 1966 τῶν
2816 1913 3118 1984 κριμᾶτων.

2636 2107 2926 2164 ΨΑΛΜΟΣ
2960 2111 3287 2184 manu
3331 2113 3433 2166 w.

2318 2268 2364 2290 ,,
2530 2225 2635 2289 Εὶς
2666 2223 2731 2276 τὸ
2767 2225 2940 2290 τέλος
2988 2225 3118 2294 περὶ
3151 2224 3261 2294 τῆς
3306 2227 3540 2297 ὀγδόης.

2332 2338 2397 2392 Ἠ
2438 2338 2573 2411 αὐτή
2609 2340 2724 2392 ἐστι
2760 2343 2824 2410 τῇ
2858 2340 2950 2395 τοῦ
2988 2347 3039 2406 ς’
3088 2341 3386 2414 ἐπιγραφή.
3429 2340 3713 2410 Ἐλέγομεν
3746 2339 3828 2404 δὲ.

2248 2429 2323 2494 ὡς
2369 2430 2462 2484 καὶ
2493 2430 2584 2484 τὸν
2617 2432 2778 2502 νόμον
2812 2431 2926 2485 λύει
2969 2433 3264 2497 Μωῦσέως,
3300 2435 3347 2485 εί
3385 2433 3508 2500 ἄγοι
3538 2432 3733 2502 βρέφος
3765 2433 3833 2484 ἑν

2250 2521 2536 2593 Σαϐϐάτῳ,
2566 2517 2776 2594 ἡμέραν
2802 2524 2994 2594 ὀγδόην
3025 2524 3122 2594 τῆς
3163 2526 3462 2596 περιτομῆς
3489 2525 3545 2576 ὲν
3572 2525 3706 2594 αὐτῇ
3737 2541 3829 2591 γι-

2248 2614 2496 2688 νομένης.
2530 2615 2639 2686 Τὴν
2673 2616 2860 2686 ὁμοίαν
2886 2615 3026 2686 ἔχειν
3056 2617 3311 2687 ἐλέγομεν
3349 2616 3575 2686 δύναμιν
3602 2617 3694 2668 καὶ
3723 2615 3829 2684 τὴν

2249 2708 2556 2777 Κυριακὴν,
2589 2708 2687 2779 τὴν
2718 2709 3083 2778 ἀναστάσιμον
3122 2704 3286 2762 οὖσαν
3328 2707 3420 2761 τοῦ
3458 2708 3684 2781 Κυρίου,
3731 2711 3832 2763 καὶ

2247 2800 2619 2869 τυγχάνουσαν
2663 2801 2771 2854 ἀπὸ
2821 2801 2919 2872 τῆς
2976 2799 3200 2872 πρώτης
3245 2801 3454 2872 ὀγδόην,
3501 2799 3721 2872 πρώτην
3769 2792 3831 2855 δὲ

2249 2893 2392 2947 κατὰ
2420 2892 2580 2963 φύσιν
2610 2880 2958 2964 ὑπάρχουσαν
2981 2909 2995 2924 ο
3025 2891 3330 2964 καθαρτικὴ
3366 2892 3476 2964 γάρ
3504 2895 3617 2946 ἐστι
3645 2892 3828 2962 πάσης

2247 2985 2445 3057 ψυχῆς.

639 3161 805 3219 Vens.
830 3165 884 3228 2,
909 3167 965 3222 '5.
1006 3165 1225 3222 Salvum
1246 3184 1324 3221 me
1345 3155 1452 3237 fac,
1477 3167 1717 3234 Domine,
1741 3172 1992 3240 quoniam
2013 3173 2147 3242 defe-

2322 3161 2531 3218 Σῶσόν
2572 3180 2669 3232 με,
2716 3163 2911 3229 Κύριε,
2967 3152 3055 3213 ὅτι
3105 3158 3460 3214 ἐκλέλοιπεν
3501 3157 3688 3223 ὅσιος,
3737 3155 3828 3211 ὅτι

567 3257 636 3309 cit
664 3267 902 3322 sanctus,
939 3261 1187 3330 quoniam
1217 3260 1495 3315 diminuta:
1524 3271 1648 3316 sunt
1679 3264 1923 3318 veritates
1957 3281 1988 3318 a
2017 3266 2147 3334 filiis

566 3337 857 3406 bominum.
915 3351 1066 3406 Vana
1097 3351 1256 3424 locuti
1302 3355 1427 3406 sunt
1472 3354 1828 3426 unusquisque
1869 3354 1938 3409 ad
1966 3358 2150 3424 proxi-

568 3456 712 3492 mum
759 3457 936 3502 suum.
986 3441 1129 3496 labia
1169 3444 1358 3498 dolosa
1397 3445 1451 3497 in
1491 3445 1665 3512 corde,
1709 3457 1759 3500 et
1800 3449 1955 3503 corde
1987 3448 2150 3504 locuti

566 3535 712 3580 sunt.
749 3520 942 3583 Totam
977 3531 1124 3586 illam
1165 3533 1252 3588 sui
1299 3535 1564 3604 temporis
1593 3539 1999 3606 generationem
2035 3541 2148 3594 cri-

569 3619 814 3676 minator
849 3641 861 3676 :
894 3638 1018 3678 nam
1060 3625 1115 3679 in
1153 3627 1510 3697 sequentibus
1543 3630 1689 3686 dicet
1718 3652 1730 3686 :
1761 3632 1862 3696 Tu,
1903 3633 2144 3699 Domine,

568 3713 799 3770 servabis
835 3732 929 3770 nos
964 3726 1014 3770 et
1060 3721 1324 3774 custodies
1376 3738 1470 3776 nos
1520 3740 1552 3776 a
1598 3727 1932 3794 generatione
1961 3729 2060 3782 hac
2094 3731 2148 3782 in

567 3816 846 3862 ater-num.
897 3800 1046 3865 Talis
1096 3813 1240 3866 enim
1297 3823 1381 3870 est
1426 3815 1578 3885 prior
1606 3817 1696 3870 illa
1743 3821 2043 3888 generatio,
2081 3822 2149 3877 de

567 3915 674 3965 qua
715 3897 964 3956 Salvator
996 3903 1111 3956 ha‘c
1143 3904 1338 3959 eliatur
1369 3923 1383 3960 :
1429 3907 1541 3960 Viri
1574 3906 1828 3964 Ninivitar
1851 3923 2062 3984 surgent
2093 3916 2148 3967 in

565 3988 766 4058 judicio
797 4010 914 4046 cum
943 3997 1276 4064 generatione
1312 3999 1431 4066 hac,
1457 4009 1506 4054 et
1537 4001 1956 4057 condemnabam
1981 4023 2097 4059 eam
2126 4019 2149 4060 :

565 4095 617 4137 et
663 4081 844 4154 regina
881 4088 1136 4153 Austri“,
1178 4098 1231 4144 et
1265 4098 1485 4159 caetera,
1531 4101 1584 4147 et
1624 4110 1840 4150 rursum
1873 4115 1885 4150 :
1917 4097 2006 4151 Sic
2048 4099 2150 4151 erit

571 4180 899 4250 generationi
928 4197 1152 4250 nequam
1185 4183 1307 4236 huic
1329 4183 1370 4238 ’.
1406 4183 1592 4256 Neque
1622 4186 1820 4257 injuria
1857 4189 2030 4259 ipsam
2055 4205 2148 4244 ac-

565 4287 726 4335 cuso,
770 4273 847 4326 ait
879 4267 1186 4346 Propheta;
1223 4278 1316 4332 sed
1349 4278 1475 4349 quia
1508 4295 1667 4335 nemo
1696 4294 1920 4337 sanctus
1946 4283 1998 4336 in
2033 4284 2145 4347 illa,

567 4375 731 4416 nemo
783 4379 966 4419 verax.
1028 4365 1482 4438 Quandoquidem
1539 4372 1705 4440 igitur
1750 4375 1958 4427 nullum
2015 4377 2146 4428 mihi

565 4456 763 4510 salutis
814 4460 1095 4512 auctorem
1145 4461 1394 4529 invenio;
1449 4475 1502 4518 tu
1536 4466 1688 4520 mihi.
1729 4465 1976 4528 Domine,
2021 4468 2146 4521 talis

561 4554 704 4600 esto.
752 4546 947 4616 Arguit
992 4565 1158 4618 porro
1195 4548 1506 4607 Iudaeorum
1561 4555 2021 4620 incredulitatem,
2078 4559 2146 4612 de

564 4637 768 4707 quibus
817 4639 896 4692 ait
945 4632 1200 4710 Moyses:
1234 4641 1387 4707 Filii,
1424 4634 1477 4698 in
1507 4647 1694 4715 quibus
1744 4647 1894 4700 nulla
1923 4646 2052 4714 ﬁdes
2079 4649 2140 4701 ¹⁰.

563 4728 722 4795 Quod
774 4739 956 4786 autem
1005 4748 1145 4787 vana
1197 4734 1362 4789 locuti
1413 4737 1543 4797 sint,
1596 4737 1826 4792 insidias
1873 4737 2142 4794 Salvatnri

564 4831 865 4885 struentes,
899 4830 1062 4894 atque
1093 4825 1280 4882 dolose
1319 4829 1700 4899 aggredientes
1742 4829 1914 4892 illum,
1943 4833 2145 4886 diserte

562 4913 895 4969 testiﬁcatur
922 4913 1338 4988 Evangeliorum
1375 4921 1669 4990 scriptura.

638 5092 806 5148 Vens.
833 5094 889 5157 4,
919 5095 970 5150 5.
1018 5094 1304 5166 υἰιιρενάοι
1330 5096 1587 5151 Dominus
1613 5096 1855 5150 universa
1886 5093 2027 5151 labia
2047 5091 2144 5150 do-

564 5187 698 5250 losa,
744 5199 794 5242 et
818 5187 1057 5258 linguam
1093 5188 1508 5261 magniloquam.
1541 5189 1642 5254 Qui
1681 5186 1930 5241 dixerunt
1967 5206 1984 5242 :
2017 5189 2142 5242 Lin-

558 5271 716 5346 guam
744 5289 982 5333 nostram
1026 5280 1506 5349 magnificabimus,
1541 5279 1685 5332 labia
1711 5289 1892 5331 nostra
1931 5296 1962 5331 a
1996 5280 2143 5334 nobis

559 5367 681 5425 sun:
706 5389 724 5426 :
748 5359 868 5444 quis
916 5382 1096 5426 noster
1122 5371 1380 5425 Dominus
1421 5373 1541 5424 est?
1584 5366 1677 5423 Dei
1708 5371 1876 5431 enim,
1913 5386 2020 5425 non
2047 5387 2144 5425 au-

560 5475 668 5517 tum
711 5464 976 5527 hominis,
1015 5473 1137 5518 erat
1181 5478 1375 5517 eorum
1423 5462 1818 5532 malignitatem
1879 5477 2142 5531 superare

2248 3250 2637 3322 ἀλλιγώθησαν
2657 3253 2726 3316 μὶ
2767 3250 3035 3315 ἁλήθειαι
3077 3247 3192 3302 ἀπὸ
3229 3247 3345 3301 τῶν
3381 3243 3526 3300 υἱῶν
3567 3245 3681 3300 τῶν
3720 3247 3826 3299 ἀν-

2250 3343 2514 3413 θρώπων.
2574 3343 2806 3397 Μάταια
2853 3341 3171 3409 ἐλάλησαν
3216 3340 3474 3404 ἕκαστος
3529 3338 3677 3406 πρὸς
3723 3337 3830 3390 τὸν

2250 3437 2518 3504 πλησίον
2563 3435 2772 3499 αὑτοῦ,
2824 3435 2994 3504 χείλη
3045 3433 3218 3487 δόλια
3257 3433 3326 3485 ἐν
3363 3431 3575 3499 καρδίᾳ
3616 3430 3713 3484 καί
3759 3430 3828 3481 ὲν

2249 3529 2466 3599 καρδίᾳ
2492 3526 2823 3596 ἐλάλησαν.
2872 3525 3156 3581 Διαῦἀλλει
3189 3527 3368 3578 πᾶσαν
3411 3525 3510 3596 τὴν
3554 3523 3674 3576 καθ’
3703 3522 3828 3576 ἑαυ-

2249 3624 2341 3678 τὸν
2367 3623 2590 3693 γενεάν·
2627 3621 2768 3686 λέξει
2795 3620 2903 3692 γὰρ
2946 3622 3038 3674 καὶ
3083 3619 3313 3692 προϊών·
3352 3614 3456 3679 Σὺ,
3495 3618 3693 3685 Κύριε,
3721 3634 3830 3684 55v-

2248 3713 2457 3779 λάξεις
2491 3711 2648 3782 ἡμᾶς
2687 3712 2784 3764 καὶ
2832 3710 3212 3779 διατηρήσεις
3241 3706 3397 3776 ἡμᾶς
3435 3709 3551 3761 ἀπὸ
3597 3707 3705 3774 τῆς
3734 3724 3827 3777 γε·

2249 3803 2392 3872 νείῖς
2434 3806 2654 3872 ταύτης
2700 3805 2796 3857 καὶ
2843 3806 2931 3868 εὶς
2979 3805 3083 3856 τὸν
3125 3799 3324 3855 αἰῶνα.
3379 3789 3612 3871 Τοιαύτη
3649 3801 3756 3871 γὰρ
3793 3802 3828 3869 ἡ

2251 3896 2490 3970 προτέρα
2517 3897 2700 3965 γενεὰ,
2746 3896 2874 3966 περὶ
2900 3889 2967 3967 ἦς
2993 3895 3094 3964 ἔφη
3126 3887 3219 3947 καὶ
3255 3897 3282 3947 ὁ
3323 3896 3514 3963 Σωτήρ
3540 3909 3553 3922 ·
3592 3892 3832 3959 Ἄνδρες

2249 3989 2550 4044 Νιιιευῖται
2588 3988 3039 4052 ἀναστήσονται
3082 3987 3152 4038 ἐν
3191 3985 3263 4052 τῇ
3307 3988 3498 4054 κρίσει
3538 3984 3686 4052 μετὰ
3721 3982 3832 4050 τῆς

2249 4077 2459 4150 γενεᾶς
2507 4080 2747 4146 ταύτης,
2791 4077 2892 4131 καὶ
2942 4077 3407 4145 κατακρινοῦσιν
3456 4077 3682 4142 αὐτήνο
3733 4073 3835 4129 καὶ

2245 4173 2588 4235 βασίλισσα
2607 4169 2818 4234 Νότου,
2853 4169 2944 4222 καὶ
2976 4169 3044 4222 τὰ
3077 4169 3236 4239 ἑξῆς·
3281 4169 3374 4221 καὶ
3421 4169 3579 4222 πάλιν
3621 4167 3791 4230 οὕτως
3811 4183 3828 4196 °

2254 4265 2459 4316 Ἔσται
2498 4261 2571 4330 τῇ
2606 4261 2779 4332 γενεᾴ
2815 4261 2888 4330 τῇ
2920 4260 3150 4330 πονηρᾷ
3178 4264 3383 4329 ταύτῃ.
3415 4263 3526 4314 Οὐκ
3550 4261 3747 4321 ἀδίκως
3773 4261 3832 4313 δὲ

2250 4355 2453 4424 ταύτης
2487 4355 2798 4427 κατηγορῶ,
2831 4356 2994 4425 φησὶν
3035 4357 3062 4406 ὁ
3094 4356 3413 4426 Προφήτης·
3452 4353 3564 4406 ἀλλ’
3609 4355 3690 4406 ὅτι
3728 4371 3832 4424 μη-

2250 4448 2362 4511 δεὶς
2385 4450 2528 4511 ὅσιος
2563 4450 2618 4500 ἐν
2649 4449 2806 4518 αὐτῇ,
2839 4442 3024 4518 μηδεὶς
3053 4447 3279 4517 ἀληθής.
3321 4441 3473 4500 Ἐπεὶ
3505 4442 3596 4498 οὖν
3630 4445 3836 4516 μηδένα

2253 4560 2342 4611 μοι
2363 4541 2632 4612 σωτηρίας
2653 4539 2822 4593 αἴτιον
2851 4541 3107 4611 εὑρίσκω,
3137 4539 3297 4602 αὐτὸς
3323 4556 3431 4609 μοι,
3459 4537 3649 4608 Κύριε,
3678 4536 3837 4590 τοῦτο

2247 4634 2425 4700 γενοῦ.
2489 4633 2761 4702 Διελέγχει
2810 4627 2866 4684 δὲ
2923 4631 3030 4683 τῶν
3087 4631 3358 4682 Ἰουδαίων
3410 4629 3505 4699 τὴν
3552 4631 3836 4690 ἀπιστίαν,

2249 4727 2376 4795 περὶ
2403 4719 2476 4779 ὧν
2513 4743 2646 4795 φησι
2687 4726 2779 4777 καὶ
2813 4725 3082 4794 Μωῦσῆς·
3144 4723 3282 4786 Υἱοὶ,
3309 4720 3398 4787 οἷς
3439 4724 3548 4774 οὐκ
3577 4722 3706 4774 ἐστι
3741 4723 3838 4772 πί-

2246 4832 2380 4881 στις
2419 4816 2488 4868 ἐν
2514 4815 2736 4880 αὐτοῖς.
2779 4814 2897 4866 ’Ότι
2929 4814 2984 4866 δὲ
3021 4813 3226 4884 μάταια
3259 4813 3481 4867 ἐλάλουν
3516 4811 3840 4864 ἐπιϐουλεύ-

2245 4925 2398 4970 οντες
2435 4907 2513 4978 τῴ
2563 4909 2776 4978 Σωτῆρι
2815 4911 2908 4961 καὶ
2956 4907 3143 4970 δολίως
3187 4907 3336 4977 αὑτῷ
3383 4907 3838 4977 προσερχόμενοι,

2256 4997 2441 5070 σαφῶς
2475 5003 2507 5071 ή
2551 4999 2656 5052 τῶν
2692 4999 3034 5068 Εὐαγγελίων
3060 4999 3298 5052 διδάσκει
3318 5000 3523 5070 γραφή.

2334 5093 2794 5158 Ἑξολοίῆρεύσαι
2828 5093 3042 5158 Κύριος
3090 5090 3283 5143 πάντα
3317 5091 3386 5142 τὰ
3419 5091 3593 5158 χείλη
3630 5089 3702 5141 τὰ
3738 5085 3844 5140 ὃό·⁸

2247 5187 2368 5247 λια,
2421 5183 2712 5254 γλῶσσαν
2749 5183 3258 5252 μεγιῌορῤήμονα.
3322 5181 3466 5247 Τοὺς
3511 5181 3791 5244 εἰπόντας
3821 5197 3837 5210 ·

2255 5277 2373 5343 Τὴν·
2421 5276 2711 5341 γλῶσσαν
2772 5276 2940 5345 ἡμῶν
2993 5275 3470 5344 μεγαλυνοῦμεν,
3528 5273 3603 5326 τὰ
3655 5271 3840 5340 χείλη

2250 5368 2417 5438 ἡμῶν
2471 5369 2602 5436 παρ’
2647 5366 2816 5436 ἡμῶν
2855 5369 2985 5422 ἐστι
3011 5387 3022 5398 ·
3079 5368 3170 5434 τίς
3219 5365 3388 5436 ἡμῶν
3412 5366 3625 5434 Κύριός
3662 5365 3792 5417 ἐστι
3815 5377 3845 5426 ;

2249 5461 2382 5514 Θεοῦ
2410 5451 2518 5530 γὰρ
2550 5456 2639 5531 ἦν,
2669 5461 2769 5514 οὐκ
2801 5459 3111 5533 ἀνθρώπου,
3150 5460 3253 5531 τῆς
3281 5459 3506 5512 ἐκείνων
3548 5453 3845 5529 περιγενό-

629 5621 651 5654 '
692 5622 840 5680 Psal.
873 5636 1044 5684 xvm,
1085 5619 1168 5674 {0.
1245 5619 1267 5650 '
1308 5618 1497 5675 Matth.
1537 5635 1634 5685 xu,
1664 5619 1756 5683 ιι,
1783 5616 1872 5672 42.
2011 5618 2143 5672 ibid.

2249 5616 2275 5670 ἱ.
2359 5616 2401 5647 ¹⁶
2446 5615 2599 5672 Deut.
2636 5631 2806 5679 xxxu.
2841 5615 2931 5672 20.

576 5728 587 5750 '
629 5780 706 5851 (ι)
743 5775 878 5833 Vide
903 5791 1074 5848 supra
1101 5775 1238 5846 μοι.
1277 5792 1350 5833 τι.
