4086 6544
282 327 378 384 ιιι

1411 317 1908 386 εοιιιιεδτιιῐιιιι
1933 279 2022 384 ἰιι
2059 323 2396 386 PSALMOS.

3422 319 3527 370 ΗΞ

281 450 403 502 σθαι
435 441 649 515 κακίας,
681 451 772 504 καὶ
809 451 996 504 σΰέσαι
1051 451 1240 520 λόγους
1280 451 1732 523 βλασφημοῦντας
1769 453 1850 504 τὸς.

1962 461 2015 505 et
2045 450 2362 520 blasphema
2393 449 2447 502 in
2479 434 2662 502 Iesum
2686 436 2849 497 verba
2881 439 3264 510 comprimere.
3297 436 3525 523 Perinde

293 529 514 612 Ἰησοῦν.
558 543 790 614 Ὁμοίως
815 543 871 596 δὲ
900 543 981 613 τῷ
1018 543 1215 614 Φαραὼ
1260 542 1521 614 φήσαντιο
1559 546 1679 596 Οὐκ
1720 539 1854 597 οῖδα

277 629 386 684 τὸν
443 634 677 701 Κύριον,
723 636 817 688 καὶ
869 635 1021 689 αὐτοί
1075 652 1237 705 φασι·
1295 637 1391 702 Τίς
1433 635 1601 705 ἡμῶν
1639 638 1854 704 Κύριός

276 721 444 786 dare;
485 725 804 795 νομίσαντες
841 721 978 778 εἶναι
1011 726 1187 796 κύριοι
1231 727 1318 780 διὰ
1361 726 1470 778 τῶν
1504 727 1648 780 ἰδίων
1682 727 1853 795 λόγων

276 811 376 883 τὴν
419 813 512 867 τοῦ
554 816 808 887 Σωτῆρος
853 815 1039 869 σϐέσαι
1085 817 1448 882 διδασκάλίαν,
1477 819 1550 882 ὡς
1594 814 1658 872 ἂν
1703 819 1855 882 ὄντες

277 905 632 972 αὐτεξούσιοι.
663 905 846 960 Ταῦτα
877 907 935 961 δὲ
977 903 1044 978 ἦν
1069 909 1136 961 τὰ
1163 909 1470 980 Φαρισαίων
1499 910 1589 962 καὶ
1632 909 1856 963 Σαδδου-

275 996 447 1050 καίων
479 997 652 1069 χείλη,
704 999 820 1069 μεθ’
855 993 1192 1071 ὑποκρίσεως
1239 998 1571 1071 προσιόντων
1612 1000 1690 1069 τῷ
1736 1003 1852 1054 Σω-

273 1085 420 1157 τῆρι,
448 1089 539 1141 καὶ
572 1084 741 1142 Ραϐὁὶ
765 1090 1065 1144 καλούντων
1098 1087 1277 1154 αὑτὸν,
1305 1089 1478 1162 λάθρα
1521 1090 1573 1142 δὲ
1610 1091 1728 1144 κατ’
1762 1091 1855 1144 αὐ-

273 1176 368 1229 τοῦ
394 1178 746 1249 τυρευόντων.
776 1181 1100 1252 Μεγαλοῤῥή
1112 1199 1270 1251 μονες
1293 1181 1349 1234 δὲ
1373 1177 1512 1252 ἦσαν
1540 1181 1589 1234 οἱ
1625 1180 1855 1251 πρεσϐύ-

272 1283 422 1340 τεροι
461 1271 625 1351 καὶ-οἱ
668 1271 942 1344 ἀρχιερεῖς
970 1273 1063 1325 τοῦ
1104 1273 1256 1334 λαοῦ,
1293 1273 1602 1343 τολμῶντες
1630 1274 1855 1345 ἀνακρί-

273 1373 386 1412 νειν
413 1361 501 1414 τὸν
533 1363 761 1434 Σωτῆρα
797 1365 890 1417 καὶ
929 1364 1108 1433 λέγειν
1146 1365 1328 1436 ato-eff)"
1380 1367 1481 1419 Ἐν
1510 1367 1651 1433 ποίᾳ
1683 1365 1857 1429 ἐξου-

271 1453 381 1518 σίᾳ
420 1451 604 1507 ταῦτα
655 1454 860 1522 ποιεῖς,
913 1457 1010 1510 καὶ
1053 1457 1148 1522 τίς
1185 1457 1284 1509 σοι
1320 1457 1504 1511 ἔδωκε
1533 1457 1648 1523 τὴν
1682 1457 1855 1521 ἐξουο

269 1543 416 1594 σιἀν
441 1544 666 1610 ταύτην
685 1557 704 1608 ;

342 1635 555 1691 Ἕνεκε
583 1627 694 1705 τῆς
733 1640 1134 1706 ταλαιπωρίας
1188 1636 1305 1693 τῶν
1338 1638 1588 1706 πτωχῶν
1617 1639 1716 1692 καὶ
1747 1625 1854 1693 τοῦ

266 1730 604 1797 στεναγμοῦ
633 1729 752 1784 τῶν
776 1730 1052 1797 πενήτων
1073 1730 1191 1785 νῦν
1220 1731 1664 1800 ἀναστήσομαι,
1687 1731 1851 1799 λέγει

263 1815 499 1889 Κύριος.
533 1822 801 1891 ϐήσομαι
832 1825 903 1876 ἐν
943 1824 1233 1890 σωτηρίῳ,
1265 1822 1749 1890 παρρησιάσομαι
1783 1824 1854 1876 ἐν

261 1910 443 1976 αὐτῷ.
480 1913 551 1964 Ἢ
579 1913 674 1965 nati.
698 1913 873 1975 οὕτως
892 1930 905 1943 ο
945 1914 1008 1965 Ui.
1041 1912 1245 1981 πτωχοὶ
1272 1912 1338 1964 δι’
1367 1911 1465 1981 ἐμὲ
1502 1912 1594 1964 καὶ
1621 1912 1854 1982 πένητες

263 2004 550 2071 γεγονότες
582 2005 661 2074 τῷ
708 2002 979 2074 πνεύματι
1013 2003 1287 2058 στένουσιν
1317 2003 1402 2057 ἀεὶ
1441 2004 1855 2074 ταπεινούμενον.

265 2095 628 2165 προσέχοντες
656 2114 759 2166 μου
789 2096 868 2166 τῷ
897 2097 1062 2166 λόγῳ,
1098 2097 1191 2148 καὶ
1221 2096 1400 2148 πίστιν
1433 2096 1624 2166 ἀκλινῆ
1658 2095 1854 2148 διασώ-

265 2181 454 2250 ζοντες
475 2205 488 2218 ο
518 2180 593 2239 ὧν
626 2188 810 2240 ἕνεκεν
835 2189 1231 2260 ἀναστήσομαι,
1263 2189 1357 2242 καὶ
1388 2187 1530 2242 κατά
1556 2189 1616 2240 τὸ
1645 2189 1853 2260 πρέπον

262 2278 331 2346 τῇ
394 2278 499 2348 ἐμῇ
555 2279 848 2332 ἀναστάσει
899 2280 1165 2350 σωτήριον
1218 2281 1484 2349 στήσομαι
1541 2281 1707 2333 πᾶσιν
1760 2280 1856 2332 ἀν-

261 2366 538 2438 θρώποιςο
572 2371 657 2438 ἐφ’
695 2363 848 2442 ᾧπερ
873 2370 950 2434 ὠς
985 2371 1206 2442 μεγάλῳ
1241 2372 1690 2443 παρρησιάσομαι
1713 2386 1850 2424 κατά

259 2455 562 2528 ορθώματι.

339 2550 415 2605 Τὰ
442 2552 617 2619 λόγια
665 2552 880 2620 Κυρίου
907 2553 1084 2622 λόγια
1111 2552 1287 2623 ἁγνὰ,
1332 2551 1613 2623 ἀργύριον
1655 2569 1848 2608 πεπυ‹

256 2641 548 2711 ρωμένον,
580 2641 855 2711 δοκίμιον
886 2641 959 2710 τῇ
1006 2642 1106 2712 τῇ,
1143 2645 1656 2714 κεκαθαρισμένον
1681 2646 1851 2698 ἐπτα-

260 2734 554 2800 πλασιως.
599 2733 656 2788 ’0
683 2735 741 2788 δὲ
771 2736 1010 2806 ἄργυρος
1055 2734 1314 2800 πολλάκις
1350 2737 1689 2808 πυρούμενος
1721 2738 1852 2807 ἀμι-

261 2823 364 2896 γὴς
392 2825 586 2897 ἑτέρας
615 2824 748 2896 ὕλης
799 2827 985 2879 ἐστίν’
1032 2825 1175 2898 οὕτω
1216 2825 1433 2898 καθαρά
1479 2827 1709 2896 ψεύδους
1754 2825 1849 2881 τοῦ

269 2917 479 2989 Κυρίου
505 2917 574 2971 τὰ
621 2918 796 2987 λόγια.

335 3007 444 3068 Σὺ,
500 3008 699 3075 Κύριε,
756 3008 1052 3077 φυλάξεις
1107 3008 1266 3079 ἡμᾶς
1312 3010 1412 3064 καὶ
1465 3008 1851 3079 διατηρήσεις

1956 549 2118 611 atque
2156 515 2370 596 Dharao
2400 541 2536 595 dixit
2566 559 2582 593 :
2612 535 2735 591 Non
2769 534 2886 590 novi
2908 532 3196 587 Dominum
3226 529 3303 595 “;
3332 515 3443 597 jam
3484 526 3525 578 ii

1955 632 2163 698 dicunt,
2217 634 2348 699 Quis
2404 640 2580 686 noster
2623 629 2880 684 Dominus
2923 628 3042 681 est?
3089 623 3193 678 rati
3233 620 3527 675 verborum

1956 739 2177 779 suorum
2214 723 2470 783 emcacia,
2512 735 2679 791 penes
2717 734 2777 773 se
2815 718 3139 787 potestatem
3171 725 3294 766 esse
3317 707 3528 762 exstin-

1957 815 2184 884 guendi»
2215 812 2517 868 Salvatoris
2547 811 2833 873 doctrinm,
2866 806 3023 877 quasi
3054 803 3264 858 scilicet
3295 799 3398 868 ipsi
3442 795 3527 850 sui

1950 908 2095 978 juris
2138 914 2193 960 ct
2226 906 2437 960 arbitrii
2471 911 2677 959 essent.
2722 901 2848 956 Harc
2881 900 3000 968 ipsa
3035 903 3190 951 erant
3223 891 3528 946 Pharisreo-

1956 1005 2075 1055 rum
2119 1010 2171 1055 et
2220 999 2642 1053 Satlduczeorum
2686 995 2866 1056 labia;
2915 991 3005 1061 qui
3052 1003 3175 1044 cum
3221 981 3531 1038 dissimula-

1955 1094 2104 1147 tione
2135 1093 2474 1147 Salvatorem
2509 1091 2754 1151 adibant,
2791 1085 2967 1140 Rabbi
3013 1080 3428 1152 compellantes,
3473 1079 3528 1127 et

1955 1185 2094 1239 clam
2142 1185 2358 1238 interim
2391 1181 2856 1252 conspirationem
2909 1179 2963 1231 in
3014 1174 3164 1230 illum
3196 1170 3526 1226 conﬂabant.

1958 1278 2287 1348 Magniloqui
2333 1285 2512 1330 autem
2545 1282 2701 1330 erant
2733 1272 2977 1327 seniores
3022 1278 3075 1322 et
3108 1265 3384 1336 principes
3432 1275 3528 1316 sa-

1955 1369 2238 1426 cerdotum
2264 1368 2470 1438 papuli,
2509 1367 2626 1420 ausi
2660 1362 2969 1435 percontari
3005 1359 3364 1417 Salvatorem,
3399 1351 3534 1422 ipsi-

1955 1479 2060 1532 que
2098 1462 2279 1517 dicere
2310 1481 2322 1515 :
2359 1459 2423 1513 In
2452 1475 2556 1530 qua
2589 1464 2846 1525 potestate
2887 1453 2998 1507 [nec
3025 1451 3183 1520 facis,
3218 1456 3267 1503 et
3301 1448 3417 1518 quis
3440 1444 3534 1498 de"

1955 1555 2034 1606 dit
2066 1554 2163 1606 tibi
2187 1553 2321 1606 hanc
2349 1560 2662 1621 potestatem
2682 1542 2760 1601 “1'

2027 1643 2194 1701 Vens.
2244 1646 2297 1700 6.
2353 1643 2578 1713 Propter
2618 1640 2887 1695 miseriam
2927 1639 3142 1704 inopum
3179 1641 3229 1687 et
3283 1629 3534 1703 gemitum

1959 1755 2248 1808 pauperum
2281 1753 2419 1791 nunc
2451 1751 2752 1804 exsurgant,
2807 1732 2936 1785 dicit
2990 1727 3270 1782 Dominus.
3328 1723 3535 1776 Ponant

1955 1834 2012 1883 in
2041 1830 2292 1891 salutari,
2325 1826 2649 1896 fiducialiter
2682 1840 2834 1893 agam
2869 1823 2920 1874 in
2947 1836 3025 1874 eo.
3063 1818 3177 1871 Hoc
3210 1817 3338 1869 item
3375 1813 3536 1866 modo

1957 1919 2308 1988 interpretari
2337 1919 2496 1972 licet:
2523 1917 2626 1983 Qui
2655 1914 2760 1971 mei
2790 1929 2956 1967 causa
2990 1907 3224 1966 mendici
3257 1915 3310 1962 et
3340 1920 3538 1976 paupe-

1957 2027 2045 2066 res
2082 2009 2278 2079 Spiritu
2311 2008 2440 2062 facti
2474 2015 2624 2073 sunt,
2665 2005 2859 2059 humili
2892 2010 3106 2073 semper
3141 2000 3336 2055 all'cctu
3368 1998 3537 2051 verbo

1955 2116 2077 2155 meo
2132 2100 2400 2153 haerentes
2462 2097 2848 2168 iugemisCunt,
2897 2094 3165 2164 fidemque
3221 2089 3533 2145 inviolatam

1955 2194 2319 2245 conservant:
2352 2190 2545 2244 horum
2577 2203 2678 2258 ego
2725 2201 2893 2241 causa
2914 2199 3236 2255 exsurgam;
3265 2189 3428 2251 atque
3477 2185 3538 2233 ut

1955 2282 2350 2338 resurrectioni
2401 2296 2533 2335 meae
2570 2288 3004 2333 consentaneum
3047 2283 3153 2338 est,
3189 2275 3419 2329 salutem
3447 2285 3536 2340 pa-

1954 2375 2091 2428 riam
2119 2373 2378 2428 omnibus
2427 2371 2746 2426 hominibus
2775 2387 2788 2424 :
2821 2383 2930 2440 qua
2971 2368 3026 2421 in
3055 2381 3136 2430 re,
3169 2372 3228 2418 ut
3273 2365 3534 2434 prmclare

1953 2473 2126 2535 gesta,
2157 2465 2482 2518 iiducialiter
2509 2478 2690 2534 agam.

2027 2559 2188 2614 Vens.
2221 2561 2273 2613 7.
2309 2557 2540 2628 Eloquia
2579 2555 2797 2609 Domini
2820 2554 3027 2624 eloquia
3056 2561 3226 2612 casta,
3261 2559 3533 2621 argentum

1953 2654 2068 2723 igne
2093 2653 2480 2717 examinatum,
2515 2649 2796 2720 probatum
2828 2658 3003 2711 terrw,
3045 2658 3328 2716 purgatum
3367 2652 3540 2711 septu-

1949 2748 2114 2816 plum.
2175 2747 2474 2815 Argentum
2532 2759 2661 2798 vero
2706 2743 2815 2813 igni
2884 2756 3028 2810 saepe
3087 2738 3374 2796 traditum,
3409 2751 3535 2790 cum

1950 2841 2104 2893 nulla
2139 2839 2245 2892 alia
2273 2837 2504 2892 materia
2528 2835 2949 2900 commiscetur';
2974 2832 3274 2900 eodemque
3310 2840 3538 2898 prorsus

1951 2929 2116 2985 modo
2143 2927 2363 2998 eloquia
2388 2925 2604 2978 Domini
2634 2924 2783 2978 omni
2819 2923 3104 2976 mendacio
3132 2933 3304 2974 vacua
3348 2926 3497 2972 sunt.

2023 3021 2192 3078 Vens.
2227 3023 2281 3076 8.
2316 3021 2414 3083 Tu,
2443 3019 2683 3081 Domine,
2705 3015 2936 3070 servabis
2965 3031 3058 3069 nos
3087 3023 3134 3068 et
3157 3011 3415 3066 custodies
3440 3026 3537 3064 nos

260 3097 421 3167 ἡμᾶς
462 3099 582 3152 ἀπὸ
618 3097 727 3166 τῆς
755 3099 965 3170 γενεᾶς
1004 3103 1226 3169 ταύτης
1255 3101 1352 3154 καὶ
1388 3104 1475 3166 εἰς
1504 3101 1612 3154 τὸν
1642 3101 1848 3155 αἰῶνα.

1957 3135 1989 3170 ιι
2016 3115 2349 3184 generatione
2382 3112 2481 3165 hac
2516 3112 2569 3164 in
2599 3119 2873 3164 teternum.
2917 3107 3055 3162 Cum
3089 3105 3374 3160 mendicos
3409 3111 3536 3157 tuos

276 3187 526 3241 Ἐπειδὰν
555 3188 797 3262 φυλάξῃς
843 3191 971 3254 τοὺς
1020 3189 1146 3254 σοὺς
1189 3193 1457 3263 πτωχοὺς,
1503 3193 1597 3246 καὶ
1628 3192 1847 3247 ἐπειδὰν

263 3279 413 3348 ἡμᾶς
440 3281 813 3352 περιτειχίσῃς
848 3281 963 3351 ἅμα
991 3285 1057 3353 τῇ
1099 3284 1369 3354 ἐρχομένῃ
1403 3287 1584 3354 γενεᾷ,
1633 3287 1699 3354 τῇ
1747 3303 1850 3338 κα-

259 3366 498 3440 λουμένῃ
529 3369 743 3441 αἰωνίᾳ,
769 3373 818 3423 οἱ
862 3370 1170 3441 παράνομοι
1214 3373 1356 3436 τότε,
1386 3374 1541 3436 ἐκτὸς
1567 3375 1846 3444 γενόμενοι

260 3459 363 3530 τῆς
413 3462 492 3523 εἰς
545 3461 752 3524 πάντας
781 3462 1102 3534 ἀνθρώπους
1146 3463 1523 3535 χυθησομένης
1556 3481 1648 3517 σου
1693 3465 1848 3538 χάρι-

261 3566 374 3617 τος,
404 3551 590 3622 κύκλῳ
632 3556 1088 3626 περιπατήσουσι,
1122 3555 1318 3627 θεωροὶ
1357 3558 1712 3628 γενησόμενοι
1738 3558 1848 3612 τῶν

263 3641 624 3712 σωζομένων*
657 3644 753 3696 καὶ
780 3643 940 3698 τοῦτο
967 3644 1120 3699 ἔσται
1145 3648 1271 3699 ὅταν
1303 3645 1590 3716 eameam
1615 3649 1665 3700 oi.
1706 3648 1849 3700 εὐτε-

259 3733 376 3797 λεῖς
405 3734 513 3786 τῶν
543 3733 639 3787 ἀνθ
646 3734 865 3806 ρώπων.

335 3827 552 3890 Κύκλφ
595 3829 651 3880 οἱ
687 3826 926 3893 ἀσεϐεῖς
958 3828 1370 3894 περιπατοῦσι,
1402 3831 1554 3884 κατὰ
1592 3832 1658 3884 τὸ
1691 3831 1848 3899 socc

261 3936 382 3978 σου
426 3918 867 3988 ἐπολυώρησας
920 3921 1062 3986 τοὺς
1101 3922 1276 3988 υἱοὺς
1330 3921 1448 3976 τῶν
1499 3922 1845 3990 ἀνθρώπων.

276 4013 494 4084 Ἐπειδὴ
549 4016 579 4066 ὁ
623 4013 823 4077 κύκλος
873 4017 940 4085 τῇ
988 4014 1173 4086 εὐθείᾳ
1229 4016 1468 4080 ἐναντίος
1525 4018 1640 4069 ἐστὶ
1705 4017 1847 4071 κατὰ

261 4105 364 4176 τὴν
406 4105 724 4178 σκολιότητα
775 4108 869 4160 καὶ
897 4107 1189 4178 εὐθύτητα,
1231 4112 1279 4162 οἱ
1325 4109 1381 4162 δὲ
1415 4109 1632 4174 ἀσεϐεῖς
1664 4110 1849 4181 κύκλῳ

262 4200 683 4272 περιπατοῦσιν,
719 4203 769 4254 οἱ
813 4203 1057 4266 εὐσεϐεῖς
1105 4204 1214 4273 ἄρα
1256 4203 1470 4257 εὐθεῖαν
1517 4205 1847 4276 περιπατοῦ-

265 4307 374 4345 σιν.

398 4383 507 4436 ΕΙΣ
545 4381 635 4438 ἹὈ
676 4384 898 4439 ΤΕΛΟΣ
929 4385 1222 4439 ΨΑΑΜΟΣ
1259 4385 1346 4440 ΤΩ
1362 4387 1565 4440 ΔΑΥῐΔ
1607 4389 1687 4441 IB'
1711 4427 1722 4440 .

1957 3205 2304 3268 custodieris,
2341 3213 2576 3271 cumque
2599 3216 2698 3255 nos
2725 3197 3198 3254 circummunieris
3228 3197 3282 3250 in
3307 3209 3538 3266 genera-

1955 3300 2103 3353 tione
2145 3297 2348 3360 futura,
2383 3311 2504 3365 qua:
2541 3299 2740 3348 interna
2771 3296 3189 3357 voeatur;tunc
3217 3288 3390 3359 iniqui
3431 3287 3533 3349 illi.

1953 3390 2163 3445 exclusi
2202 3393 2294 3443 tua
2326 3387 2501 3459 gratia
2547 3402 2644 3457 per
2684 3401 2878 3440 omnes
2931 3383 3181 3438 homines
3232 3381 3450 3445 diffusa,
3477 3380 3535 3434 in

1955 3481 2189 3536 circuitu
2230 3481 2608 3543 ambulabunt,
2637 3486 2696 3534 ut
2716 3494 2810 3534 eos
2833 3477 2924 3549 qui
2948 3476 3179 3532 salutem
3209 3471 3537 3528 obtinebunt

1955 3573 2407 3643 circumspiciant
2441 3591 2455 3628 :
2493 3572 2658 3640 idque
2714 3579 2847 3625 tunc
2907 3567 3157 3630 eveniet,
3185 3580 3311 3621 cum
3338 3564 3422 3620 vel
3455 3570 3537 3618 te-

1956 3663 2180 3718 nuiores
2207 3678 2275 3717 ex
2302 3661 2619 3716 hominibus
2648 3659 2870 3715 exaltati
2901 3656 3124 3713 fuerint.

2029 3840 2195 3894 Vens.
2227 3840 2281 3893 9.
2305 3838 2373 3892 In
2411 3837 2636 3891 circuitu
2679 3835 2828 3903 impii
2876 3833 3202 3889 ambulant:
3250 3828 3536 3885 secundum

1957 3932 2293 3987 altitudinem
2322 3941 2470 3984 tuam
2502 3927 2875 3998 multiplicasti
2906 3928 3046 3996 filios
3077 3925 3366 3978 hominum.
3393 3919 3534 3987 Quia

1954 4025 2197 4079 circulus
2250 4030 2414 4078 recta:
2463 4021 2623 4076 linea:
2676 4019 2979 4075 secundum
3039 4016 3418 4085 obliquitatem
3479 4019 3535 4068 et

1955 4115 2339 4170 rectitudinem
2372 4116 2657 4184 oppositus
2685 4119 2801 4178 est;
2857 4125 2981 4166 cum
3019 4109 3170 4180 impii
3217 4109 3272 4162 in
3297 4106 3535 4162 circuitu

1956 4208 2252 4272 ambulent,
2286 4207 2362 4277 pii
2393 4222 2527 4262 sane
2561 4205 2660 4259 viri
2698 4205 2754 4259 in
2787 4212 2940 4260 recto
2970 4203 3315 4274 gradiuntur.

2159 4387 2212 4442 1.
2245 4385 2312 4440 IN
2352 4383 2566 4440 FINEM
2604 4382 2934 4440 PSALMUS
2973 4381 3189 4436 DAVID
3229 4378 3343 4435 ΧΠ.

338 4468 440 4524 Διά
474 4469 538 4522 τὸ
577 4470 728 4535 τέλος
759 4473 820 4525 τὸ
849 4475 998 4543 παρά
1030 4473 1108 4545 τῷ
1139 4474 1257 4546 Θεῷ
1285 4475 1462 4529 πάντα
1507 4479 1613 4549 πρὸ
1639 4479 1732 4532 τοῦ
1765 4479 1847 4532 τέι

2023 4477 2264 4550 Propter
2303 4477 2485 4542 tinem,
2515 4492 2673 4547 quem
2712 4477 2854 4546 apud
2911 4475 3080 4530 Deum
3132 4481 3534 4529 consecuturus

263 4564 394 4628 λους
423 4564 694 4636 ἀνδρικῶς
721 4567 1018 4637 ἠγωνίζετο
1043 4586 1055 4598 ·
1088 4569 1150 4624 τὸ
1184 4571 1242 4624 δὲ
1273 4571 1424 4636 τέλος
1455 4575 1483 4625 ὁ
1526 4575 1634 4627 τῶν
1674 4577 1851 4630 πόνων

264 4657 386 4708 ἐστὶ
430 4658 662 4728 καρπὸς,
695 4659 838 4732 ζωὴν
880 4661 1098 4716 αἰὲινιον
1143 4664 1234 4716 καὶ
1287 4663 1564 4734 βασιλείαν
1605 4669 1849 4741 οὐρανῶν

266 4747 565 4817 προξενῶν.
607 4751 699 4814 Εἰς
735 4753 831 4820 μὲν
855 4747 948 4806 οὖν
979 4751 1041 4806 τὸ
1079 4754 1231 4818 τέλος
1269 4756 1550 4829 ἀνέπεμψε
1583 4760 1680 4831 τὴν
1707 4761 1851 4832 ᾠδὴν

260 4842 345 4915 τῷ
376 4843 526 4915 Θεῷ·
569 4846 711 4898 κατά
751 4847 808 4900 δὲ
837 4846 936 4917 τὴν
963 4847 1158 4920 ἀρχὴν,
1193 4849 1271 4913 ὡς
1311 4852 1710 4923 ἀγωνιζόμενος
1746 4855 1848 4922 ἔτι,

259 4933 366 4997 τὰς
411 4932 634 5010 πρώτας
681 4935 943 5007 προφέρει
989 4938 1210 5006 φωνάς·

337 5112 495 5178 Ἕως
520 5114 684 5176 πότε,
717 5116 914 5183 Κύριε,
955 5118 1221 5188 ἐπιλήσῃ
1237 5137 1358 5189 μου
1384 5122 1470 5186 εις
1493 5119 1700 5189 τέλος;
1741 5123 1852 5190 ἓως

260 5204 409 5258 πότε
423 5205 829 5275 ἀποστρέψεις
846 5209 911 5261 τὸ
936 5210 1260 5276 πρόσωπόν
1278 5227 1398 5267 σου
1417 5213 1520 5266 ἀπ’
1534 5215 1682 5284 ἐμοῦ
1701 5233 1718 5280 ;
1741 5218 1851 5287 Λή-

261 5299 364 5368 Θην
405 5299 464 5352 δὲ
507 5298 640 5363 Θεὸς
678 5302 912 5353 ποιεῖται
956 5301 1062 5355 τῶν
1134 5305 1636 5378 ἐπιλανθανομένων
1678 5309 1843 5364 αὐτοῦ

263 5389 360 5444 διὰ
389 5389 491 5460 τῆς
509 5391 782 5463 ἁμαρτίας
799 5408 812 5421 ο
836 5391 1167 5467 ἀποστρέφει
1200 5397 1293 5448 καὶ
1315 5397 1374 5449 τὸ
1426 5400 1716 5469 πρόσωπον
1738 5404 1846 5455 ἀπὸ

256 5481 374 5536 τῶν
427 5485 651 5555 αἰσχρόν
692 5502 744 5536 τι
794 5481 1160 5555 πραττόντων,
1188 5488 1437 5553 ἀναξίους
1473 5487 1610 5545 εἶναι
1653 5493 1844 5564 κρίνας

256 5574 363 5649 τῆς
386 5577 676 5642 ἐποπτείας
699 5577 861 5631 αὑτοῦ
882 5595 896 5607 ο
926 5577 1113 5650 διόπερ
1143 5579 1248 5632 ὑπὸ
1263 5581 1357 5633 τοῦ
1393 5585 1689 5649 συνειδότος
1725 5604 1847 5638 νυτ-

254 5665 489 5736 τόμενος
527 5668 620 5722 καὶ
658 5667 755 5740 τὴν
780 5667 872 5722 τοῦ
905 5666 1040 5721 Θεοῦ
1071 5657 1254 5730 δεδιὼς
1297 5669 1476 5741 κρίσιν
1504 5663 1717 5742 ἐπάγεις

341 5775 383 5808 ³⁸
423 5775 594 5832 Exod.
623 5795 681 5844 v,
711 5779 767 5835 2.
852 5780 892 5812 ³⁸
934 5778 1130 5834 Matth.
1163 5795 1292 5843 ut.
1323 5780 1412 5836 9.3.

1953 4576 2091 4632 erat,
2123 4578 2250 4623 ante
2286 4568 2445 4622 linem
2479 4569 2712 4622 viriliter
2738 4565 2962 4620 omnino
2988 4563 3362 4619 concertahat.
3397 4558 3534 4614 Nam

1953 4661 2201 4715 laborum
2235 4660 2469 4723 fructus,
2501 4667 2586 4714 est
2613 4659 2759 4723 furis,
2783 4657 2877 4728 qui
2909 4664 2964 4712 et
2991 4657 3157 4710 vitam
3191 4661 3452 4709 aeternam
3477 4662 3534 4708 et

1951 4768 2178 4823 regnum
2229 4753 2491 4806 caelorum
2545 4759 2826 4820 procurat.
2871 4751 2926 4803 In
2960 4748 3120 4802 tinem
3155 4747 3322 4818 igitur
3349 4746 3536 4801 canti-

1952 4859 2076 4898 cum
2105 4843 2218 4898 Deo
2243 4844 2444 4898 emittit
2477 4859 2492 4895 :
2529 4849 2692 4912 atque
2719 4858 2748 4896 a
2783 4841 3077 4913 principio,
3125 4846 3313 4910 utpote
3350 4839 3533 4895 adhuc

1953 4935 2008 4988 iu
2039 4933 2342 4988 certamine
2367 4932 2725 4994 constitutus,
2762 4932 2926 4986 hasce
2965 4931 3170 5001 primas
3202 4927 3414 5000 profert
3445 4941 3534 4980 vo-

1951 5041 2044 5081 ces
2070 5045 2083 5080 ζ

2022 5116 2190 5173 Vens.
2243 5117 2300 5172 2.
2342 5114 2639 5187 Usquequo,
2676 5115 2915 5178 Domine,
2970 5113 3293 5169 obliviscaris
3346 5128 3428 5168 me
3477 5112 3532 5163 in

1955 5214 2151 5282 ﬁnem?
2187 5210 2462 5282 Usquequo
2494 5213 2686 5265 avertis
2720 5211 2910 5280 [aciem
2934 5217 3149 5279 tuam.a
3179 5209 3298 5261 me?
3325 5205 3531 5260 Oblivia

1953 5308 2123 5363 scitur
2150 5313 2333 5360 autem
2379 5305 2522 5360 Deus
2555 5319 2742 5359 corum
2773 5305 2864 5373 qui
2913 5318 3011 5373 per
3043 5309 3322 5372 peccatum
3357 5296 3532 5366 ipsius

1955 5399 2302 5454 immemores
2351 5405 2524 5454 sunt:
2569 5397 2876 5467 avertitque
2929 5395 3124 5449 faciem
3175 5407 3328 5448 suam
3365 5387 3534 5441 abiis

1953 5491 2044 5559 qui
2073 5493 2250 5562 turpia
2291 5491 2496 5562 qumvis
2531 5497 2863 5560 perpetrant,
2888 5502 3027 5554 quos
3052 5479 3391 5556 providentia
3427 5491 3532 5532 sua

1954 5584 2206 5654 indignos
2227 5591 2464 5655 reputat.
2500 5582 2867 5650 Quamobrem
2893 5580 3211 5635 stimulante
3241 5574 3532 5630 conscien-

1955 5675 2337 5745 tia,judicium
2373 5675 2465 5730 Dei
2494 5675 2912 5746 pertimescens,
2945 5668 3228 5739 subjungit
3264 5685 3276 5721 :
