4086 6544
244 433 348 489 H5

1362 429 1864 485 COMMENTARIA
1899 430 1966 485 IN
2003 428 2338 486 PSALMOS.

3383 426 3481 488 Η(

241 549 305 601 ὲκ
353 546 446 602 τοῦ
489 545 716 618 οὐρανοῦ
748 545 951 618 Κύριος
999 544 1089 597 καί
1129 544 1502 612 ὲπισκοπήσας
1551 545 1677 607 τοὺς
1717 543 1810 596 ἐπὶ

1912 544 2212 614 respiciens
2234 541 2300 596 de
2323 541 2462 596 ccelo
2488 540 2748 598 Dominus
2790 548 2950 616 atque
2979 541 3359 608 considerans,
3389 543 3486 597 de-

240 639 341 710 γῆς
399 637 605 702 πάντας
646 630 802 708 εῦρεν
853 637 1203 698 ὲκκλίναντας
1252 636 1344 688 καὶ
1396 635 1808 706 ἀχρειωθέντας,

237 728 315 791 ὡς
337 728 538 799 μηδένα
572 727 839 798 μηδαμῶς
867 726 1215 798 εὑρίσκεσθαι
1242 729 1300 780 ὲν
1323 725 1647 796 ἀνθρώποις,
1680 725 1813 796 μηδὲ

242 819 432 890 μέχρις
478 819 630 882 ἐνὸς,
673 820 766 872 τὸν
817 819 949 889 μηδὲ
1002 818 1390 891 ηχρειωμένον,
1443 819 1577 890 μηδὲ
1627 818 1811 872 ἐκκλί-

237 925 434 961 ναντα·
490 907 782 961 ἀκόλουθόν
822 909 936 961 ἐστι
969 911 1080 970 τοῖς
1114 909 1247 960 πᾶσι
1297 906 1813 978 συμπεριλαμϐάνε-

239 1001 384 1067 σθαι,
401 1003 494 1054 καὶ
513 1002 574 1054 τὺ
600 1001 866 1054 Ἰουδαίων
891 1001 1062 1065 ἔθνος,
1080 1001 1173 1055 καὶ
1194 1001 1354 1054 αὑτὸν
1374 1000 1463 1054 τὸν
1483 1000 1644 1054 καλοῦ
1653 1018 1812 1071 μενον

251 1093 488 1164 Ἰσραήλ.
538 1093 618 1147 Τά
659 1093 838 1162 μέντοι
884 1093 1220 1166 προκείμενα
1251 1092 1408 1163 λόγια
1458 1093 1645 1162 σαφῶς
1707 1095 1813 1147 ἀπ·

238 1185 499 1254 εφήνατο,
520 1185 810 1249 ὅτιπάντες
835 1185 1131 1252 ἐξέκλιναν,
1157 1185 1273 1256 ἅμα
1301 1185 1705 1256 ἠχρειὼθησαν,
1736 1187 1812 1251 ὡς

243 1275 378 1346 μηδὲ
425 1271 562 1330 εἶναι
612 1277 866 1331 ποιοῦντα
915 1278 1294 1351 χρηστότητα,
1345 1279 1477 1350 μηδὲ
1515 1280 1618 1343 ἕως
1670 1281 1806 1344 ἑνός.

242 1367 390 1421 Ἔδει
425 1369 531 1439 γὰρ
570 1368 629 1423 τὸ
682 1369 907 1440 μέγεθος
956 1371 1302 1442 παραστῆναι
1341 1371 1442 1442 τῆς
1473 1373 1530 1426 ὲν
1571 1375 1684 1436 τοῖς
1715 1375 1810 1427 ἀν-

239 1459 475 1532 θρώποις
523 1463 883 1534 ἐγγενομένης
927 1465 1082 1517 νόσου
1138 1464 1243 1536 πρὸ
1288 1465 1386 1536 τῆς
1431 1465 1524 1518 τοῦ
1561 1466 1811 1537 Σωτῆρος

239 1553 566 1624 παρουσίαςσ
597 1556 672 1618 ὡς
703 1553 769 1608 ἂν
795 1557 827 1626 ή
852 1554 1036 1624 ἄφιξις
1065 1557 1229 1610 αὑτοῦ
1266 1557 1456 1628 φανείη
1485 1561 1598 1621 τοῖς
1645 1559 1811 1611 πᾶσιν

238 1645 526 1714 ἀναγκαία.
563 1646 770 1712 Πάντες
798 1649 906 1720 γὰρ
938 1649 1184 1720 ἥμαρτον
1208 1651 1302 1704 καὶ
1333 1649 1684 1722 ὑστεροῦνται
1710 1651 1812 1720 τῆς

234 1739 392 1812 δόξης
430 1741 525 1796 τοῦ
557 1743 713 1809 Θεοῦ,
747 1745 1119 1815 δικαιούμενοι
1164 1745 1370 1817 δωρεὰν
1408 1749 1476 1819 τῇ
1517 1745 1680 1800 αὑτοῦ
1719 1745 1819 1816 χάτ

235 1847 366 1899 ριτι.
399 1831 612 1904 Ταύτην
638 1834 694 1887 δὲ
727 1835 819 1888 καὶ
865 1837 894 1888 ό
931 1837 1159 1900 Ἡσαΐας
1191 1835 1496 1907 συμφώνως
1525 1837 1816 1891 ἀποδίδωσι

1910 634 2256 704 prehenderit
2278 648 2468 688 omnes
2493 634 2584 703 qui
2611 633 2664 687 in
2698 642 2844 688 terra
2877 635 3236 690 versabantur
3257 673 3272 696 ,
3317 634 3497 707 declio_

1910 743 2072 782 nasse
2097 734 2151 782 et
2181 727 2400 782 inutiles
2439 726 2612 782 factos
2662 741 2784 782 esse
2805 767 2818 791 ,
2857 733 2916 780 ut
2945 741 3104 781 nemo
3137 740 3364 796 prorsus
3395 715 3498 800 τεν-οξ

1910 819 2178 888 periretur
2217 818 2270 872 in
2305 818 2618 873 hominibus
2643 857 2658 881 ,
2702 833 2766 873 ac
2811 833 2881 873 ne
2918 819 3002 873 vel
3034 835 3205 880 unus.
3252 819 3343 888 qui
3377 833 3488 877 non

1911 910 2120 964 inutilis
2153 909 2329 964 factus
2352 920 2516 974 esset,
2547 918 2601 965 et
2642 911 2734 980 qui
2768 925 2874 964 non
2903 909 3254 973 declinasset,
3287 925 3497 988 conseg

1910 1018 2085 1073 quens
2107 1005 2328 1058 omnino
2355 1010 2438 1058 est
2460 1018 2584 1057 cum
2617 1003 2875 1057 omnibus
2907 1001 3296 1072 comprehendi
3321 1003 3488 1058 etiam

1911 1096 2088 1165 ipsum
2117 1093 2400 1149 Judaicum
2425 1110 2618 1164 genus,
2651 1095 2795 1165 quod
2838 1094 2962 1149 item
2998 1092 3166 1148 Israel
3198 1079 3498 1164 nuncupaJ

1912 1193 2026 1239 tum
2051 1195 2154 1242 est.
2189 1184 2313 1240 Istis
2348 1187 2530 1256 itaque
2582 1185 2814 1256 eloquiis
2870 1185 3015 1240 clare
3063 1185 3451 1254 pronuntiatur
3470 1169 3499 1248 ,’

1913 1277 2056 1346 quod
2088 1275 2302 1336 scilicet
2339 1293 2529 1332 omnes
2557 1277 2968 1341 declinaverint,
2993 1284 3046 1332 et
3079 1277 3242 1330 simul
3270 1277 3495 1332 inutiles

1912 1369 2039 1423 facti
2069 1369 2201 1435 sint,
2235 1369 2309 1424 ita
2334 1377 2392 1424 ut
2419 1371 2601 1426 nullus
2627 1369 2790 1424 fuerit
2816 1371 2908 1440 qui
2936 1369 3140 1425 faceret
3167 1371 3391 1437 bonum,
3423 1386 3494 1428 ne

1909 1463 1996 1516 vel
2030 1478 2203 1532 usque
2232 1462 2298 1517 ad
2331 1480 2524 1520 unum.
2577 1463 2682 1518 Par
2716 1462 2818 1518 fuit
2864 1464 3010 1523 enim
3057 1463 3493 1535 magnitudinem

1911 1554 2108 1615 morbi,
2141 1554 2234 1624 qui
2275 1563 2401 1610 ante
2445 1555 2746 1611 Salvatoris
2793 1556 3085 1610 adventum
3141 1555 3194 1610 in
3238 1539 3501 1632 omnibus

1911 1647 2225 1702 hominibus
2278 1649 2670 1718 grassabatur,
2718 1648 2894 1718 palam
2945 1647 3172 1704 facere:
3215 1654 3274 1702 ut
3325 1643 3502 1701 mani-'

1915 1737 2110 1793 festum
2135 1739 2389 1796 omnibus
2413 1748 2560 1795 esset
2586 1739 2705 1810 ejus
2737 1739 2794 1795 in
2823 1748 2970 1795 terra
2997 1740 3491 1812 peregrinationem

1915 1826 2088 1883 fuisse
2120 1843 2350 1898 prorsus
2379 1829 2768 1884 necessariam.
2819 1829 3019 1888 Omnes
3063 1830 3333 1900 siquidem
3365 1844 3502 1899 peco_

234 1921 333 1992 τὴν
367 1922 602 1980 διάνοιαν
645 1927 704 1979 ὲν
739 1921 822 1989 οἷς
859 1943 994 1996 φησι
1053 1926 1189 1996 πρὸς
1226 1926 1326 1998 τὴν
1373 1927 1644 1980 Ἰουδαίων
1691 1945 1813 1982 συν-

1915 1927 2211 1983 csverunt,
2242 1935 2435 1976 omnes
2485 1920 2658 1991 gloria
2693 1920 2787 1976 Dei
2823 1923 3180 1992 privabantur
3204 1963 3218 1987 ,
3273 1931 3330 1978 et
3373 1923 3502 1996 jam,

232 2016 454 2086 αγωγὴν
487 2017 906 2088 ἀποτεινόμενος
925 2018 1124 2072 “1601‘;
1154 2018 1281 2084 ταῖς
1307 2018 1618 2088 ἁμαρτίαις
1650 2019 1817 2090 ὑμῶν

231 2109 558 2180 ἑπράθητε,
605 2110 704 2164 καὶ
752 2111 880 2176 ταῖς
910 2110 1184 2180 ἀνομίαις
1215 2112 1382 2181 ὑμῶν
1417 2113 1816 2177 ἐξαπέστει.ία

233 2200 350 2268 τὴν
375 2198 601 2269 μητέρα
628 2199 813 2268 ὑμῶν,
842 2199 989 2255 διότι
1038 2201 1248 2268 ἦλθον,
1291 2201 1389 2255 καὶ
1409 2205 1520 2256 οὐκ
1540 2198 1618 2273 ἦν
1647 2207 1680 2257 ό
1709 2203 1814 2256 dr-

233 2297 493 2362 θρωπος·
547 2291 833 2355 ἐκάλεσα,
879 2292 976 2345 καὶ
1023 2295 1133 2346 οὐκ
1175 2289 1253 2361 ἦν
1289 2295 1324 2346 o'
1347 2295 1690 2348 ὑπακούων.
1739 2294 1812 2348 Τὸ

230 2382 359 2454 γὰρ,
394 2383 542 2436 διότι
567 2378 777 2452 ἦλθον,
810 2383 994 2453 ὅμοιον
1029 2383 1096 2437 ἂν
1129 2385 1212 2455 εἴη
1243 2383 1343 2455 τῷ,
1367 2386 1581 2454 Κύριος
1605 2386 1676 2450 ἐξ
1705 2387 1809 2440 οὺ-

223 2474 416 2543 ρανοῦ
446 2471 738 2542 διέκυψεν
767 2473 866 2526 ἐπὶ
905 2473 1050 2540 τοὺς
1088 2475 1260 2540 υίοὺς
1291 2475 1408 2529 τῶν
1449 2474 1804 2543 ἀνθρώπων

228 2566 290 2619 τὸ
321 2565 379 2618 δέ
401 2580 415 2596 ·
443 2564 556 2618 Kal
582 2567 694 2620 οὐκ
729 2561 808 2634 ἦν
834 2565 1164 2633 ἄνθρωπος,
1207 2568 1303 2620 καὶ
1341 2569 1455 2621 οὐκ
1508 2563 1589 2637 ἦν
1621 2571 1654 2621 ό
1697 2570 1811 2622 ὐπ-

228 2657 488 2724 ακούων,
518 2658 701 2727 ὅμοιον
716 2657 796 2727 τῷ
815 2676 830 2698 ε
858 2657 1423 2730 Πάντεςίὲξέκλιναν
1451 2659 1808 2728 καὶήχρειώ-

230 2751 450 2816 θησαν.

316 2921 464 2993 Οὐχί
511 2923 841 2994 γνώσονται
895 2922 1119 2990 πάντες
1170 2928 1224 2978 οἱ
1273 2924 1646 2995 ἐργαζόμενοι
1696 2926 1812 2993 τὴν

227 3016 488 3086 ἀνομίαν
511 3057 526 3079 ,
581 3020 635 3072 ot
682 3017 993 3082 ἐσθίοντες
1051 3016 1160 3071 τὸν
1211 3018 1366 3070 λαόν
1415 3035 1534 3086 μου
1595 3016 1812 3085 βρώσει

226 3109 450 3180 ἄρτους
489 3109 597 3164 Καί
642 3127 731 3180 μοι
766 3109 916 3164 δοκεῖ
953 3108 1318 3181 προφητεύειν
1365 3109 1663 3181 μεταϐολὴν
1691 3110 1810 3163 ἔσε-

228 3203 352 3256 σθαι
377 3200 485 3256 τῶν
512 3201 680 3255 ἐθνῶν
714 3202 780 3255 ἐκ
814 3200 1112 3274 θηριώδους
1151 3200 1288 3272 βίου,
1316 3203 1412 3255 καὶ
1442 3202 1502 3267 ἐξ
1535 3203 1813 3271 ἀγνωσίας

1916 2009 2036 2079 ejus
2083 2012 2258 2082 gratia
2284 2012 2453 2083 gratis
2496 2011 2784 2082 justiﬁcati
2821 2021 2970 2068 sunt.
3009 2013 3147 2070 Huic
3194 2009 3503 2078 consonam"

1914 2099 2079 2158 Isaias
2125 2105 2446 2159 sententiam
2509 2105 2705 2170 tradit,
2763 2105 2855 2160 ubi
2898 2105 3210 2161 Judaeorum
3257 2121 3492 2178 synago-

1913 2209 2036 2264 gam
2078 2196 2413 2265 compellans
2435 2198 2509 2250 ait
2539 2199 2626 2252 “.2
2666 2197 2800 2253 Ecce
2820 2199 2875 2250 in
2901 2198 3267 2267 iniquitatibus
3306 2198 3490 2252 vestris

1913 2287 2110 2343 uenditi
2135 2290 2282 2352 estis,
2313 2299 2360 2343 et
2407 2291 2461 2342 in
2510 2289 2790 2344 sceleribus
2820 2291 3006 2345 vestris
3048 2290 3234 2344 dimisi
3271 2301 3496 2345 matrem-

1912 2391 2136 2454 vestram
2162 2399 2180 2435 :
2211 2383 2335 2454 quia
2362 2385 2496 2444 veni.
2529 2393 2578 2438 et
2617 2400 2719 2437 non
2767 2395 2881 2437 erat
2911 2385 3020 2447 vir;
3077 2384 3273 2443 vocavi.
3308 2393 3356 2438 et
3387 2401 3496 2438 non

1912 2450 2028 2528 erat
2053 2475 2143 2542 qui
2166 2477 2519 2544 responderet.
2556 2473 2692 2528 Illud
2729 2477 2893 2541 enim,
2922 2475 3047 2546 quia
3096 2477 3229 2536 veni.
3257 2477 3340 2532 his
3371 2459 3503 2532 ver!

1912 2567 1996 2620 bis
2023 2565 2186 2620 afﬁne
2232 2567 2394 2621 Fuerit
2416 2607 2431 2629 ,
2489 2566 2746 2621 Dominus
2776 2567 2840 2621 de
2867 2569 2997 2622 caelo
3025 2570 3292 2638 prospexit
3337 2583 3502 2637 super.

1914 2661 2054 2729 ﬁlios
2084 2661 2387 2725 hominum;
2418 2661 2550 2715 illud
2574 2668 2776 2727 autem,
2810 2661 2874 2716 Et
2903 2680 3005 2717 non
3027 2672 3142 2716 erat
3174 2664 3270 2724 vir,
3307 2673 3356 2716 et
3389 2680 3492 2717 non

1912 2762 2026 2807 erat
2062 2754 2151 2822 qui
2174 2753 2526 2822 responderet,
2553 2753 2729 2808 simile
2758 2752 2858 2819 illi,
2885 2752 3076 2808 Omnes
3098 2751 3491 2807 declinaverunt

1911 2853 1959 2898 et
1994 2844 2206 2898 inutiles
2235 2845 2365 2913 farti
2396 2853 2536 2900 sunt.

1984 2935 2148 2992 Vens.
2182 2937 2240 2991 Δ.
2284 2937 2475 2992 Nonne
2518 2947 2827 3008 cognoscent
2866 2955 3043 2992 omnes
3078 2939 3168 3008 qui
3208 2945 3495 3006 operantur

1914 3029 2267 3097 iniquitatem,
2294 3031 2384 3100 qui
2426 3028 2677 3084 devorant
2723 3029 2920 3099 plebem
2958 3047 3126 3084 meam
3178 3029 3506 3084 comestione-

1911 3120 2108 3186 panis?
2140 3117 2367 3174 Videtur
2388 3120 2519 3174 mihi
2557 3119 2845 3174 vaticinari
2873 3120 3110 3175 futuram
3135 3119 3400 3189 gentium,
3424 3132 3493 3172 ex

1913 3211 2021 3264 vita
2049 3210 2225 3266 ferina
2251 3218 2305 3265 et
2330 3211 2636 3283 ignorantia
2668 3211 2784 3274 Dei,
2815 3211 2870 3266 in
2910 3218 3228 3266 mansuetos
3268 3223 3331 3263 ac
3366 3208 3494 3263 reli-
3577 3284 3585 3293 ‘

226 3291 386 3356 Θεοῦ,
416 3292 509 3345 ἐπὶ
537 3293 742 3364 ἥμερον
777 3294 873 3346 καὶ
913 3292 1137 3364 θεοσεϐῆ
1187 3293 1419 3364 τρόπον·
1460 3293 1488 3347 ὃ
1519 3295 1612 3347 καὶ
1661 3293 1808 3346 ἔστιν

1912 3303 2099 3373 giosos
2121 3319 2301 3359 mores
2327 3304 2684 3360 mutationem
2713 3323 2727 3359 :
2761 3302 2906 3374 quod
2933 3309 3035 3365 est,
3072 3319 3130 3358 re
3153 3301 3328 3357 oculis
3365 3317 3491 3371 per-

225 3383 520 3454 όφθαλμοῖς
581 3384 966 3456 παραλαϐόντα
1033 3386 1378 3457 μαρτυρῆσαι
1434 3385 1690 3457 ἀλήθειαν
1743 3389 1810 3456 τῇ

229 3474 553 3547 προφητείᾳ..
583 3475 904 3547 Ἀναγνώσῃ
927 3475 1106 3530 τοίνυν
1137 3476 1206 3529 τά
1231 3478 1566 3548 προκείμενα
1603 3479 1814 3549 ἐρωτη-

229 3565 510 3637 ματικῶς,
561 3567 962 3638 πυνθανομένου
1007 3568 1103 3622 τοῦ
1145 3570 1306 3638 λόγου
1349 3569 1444 3622 καὶ
1480 3568 1810 3638 φάσκοντος·

225 3658 290 3711 Et
318 3657 414 3711 καὶ
440 3657 638 3722 πάντες
667 3657 947 3724 ἐξέκλιναν
975 3659 1082 3730 πρὸ
1126 3660 1224 3730 τῆς
1263 3659 1357 3712 τοῦ
1393 3658 1631 3731 Χριστοῦ
1671 3677 1823 3731 παρ-.

224 3750 416 3814 ουσίας
450 3752 544 3804 καὶ
589 3749 1001 3821 ἠχρειὼθησαν·
1053 3751 1128 3822 μὴ
1178 3751 1358 3803 τοίνυν
1408 3751 1530 3819 οὐχι
1577 3749 1814 3817 γνώσον-

224 3859 317 3895 ται
342 3842 403 3894 ὲν
431 3840 509 3910 τῷ
539 3839 676 3911 μετά
713 3839 884 3894 ταῦτα
925 3841 1102 3912 χρόνῳ
1136 3841 1334 3904 πάντες
1373 3844 1423 3894 οἱ
1459 3839 1826 3912 ἐργαζόμενοι.

226 3932 324 4006 τὴν
352 3933 617 4004 ἀνομίαν;
652 3933 1176 4005 προσυπακουόντων
1219 3933 1292 4003 (l)
1323 3932 1496 4003 ἡμῶν·

307 4025 417 4080 Τόν
475 4026 711 4093 Κύριον,
757 4024 850 4078 καὶ
911 4023 1053 4078 κατά
1086 4023 1264 4078 κοινοῦ
1305 4023 1465 4078 πάλιν
1509 4022 1816 4095 λαμϐανόν-

225 4135 336 4173 των
366 4116 435 4170 τά
479 4117 624 4186 ἑξῆς.
668 4116 780 4170 Καὶ
811 4116 966 4168 αὐτοὶ
1007 4115 1116 4186 γὰρ
1148 4117 1195 4168 οί
1243 4115 1412 4169 πάλαι
1442 4115 1532 4168 τὸν
1563 4114 1691 4168 λαὸν
1718 4113 1814 4167 τοῦ

224 4208 363 4264 Θεοῦ
405 4208 538 4262 ὡσεὶ
574 4209 737 4280 ἄρτον
767 4206 1057 4271 ἐσθίοντες,
1113 4206 1206 4260 καὶ
1277 4208 1370 4261 τὸν
1400 4206 1604 4278 Κύριον
1653 4205 1819 4278 μηδε-

226 4299 448 4354 πώποτε
505 4299 980 4370 ἐπικαλεσάμενοι,
1039 4297 1112 4370 μὴ
1176 4299 1296 4369 οὐχὶ
1369 4297 1667 4365 γνώσονται
1717 4297 1815 4350 αὑ-

223 4391 356 4453 τόν;
391 4389 500 4442 Καὶ
535 4388 760 4451 Ἡσαΐας
791 4389 848 4442 δὲ
876 4389 1089 4460 συνᾴδει
1121 4389 1251 4460 περὶ
1284 4388 1392 4442 τῶν
1413 4387 1590 4441 αὐτῶν
1621 4386 1813 4441 θεσπί-

227 4482 340 4548 ζων
371 4482 465 4535 καὶ
521 4481 694 4550 λέγων
717 4497 732 4511 ο
786 4461 887 4548 οτξ
940 4483 1052 4536 οὐκ
1093 4480 1399 4550 ἀνηγγέλη
1443 4479 1578 4548 περὶ
1625 4481 1826 4534 αὐτοῦ.

230 4575 519 4644 ὄψονται·
583 4572 682 4626 καὶ
735 4572 794 4628 οἳ
865 4576 978 4628 οὐκ
1042 4575 1338 4641 ἀκηκόασι
1401 4573 1808 4639 συνήσουσιν.

241 4666 400 4721 Ἐκεῖ
425 4667 772 4722 ἑδειλίασαν
813 4669 994 4737 φόϐῳ,
1047 4663 1120 4723 σῦ
1179 4670 1291 4722 οὐκ
1324 4664 1402 4736 ἦν
1453 4669 1656 4736 φόϐος.
1685 4669 1813 4721 Ὅτι

227 4762 262 4815 ό
293 4757 439 4825 Θεὸς
474 4759 545 4813 ἐν
582 4758 758 4830 γενεᾷ
801 4758 1023 4826 δικαίᾳ.
1063 4759 1221 4824 Τίνες
1259 4759 1316 4813 δὲ
1349 4759 1462 4813 ἀλλ’
1495 4759 1528 4831 ἢ
1562 4761 1610 4813 οἱ
1647 4761 1813 4832 ἐργα-

226 4851 448 4920 ζόμενοι
487 4850 586 4923 τὴν
619 4851 868 4922 ἀνομίαν,
903 4851 998 4905 καὶ
1029 4854 1082 4906 οί·
1113 4851 1374 4924 πρότερον
1407 4851 1481 4922 μὴ
1522 4850 1814 4906 ἐπικαλούη

230 4959 384 5014 μενοι
415 4941 504 4995 τὸν
531 4941 772 5014 Κύριον;
810 4943 962 4995 ἔσται
995 4942 1103 5013 γάρ
1147 4960 1276 4996 ποτε
1325 4943 1534 5015 καιρὸς,
1569 4943 1657 4996 ὅτε
1688 4946 1810 4997 ἑπι-

225 5034 528 5104 γνώσονται
554 5035 736 5098 αὑτὸν,
772 5035 893 5088 καθ’
921 5035 980 5088 ὃν
1006 5035 1098 5088 καὶ
1126 5034 1290 5103 φόϐον
1319 5034 1683 5106 ἀναλήψονται
1715 5035 1809 5088 τοῦ

225 5125 364 5179 Θεοῦ
389 5125 484 5180 καὶ
501 5127 701 5181 δειλίαν
732 5127 1098 5196 ἁγαθήν.”υτι
1130 5127 1186 5180 δὲ
1212 5127 1301 5180 τὸν
1332 5126 1493 5195 φόϐον
1521 5126 1814 5181 ἀναλαϐεῖν

229 5217 440 5291 Κυρίου
473 5218 677 5288 ἀγαθόν
697 5219 834 5282 ἐστι,
873 5218 1030 5287 δῆλον
1057 5219 1163 5272 ἀπὸ
1189 5215 1283 5274 τοῦ
1310 5217 1562 5286 λέγεσθαι
1579 5234 1593 5249 ⁸
1636 5217 1808 5289 Ἀρχὴ

225 5310 453 5380 σοφίας
505 5311 691 5380 φόϐος
713 5312 954 5378 Κυρίου.
988 5312 1050 5362 Οἱ
1081 5311 1397 5381 δηλούμενοι
1433 5310 1612 5364 τοίνυν
1643 5311 1808 5382 φοϐηη

228 5402 486 5474 θήσονται
511 5406 636 5460 ἐκεῖ
660 5402 807 5472 φόϐῳ
826 5420 838 5432 ·
868 5403 1114 5456 τουτέστι
1143 5407 1292 5460 τότε.
1315 5403 1448 5457 Τίνα
1482 5404 1537 5457 δὲ
1567 5404 1808 5477 φοϐηθήη

305 5600 353 5632 ¹⁸
392 5599 500 5657 Isa.
534 5616 588 5664 ι,
627 5599 757 5665 1,2.
835 5601 878 5631 ¹⁸
921 5596 1024 5655 Isa.
1060 5615 1167 5663 ιη,
1206 5598 1288 5653 I5.
1369 5602 1411 5632 ¹⁸
1450 5602 1596 5658 Psal.
1634 5617 1722 5670 cx,
1759 5601 1842 5657 lO.

1915 3403 2090 3465 cepta,
2121 3396 2400 3451 veritatem
2433 3396 2728 3467 prophetiae
2781 3393 3082 3451 testiﬁcari.
3137 3391 3264 3448 Ilaec
3311 3393 3496 3463 itaque

1915 3489 2286 3560 interrogandi
2314 3505 2466 3545 more
2502 3490 2724 3560 legenda
2759 3497 2920 3558 sunt;
2968 3495 3320 3559 percontatur
3347 3487 3506 3545 enini,

1917 3578 2207 3635 Psalmista
2232 3595 2295 3634 ac
2327 3581 2372 3635 si
2401 3581 2606 3635 diceret
2631 3599 2645 3635 :
2681 3579 2907 3634 Etiamsi
2938 3594 3128 3638 omnes
3152 3586 3274 3632 ante
3289 3578 3494 3632 Christi

1918 3670 2208 3725 adventrum
2233 3669 2644 3724 declinaverunt
2667 3677 2722 3723 et
2749 3668 2967 3722 inutiles
2998 3666 3123 3720 lacti
3161 3673 3323 3730 sunt,
3359 3681 3495 3718 non-

1918 3781 1986 3819 ne
2008 3764 2062 3817 in
2097 3761 2342 3832 sequenti
2383 3767 2629 3830 tempore
2663 3767 2994 3830 cognoscent
3022 3773 3213 3814 omnes
3244 3758 3335 3828 qui
3365 3773 3507 3830 opeg

1917 3864 2110 3909 rantur
2136 3852 2515 3922 iniquitatem?
2548 3851 2650 3907 Cui
2684 3867 2788 3908 nos
2817 3849 3244 3921 respondemus:

1994 4029 2154 4086 Vens.
2219 4031 2272 4086 5.
2333 4029 2620 4087 Dominum
2674 4045 2778 4084 non
2826 4031 3227 4088 invocaverunt,
3280 4033 3334 4080 et
3375 4043 3496 4098 que

1917 4131 2220 4194 sequuntur
2249 4125 2303 4177 in
2334 4123 2610 4177 communi
2641 4122 2962 4192 accipimus.
2990 4120 3180 4174 Nonne
3207 4120 3367 4174 iidem
3391 4119 3508 4190 ipsi,

1915 4219 2008 4288 qui
2038 4218 2166 4270 olim
2200 4217 2458 4288 populum
2490 4215 2586 4270 Dei
2617 4215 2772 4286 quasi
2800 4230 2994 4286 panem
3032 4213 3408 4276 comedebant,
3444 4222 3500 4267 et

1918 4322 2194 4376 nunquam
2258 4305 2546 4360 Dominum
2593 4307 3024 4370 invocaverunt,
3075 4305 3290 4359 tandem
3345 4305 3509 4384 illum;

1916 4399 2188 4470 cognituri
2215 4399 2378 4454 sunt?
2433 4397 2571 4454 Huic
2613 4399 2816 4453 accinit
2855 4397 3048 4460 Isaias,
3077 4398 3166 4468 qui
3209 4397 3276 4451 de
3303 4379 3510 4466 iisdem;

1915 4488 2244 4542 vaticinatur
2266 4489 2351 4544 his
2370 4490 2580 4544 verbis:
2609 4489 2808 4556 Quibus
2827 4506 2928 4542 non
2957 4487 3326 4541 annuntiatnm
3341 4496 3414 4538 est
3433 4484 3498 4539 de
3540 4539 3542 4542 _

1915 4581 2252 4645 eo,videbunt
2270 4597 2288 4634 :
2309 4592 2354 4636 et
2372 4583 2460 4650 qui
2482 4598 2582 4636 non
2599 4581 2898 4644 audierunt,
2926 4579 3210 4647 intelligent
3232 4580 3293 4635 ιδ.
3309 4610 3350 4621 -
3375 4576 3498 4630 Illic

1845 4657 2307 4740 l)trepidaverunt
2357 4671 2541 4725 timore
2580 4671 2668 4724 ubi
2726 4688 2828 4724 non
2872 4679 2987 4724 erat
3021 4671 3196 4721 timor.
3233 4669 3497 4734 Quoniam

1920 4763 2176 4819 Dominus
2213 4765 2266 4818 in
2294 4765 2625 4834 generatione
2643 4763 2796 4832 justa
2826 4772 2922 4816 est.
2958 4760 3187 4828 Quinam
3220 4775 3349 4829 ergo
3390 4759 3497 4813 nisi

1918 4853 1956 4908 ii
1979 4854 2070 4924 qui
2101 4865 2396 4923 operantur
2419 4854 2785 4922 iniquitatem,
2820 4863 2871 4906 et
2906 4852 2996 4922 qui
3023 4853 3174 4922 prius
3209 4848 3512 4904 Dominum

1919 4961 2028 5000 non
2061 4946 2434 5000 invocabant?
2454 4945 2571 4999 Erit
2601 4945 2746 5001 enim
2784 4953 3000 5015 tempus
3033 4960 3142 5015 quo
3165 4951 3498 5013 cognoscent

1919 5035 2094 5096 illum,
2117 5051 2180 5092 ac
2211 5043 2343 5089 tunc
2391 5036 2586 5090 timore
2632 5035 2724 5090 Dei
2776 5034 3171 5104 fol-inidiueque
3205 5034 3346 5086 bona
3379 5033 3500 5086 alli-

1919 5129 2153 5183 cientur.
2188 5128 2343 5196 Quod
2369 5136 2549 5184 autem
2589 5129 2758 5199 proba
2800 5144 2888 5184 res
2938 5127 3253 5183 sit.timore
3283 5125 3511 5189 Domini!

1921 5212 2087 5285 afﬁci,
2122 5221 2301 5291 palam
2334 5231 2417 5277 est
2446 5237 2511 5277 ex
2543 5221 2696 5276 hisce
2715 5221 2897 5276 verbis
2925 5240 2936 5275 :
2974 5219 3198 5274 Initium
3226 5205 3510 5340 sapientiat;

1922 5313 2078 5340 0:...1...
2110 5312 2314 5340 n--..:..:
2345 5314 2387 5340 I8
2445 5313 2520 5340 ΙΙΙζ
2560 5313 2742 5340 ζει-ιπηι-
2770 5312 2834 5340 .‘A
2877 5311 3072 5340 η-ιξιιηη
3119 5313 3221 5340 τα...
3271 5324 3453 5340 (sn-smn

1921 5313 2078 5366 timor
2105 5312 2314 5366 Domini
2345 5314 2404 5366 ".
2444 5313 2521 5366 Illi
2559 5313 2742 5382 itaque
2768 5312 2836 5367 de
2875 5311 3076 5383 quibus
3112 5313 3223 5381 jam
3271 5324 3453 5365 sermo
3479 5348 3495 5370 ,

1919 5407 2050 5473 illic,
2081 5407 2134 5462 id
2175 5415 2278 5472 est,
2305 5418 2428 5464 tunc
2471 5407 2821 5478 trepidabunt
2868 5406 3084 5463 timore.
3119 5403 3292 5473 Quem
3335 5415 3498 5472 porro

300 5779 383 5868 (υ
426 5781 936 5868 Πρρσυπακρύειν,
961 5778 1498 5868 ἱγιιεειᾲηεεμο-ιιόςννρ.
1536 5778 1670 5836 Vide
1706 5782 1760 5835 in
1789 5779 1813 5836 (

1914 5780 2139 5836 mastico
2163 5777 2229 5835 ad
2271 5779 2475 5835 calcem
2511 5793 2740 5851 operum
2774 5771 3055 5831 Athanasii
3086 5769 3141 5824 in
3177 5780 3310 5821 voce
3344 5761 3506 5832 ima-3

229 5849 438 5916 κούειν,
473 5859 527 5907 et
559 5849 866 5916 ὑπακούων,
904 5867 1100 5921 supra,
1135 5851 1202 5906 ad
1236 5865 1377 5905 vers.
1408 5850 1460 5903 τι.
