4086 6526
591 409 695 465 ΗῚ

1395 411 1665 468 EUSEBII
1707 412 2189 467 CESARIENSIS
2222 413 2372 470 OPP.
2412 413 2592 469 PARS
2632 415 2718 471 Ill.
2763 446 2832 458 —
2867 416 3278 489 EXEGETICA,

3763 423 3880 479 ιιε

586 527 858 580 timebunt
917 526 1022 581 nisi
1054 524 1383 579 Dominum?
1411 525 1526 580 Illic
1559 534 1766 588 autem,
1796 527 2044 588 ubinam,
2071 527 2157 581 nis

2284 543 2465 579 σονται
2503 526 2536 597 ἦ
2571 528 2662 581 τὸν
2693 528 2928 600 Κύριονς
2965 531 3083 584 ἐκεῖ
3110 531 3186 596 δὲ,
3217 530 3318 584 ποῦ
3353 531 3386 604 ἢ
3414 532 3470 584 ὲν
3497 534 3562 603 τῇ
3595 532 3878 603 μελλούσπ

587 619 642 672 in
691 634 754 674 ea
810 635 930 689 quae
979 626 1206 674 ventura
1247 627 1332 674 est
1381 619 1762 689 generatione?
1816 619 2168 688 quamobrem

587 711 900 782 subjungit:

656 802 824 858 Vsus.
861 802 915 858 6.
959 803 1225 870 Quoniam
1271 802 1529 857 Dominus
1565 803 1622 856 in
1655 806 1988 874 generatione
2017 806 2171 874 justa

583 908 683 953 est.
718 896 1011 952 Consilium
1048 898 1220 966 inopis
1263 897 1582 966 confudistis
1607 938 1622 961 ,
1680 897 1940 952 Dominus
1995 911 2170 954 autent

584 992 840 1062 spesejus
868 998 968 1044 est.
1004 989 1478 1055 Quemadmodum
1512 991 1564 1044 in
1602 991 1726 1044 aliis
1763 1009 1982 1063 quoque
2023 995 2172 1062 judi-

582 1084 706 1145 ciis,
773 1097 896 1154 quae
939 1081 1007 1136 de
1057 1082 1438 1137 contractibus
1493 1090 1548 1136 et
1601 1081 1669 1137 de
1707 1085 2036 1137 commercio
2093 1084 2171 1137 fe-

579 1180 800 1237 runtur,
837 1174 986 1228 nulla
1016 1172 1267 1227 habenda
1320 1181 1404 1228 est
1445 1187 1806 1243 personarum
1859 1176 2034 1240 ratio;
2088 1176 2169 1230 sic

579 1265 636 1318 in
673 1263 1198 1325 consultationibus,
1220 1279 1329 1317 non
1361 1264 1674 1332 imperium,
1710 1280 1818 1319 non
1855 1264 2166 1329 facultates,

579 1355 677 1412 sed
712 1372 865 1412 mens
895 1365 1042 1412 recte
1077 1356 1325 1412 instituta
1354 1355 1636 1426 probaque
1669 1358 2010 1411 conscientia
2047 1374 2172 1428 spe-

577 1447 778 1503 ctanda
816 1457 922 1504 est.
959 1448 1085 1503 [hec
1117 1465 1282 1519 porro
1318 1433 1439 1518 quae
1489 1449 1604 1518 jam
1659 1449 1941 1519 proposita
1995 1457 2166 1515 sunt,

578 1550 813 1613 possunt
838 1557 956 1596 mea
988 1541 1207 1611 quidem
1233 1543 1505 1596 sententia
1536 1540 1604 1595 de
1628 1539 1834 1596 JudaBiS
1867 1540 2168 1598 Salvatoris

577 1635 867 1708 consilium
901 1630 1241 1690 confundere
1265 1633 1596 1688 conantibus
1629 1633 1826 1702 accipi,
1855 1633 1982 1703 quia
2011 1644 2170 1703 puta~

574 1736 699 1798 rent
722 1727 904 1802 ipsum
939 1742 1062 1782 esse
1097 1726 1314 1796 inopem
1345 1727 1548 1790 virum,
1585 1740 1686 1780 nec
1721 1725 2042 1780 thesaurum
2079 1725 2166 1778 di-

2276 620 2635 688 συστήσεσθαι
2684 623 2879 692 γενεᾷ;
2940 621 3021 675 διὸ
3065 623 3334 693 ἐπιλέγει·

2347 800 2465 856 Ὀτι
2512 806 2541 858 ὸ
2610 807 2752 870 Θεὲς
2810 801 2882 859 ὲν
2938 800 3117 876 γενεᾷ
3160 807 3377 873 δικαίᾳ.
3417 807 3663 875 Bandin;
3708 824 3881 862 πτω-

2288 895 2401 964 χοῦ
2449 899 2900 965 κατῃσχύνατε,
2951 901 2984 951 ό
3042 898 3110 950 δὲ
3180 899 3395 965 Κύριος
3443 898 3617 965 ἐλπίς
3673 902 3878 955 αὐτοῦ

2275 986 2464 1041 ἐστιν.
2494 988 2706 1059 Ὥσπερ
2739 991 2797 1040 ὲν
2850 993 2962 1052 τοῖς
3027 989 3206 1053 ἄλλοις
3249 991 3482 1062 κρίμασι
3546 995 3657 1054 τοῖς
3713 1010 3877 1060 γινο-

2276 1081 2458 1149 μένοις
2509 1082 2637 1152 περὶ
2687 1080 3109 1152 συναλλάγματα
3161 1082 3256 1135 καὶ
3302 1082 3587 1146 κοινωνίας
3613 1083 3714 1136 οὐκ
3787 1085 3876 1146 είς

2272 1169 2540 1239 πρόσωπα
2607 1168 2826 1238 βλέπειν
2891 1170 2999 1222 δεῖ·
3089 1169 3261 1233 οὕτως
3320 1172 3378 1222 ἐν
3439 1174 3551 1233 τοῖς
3612 1171 3874 1240 βουλευο-

2276 1261 2458 1330 μένοις
2512 1262 2612 1314 οὑκ
2669 1263 2748 1325 εἰς
2807 1263 2980 1334 ἀρχὴν
3032 1263 3126 1316 καὶ
3191 1264 3504 1334 περιουσίαν
3538 1265 3867 1335 σκοπητέονο

2273 1351 2386 1404 ἀλλ’
2434 1354 2514 1416 είς
2570 1352 2695 1406 νοῦν
2755 1354 3162 1426 διηρθρωμένον
3230 1356 3326 1408 καὶ
3381 1355 3442 1407 τὺ
3488 1355 3872 1426 εὐσυνείδητον

2272 1443 2483 1514 ἔχοντα.
2526 1447 2882 1500 Ἐπιστατέον
2930 1447 3200 1511 ἐκλαϐεῖν,
3233 1449 3280 1500 εί
3311 1447 3554 1511 δυνατὸν,
3589 1450 3716 1518 περὶ
3749 1447 3871 1501 τῶν

2285 1537 2550 1592 Ἰουδαίων
2583 1539 2654 1592 τὰ
2701 1541 3056 1612 προκείμενα,
3107 1540 3205 1612 τὴν
3246 1540 3341 1592 τοῦ
3373 1541 3622 1610 Σωτῆρος
3664 1540 3870 1614 βουλὴν

2271 1629 2630 1699 καταισχῦναι
2666 1632 3024 1694 σπευδόντων,
3054 1631 3134 1700 τῷ
3168 1631 3418 1702 ἡγεῖσθαι
3451 1631 3614 1682 αὑτὸν
3641 1633 3871 1700 πτωχόν

2268 1738 2391 1775 τινα
2434 1718 2604 1786 εἶναι,
2659 1725 2753 1777 καὶ
2815 1724 2888 1795 μὴ
2943 1723 3171 1776 πλοῦτον
3224 1721 3497 1792 θεότητος.
3557 1723 3668 1774 Ἀεὶ
3725 1723 3871 1791 γοῦν

573 1817 823 1876 vinitatis
851 1825 1166 1889 pensarent.
1193 1815 1234 1870 li
1267 1817 1451 1886 itaque
1485 1816 1750 1872 doctrina:
1780 1815 1928 1870 illius
1952 1830 2158 1885 semper

2268 1815 2362 1867 καὶ
2400 1815 2742 1884 ἀντιλέγουσι
2792 1820 2858 1888 τῇ
2901 1817 3222 1888 διδασκαλία
3275 1815 3462 1881 αὑτοῦ,
3502 1817 3595 1870 καὶ
3633 1817 3731 1880 τὰς
3765 1835 3867 1872 τε·

572 1909 999 1974 contradicunt;
1034 1925 1097 1964 ac
1130 1909 1524 1964 miraculorum
1568 1909 1835 1972 virtutes,
1867 1910 2023 1978 quasi
2053 1923 2158 1963 non

2271 1907 2525 1978 ραστίους
2563 1908 2822 1980 δυνάμεις
2851 1909 3261 1978 κακο).ογοῦσιν,
3297 1909 3373 1972 ὼς
3403 1910 3477 1981 μὴ
3507 1909 3661 1982 θεῖκῇ
3695 1910 3868 1966 δυνάο

573 2001 762 2073 divina
794 2002 868 2064 vi,
901 2001 997 2057 sed
1043 2000 1151 2056 alia
1184 2001 1441 2074 quapiam
1472 2000 1685 2055 ratione
1712 1999 2020 2066 exhibitas,
2071 2015 2165 2055 ca-

573 2093 938 2169 lumniantur.
1233 2133 1237 2140 ι
1314 2091 1316 2096 ’

646 2185 813 2262 vatis.
857 2189 910 2263 'l_.
951 2188 1084 2254 Quis
1112 2187 1260 2242 dabit
1289 2203 1354 2242 ea:
1385 2185 1511 2242 Sion
1535 2187 1773 2241 salutare
1809 2185 2164 2241 Israel?cum

573 2279 824 2350 averterit
851 2277 1108 2332 Dominus
1161 2280 1519 2348 captivitatem
1563 2278 1729 2347 plebis
1761 2295 1893 2342 sum,
1927 2279 2165 2332 exsulta-

570 2371 646 2425 bit
687 2370 855 2440 Jaeob
889 2381 938 2426 et
980 2371 1252 2425 ltrtabitur
1284 2371 1476 2426 Israel.
1525 2371 1662 2426 Cum
1699 2387 1894 2427 omnes
1943 2387 2049 2426 una
2073 2371 2166 2428 de-

569 2463 872 2524 clinassent
899 2470 953 2517 et
999 2463 1219 2518 inutiles
1254 2463 1383 2516 facti
1410 2468 1617 2530 essent,
1645 2462 1760 2532 jam
1795 2474 2010 2532 tempus
2065 2462 2162 2516 ad-

568 2566 710 2629 orat,
743 2564 801 2610 ut
835 2557 902 2611 ad
939 2555 1274 2625 precandum
1319 2571 1627 2612 sermonem
1678 2563 1950 2623 verteret;
1988 2556 2060 2609 ita
2101 2561 2162 2608 ut

569 2665 674 2702 ceu
725 2648 995 2725 legatione
1055 2657 1309 2719 suscepta
1353 2648 1676 2704 diceretur:
1735 2649 1868 2714 Quis
1913 2648 2059 2701 dabit
2096 2664 2161 2702 ea;

569 2741 702 2810 Sion
731 2732 970 2796 salutare
1021 2740 1231 2797 Israel?
1261 2741 1384 2811 Ipso
1417 2742 1561 2797 enim
1598 2741 1824 2796 salutari
1855 2749 1986 2796 tunc
2021 2757 2160 2811 opus

568 2837 878 2913 erall,quod
924 2847 1273 2914 peccatorum
1312 2835 1698 2889 remissionem
1752 2835 2052 2897 tribueret,
2107 2841 2197 2900 et,

565 2923 986 3001 aitctor’salutis
1014 2938 1177 2984 esset.
1231 2928 1468 3006 ldipsum
1514 2930 1756 2983 salutare
1795 2929 1940 2998 quod
1963 2944 2162 2983 secun-

567 3020 698 3092 dum
729 3036 952 3092 carnem
988 3037 1052 3075 ex
1088 3021 1296 3076 semine
1329 3019 1550 3075 Davidis
1605 3019 1849 3087 prodiit,
1909 3035 1976 3074 ex
2026 3020 2158 3072 Sion

564 3112 754 3184 datum
789 3120 873 3166 est
906 3131 920 3164 :
955 3109 1098 3163 Nam
1133 3112 1296 3165 veniet
1331 3126 1396 3164 ex
1427 3111 1557 3164 Sion
1588 3112 1904 3178 redemptor,
1937 3117 1985 3161 et
2009 3124 2158 3161 arar-

565 3210 637 3266 tet
663 3203 968 3277 iniquitates
1000 3218 1030 3254 a
1055 3199 1222 3253 Jacob
1252 3201 1315 3254 ιτ.
1352 3199 1554 3252 Eodem
1587 3214 1804 3268 quoque
1829 3212 1994 3251 sensu
2023 3195 2157 3249 illud

2273 2017 2383 2073 μει,
2413 2001 2527 2055 ἀλλ’
2559 2001 2779 2058 ἄλλοθέν
2807 2003 2970 2058 ποθεν
3000 2003 3394 2076 γεγενημένας.

2342 2170 2437 2236 Τίς
2477 2169 2656 2224 δώσει
2701 2169 2769 2224 ἐκ
2800 2167 2955 2224 Σιὼν
2991 2168 3057 2224 τὸ
3098 2171 3394 2240 σωτήριον
3437 2172 3544 2226 τοῦ
3585 2170 3870 2240 Ἰσραήλε.

2263 2261 2334 2316 ἐν
2370 2261 2449 2328 τῷ
2479 2261 2836 2331 ἐπιστρέψαι
2882 2264 3104 2331 Κύριον
3143 2263 3259 2331 τὴν
3297 2267 3715 2334 αἰχμαλωσίαν
3744 2265 3862 2320 τοῦ

2264 2354 2417 2409 λαοῦ
2463 2354 2652 2408 αὐτοῦ
2694 2354 3126 2424 ἀγαλλιάσεται
3178 2355 3396 2420 Ἰακὼϐ,
3448 2355 3545 2413 καί
3593 2358 3862 2424 εὐφραν-

2265 2447 2513 2512 θήσεται
2567 2446 2828 2515 ’1σραήλ.
2897 2447 3120 2502 Πάντων
3175 2447 3536 2502 ἐκκλινάντων
3593 2447 3686 2500 καὶ
3731 2448 3862 2517 ἅμα.

2263 2537 2671 2608 ἀχρειωθέντων
2698 2537 2891 2610 καιρὸς
2919 2533 2988 2610 ἦν
3014 2541 3092 2602 είς
3119 2539 3281 2611 εὐχὴν
3314 2539 3510 2611 τρέψαι
3544 2537 3636 2590 τὸν
3668 2536 3856 2605 λόγον,

2263 2627 2339 2690 ὡς
2373 2628 2669 2700 πρεσϐείας
2701 2631 2890 2700 τρόπῳ
2925 2630 3124 2699 φάναι·
3164 2632 3258 2696 Τίς
3288 2629 3466 2684 δώσει
3503 2632 3571 2684 ἐκ
3600 2631 3753 2684 Σιὼν
3777 2631 3855 2686 τὸ

2262 2721 2561 2788 σωτήριον
2602 2723 2707 2776 τοῦ
2755 2721 3028 2791 Ἰσραήλ;
3067 2723 3242 2776 Αὑτοῦ
3294 2724 3402 2794 γὰρ
3438 2724 3596 2796 χρεία
3641 2724 3855 2789 λοιπὸν,

2261 2812 2354 2865 τοῦ
2404 2814 2600 2883 ἄφεσιν
2649 2815 3064 2886 ἁμαρτημάτων
3115 2815 3474 2888 παρέχοντος,
3529 2814 3624 2868 τοῦ
3674 2814 3853 2869 αίτίου

2260 2909 2359 2979 τῆς
2401 2909 2619 2961 αἰωνίου
2667 2909 2958 2980 σωτηρίας.
3022 2907 3194 2962 Τοῦτο
3231 2909 3292 2962 τὸ
3326 2911 3590 2980 σωτήριον
3617 2909 3678 2962 τὸ
3709 2909 3854 2964 κατὰ

2264 2999 2443 3069 σάρκα
2495 3001 2558 3052 ἐκ
2616 3000 2930 3071 σπέρματος
2983 3000 3153 3054 Δαυῖδ-
3194 3000 3436 3069 γεγονὸς,
3469 3003 3533 3054 ἐκ
3584 3001 3682 3071 τῆς
3709 2999 3854 3054 Σιὼν

2259 3095 2498 3148 δέδοται·
2561 3094 2721 3158 Ἥξει
2784 3095 2894 3164 γὰρ
2952 3096 3022 3148 ἐκ
3073 3093 3226 3148 Σιὼν
3287 3097 3321 3148 ό
3369 3094 3694 3163 ῥυόμενος,
3747 3101 3848 3148 κε)

2261 3189 2629 3256 ἀποστρέψει
2663 3189 2942 3252 ἀσεϐείας
2974 3187 3090 3241 ἀπὸ
3132 3184 3346 3241 Ἰακώϐ.
3395 3187 3487 3249 Εἰς
3519 3185 3678 3239 τοῦτο
3701 3184 3851 3256 λήψῃ

565 3272 806 3364 accipias
827 3273 965 3347 licet
995 3311 1006 3346 :
1064 3292 1145 3345 Ea:
1175 3292 1305 3347 Sion
1358 3292 1550 3359 species
1594 3289 1797 3343 decoris
1825 3290 1936 3357 ejus
1967 3289 2011 3321 ¹⁸
2031 3330 2044 3351 ,
2094 3295 2155 3342 ut

2263 3280 2324 3334 τό
2343 3297 2356 3310 ·
2395 3253 2486 3334 Ἐκ
2511 3253 2663 3335 Σιὼν
2695 3283 2734 3349 ’ὴ
2766 3280 3087 3349 εὐπρέπεια
3120 3279 3228 3348 τῆς
3258 3281 3613 3349 ὡραιότητος
3639 3253 3846 3342 αὐτοῦ,

564 3381 813 3461 apposite
885 3387 1222 3454 intelligatur
1298 3383 1538 3438 salutare
1626 3383 1754 3437 illud
1812 3399 1876 3436 ex
1941 3381 2154 3436 cmlesti

566 3479 698 3542 Sion
732 3478 1047 3539 advenisse.
1085 3477 1357 3547 siquidem
1409 3476 1462 3530 in
1499 3477 1615 3546 ipsa
1645 3475 1896 3530 Christus
1925 3489 2150 3545 regnum

564 3573 812 3647 obtinere
839 3572 1022 3626 dictus
1046 3582 1147 3625 est.
1192 3570 1561 3637 Quamobrem
1599 3585 1801 3638 seopus
1832 3576 2049 3630 noster,
2089 3581 2153 3620 ac

563 3645 690 3735 spes
716 3645 968 3733 superna:
998 3663 1300 3717 vocationis
1335 3673 1420 3718 cst
1453 3677 1678 3732 regnum
1709 3661 1992 3714 cmlorum.
2038 3659 2153 3715 Sub

560 3738 699 3819 haec,
730 3747 965 3810 feturam
987 3754 1241 3809 omnibus
1273 3754 1586 3808 hominibus
1626 3752 1695 3806 ab
1733 3753 1963 3822 ipsomet
2003 3753 2152 3807 salu-

559 3850 665 3904 lari
688 3849 1091 3914 conciliandam
1124 3849 1429 3903 libertatem
1457 3848 1722 3901 declarat.
1757 3841 1835 3900 Ac
1875 3847 2149 3916 perpende

560 3943 721 4018 mihi,
743 3958 951 4020 quaeso,
984 3959 1093 4022 quo
1125 3950 1281 4019 pacto
1309 3981 1324 4004 ,
1377 3955 1502 3995 cum
1534 3940 1624 3993 alii
1679 3941 1944 4012 redempti
1997 3939 2145 4003 sint,

560 4036 699 4105 alios
732 4043 912 4090 tamen
938 4035 1087 4087 dicat
1119 4035 1395 4096 exsultare
1425 4051 1438 4087 :
1475 4047 1600 4085 nam
1634 4047 1757 4086 cum
1787 4033 2020 4101 populus
2053 4031 2149 4085 Do-

560 4125 694 4178 mini
735 4140 764 4177 a
805 4125 1122 4194 captivitate
1157 4123 1479 4177 liberabitur
1503 4162 1516 4186 ,
1551 4121 1856 4175 Exsultabit
1883 4163 1896 4187 ,
1947 4123 2143 4192 inquit,

558 4215 748 4278 Iacob,
781 4227 828 4270 et
859 4216 1130 4270 lwlabitnr
1178 4214 1373 4273 Israel.
1403 4214 1539 4269 Cum
1581 4215 1747 4284 igitur
1779 4209 2146 4268 futurum—es-

559 4319 678 4375 set,
717 4319 774 4371 ut
801 4311 997 4368 anima:
1036 4311 1165 4364 olim
1194 4326 1222 4362 ιι
1256 4309 1560 4364 dzemonico
1589 4323 1778 4363 errore
1822 4309 1876 4362 in
1911 4307 2145 4377 captivi-

556 4383 736 4474 tatem
768 4400 1050 4463 obductae,
1103 4414 1198 4468 per
1227 4399 1464 4454 salutare
1499 4397 1589 4452 Dei
1630 4399 1938 4466 libertatem
1991 4411 2146 4450 asse-

555 4498 877 4561 quercntur,
912 4497 964 4544 et
992 4504 1058 4543 ex
1109 4489 1367 4543 caulibus
1421 4490 1671 4559 gentibus
1728 4487 1794 4542 ad
1854 4487 2142 4540 Dominum

2264 3373 2485 3426 δυνατὸν
2528 3374 2810 3426 ἐκλαϐεῖνο
2851 3375 2926 3437 ὼς
2959 3375 3051 3426 καὶ
3095 3377 3159 3426 ἐκ
3205 3374 3304 3444 τῆς
3350 3372 3675 3443 ἐπουρανίου
3709 3370 3850 3426 Σιὼν

2263 3466 2487 3538 ἐλήλυθε
2522 3467 2583 3520 τὸ
2619 3468 2914 3538 σωτήριον·
2965 3467 3198 3538 ἐπείπερ
3232 3467 3289 3519 ἐν
3315 3466 3451 3536 αὐτῇ
3497 3467 3707 3536 εἴρηται
3748 3466 3849 3536 τὴν

2264 3557 2540 3628 βασιλείαν
2595 3558 2737 3628 ἔχειν
2787 3561 2816 3611 ὁ
2857 3559 3111 3630 Χριστός.
3167 3559 3256 3612 Διὸ
3285 3558 3380 3610 καὶ
3412 3559 3440 3611 ὁ
3464 3557 3665 3622 σκοπὸς
3691 3557 3848 3630 ἡμῶν

2263 3649 2356 3702 καὶ⁵
2416 3651 2448 3720 ή
2497 3649 2652 3712 ἐλπὶς
2706 3649 2805 3720 τῆς
2865 3649 2978 3703 ἄνω
3043 3650 3290 3720 κλήσεως
3347 3651 3380 3720 ἡ
3442 3649 3687 3720 βασιλεία
3738 3649 3845 3701 τῶν

2259 3739 2503 3809 οὐρανῶν
2537 3739 2813 3809 τυγχάνει.
2869 3735 2984 3792 Εἶθ’
3019 3739 3144 3808 ἑξῆς
3179 3739 3278 3810 τὴν
3308 3738 3607 3809 μέλλουσαν
3643 3738 3846 3791 ἅπασιν

2258 3831 2568 3905 ἀνθρώποις
2603 3832 2982 3906 προξενεῖσθαι
3017 3834 3124 3886 ἀπὸ
3170 3833 3354 3887 κακῶν
3396 3832 3709 3905 ἐλευθερίαν
3756 3831 3844 3886 διὰ

2256 3925 2352 3977 τοῦ
2413 3926 2682 3997 σωτηρίου
2744 3926 3062 3996 παρίστησι.
3129 3926 3239 3978 Καὶ
3290 3924 3388 3978 θέα
3442 3926 3564 3977 τίνα
3622 3924 3840 3996 τρόπον,

2258 4019 2458 4090 ἐτέρων
2498 4018 2902 4096 λυτρουμένων,
2960 4017 3182 4088 ἑτέρους
3236 4019 3400 4090 φησὶν
3451 4016 3838 4086 ἀγαλλιᾶσθαι·

2256 4113 2314 4164 ἐν
2363 4111 2441 4182 τῷ
2488 4111 2598 4182 γὰρ
2665 4109 3077 4182 ἠλευθερῶσθαι
3151 4112 3251 4183 τὴν
3313 4112 3689 4183 αίχμαλωσίαν
3749 4110 3844 4164 ’τσῦ

2255 4202 2398 4278 λαοῦ.
2425 4203 2666 4274 Κυρίου,
2717 4201 3164 4273 Ἄγαλλιὰσεται
3191 4243 3205 4266 ,
3257 4204 3443 4273 φησὶν,
3489 4202 3703 4267 Ἰακὼϐ,
3743 4203 3843 4256 καί

2253 4295 2728 4366 εὐφρανθήσεται
2773 4296 3034 4365 Ἰσραήλ.
3079 4298 3200 4351 Τῶν
3239 4293 3332 4350 οὖν
3377 4297 3544 4350 πάλαι
3591 4295 3842 4374 ⁷ᾐχμαλω-

2252 4388 2523 4459 τισμένων
2553 4389 2657 4442 ὑπὸ
2684 4389 2782 4464 τῆς
2810 4389 3127 4460 δαιμονικῆς
3152 4388 3358 4459 πλάνης
3387 4388 3594 4458 ψυχῶν,
3619 4387 3840 4458 μελλου-

2256 4483 2361 4536 σῶν
2385 4483 2473 4535 διὰ
2498 4483 2590 4536 τοῦ
2625 4484 2890 4556 σωτηρίου
2923 4483 3015 4535 τοῦ
3035 4482 3170 4536 Θεοῦ
3203 4481 3514 4553 ἐλευθερίας
3535 4480 3846 4558 τυγχάνειν,

555 4582 807 4658 homines
836 4588 1328 4650 converterentur;
1365 4582 1458 4651 qui
1513 4582 1641 4635 olim
1676 4581 1729 4633 in
1763 4580 1874 4634 Deo
1901 4579 2143 4633 defuncti

2263 4576 2345 4627 καὶ
2387 4576 2445 4642 ἐξ
2492 4576 2746 4646 ἁπάντων
2784 4576 2891 4628 τῶν
2931 4575 3102 4628 ἐθνῶν
3138 4574 3439 4645 μελλόντων
3491 4571 3843 4648 ἐπιστρέφειν

557 4686 687 4733 sunt
709 4676 844 4744 justi
877 4683 1041 4744 atque
1071 4673 1370 4749 propheta},
1396 4673 1488 4744 qui
1525 4689 1652 4728 vere
1679 4673 1868 4737 Israel,
1905 4686 2030 4726 vere
2053 4669 2146 4724 Ja~

558 4767 662 4821 cob
692 4767 996 4841 nillicupari
1030 4774 1288 4840 possunt,
1315 4766 1670 4820 exsultabant
1702 4781 1764 4818 ac
1797 4763 2146 4842 laztabuntur,

557 4862 703 4931 quod
736 4861 992 4932 raticinia
1028 4861 1096 4914 ab
1127 4876 1185 4915 se
1223 4860 1290 4915 de
1319 4860 1479 4914 nobis
1514 4861 1656 4914 edita
1683 4859 1952 4925 completa
1999 4858 2141 4921 sint,

557 4954 814 5022 quodque
843 4952 943 5022 ipsi
988 4952 1145 5010 nobis
1195 4952 1260 5007 de
1289 4954 1481 5023 adepta
1534 4953 1709 5006 salute
1758 4951 2143 5020 congratulan-

555 5052 668 5099 tur.
701 5043 1044 5116 Quapropter
1080 5043 1300 5100 Simeon
1323 5086 1336 5106 ,
1377 5060 1502 5099 cum
1536 5044 1603 5098 dc
1634 5042 1918 5096 Salvatore
1972 5042 2145 5095 dixis-

557 5146 642 5203 set
672 5157 685 5212 :_
722 5123 920 5193 Lumen
956 5142 1060 5196 erit
1100 5141 1169 5194 ad
1207 5139 1577 5207 revelationem
1604 5140 1872 5217 gentium;
1909 5125 2142 5203 addidit,

554 5242 603 5286 et
623 5231 852 5304 gloriam
878 5231 1043 5302 plebis
1079 5245 1206 5297 tum,
1236 5232 1410 5311 Israel
1440 5233 1505 5287 ".

782 5438 852 5499 1N
891 5436 1101 5494 FINEM
1142 5435 1472 5492 PSALMUS
1512 5434 1722 5491 DAVID
1759 5433 1901 5490 XIV.

641 5567 796 5610 Vsus.
841 5554 894 5609 1.
942 5552 1194 5616 Domine,
1243 5551 1362 5620 quis
1394 5549 1652 5604 habitabit
1708 5549 1762 5602 in
1803 5549 2141 5603 tabernaculo

561 5660 649 5702 tuo
669 5654 694 5706 7
723 5657 816 5700 aut
850 5647 966 5716 quis
1007 5644 1286 5714 requiescet
1318 5644 1372 5696 in
1404 5651 1574 5696 monte
1603 5652 1789 5697 sancto
1821 5645 1952 5697 tuo?
1990 5641 2036 5694 Α
2064 5644 2144 5696 vi-

557 5737 863 5793 cinioribus
890 5734 1196 5807 procedens
1217 5772 1232 5800 ,
1296 5730 1594 5805 perlectum
1627 5731 1804 5787 virum
1855 5729 2137 5785 describit.

635 5895 678 5929 ιτ
721 5893 822 5953 lsa.
861 5908 985 5956 tu,
1018 5890 1104 5966 20.
1187 5890 1228 5921 "
1265 5887 1410 5948 Psal.
1445 5903 1590 5954 χιιι,
1637 5887 1692 5942 2.
1775 5889 1814 5920 ι’
1856 5885 1988 5946 Luc.
2031 5901 2102 5950 ιι,
2139 5883 2225 5940 '52.

2251 4667 2342 4719 ἐπὶ
2379 4668 2470 4719 τὸν
2502 4669 2727 4739 Κύριον,
2778 4669 2825 4741 οἱ
2857 4667 3026 4720 πάλαι
3070 4665 3222 4737 παρὰ
3253 4667 3328 4737 τῷ
3357 4665 3476 4735 Θεῷ
3519 4666 3840 4718 ἀναπεπαυ-

2254 4759 2402 4828 μένοι.
2449 4760 2644 4814 δίκαιοι
2693 4762 2786 4814 καὶ
2832 4762 3131 4832 προφῆται,
3181 4759 3336 4834 αὐτοὶ
3356 4759 3506 4821 ὄντες
3553 4760 3581 4811 ὁ
3623 4755 3847 4834 ἀληθῶς.

2249 4852 2468 4924 Ἰσραὴλ
2519 4855 2614 4908 καὶ
2666 4856 2694 4907 ὁ
2738 4854 2955 4924 άληθῶς
3007 4852 3222 4914 Ἰακὼϐ,
3279 4851 3697 4919 ἀγαλλιάσονται
3747 4849 3842 4901 καὶ

2250 4946 2734 5016 εὐφρανθήσονται,
2768 4947 2857 5000 διὰ
2899 4947 2960 4999 τὸ
2992 4945 3328 5017 πληροῦσθαι
3368 4942 3548 5014 αὐτῶν
3578 4940 3675 5005 τὰς
3709 4941 3842 5012 περὶΙ

2251 5039 2408 5109 ήμῶν
2444 5025 2798 5111 προφητείας,
2845 5040 2942 5109 καὶ
2991 5038 3078 5091 διὰ
3127 5038 3186 5090 τὸ
3238 5036 3556 5108 συγχαίρειν
3593 5037 3659 5105 τῇ
3699 5035 3839 5105 fill-3‘

2248 5130 2384 5201 τέρα
2419 5131 2680 5202 σωτηρίᾳ.
2727 5131 2816 5183 Διὸ
2851 5130 2945 5183 καὶ
2989 5131 3016 5181 ὁ
3052 5116 3525 5200 Sauariam-simini
3572 5129 3696 5199 περὶ
3743 5125 3840 5180 τοῦ

2247 5224 2520 5294 Σωτῆρος,
2575 5224 2656 5275 ὅτι
2704 5221 2833 5288 Φῶς
2880 5222 3032 5274 ἔσται
3077 5224 3164 5287 είς
3199 5202 3594 5287 ἀποκάλυψῖν
3623 5215 3835 5280 ἐθνῶν,

2250 5314 2522 5384 ἐπήγαγε,
2558 5312 2654 5364 καὶ
2685 5311 2872 5374 δόξαν
2898 5310 3053 5365 λαοῦ
3087 5329 3203 5365 σου
3231 5307 3492 5377 Ἰσραήλ.

2374 5427 2483 5479 ΕΙΣ
2522 5427 2609 5480 ΤΟ
2647 5426 2869 5479 ΤΕΛΟΣ
2907 5423 3200 5478 ΨΑΛΜΟΣ
3239 5424 3324 5475 ΤΩ
3358 5420 3556 5475 ΔΑΥΙΔ
3597 5422 3692 5473 ῙΔ¹.

2318 5541 2528 5608 Κύριε,
2575 5540 2666 5606 τίς
2709 5537 3064 5607 παροικήσει
3094 5539 3164 5590 ἐν
3199 5535 3280 5601 τῷ
3315 5534 3666 5604 σκηνώματι
3690 5546 3836 5594 σου;

2247 5633 2347 5688 καὶ
2385 5633 2477 5699 τίς
2504 5630 2956 5699 κατασκηνώσει
2996 5631 3067 5684 ἐν
3103 5627 3182 5693 τῷ
3227 5627 3344 5696 ὄρει
3390 5620 3470 5688 τῷ
3504 5624 3648 5694 ἁγίῳ
3679 5637 3835 5684 σσυ;

2247 5727 2381 5781 Ἀπὸ
2412 5727 2519 5782 τῶν
2567 5724 3015 5800 πῳσεχεστέρων
3061 5720 3370 5796 προϐαίνων
3411 5716 3699 5791 διαγράφει
3742 5713 3845 5780 τοι
